{"host":"cw25u8qal1h0d7ia","time":1611287374,"event":{"mods":["BaseMod","Downfall","Minty Spire (QoL Compilation)","StSLib"],"gold_per_floor":[99,109,209,220,234,268,280,321,233,80,80,96,130,115,134,235,235,135,155,170,188,188,288,336,368,378,251,264,291,191,337,348,451,451,451,467,467,482,495,528,576,242,277,305,90,119,119,154,165,165,165,165],"floor_reached":50,"language":"ENG","playtime":4980,"items_purged":["Pain","champ:Strike","Injury","Parasite"],"score":835,"play_id":"3e3d9d94-f3aa-4395-8ada-485ee647a422","local_time":"20210122044934","is_ascension_mode":true,"campfire_choices":[{"data":"Apotheosis","floor":1,"key":"SMITH"},{"floor":9,"key":"RECALL"},{"data":"champ:IronFortress","floor":18,"key":"SMITH"},{"data":"champ:Improvising","floor":30,"key":"SMITH"},{"data":"champ:UltimateStance","floor":35,"key":"SMITH"},{"floor":47,"key":"REST"}],"circlet_count":0,"master_deck":["champ:Strike+1","champ:Strike","champ:Strike","champ:Defend","champ:Defend","champ:Defend","champ:Defend","champ:Execute","champ:Taunt","Apotheosis+1","champ:IronFortress+1","champ:HeavySlash+1","champ:VampiricStrike","champ:GutPunch","champ:FancyFootwork","champ:UltimateStance+1","champ:CalledShot","champ:Improvising+1","champ:ShieldWall","champ:RageSigil","champ:EnchantCrown","Purity","Apotheosis+1","champ:UltimateStance"],"relics":["champ:ChampionCrown","MawBank","Meat on the Bone","Regal Pillow","downfall:HeartBlessingGreen","Membership Card","Prayer Wheel","Unceasing Top","Cursed Key","downfall:HeartBlessingRed","champ:GladiatorsBookOfMartialProwess","Happy Flower","Pen Nib","WingedGreaves","downfall:HeartBlessingBlue","Mango","Sozu","Slimebound:StickyStick","Lantern","champ:BerserkersGuideToSlaughter","Calipers","Oddly Smooth Stone","Question Card","DollysMirror","Whetstone","Thread and Needle"],"acts_visited":["Exordium","TheCity","TheBeyond"],"potions_floor_usage":[16,25,28,40,40],"damage_taken":[{"damage":10,"enemies":"Small Slimes","floor":2,"turns":4},{"damage":10,"enemies":"Cultist","floor":4,"turns":3},{"damage":0,"enemies":"2 Louse","floor":5,"turns":3},{"damage":2,"enemies":"Gremlin Nob","floor":6,"turns":3},{"damage":29,"enemies":"Lagavulin","floor":8,"turns":5},{"damage":10,"enemies":"downfall:FleeingMerchant","floor":10,"turns":4},{"damage":18,"enemies":"Lots of Slimes","floor":12,"turns":4},{"damage":16,"enemies":"Gremlin Nob","floor":13,"turns":4},{"damage":5,"enemies":"downfall:FleeingMerchant","floor":14,"turns":4},{"damage":3,"enemies":"Red Slaver","floor":15,"turns":3},{"damage":58,"enemies":"DF_ARCHETYPE_STREAMLINE","floor":16,"turns":7},{"damage":20,"enemies":"Shell Parasite","floor":19,"turns":4},{"damage":35,"enemies":"Spheric Guardian","floor":20,"turns":4},{"damage":44,"enemies":"Centurion and Healer","floor":21,"turns":6},{"damage":15,"enemies":"Book of Stabbing","floor":25,"turns":5},{"damage":16,"enemies":"Sentry and Sphere","floor":26,"turns":4},{"damage":15,"enemies":"downfall:FleeingMerchant","floor":27,"turns":4},{"damage":28,"enemies":"Snake Plant","floor":28,"turns":4},{"damage":24,"enemies":"Slavers","floor":29,"turns":6},{"damage":35,"enemies":"downfall:FleeingMerchant","floor":31,"turns":4},{"damage":40,"enemies":"Centurion and Healer","floor":32,"turns":6},{"damage":61,"enemies":"IC_MUSHROOM_ARCHETYPE","floor":33,"turns":6},{"damage":21,"enemies":"3 Shapes","floor":36,"turns":3},{"damage":32,"enemies":"Orb Walker","floor":38,"turns":4},{"damage":30,"enemies":"Writhing Mass","floor":39,"turns":4},{"damage":109,"enemies":"Reptomancer","floor":40,"turns":6},{"damage":65,"enemies":"Giant Head","floor":43,"turns":7},{"damage":42,"enemies":"Reptomancer","floor":44,"turns":5},{"damage":72,"enemies":"Nemesis","floor":46,"turns":5},{"damage":51,"enemies":"Giant Head","floor":48,"turns":5},{"damage":5,"enemies":"3 Darklings","floor":49,"turns":4},{"damage":289,"enemies":"SI_POISON_ARCHETYPE","floor":50,"turns":6}],"seed_played":"2302626392730084330","potions_obtained":[{"floor":5,"key":"EssenceOfSteel"},{"floor":12,"key":"Slimebound:ThreeZeroPotion"},{"floor":13,"key":"bronze:BurnAndBuffPotion"},{"floor":15,"key":"FairyPotion"},{"floor":16,"key":"GamblersBrew"},{"floor":21,"key":"Regen Potion"},{"floor":25,"key":"champ:UltimateStancePotion"},{"floor":29,"key":"EssenceOfSteel"},{"floor":32,"key":"Weak Potion"}],"is_trial":false,"path_per_floor":["R","M","?","M","M","E","T","E","R","$","?","M","E","$","M","B",null,"R","M","M","M","?","?","T","E","M","$","M","E","R","$","M","B",null,"R","M","?","M","M","E","T","$","E","E","$","E","R","E","M","B"],"character_chosen":"THE_CHAMP","items_purchased":["Membership Card","Pen Nib","Mango","Purity","champ:BerserkersGuideToSlaughter","Calipers","DollysMirror","champ:UltimateStance"],"campfire_rested":1,"item_purchase_floors":[10,27,31,42,42,42,45,45],"current_hp_per_floor":[63,63,63,63,63,61,61,54,54,66,41,45,51,51,48,47,90,90,90,70,51,51,51,51,58,54,54,53,51,61,87,67,63,114,114,108,103,96,96,31,31,31,43,43,43,48,96,100,110,0,0,0],"gold":165,"neow_bonus":"RANDOM_COLORLESS_2","is_daily":false,"chose_seed":false,"campfire_upgraded":4,"win_rate":0.0,"timestamp":1611287374,"path_taken":["R","M","?","M","?","E","T","E","R","?","?","M","E","$","M","BOSS","R","M","M","M","?","?","T","E","?","?","M","E","R","$","M","BOSS","R","M","?","M","?","E","T","$","E","E","$","E","R","E","M","BOSS"],"items_purchased_type":["Relic","Relic","Relic","Card","Relic","Relic","Relic","Card"],"build_version":"2020-12-22","purchased_purges":4,"victory":false,"max_hp_per_floor":[90,90,90,90,90,90,90,90,90,90,90,90,90,90,90,90,90,90,90,90,90,90,90,90,90,90,90,90,90,100,114,114,114,114,114,114,114,114,114,114,114,114,114,114,111,111,111,111,111,111,111,111],"card_choices":[{"not_picked":["Master of Strategy","Secret Technique"],"picked":"Apotheosis","floor":0},{"not_picked":["champ:Circumvent","champ:TornadoPunch","champ:FlashCut"],"picked":"SKIP","floor":2},{"not_picked":["champ:BerserkersShout","champ:Circumvent"],"picked":"champ:IronFortress","floor":4},{"not_picked":["champ:PerfectedStrike","champ:BerserkersShout"],"picked":"champ:HeavySlash","floor":5},{"not_picked":["champ:DefensiveShout","champ:BringItOn","champ:Lariat"],"picked":"SKIP","floor":6},{"not_picked":["champ:DefensiveStyle","champ:HeartStrike","champ:ShieldSigil"],"picked":"SKIP","floor":8},{"not_picked":["champ:ShieldSigil","champ:AdrenalArmor"],"picked":"champ:VampiricStrike","floor":10},{"not_picked":["champ:PreemptiveStrike","champ:Circumvent"],"picked":"champ:GutPunch","floor":12},{"not_picked":["champ:IronFortress","champ:Shatter","champ:FocusedDefense"],"picked":"SKIP","floor":12},{"not_picked":["champ:PreciseThrust","champ:EnGarde","champ:StanceDance"],"picked":"SKIP","floor":13},{"not_picked":["champ:PerfectedStrike","champ:Shatter","champ:PreciseThrust"],"picked":"SKIP","floor":14},{"not_picked":["champ:FlashCut","champ:EnGarde"],"picked":"champ:FancyFootwork","floor":15},{"not_picked":["champ:ShieldSigil","champ:StanceDance","champ:TornadoPunch"],"picked":"SKIP","floor":15},{"not_picked":["champ:Improvising","champ:HoldFirm"],"picked":"champ:UltimateStance","floor":16},{"not_picked":["champ:GladiatorStyle+1","champ:IronFortress","champ:PreciseThrust"],"picked":"SKIP","floor":19},{"not_picked":["champ:DeathBlow+1","champ:AdrenalArmor","champ:GladiatorStyle"],"picked":"SKIP","floor":19},{"not_picked":["champ:PerfectedStrike","champ:SwordSigil"],"picked":"champ:CalledShot","floor":20},{"not_picked":["champ:BerserkersShout","champ:FanOfKnives"],"picked":"champ:Improvising","floor":20},{"not_picked":["champ:Haymaker","champ:ShieldSigil","champ:FlashCut+1"],"picked":"SKIP","floor":21},{"not_picked":["champ:PerfectedStrike+1","champ:Improvising","champ:Circumvent"],"picked":"SKIP","floor":21},{"not_picked":["champ:SwordSigil","champ:Backstep+1"],"picked":"champ:ShieldWall","floor":25},{"not_picked":["champ:BringItOn","champ:GladiatorForm"],"picked":"champ:RageSigil","floor":26},{"not_picked":["champ:Encircle","champ:StanceDance","champ:FocusedBerserking"],"picked":"SKIP","floor":26},{"not_picked":["champ:DeathBlow+1","champ:EnGarde","champ:BringItOn"],"picked":"SKIP","floor":27},{"not_picked":["champ:PerfectedStrike","champ:FocusedBerserking","champ:Circumvent+1"],"picked":"SKIP","floor":28},{"not_picked":["champ:BringItOn","champ:BladeFlurry","champ:PreciseThrust+1"],"picked":"SKIP","floor":28},{"not_picked":["champ:Shatter","champ:FlashCut","champ:Circumvent"],"picked":"SKIP","floor":29},{"not_picked":["champ:BerserkerStyle","champ:AdrenalArmor","champ:SkillfulDodge+1"],"picked":"SKIP","floor":31},{"not_picked":["champ:Backstep","champ:BerserkerStyle","champ:SwordSigil"],"picked":"SKIP","floor":32},{"not_picked":["champ:DefensiveStyle","champ:GladiatorStyle","champ:HeavySlash"],"picked":"SKIP","floor":32},{"not_picked":["champ:ViciousMockery+1","champ:PreciseThrust","champ:Shatter+1"],"picked":"SKIP","floor":36},{"not_picked":["champ:FalseCounter+1","champ:ShieldWall","champ:SwordSigil+1"],"picked":"SKIP","floor":36},{"not_picked":["champ:RageSigil+1","champ:Lariat","champ:BringItOn"],"picked":"SKIP","floor":38},{"not_picked":["champ:ArenaPreparation+1","champ:DeathBlow+1","champ:Backstep"],"picked":"SKIP","floor":38},{"not_picked":["champ:CrownThrow","champ:FlashCut"],"picked":"champ:EnchantCrown","floor":39},{"not_picked":["champ:HeartStrike","champ:FancyFootwork+1","champ:FanOfKnives"],"picked":"SKIP","floor":39},{"not_picked":["champ:RageSigil","champ:ShieldSlam+1","champ:FalseCounter"],"picked":"SKIP","floor":40},{"not_picked":["champ:CrownThrow+1","champ:ShieldWall","champ:StanceDance"],"picked":"SKIP","floor":43},{"not_picked":["champ:CrownThrow+1","champ:ShieldWall","champ:StanceDance"],"picked":"SKIP","floor":43},{"not_picked":["champ:SkillfulDodge","champ:FocusedDefense","champ:IgnorePain"],"picked":"SKIP","floor":44},{"not_picked":["champ:ShieldSigil+1","champ:StanceDance+1","champ:Backstep","champ:FalseCounter+1"],"picked":"SKIP","floor":46},{"not_picked":["champ:FanOfKnives+1","champ:EnragedBash","champ:FocusedDefense","champ:DefensiveStyle+1"],"picked":"SKIP","floor":48},{"not_picked":["champ:AdrenalArmor","champ:ArenaPreparation+1","champ:PreemptiveStrike+1","champ:BerserkersShout"],"picked":"SKIP","floor":49},{"not_picked":["champ:GutPunch","champ:Duel+1","champ:ShieldWall+1","champ:PreciseThrust"],"picked":"SKIP","floor":49}],"player_experience":658217,"relics_obtained":[{"floor":6,"key":"MawBank"},{"floor":7,"key":"Meat on the Bone"},{"floor":8,"key":"Regal Pillow"},{"floor":13,"key":"Unceasing Top"},{"floor":25,"key":"Happy Flower"},{"floor":29,"key":"WingedGreaves"},{"floor":40,"key":"Slimebound:StickyStick"},{"floor":41,"key":"Lantern"},{"floor":43,"key":"Oddly Smooth Stone"},{"floor":44,"key":"Question Card"},{"floor":46,"key":"Whetstone"},{"floor":48,"key":"Thread and Needle"}],"event_choices":[{"damage_healed":0,"gold_gain":0,"player_choice":"Success","damage_taken":25,"relics_obtained":["Prayer Wheel"],"max_hp_gain":0,"max_hp_loss":0,"event_name":"Scrap Ooze","floor":11,"gold_loss":0}],"is_beta":false,"boss_relics":[{"not_picked":["Snecko Eye","Philosopher\u0027s Stone"],"picked":"Cursed Key"},{"not_picked":["Tiny House","Runic Pyramid"],"picked":"Sozu"}],"items_purged_floors":[27,31,42,45],"is_endless":false,"potions_floor_spawned":[5,12,13,15,16,21,25,26,29,32,33,36,38,43,48,49],"killed_by":"SI_POISON_ARCHETYPE","ascension_level":1}}