{"host":"3a1ypf1irl30q4k8","time":1611321216,"event":{"mods":["AchievementEnabler","BaseMod","Bestiary","Colored Map","Minty Spire (QoL Compilation)","Relic Stats"],"gold_per_floor":[113,125,125,142,152,180,195,195,195,230,230,230,58,77,77,203,203,222,243,243,263,263,307,307,346,346,365,62,77,117,53,53,172,172,196,196,217,217,217,250,250,263,263,288,66,82,82,106,106,106,106,106,30,65,65,65],"floor_reached":55,"language":"ENG","playtime":4171,"items_purged":["Strike_G","Strike_G","Strike_G"],"score":909,"play_id":"d8b5e7d4-f6bb-4b7b-847a-4e88b0c68e38","local_time":"20210122131336","is_ascension_mode":true,"campfire_choices":[{"data":"Blade Dance","floor":12.0,"key":"SMITH"},{"data":"Bouncing Flask","floor":15.0,"key":"SMITH"},{"data":"Envenom","floor":24.0,"key":"SMITH"},{"floor":32.0,"key":"REST"},{"floor":41.0,"key":"REST"},{"floor":47.0,"key":"REST"},{"floor":49.0,"key":"RECALL"},{"data":"Wraith Form v2","floor":52.0,"key":"SMITH"}],"circlet_count":0,"master_deck":["Defend_G","Defend_G","Defend_G","Defend_G","Defend_G","Survivor","Neutralize","Die Die Die","Bouncing Flask+1","Prepared","Venomology","Masterful Stab","Quick Slash","Leg Sweep","Blade Dance+1","Poisoned Stab","Footwork","Envenom+1","Deadly Poison+1","Riddle With Holes+1","Blade Dance+1","Blade Dance+1","Accuracy","PiercingWail","Accuracy","Bane+1","Dash","Wraith Form v2+1","Cloak And Dagger+1","Madness","Madness","Bane+1","Dark Shackles","Cloak And Dagger+1","Blur","Backflip","PiercingWail"],"relics":["Ring of the Snake","Ornamental Fan","Golden Idol","Akabeko","Potion Belt","Snake Skull","Cursed Key","Enchiridion","Shuriken","Sundial","Vajra","Smiling Mask","Omamori","Empty Cage","Paper Crane","Oddly Smooth Stone","Pocketwatch"],"acts_visited":["Exordium","TheCity","TheBeyond","TheEnding"],"potions_floor_usage":[54,55,55],"damage_taken":[{"damage":0.0,"enemies":"Small Slimes","floor":1.0,"turns":2.0},{"damage":1.0,"enemies":"Cultist","floor":2.0,"turns":3.0},{"damage":0.0,"enemies":"2 Louse","floor":4.0,"turns":1.0},{"damage":7.0,"enemies":"2 Fungi Beasts","floor":5.0,"turns":3.0},{"damage":0.0,"enemies":"3 Sentries","floor":6.0,"turns":4.0},{"damage":0.0,"enemies":"Blue Slaver","floor":7.0,"turns":3.0},{"damage":1.0,"enemies":"Gremlin Nob","floor":10.0,"turns":3.0},{"damage":3.0,"enemies":"Exordium Thugs","floor":14.0,"turns":2.0},{"damage":9.0,"enemies":"The Guardian","floor":16.0,"turns":8.0},{"damage":4.0,"enemies":"Spheric Guardian","floor":18.0,"turns":3.0},{"damage":0.0,"enemies":"2 Thieves","floor":19.0,"turns":3.0},{"damage":1.0,"enemies":"Shelled Parasite and Fungi","floor":21.0,"turns":7.0},{"damage":2.0,"enemies":"Book of Stabbing","floor":23.0,"turns":3.0},{"damage":23.0,"enemies":"Gremlin Leader","floor":25.0,"turns":2.0},{"damage":0.0,"enemies":"Snake Plant","floor":27.0,"turns":2.0},{"damage":0.0,"enemies":"Snecko","floor":29.0,"turns":2.0},{"damage":0.0,"enemies":"Slavers","floor":30.0,"turns":3.0},{"damage":19.0,"enemies":"Collector","floor":33.0,"turns":6.0},{"damage":8.0,"enemies":"3 Shapes","floor":35.0,"turns":4.0},{"damage":3.0,"enemies":"Orb Walker","floor":37.0,"turns":3.0},{"damage":19.0,"enemies":"Reptomancer","floor":40.0,"turns":6.0},{"damage":1.0,"enemies":"Transient","floor":42.0,"turns":5.0},{"damage":0.0,"enemies":"Sphere and 2 Shapes","floor":44.0,"turns":3.0},{"damage":7.0,"enemies":"Spire Growth","floor":46.0,"turns":4.0},{"damage":7.0,"enemies":"4 Shapes","floor":48.0,"turns":6.0},{"damage":21.0,"enemies":"Donu and Deca","floor":50.0,"turns":10.0},{"damage":54,"enemies":"Shield and Spear","floor":54,"turns":6},{"damage":29,"enemies":"The Heart","floor":55,"turns":8}],"seed_played":"2216539653047461857","potions_obtained":[{"floor":1.0,"key":"BlessingOfTheForge"},{"floor":4.0,"key":"DistilledChaos"},{"floor":6.0,"key":"Poison Potion"},{"floor":14.0,"key":"Dexterity Potion"},{"floor":16.0,"key":"SkillPotion"},{"floor":21.0,"key":"Dexterity Potion"},{"floor":25.0,"key":"Energy Potion"},{"floor":29.0,"key":"SmokeBomb"},{"floor":30.0,"key":"DuplicationPotion"},{"floor":37.0,"key":"Weak Potion"},{"floor":44.0,"key":"Swift Potion"},{"floor":54,"key":"Block Potion"}],"is_trial":false,"path_per_floor":["M","M","?","M","M","E","M","?","T","E","?","R","$","M","R","B",null,"M","M","?","M","T","E","R","E","T","M","$","M","E","?","R","B",null,"M","?","M","?","?","E","R","M","T","M","$","M","R","M","R","B",null,"R","$","E","B"],"character_chosen":"THE_SILENT","items_purchased":["Snake Skull","Poisoned Stab","Accuracy","FairyPotion","Poison Potion","Oddly Smooth Stone","Backflip","PiercingWail"],"campfire_rested":3,"item_purchase_floors":[13,13,28,28,28,45,45,53],"current_hp_per_floor":[63,62,62,62,55,55,55,40,40,39,39,39,39,36,36,27,63,59,59,43,42,42,40,40,17,17,17,17,17,17,17,35,16,63,55,47,44,44,44,25,43,42,42,42,42,35,53,46,46,25,60,60,60,6,0,0],"gold":65,"neow_bonus":"THREE_RARE_CARDS","is_daily":false,"chose_seed":false,"campfire_upgraded":4,"win_rate":0.0,"timestamp":1611321216,"path_taken":["M","M","?","M","M","E","?","?","T","E","?","R","$","M","R","BOSS","M","M","?","M","?","E","R","E","T","M","$","M","E","?","R","BOSS","M","?","M","?","?","E","R","?","T","M","$","M","R","M","R","BOSS","R","$","E","BOSS"],"items_purchased_type":["Relic","Card","Card","Potion","Potion","Relic","Card","Card"],"build_version":"2020-12-22","purchased_purges":3,"victory":false,"max_hp_per_floor":[63,63,63,63,63,63,63,63,63,63,63,63,63,63,63,63,63,63,63,63,63,63,63,63,63,63,63,63,63,63,63,63,63,63,63,63,63,63,60,60,60,60,60,60,60,60,60,60,60,60,60,60,60,60,60,60],"relic_stats":{"counters":[28,115],"Ornamental Fan":[300],"Golden Idol":185,"Shuriken":[59],"Sundial":[2],"Snake Skull":[166],"Cursed Key":2,"Smiling Mask":125,"obtain_stats":[{"Potion Belt":10,"Golden Idol":8,"Enchiridion":20,"Vajra":25,"Oddly Smooth Stone":45,"Snake Skull":13,"Omamori":31,"Paper Crane":40,"Cursed Key":17,"Smiling Mask":30,"Empty Cage":34,"Akabeko":9,"Ornamental Fan":6,"Shuriken":22,"Sundial":23,"Ring of the Snake":0,"Pocketwatch":54},{"Potion Belt":7,"Golden Idol":6,"Enchiridion":11,"Vajra":14,"Oddly Smooth Stone":23,"Snake Skull":7,"Omamori":17,"Paper Crane":21,"Cursed Key":9,"Smiling Mask":17,"Empty Cage":18,"Akabeko":6,"Ornamental Fan":5,"Shuriken":12,"Sundial":13,"Ring of the Snake":0,"Pocketwatch":27},{"Potion Belt":19,"Golden Idol":16,"Enchiridion":35,"Vajra":47,"Oddly Smooth Stone":81,"Snake Skull":19,"Omamori":54,"Paper Crane":73,"Cursed Key":29,"Smiling Mask":54,"Empty Cage":60,"Akabeko":16,"Ornamental Fan":13,"Shuriken":42,"Sundial":45,"Ring of the Snake":0,"Pocketwatch":107}],"Ring of the Snake":[56],"Pocketwatch":[6]},"card_choices":[{"not_picked":["Night Terror","Doppelganger"],"picked":"Die Die Die","floor":0.0},{"not_picked":["Bane","Choke"],"picked":"Bouncing Flask","floor":1.0},{"not_picked":["Acrobatics","Dagger Spray"],"picked":"Prepared","floor":2.0},{"not_picked":["Deadly Poison","Slice"],"picked":"Venomology","floor":4.0},{"not_picked":["Tactician","Finisher"],"picked":"Masterful Stab","floor":5.0},{"not_picked":["Predator","PiercingWail"],"picked":"Quick Slash","floor":6.0},{"not_picked":["Reflex","Finisher"],"picked":"Leg Sweep","floor":7.0},{"not_picked":["PiercingWail","Bouncing Flask"],"picked":"Blade Dance","floor":10.0},{"not_picked":["Catalyst","Poisoned Stab"],"picked":"Footwork","floor":14.0},{"not_picked":["Malaise","Night Terror"],"picked":"Envenom","floor":16.0},{"not_picked":["Dagger Spray","Concentrate"],"picked":"Deadly Poison+1","floor":18.0},{"not_picked":["Outmaneuver","Backstab"],"picked":"Riddle With Holes+1","floor":19.0},{"not_picked":["Reflex","Heel Hook+1"],"picked":"Blade Dance+1","floor":21.0},{"not_picked":["Infinite Blades","Bouncing Flask"],"picked":"Blade Dance+1","floor":23.0},{"not_picked":["Terror","Dagger Throw+1"],"picked":"Accuracy","floor":25.0},{"not_picked":["Crippling Poison+1","Dodge and Roll"],"picked":"PiercingWail","floor":27.0},{"not_picked":["Backflip","Masterful Stab"],"picked":"Bane+1","floor":29.0},{"not_picked":["Reflex","Acrobatics+1"],"picked":"Dash","floor":30.0},{"not_picked":["Storm of Steel","Night Terror"],"picked":"Wraith Form v2","floor":33.0},{"not_picked":["Endless Agony","Poisoned Stab+1"],"picked":"Cloak And Dagger+1","floor":35.0},{"not_picked":["Poisoned Stab+1","Setup+1"],"picked":"Bane+1","floor":37.0},{"not_picked":["Blind","Discovery"],"picked":"Dark Shackles","floor":38.0},{"not_picked":["Acrobatics","Crippling Poison"],"picked":"Cloak And Dagger+1","floor":40.0},{"not_picked":["Poisoned Stab+1","Deflect+1","Sucker Punch+1"],"picked":"SKIP","floor":42.0},{"not_picked":["Outmaneuver","Glass Knife"],"picked":"Blur","floor":44.0},{"not_picked":["Endless Agony+1","Flying Knee","Blade Dance"],"picked":"SKIP","floor":46.0},{"not_picked":["PiercingWail","Deflect+1","All Out Attack"],"picked":"SKIP","floor":48.0},{"not_picked":["Flying Knee","Blade Dance+1","Leg Sweep"],"picked":"SKIP","floor":54}],"player_experience":1158758,"relics_obtained":[{"floor":6.0,"key":"Ornamental Fan"},{"floor":9.0,"key":"Akabeko"},{"floor":10.0,"key":"Potion Belt"},{"floor":20.0,"key":"Enchiridion"},{"floor":22.0,"key":"Shuriken"},{"floor":23.0,"key":"Sundial"},{"floor":25.0,"key":"Vajra"},{"floor":30.0,"key":"Smiling Mask"},{"floor":40.0,"key":"Paper Crane"},{"floor":54,"key":"Pocketwatch"}],"event_choices":[{"damage_healed":0.0,"max_hp_gain":0.0,"max_hp_loss":0.0,"gold_gain":0.0,"event_name":"NoteForYourself","player_choice":"Ignored","floor":3.0,"gold_loss":0.0,"damage_taken":0.0},{"damage_healed":0.0,"max_hp_gain":0.0,"max_hp_loss":0.0,"gold_gain":0.0,"event_name":"Golden Idol","player_choice":"Take Damage","floor":8.0,"gold_loss":0.0,"damage_taken":15.0,"relics_obtained":["Golden Idol"]},{"damage_healed":0.0,"max_hp_gain":0.0,"max_hp_loss":0.0,"gold_gain":0.0,"event_name":"Shining Light","player_choice":"Ignored","floor":11.0,"gold_loss":0.0,"damage_taken":0.0},{"damage_healed":0.0,"max_hp_gain":0.0,"max_hp_loss":0.0,"gold_gain":0.0,"event_name":"Cursed Tome","player_choice":"Obtained Book","floor":20.0,"gold_loss":0.0,"damage_taken":16.0},{"damage_healed":0.0,"max_hp_gain":0.0,"max_hp_loss":0.0,"gold_gain":0.0,"event_name":"WeMeetAgain","player_choice":"Paid Gold","floor":31.0,"gold_loss":64.0,"damage_taken":0.0,"relics_obtained":["Omamori"]},{"damage_healed":0.0,"max_hp_gain":0.0,"max_hp_loss":0.0,"gold_gain":0.0,"event_name":"Winding Halls","player_choice":"Embrace Madness","floor":36.0,"gold_loss":0.0,"damage_taken":8.0,"cards_obtained":["Madness","Madness"]},{"damage_healed":0.0,"max_hp_gain":0.0,"max_hp_loss":0.0,"gold_gain":0.0,"event_name":"SensoryStone","player_choice":"Memory 1","floor":38.0,"gold_loss":0.0,"damage_taken":0.0},{"cards_removed":["Parasite"],"damage_healed":0.0,"max_hp_gain":0.0,"max_hp_loss":0.0,"gold_gain":0.0,"event_name":"Wheel of Change","player_choice":"Card Removal","floor":39.0,"gold_loss":0.0,"damage_taken":0.0}],"is_beta":false,"boss_relics":[{"not_picked":["HoveringKite","Runic Dome"],"picked":"Cursed Key"},{"not_picked":["Snecko Eye","Philosopher\u0027s Stone"],"picked":"Empty Cage"}],"items_purged_floors":[28,45,53],"is_endless":false,"potions_floor_spawned":[1,4,6,14,16,21,25,29,30,37,44,54],"killed_by":"The Heart","ascension_level":3}}