{"host":"7sni158j623xchr2","time":1611353387,"event":{"mods":["BaseMod","Colored Map","Highlight Path","Minty Spire (QoL Compilation)","Permanent Neow","Potion Indicator Mod","Rare Cards Sparkle","Relic Sorter","Relic Stats","StSLib","everything is the same but u backflip on backflip"],"gold_per_floor":[113,113,131,0,0,0,25,25,25,25,77,87,57,83,83,188,188,202,152,168,168,168],"floor_reached":21,"language":"ENG","playtime":359,"items_purged":[],"score":256,"play_id":"586b2ab9-93d1-4055-9917-29c04e3487be","local_time":"20210122160947","is_ascension_mode":true,"campfire_choices":[{"data":"Dualcast","floor":6,"key":"SMITH"},{"data":"White Noise","floor":8,"key":"SMITH"},{"data":"Lockon","floor":10,"key":"SMITH"},{"data":"Defragment","floor":15,"key":"SMITH"}],"circlet_count":0,"master_deck":["Strike_B","Strike_B","Strike_B","Strike_B","Defend_B","Defend_B","Defend_B","Zap+1","Dualcast+1","Cold Snap","Capacitor","Lockon+1","White Noise+1","Ball Lightning","Defragment+1","Loop","Fission","CurseOfTheBell"],"relics":["Cracked Core","NeowsBlessing","The Courier","Bag of Marbles","Blood Vial","Potion Belt","Calling Bell","Orichalcum","Pear","Mango"],"acts_visited":["Exordium","TheCity"],"potions_floor_usage":[],"damage_taken":[{"damage":0,"enemies":"Jaw Worm","floor":1,"turns":1},{"damage":0,"enemies":"Small Slimes","floor":3,"turns":1},{"damage":0,"enemies":"Lagavulin","floor":7,"turns":1},{"damage":0,"enemies":"Cultist","floor":12,"turns":3},{"damage":9,"enemies":"Gremlin Nob","floor":14,"turns":3},{"damage":29,"enemies":"Hexaghost","floor":16,"turns":7},{"damage":29,"enemies":"2 Thieves","floor":18,"turns":5},{"damage":23,"enemies":"Spheric Guardian","floor":20,"turns":4},{"damage":57,"enemies":"Snake Plant","floor":21,"turns":4}],"seed_played":"-3268028461992114354","potions_obtained":[{"floor":7,"key":"DuplicationPotion"},{"floor":16,"key":"LiquidBronze"}],"is_trial":false,"path_per_floor":["M","?","M","$","?","R","E","R","T","R","T","M","$","E","R","B",null,"M","?","M","M"],"character_chosen":"DEFECT","items_purchased":["Lockon","FearPotion","Defragment"],"campfire_rested":0,"item_purchase_floors":[4,4,13],"current_hp_per_floor":[75,68,68,68,68,68,68,68,68,68,68,70,70,63,63,36,99,70,70,49,0,0],"gold":168,"neow_bonus":"THREE_ENEMY_KILL","is_daily":false,"chose_seed":false,"campfire_upgraded":4,"win_rate":0.0,"timestamp":1611353387,"path_taken":["M","?","M","$","?","R","E","R","T","R","?","M","$","E","R","BOSS","M","?","M","M"],"items_purchased_type":["Card","Potion","Card"],"build_version":"2020-12-22","purchased_purges":0,"victory":false,"max_hp_per_floor":[75,75,75,75,75,75,75,75,75,75,75,75,75,75,75,75,99,99,99,99,99,99],"relic_stats":{"Blood Vial":10,"counters":[9,28],"Orichalcum":[24],"obtain_stats":[{"Blood Vial":11,"Potion Belt":14,"Calling Bell":17,"Pear":17,"NeowsBlessing":0,"Mango":17,"The Courier":7,"Bag of Marbles":9,"Orichalcum":17,"Cracked Core":0},{"Blood Vial":3,"Potion Belt":5,"Calling Bell":6,"Pear":6,"NeowsBlessing":0,"Mango":6,"The Courier":3,"Bag of Marbles":3,"Orichalcum":6,"Cracked Core":0},{"Blood Vial":3,"Potion Belt":8,"Calling Bell":15,"Pear":15,"NeowsBlessing":0,"Mango":15,"The Courier":3,"Bag of Marbles":3,"Orichalcum":15,"Cracked Core":0}]},"card_choices":[{"not_picked":["Heatsinks","Leap"],"picked":"Cold Snap","floor":1},{"not_picked":["Cold Snap","Beam Cell"],"picked":"Capacitor","floor":3},{"not_picked":["Darkness","Leap"],"picked":"White Noise","floor":7},{"not_picked":["Beam Cell","Turbo"],"picked":"Ball Lightning","floor":12},{"not_picked":["Chaos","Recycle"],"picked":"Loop","floor":14},{"not_picked":["Thunder Strike","Meteor Strike"],"picked":"Fission","floor":16},{"not_picked":["Scrape","Gash","Skim"],"picked":"SKIP","floor":18},{"not_picked":["Rebound","Streamline","Redo"],"picked":"SKIP","floor":20}],"player_experience":1675519,"relics_obtained":[{"floor":7,"key":"The Courier"},{"floor":9,"key":"Bag of Marbles"},{"floor":11,"key":"Blood Vial"},{"floor":14,"key":"Potion Belt"},{"floor":17,"key":"Orichalcum"},{"floor":17,"key":"Pear"},{"floor":17,"key":"Mango"}],"event_choices":[{"cards_removed":["Defend_B"],"damage_healed":0,"gold_gain":0,"player_choice":"Card Removal","damage_taken":7,"max_hp_gain":0,"max_hp_loss":0,"event_name":"Golden Wing","floor":2,"gold_loss":0},{"damage_healed":0,"gold_gain":0,"player_choice":"Grow","damage_taken":0,"max_hp_gain":0,"max_hp_loss":0,"event_name":"Living Wall","floor":5,"gold_loss":0,"cards_upgraded":["Zap"]},{"damage_healed":0,"gold_gain":0,"player_choice":"Bet on Owner","damage_taken":0,"max_hp_gain":0,"max_hp_loss":0,"event_name":"The Joust","floor":19,"gold_loss":50}],"is_beta":false,"boss_relics":[{"not_picked":["Philosopher\u0027s Stone","Empty Cage"],"picked":"Calling Bell"}],"items_purged_floors":[],"is_endless":false,"potions_floor_spawned":[7,16],"killed_by":"Snake Plant","ascension_level":2}}