{"host":"3jpwrwmmgyabjceh","time":1611354931,"event":{"mods":["AchievementEnabler","BaseMod","Colored Map","Colored Powertips","Highlight Path","Minty Spire (QoL Compilation)","Quick Restart","Relic Stats","StSLib","SuperFastMode"],"gold_per_floor":[110,210,229,244,344,370,390,220,243,243,256,256,268,258,258,362,362,352,362,35,35,35,35,61,61,134,149,179,93,110,440,440,541,541,554,554,570,414,464,499,499,499,523,542,405,440,452,125,125,125,125,125,35,70,70,70],"floor_reached":55,"language":"ENG","playtime":2011,"items_purged":["Strike_B","Strike_B+1","Defend_B+1"],"score":1025,"play_id":"31a5775f-fd2b-4cb8-ac27-07f43ffd33ae","local_time":"20210123013531","is_ascension_mode":true,"campfire_choices":[{"floor":10.0,"key":"REST"},{"floor":12.0,"key":"REST"},{"data":"Beam Cell","floor":15.0,"key":"SMITH"},{"data":"Echo Form","floor":23.0,"key":"SMITH"},{"data":"Coolheaded","floor":25.0,"key":"SMITH"},{"data":"Loop","floor":32.0,"key":"SMITH"},{"floor":42.0,"key":"RECALL"},{"floor":49.0,"key":"REST"},{"floor":52,"key":"REST"}],"circlet_count":0,"master_deck":["Defend_B+1","Defend_B+1","Defend_B+1","Zap+1","Dualcast","Ball Lightning","Beam Cell+1","Genetic Algorithm","Self Repair","Cold Snap","BootSequence","Echo Form+1","Self Repair+1","Doom and Gloom","Barrage","Coolheaded+1","Cold Snap+1","Loop+1","Core Surge","Echo Form","Coolheaded+1","Capacitor","Capacitor","Amplify","Chill+1","Coolheaded","Biased Cognition","Cold Snap","Capacitor","Coolheaded"],"relics":["Empty Cage","Toy Ornithopter","Vajra","Sozu","Membership Card","Ancient Tea Set","Oddly Smooth Stone","Enchiridion","PreservedInsect","Pear","Blood Vial","Old Coin","Fusion Hammer","DataDisk","Turnip","WingedGreaves","Question Card","Shuriken","Thread and Needle","Anchor","Lee\u0027s Waffle","Pen Nib"],"acts_visited":["Exordium","TheCity","TheBeyond","TheEnding"],"potions_floor_usage":[],"damage_taken":[{"damage":11.0,"enemies":"Cultist","floor":1.0,"turns":4.0},{"damage":0.0,"enemies":"2 Louse","floor":3.0,"turns":3.0},{"damage":2.0,"enemies":"Jaw Worm","floor":4.0,"turns":2.0},{"damage":32.0,"enemies":"Lagavulin","floor":6.0,"turns":7.0},{"damage":19.0,"enemies":"Large Slime","floor":7.0,"turns":5.0},{"damage":14.0,"enemies":"Gremlin Gang","floor":11.0,"turns":5.0},{"damage":0.0,"enemies":"Looter","floor":13.0,"turns":3.0},{"damage":9.0,"enemies":"Exordium Thugs","floor":14.0,"turns":4.0},{"damage":64.0,"enemies":"Hexaghost","floor":16.0,"turns":12.0},{"damage":14.0,"enemies":"2 Thieves","floor":18.0,"turns":4.0},{"damage":4.0,"enemies":"Chosen","floor":19.0,"turns":6.0},{"damage":44.0,"enemies":"Slavers","floor":24.0,"turns":5.0},{"damage":2.0,"enemies":"3 Cultists","floor":27.0,"turns":4.0},{"damage":30.0,"enemies":"Book of Stabbing","floor":28.0,"turns":6.0},{"damage":10.0,"enemies":"Snake Plant","floor":30.0,"turns":5.0},{"damage":0.0,"enemies":"Slavers","floor":31.0,"turns":4.0},{"damage":70.0,"enemies":"Automaton","floor":33.0,"turns":12.0},{"damage":18.0,"enemies":"3 Darklings","floor":35.0,"turns":3.0},{"damage":0.0,"enemies":"Orb Walker","floor":37.0,"turns":4.0},{"damage":0.0,"enemies":"Mind Bloom Boss Battle","floor":39.0,"turns":5.0},{"damage":36.0,"enemies":"Giant Head","floor":40.0,"turns":7.0},{"damage":0.0,"enemies":"Maw","floor":44.0,"turns":6.0},{"damage":44.0,"enemies":"Reptomancer","floor":46.0,"turns":5.0},{"damage":0.0,"enemies":"Sphere and 2 Shapes","floor":47.0,"turns":6.0},{"damage":75,"enemies":"Donu and Deca","floor":50,"turns":6},{"damage":26,"enemies":"Shield and Spear","floor":54,"turns":9},{"damage":91,"enemies":"The Heart","floor":55,"turns":5}],"seed_played":"667176178232453528","potions_obtained":[{"floor":7.0,"key":"Dexterity Potion"},{"floor":11.0,"key":"ColorlessPotion"},{"floor":14.0,"key":"LiquidMemories"},{"floor":16.0,"key":"FocusPotion"}],"is_trial":false,"path_per_floor":["M","?","M","M","?","E","M","$","T","R","M","R","M","M","R","B",null,"M","M","$","?","?","R","E","R","T","M","E","$","M","E","R","B",null,"M","?","M","$","?","E","?","R","T","M","$","E","M","$","R","B",null,"R","$","E","B"],"character_chosen":"DEFECT","items_purchased":["Self Repair","Cold Snap","Membership Card","Barrage","Ancient Tea Set","Oddly Smooth Stone","Loop","DataDisk","Capacitor","Amplify","Question Card","Coolheaded","Thread and Needle","Capacitor","Anchor","Lee\u0027s Waffle","Coolheaded"],"campfire_rested":4,"item_purchase_floors":[8,8,20,20,20,20,29,38,38,38,45,45,48,48,48,48,53],"current_hp_per_floor":[64,64,64,62,62,30,11,11,11,33,26,48,55,63,63,11,59,52,75,75,59,59,59,47,47,57,72,76,76,78,85,85,32,72,76,76,85,85,85,85,85,85,85,85,85,55,84,92,92,44,80,92,92,86,0,0],"gold":70,"neow_bonus":"BOSS_RELIC","is_daily":false,"chose_seed":false,"campfire_upgraded":4,"win_rate":0.0,"timestamp":1611354931,"path_taken":["M","?","M","?","?","E","M","$","T","R","M","R","?","M","R","BOSS","M","M","$","?","?","R","E","R","T","M","E","$","M","E","R","BOSS","M","?","?","$","?","E","?","R","T","M","$","E","M","$","R","BOSS","R","$","E","BOSS"],"items_purchased_type":["Card","Card","Relic","Card","Relic","Relic","Card","Relic","Card","Card","Relic","Card","Relic","Card","Relic","Relic","Card"],"build_version":"2020-12-22","purchased_purges":3,"victory":false,"max_hp_per_floor":[75,75,75,75,75,75,75,75,75,75,75,75,75,75,75,75,75,75,75,75,75,75,75,75,75,85,85,85,85,85,85,85,85,85,85,85,85,85,85,85,85,85,85,85,85,85,85,92,92,92,92,92,92,92,92,92],"relic_stats":{"Sozu":10,"Blood Vial":12,"Lee\u0027s Waffle":8,"counters":[27,147],"Shuriken":[8],"PreservedInsect":332,"Turnip":[10],"Pen Nib":[0],"Question Card":3,"obtain_stats":[{"Lee\u0027s Waffle":48,"Pear":26,"Vajra":9,"Oddly Smooth Stone":20,"Enchiridion":21,"Thread and Needle":48,"PreservedInsect":24,"Pen Nib":54,"Empty Cage":0,"Ancient Tea Set":20,"Question Card":45,"Old Coin":31,"Sozu":17,"Blood Vial":28,"DataDisk":38,"Anchor":48,"Shuriken":46,"Fusion Hammer":34,"Turnip":39,"WingedGreaves":40,"Membership Card":20,"Cracked Core":0,"Toy Ornithopter":6},{"Lee\u0027s Waffle":24,"Pear":12,"Vajra":5,"Oddly Smooth Stone":11,"Enchiridion":11,"Thread and Needle":24,"PreservedInsect":12,"Pen Nib":26,"Empty Cage":0,"Ancient Tea Set":11,"Question Card":22,"Old Coin":16,"Sozu":9,"Blood Vial":14,"DataDisk":19,"Anchor":24,"Shuriken":23,"Fusion Hammer":17,"Turnip":20,"WingedGreaves":21,"Membership Card":11,"Cracked Core":0,"Toy Ornithopter":4},{"Lee\u0027s Waffle":127,"Pear":60,"Vajra":21,"Oddly Smooth Stone":55,"Enchiridion":55,"Thread and Needle":127,"PreservedInsect":60,"Pen Nib":142,"Empty Cage":0,"Ancient Tea Set":55,"Question Card":116,"Old Coin":79,"Sozu":45,"Blood Vial":70,"DataDisk":98,"Anchor":127,"Shuriken":121,"Fusion Hammer":91,"Turnip":103,"WingedGreaves":110,"Membership Card":55,"Cracked Core":0,"Toy Ornithopter":16}],"Toy Ornithopter":20},"card_choices":[{"not_picked":["Compile Driver","Leap","Double Energy"],"picked":"SKIP","floor":1.0},{"not_picked":["Static Discharge","Beam Cell"],"picked":"Ball Lightning","floor":3.0},{"not_picked":["Streamline","Leap"],"picked":"Beam Cell","floor":4.0},{"not_picked":["Heatsinks","Streamline","Tempest"],"picked":"SKIP","floor":6.0},{"not_picked":["Beam Cell","Hologram"],"picked":"Genetic Algorithm","floor":7.0},{"not_picked":["Hologram","Recycle"],"picked":"BootSequence","floor":11.0},{"not_picked":["Heatsinks","Go for the Eyes","Sunder"],"picked":"SKIP","floor":13.0},{"not_picked":["Gash","Rebound","Compile Driver"],"picked":"SKIP","floor":14.0},{"not_picked":["Biased Cognition","Multi-Cast"],"picked":"Echo Form","floor":16.0},{"not_picked":["Hello World","Skim"],"picked":"Self Repair+1","floor":18.0},{"not_picked":["Steam","Gash"],"picked":"Doom and Gloom","floor":19.0},{"not_picked":["Creative AI","Gash"],"picked":"Coolheaded","floor":24.0},{"not_picked":["Steam+1","White Noise","Melter"],"picked":"SKIP","floor":27.0},{"not_picked":["Heatsinks","Steam"],"picked":"Cold Snap+1","floor":28.0},{"not_picked":["Beam Cell","Hologram","Steam"],"picked":"SKIP","floor":30.0},{"not_picked":["Multi-Cast","Darkness+1"],"picked":"Core Surge","floor":31.0},{"not_picked":["Reboot","Meteor Strike"],"picked":"Echo Form","floor":33.0},{"not_picked":["Storm+1","Conserve Battery"],"picked":"Coolheaded+1","floor":35.0},{"not_picked":["Ball Lightning","Leap+1"],"picked":"Capacitor","floor":37.0},{"not_picked":["Leap","Conserve Battery+1"],"picked":"Chill+1","floor":39.0},{"not_picked":["Auto Shields+1","Stack","Rebound"],"picked":"SKIP","floor":40.0},{"not_picked":["Turbo+1","Fusion+1","Steam+1"],"picked":"SKIP","floor":44.0},{"not_picked":["Reprogram+1","Gash+1","Static Discharge+1"],"picked":"Biased Cognition","floor":46.0},{"not_picked":["Hologram+1","Barrage+1","Beam Cell+1"],"picked":"Cold Snap","floor":47.0},{"not_picked":["Chaos+1","Gash","Reprogram","Steam"],"picked":"SKIP","floor":54}],"player_experience":262063,"relics_obtained":[{"floor":6.0,"key":"Toy Ornithopter"},{"floor":9.0,"key":"Vajra"},{"floor":21.0,"key":"Enchiridion"},{"floor":24.0,"key":"PreservedInsect"},{"floor":26.0,"key":"Pear"},{"floor":28.0,"key":"Blood Vial"},{"floor":31.0,"key":"Old Coin"},{"floor":39.0,"key":"Turnip"},{"floor":40.0,"key":"WingedGreaves"},{"floor":46.0,"key":"Shuriken"},{"floor":54,"key":"Pen Nib"}],"event_choices":[{"damage_healed":0.0,"max_hp_gain":0.0,"max_hp_loss":0.0,"gold_gain":100.0,"event_name":"Wheel of Change","player_choice":"Gold","floor":2.0,"gold_loss":0.0,"damage_taken":0.0},{"damage_healed":0.0,"max_hp_gain":0.0,"max_hp_loss":0.0,"gold_gain":100.0,"event_name":"Wheel of Change","player_choice":"Gold","floor":5.0,"gold_loss":0.0,"damage_taken":0.0},{"damage_healed":0.0,"max_hp_gain":0.0,"max_hp_loss":0.0,"gold_gain":0.0,"event_name":"Cursed Tome","player_choice":"Obtained Book","floor":21.0,"gold_loss":0.0,"damage_taken":16.0},{"damage_healed":0.0,"max_hp_gain":0.0,"max_hp_loss":0.0,"gold_gain":0.0,"event_name":"Back to Basics","player_choice":"Simplicity","floor":22.0,"gold_loss":0.0,"damage_taken":0.0,"cards_upgraded":["Strike_B","Defend_B","Defend_B","Defend_B","Defend_B"]},{"damage_healed":0.0,"max_hp_gain":0.0,"max_hp_loss":0.0,"gold_gain":0.0,"event_name":"Upgrade Shrine","player_choice":"Upgraded","floor":36.0,"gold_loss":0.0,"damage_taken":0.0,"cards_upgraded":["Zap"]},{"damage_healed":0.0,"max_hp_gain":0.0,"max_hp_loss":0.0,"gold_gain":0.0,"event_name":"MindBloom","player_choice":"Fight","floor":39.0,"gold_loss":0.0,"damage_taken":0.0},{"damage_healed":0.0,"max_hp_gain":0.0,"max_hp_loss":0.0,"gold_gain":0.0,"event_name":"Lab","player_choice":"Got Potions","floor":41.0,"gold_loss":0.0,"damage_taken":0.0}],"is_beta":false,"boss_relics":[{"not_picked":["Runic Dome","Pandora\u0027s Box"],"picked":"Sozu"},{"not_picked":["Nuclear Battery","Astrolabe"],"picked":"Fusion Hammer"}],"items_purged_floors":[8,29,53],"is_endless":false,"potions_floor_spawned":[7,11,14,16,18,19,30,31,35,40,44],"killed_by":"The Heart","ascension_level":5}}