{"host":"och2iitg9ibgz06n","time":1611281848,"event":{"mods":["Abigail Mod","AchievementEnabler","Aspiration","BaseMod","Colored Powertips","Dio Mod","Hubris","Hyrulean Relics","Infinite Spire","Minty Spire (QoL Compilation)","Replay The Spire","Small Relic Pack","StSLib","The Animator","The Bug Knight","The Hierophant","The Jungle","The Saiyan","TheHero","Wandering Minibosses","everything is the same but u backflip on backflip","slay the spire mod where everything is the same but ironclad has a cowboy hat","vexMod"],"gold_per_floor":[112,124,114,134,134,134,134,153,153,153,181,110,110,122,122,239,289,322,351,351,328,328,328,328,328],"floor_reached":24,"language":"ENG","playtime":794,"items_purged":[],"score":263,"play_id":"dfbf7447-5e76-4b78-903a-605805be90f8","local_time":"20210121201728","is_ascension_mode":true,"campfire_choices":[{"data":"animeID:Deku","floor":6,"key":"SMITH"},{"floor":10,"key":"REST"},{"floor":13,"key":"REST"},{"floor":15,"key":"RECALL"},{"floor":23,"key":"REST"}],"circlet_count":0,"master_deck":["animeID:Deku+1","animeID:Bakugo","animeID:DefendMH","animeID:DefendMH","animeID:DefendMH","animeID:DefendMH","animeID:ToruHagakure","animeID:Himiko","animeID:Bakugo","animeID:Tomura","animeID:EraserHead","animeID:DelawareSmash","animeID:Twice","animeID:GentleCriminal","animeID:AllMight","animeID:Momo","animeID:Iida","animeID:Dabi","animeID:Tamaki","Bite","Bite","Bite","Bite","Bite"],"relics":["hubris:BottledRain","Tiny House"],"acts_visited":["Exordium","TheCity"],"potions_floor_usage":[11,16],"damage_taken":[{"damage":9,"enemies":"Jaw Worm","floor":1,"turns":4},{"damage":3,"enemies":"2 Louse","floor":2,"turns":3},{"damage":23,"enemies":"infinitespire:Voidling","floor":3,"turns":5},{"damage":18,"enemies":"Exordium Thugs","floor":4,"turns":5},{"damage":0,"enemies":"Large Slime","floor":8,"turns":5},{"damage":22,"enemies":"3 Sentries","floor":11,"turns":4},{"damage":12,"enemies":"2 Fungi Beasts","floor":14,"turns":2},{"damage":46,"enemies":"Fading Forest","floor":16,"turns":9},{"damage":15,"enemies":"Spheric Guardian","floor":18,"turns":3},{"damage":11,"enemies":"3 Byrds","floor":19,"turns":4},{"damage":55,"enemies":"Cultist and Chosen","floor":21,"turns":7},{"damage":35,"enemies":"Replay:Snechameleon","floor":24,"turns":2}],"seed_played":"6333513676308467963","potions_obtained":[{"floor":3,"key":"Cursed Concoction"},{"floor":4,"key":"GamblersBrew"},{"floor":11,"key":"ColorlessPotion"},{"floor":16,"key":"Milkshake"},{"floor":17,"key":"Fire Potion"},{"floor":18,"key":"CultistPotion"}],"is_trial":false,"path_per_floor":["M","M","M","M","?","R","?","M","T","R","E","$","R","M","R","B",null,"M","M","$","M","?","R","E"],"character_chosen":"THE_HERO","items_purchased":["animeID:Twice"],"campfire_rested":3,"item_purchase_floors":[12],"current_hp_per_floor":[75,74,53,35,35,35,38,38,38,63,41,41,66,54,54,24,90,75,64,64,9,9,27,0,0],"gold":328,"neow_bonus":"TEN_PERCENT_HP_BONUS","is_daily":false,"chose_seed":false,"campfire_upgraded":1,"win_rate":0.0,"timestamp":1611281848,"path_taken":["M","M","M","M","?","R","?","M","T","R","E","?","R","M","R","BOSS","M","M","$","?","?","R","E"],"items_purchased_type":["Card"],"build_version":"2020-12-22","purchased_purges":0,"victory":false,"max_hp_per_floor":[82,82,82,82,82,82,85,85,85,85,85,85,85,85,85,85,90,90,90,90,90,62,62,62,62],"card_choices":[{"not_picked":["animeID:Kirishima","animeID:Tsuyu"],"picked":"animeID:ToruHagakure","floor":1},{"not_picked":["animeID:Kurono","animeID:Mezo"],"picked":"animeID:Himiko","floor":2},{"not_picked":["animeID:Tsuyu","animeID:Kendo"],"picked":"animeID:Bakugo","floor":3},{"not_picked":["animeID:MtLady","animeID:Mezo"],"picked":"animeID:Tomura","floor":4},{"not_picked":["animeID:DelawareSmash","animeID:Iida"],"picked":"animeID:EraserHead","floor":8},{"not_picked":["animeID:Tamaki","animeID:DelawareSmash","animeID:Uraraka"],"picked":"SKIP","floor":11},{"not_picked":["animeID:Tamaki","animeID:Uraraka"],"picked":"animeID:DelawareSmash","floor":11},{"not_picked":["animeID:Kirishima","animeID:EraserHead"],"picked":"animeID:GentleCriminal","floor":14},{"not_picked":["animeID:Chisaki","animeID:AllForOne"],"picked":"animeID:AllMight","floor":16},{"not_picked":["animeID:Tengai","animeID:TodorokiShoto"],"picked":"animeID:Momo","floor":17},{"not_picked":["animeID:Kaminari","animeID:Aoyama"],"picked":"animeID:Iida","floor":18},{"not_picked":["animeID:DelawareSmash+1","animeID:GranTorino"],"picked":"animeID:Dabi","floor":19},{"not_picked":["animeID:Aoyama","animeID:Momo"],"picked":"animeID:Tamaki","floor":21}],"player_experience":449341,"relics_obtained":[{"floor":9,"key":"Oddly Smooth Stone"},{"floor":11,"key":"hubris:BottledRain"}],"event_choices":[{"damage_healed":0,"gold_gain":0,"player_choice":"Became a vampire","damage_taken":0,"max_hp_gain":0,"max_hp_loss":28,"event_name":"Vampires","floor":22,"gold_loss":0,"cards_obtained":["Bite","Bite","Bite","Bite","Bite"]}],"is_beta":false,"boss_relics":[{"not_picked":["hubris:GrandSneckoEye","Painkiller Herb"],"picked":"Tiny House"}],"items_purged_floors":[],"is_endless":false,"potions_floor_spawned":[3,4,11,16,18],"killed_by":"Replay:Snechameleon","ascension_level":4}}