{"host":"4a6fro0of1ie0h2w","time":1611347359,"event":{"mods":["Aspiration","BaseMod","CCEM","Colored Map","Conspire","Downfall","GifTheSpireLib","Halation","Highlight Path","Hubris","Infinite Spire","Marisa????????","Minty Spire (QoL Compilation)","Permanent Neow","Replay The Spire","StSLib","Stuff the Spire","The Servant 0.9.4"],"gold_per_floor":[99,119,119,119,136,236,259,270,170,190,190,215,215,241,255,359,359,359,369,379,391,391,402,427,427,327,327,327,327,327,327],"floor_reached":29,"language":"ENG","playtime":1225,"items_purged":[],"score":283,"play_id":"2aa2a6fd-5149-4709-8ca0-969e104d18d4","local_time":"20210122222919","is_ascension_mode":false,"campfire_choices":[{"floor":1,"key":"RECALL"},{"floor":9,"key":"REST"},{"floor":13,"key":"REST"},{"data":"Demon Form","floor":18,"key":"SMITH"},{"data":"sneckomod:SerpentMind","floor":26,"key":"SMITH"},{"data":"RitualDagger","floor":28,"key":"SMITH"}],"circlet_count":0,"master_deck":["sneckomod:Strike","sneckomod:Strike","sneckomod:Strike","sneckomod:Defend","sneckomod:Defend","sneckomod:Defend","sneckomod:TailWhip","sneckomod:SnekBite","sneckomod:Unknown","sneckomod:Unknown","sneckomod:CheapStock","sneckomod:UnknownDraw","hexamod:HeatCrush","sneckomod:QuickMove","sneckomod:SoulCleanse","sneckomod:UnknownRareAttack","StuffTheSpire:PlasmaPulse","sneckomod:SoulDraw","sneckomod:UnknownStrike","sneckomod:UnknownUncommonPower","sneckomod:SerpentMind+1","sneckomod:UnknownCommonAttack","ReplayTheSpireMod:Private Reserves+1","sneckomod:Nope","ReplayTheSpireMod:Private Reserves+1","Demon Form+1","sneckomod:UnknownClassMARISA_COLOR","sneckomod:WideSting","sneckomod:DiceBlock","sneckomod:UnknownClassMARISA_COLOR","RitualDagger+1"],"relics":["m_IronCrown","Centennial Puzzle","StuffTheSpire:SapphireSignet","downfall:GremlinSack","Guardian:PocketSentry","downfall:HeartBlessingRed","infinitespire:Cubic Diamond","CCEMRelics:FestiveHat","Lantern","Philosopher\u0027s Stone","downfall:HeartBlessingBlue"],"acts_visited":["Exordium","TheCity"],"potions_floor_usage":[6,14,16,29],"damage_taken":[{"damage":7,"enemies":"Jaw Worm","floor":2,"turns":2},{"damage":0,"enemies":"conspire:RoseBush","floor":5,"turns":3},{"damage":72,"enemies":"conspire:RoseBush","floor":6,"turns":6},{"damage":0,"enemies":"infinitespire:Voidling","floor":8,"turns":2},{"damage":0,"enemies":"Gremlin Gang","floor":10,"turns":1},{"damage":25,"enemies":"Gremlin Nob","floor":12,"turns":4},{"damage":0,"enemies":"Replay:BlueRogue","floor":14,"turns":3},{"damage":4,"enemies":"2 Fungi Beasts","floor":15,"turns":3},{"damage":41,"enemies":"DF_ARCHETYPE_STREAMLINE","floor":16,"turns":6},{"damage":19,"enemies":"Chosen","floor":19,"turns":5},{"damage":15,"enemies":"Centurion and Healer","floor":20,"turns":4},{"damage":14,"enemies":"3 Cultists","floor":21,"turns":3},{"damage":23,"enemies":"conspire:HollyBat","floor":23,"turns":7},{"damage":58,"enemies":"Book of Stabbing","floor":29,"turns":4}],"seed_played":"7883530776344757543","potions_obtained":[{"floor":5,"key":"Adrenaline Potion"},{"floor":6,"key":"GamblersBrew"},{"floor":8,"key":"FearPotion"},{"floor":12,"key":"champ:CounterPotion"},{"floor":15,"key":"Strength Potion"},{"floor":21,"key":"EssenceOfSteel"}],"is_trial":false,"path_per_floor":["R","M","?","?","M","?","T","M","R","M","?","E","R","E","M","B",null,"R","M","M","M","?","M","T","?","R","?","R","E"],"character_chosen":"THE_SNECKO","items_purchased":[],"campfire_rested":2,"item_purchase_floors":[],"current_hp_per_floor":[90,83,76,76,76,4,4,4,31,31,31,12,39,45,47,22,90,90,77,70,62,62,54,54,54,64,58,58,0,0,0],"gold":327,"neow_bonus":"RANDOM_COMMON_RELIC","is_daily":false,"chose_seed":false,"campfire_upgraded":3,"win_rate":0.0,"timestamp":1611347359,"path_taken":["R","M","?","?","M","?","T","?","R","?","?","E","R","E","M","BOSS","R","M","M","M","?","?","T","?","R","?","R","E"],"items_purchased_type":[],"build_version":"2020-12-22","purchased_purges":0,"victory":false,"max_hp_per_floor":[90,90,90,90,90,90,90,90,90,90,90,90,90,90,90,90,90,90,90,90,90,90,90,90,90,100,100,100,100,100,100],"card_choices":[{"not_picked":["sneckomod:RainOfDice","sneckomod:IronFang"],"picked":"sneckomod:CheapStock","floor":2},{"not_picked":["sneckomod:SnekBeam","sneckomod:Nope"],"picked":"sneckomod:UnknownDraw","floor":5},{"not_picked":["sneckomod:UnknownDraw","sneckomod:SoulRoll"],"picked":"sneckomod:SoulDraw","floor":6},{"not_picked":["sneckomod:DefensiveFlair","sneckomod:DiceBoulder"],"picked":"sneckomod:UnknownStrike","floor":8},{"not_picked":["sneckomod:ImprovisedGuard","sneckomod:SoulRoll"],"picked":"sneckomod:UnknownUncommonPower","floor":10},{"not_picked":["champ:AdrenalArmor","Twin Strike"],"picked":"sneckomod:SerpentMind","floor":12},{"not_picked":["champ:GutPunch","sneckomod:DiceBoulder"],"picked":"sneckomod:UnknownCommonAttack","floor":14},{"not_picked":["Specialist+1","Swift Strike+1","Panacea+1"],"picked":"SKIP","floor":14},{"not_picked":["Finesse+1","StuffTheSpire:PlasmaPulse+1"],"picked":"ReplayTheSpireMod:Private Reserves+1","floor":15},{"not_picked":["sneckomod:UnknownUncommonSkill","sneckomod:QuickMove"],"picked":"sneckomod:Nope","floor":15},{"not_picked":["Specialist+1","Discovery+1"],"picked":"ReplayTheSpireMod:Private Reserves+1","floor":16},{"not_picked":["Feed","Double Tap"],"picked":"Demon Form","floor":16},{"not_picked":["sneckomod:DiceCrush","sneckomod:QuickBite"],"picked":"sneckomod:UnknownClassMARISA_COLOR","floor":19},{"not_picked":["sneckomod:QuickMove","sneckomod:SoulCleanse"],"picked":"sneckomod:WideSting","floor":20},{"not_picked":["sneckomod:UnknownVulnerable","sneckomod:IronFang+1"],"picked":"sneckomod:DiceBlock","floor":21},{"not_picked":["sneckomod:UnknownWeak","sneckomod:WideSting+1"],"picked":"sneckomod:UnknownClassMARISA_COLOR","floor":23}],"player_experience":218734,"relics_obtained":[{"floor":6,"key":"downfall:GremlinSack"},{"floor":7,"key":"Guardian:PocketSentry"},{"floor":12,"key":"CCEMRelics:FestiveHat"},{"floor":14,"key":"Lantern"}],"event_choices":[{"damage_healed":0,"gold_gain":0,"player_choice":"Success","damage_taken":7,"relics_obtained":["StuffTheSpire:SapphireSignet"],"max_hp_gain":0,"max_hp_loss":0,"event_name":"Scrap Ooze","floor":3,"gold_loss":0},{"damage_healed":0,"gold_gain":0,"player_choice":"Leave","damage_taken":0,"max_hp_gain":0,"max_hp_loss":0,"event_name":"conspire:Investor","floor":4,"gold_loss":0}],"is_beta":false,"boss_relics":[{"not_picked":["StuffTheSpire:ModemDavis","aspiration:FutureDiary"],"picked":"Philosopher\u0027s Stone"}],"items_purged_floors":[],"is_endless":false,"potions_floor_spawned":[5,6,8,12,15,21,23],"killed_by":"Book of Stabbing","ascension_level":0}}