{"host":"vrsxkkch9ccrec7k","time":1611279701,"event":{"mods":["Act Like it!","BaseMod","Bestiary","Better Altar","Better Match","Better Note","Better Sensory Stone","Better Skull","Better Third Choice","Better Vampires","Downfall","Minty Spire (QoL Compilation)","Permanent Neow","Relic Stats","Spicy Shops","StSLib"],"gold_per_floor":[99,111,111,121,121,9,9,23,49,61,61,92,92,107,121,217,217,217,229,243,33,33,33,33,33,33,33,67,87,117,143,159,256,256,256,266,279,279,329,358,385,14,14,43,43,43,43,43,60,60],"floor_reached":51,"language":"ENG","playtime":4909,"items_purged":["downfall:Malfunctioning","Writhe"],"score":964,"play_id":"e73619c7-8369-4e19-8594-bbefefac664e","local_time":"20210121204141","is_ascension_mode":true,"campfire_choices":[{"data":"Slimebound:Split","floor":1,"key":"SMITH"},{"data":"Slimebound:GoopTackle","floor":11,"key":"SMITH"},{"data":"Slimebound:OneTwoCombo","floor":13,"key":"SMITH"},{"data":"Slimebound:SlimeSlap","floor":18,"key":"SMITH"},{"data":"Slimebound:CheckThePlaybook","floor":25,"key":"SMITH"},{"data":"Slimebound:LeadByExample","floor":27,"key":"SMITH"},{"data":"Slimebound:MassFeed","floor":35,"key":"SMITH"},{"floor":45,"key":"REST"}],"circlet_count":0,"master_deck":["Slimebound:Strike_Slimebound+1","Slimebound:Strike_Slimebound","Slimebound:Strike_Slimebound","Slimebound:Tackle","Slimebound:Defend_Slimebound","Slimebound:Defend_Slimebound","Slimebound:Defend_Slimebound","Slimebound:Defend_Slimebound","Slimebound:Split+1","Slimebound:CorrosiveSpit+1","Slimebound:ViciousTackle+1","Slimebound:SplitMire+1","Slimebound:LivingWall","Slimebound:SplitLeeching","Slimebound:OneTwoCombo+1","Slimebound:MegaLick","Slimebound:SpikyOuterGoop","Slimebound:SlimeSlap+1","Slimebound:LeadByExample+1","Slimebound:Prepare","Slimebound:CheckThePlaybook+1","Slimebound:Schlurp+1","Slimebound:SamplingLick+1","Slimebound:MassFeed+1","Slimebound:AcidTongue+1","Slimebound:SpikyOuterGoop","CurseOfTheBell","CurseOfTheBell","Master of Strategy","Slimebound:LeechingTouch"],"relics":["Slimebound:AbsorbEndCombatUpgraded","Lantern","hexamod:CandleOfCauterizing","bronze:BronzeIdol","downfall:RedIOU","WingedGreaves","Ice Cream","Bottled Tornado","The Courier","Snecko Eye","Slimebound:SlimedTailRelic","Centennial Puzzle","Pen Nib","Membership Card","Vajra","downfall:ExtraCursedBell","Ancient Tea Set","Question Card","Du-Vu Doll","StoneCalendar","Ornamental Fan"],"acts_visited":["Exordium","TheCity","TheBeyond"],"potions_floor_usage":[12,16,28,29,30,30,31,37,40,42,44,44,44,50,50],"damage_taken":[{"damage":0,"enemies":"Small Slimes","floor":2,"turns":4},{"damage":1,"enemies":"2 Louse","floor":4,"turns":2},{"damage":13,"enemies":"downfall:FleeingMerchant","floor":6,"turns":4},{"damage":0,"enemies":"Cultist","floor":8,"turns":2},{"damage":0,"enemies":"Lagavulin","floor":9,"turns":6},{"damage":5,"enemies":"Blue Slaver","floor":10,"turns":5},{"damage":8,"enemies":"Gremlin Nob","floor":12,"turns":3},{"damage":0,"enemies":"2 Fungi Beasts","floor":14,"turns":3},{"damage":0,"enemies":"Large Slime","floor":15,"turns":2},{"damage":46,"enemies":"SI_SHIV_ARCHETYPE","floor":16,"turns":9},{"damage":6,"enemies":"Chosen","floor":19,"turns":4},{"damage":17,"enemies":"Centurion and Healer","floor":20,"turns":6},{"damage":11,"enemies":"downfall:FleeingMerchant","floor":21,"turns":4},{"damage":6,"enemies":"Book of Stabbing","floor":28,"turns":4},{"damage":9,"enemies":"Snake Plant","floor":29,"turns":3},{"damage":18,"enemies":"Gremlin Leader","floor":30,"turns":7},{"damage":20,"enemies":"Book of Stabbing","floor":31,"turns":6},{"damage":0,"enemies":"Cultist and Chosen","floor":32,"turns":5},{"damage":44,"enemies":"DF_ARCHETYPE_CLAW","floor":33,"turns":8},{"damage":23,"enemies":"3 Darklings","floor":36,"turns":10},{"damage":0,"enemies":"Orb Walker","floor":37,"turns":3},{"damage":0,"enemies":"Orb Walker","floor":39,"turns":6},{"damage":5,"enemies":"Nemesis","floor":40,"turns":5},{"damage":10,"enemies":"downfall:FleeingMerchant","floor":42,"turns":4},{"damage":70,"enemies":"Giant Head","floor":44,"turns":8},{"damage":1,"enemies":"Jaw Worm Horde","floor":49,"turns":3},{"damage":60,"enemies":"WA_ARCHETYPE_DIVINITY","floor":50,"turns":16}],"seed_played":"8153381593627793036","potions_obtained":[{"floor":2,"key":"Slimebound:SpawnSlimePotion"},{"floor":12,"key":"CultistPotion"},{"floor":14,"key":"DuplicationPotion"},{"floor":28,"key":"Dexterity Potion"},{"floor":29,"key":"BlessingOfTheForge"},{"floor":30,"key":"bronze:BurnAndBuffPotion"},{"floor":33,"key":"Slimebound:ThreeZeroPotion"},{"floor":36,"key":"Slimebound:ThreeZeroPotion"},{"floor":39,"key":"hexamod:SoulburnPotion"},{"floor":44,"key":"Swift Potion"}],"is_trial":false,"path_per_floor":["R","M","?","M","?","$","T","M","E","M","R","E","R","M","M","B",null,"R","M","M","$","?","?","T","R","?","R","E","M","E","E","M","B",null,"R","M","M","?","?","E","T","$","?","E","R","?","?","T","M","B",null],"character_chosen":"SLIMEBOUND","items_purchased":["Slimebound:SplitLeeching","bronze:BronzeIdol","Swift Potion","Membership Card","Vajra","EntropicBrew","CultistPotion","Fruit Juice","Slimebound:SpikyOuterGoop"],"campfire_rested":1,"item_purchase_floors":[6,21,21,42,42,42,42,42,42],"current_hp_per_floor":[65,65,65,65,65,58,58,62,65,62,62,59,59,63,65,24,55,55,61,59,57,57,57,57,57,57,57,63,60,57,52,65,23,55,55,51,57,57,73,75,75,73,73,21,46,46,73,73,77,45],"gold":60,"neow_bonus":"RANDOM_COMMON_RELIC","is_daily":false,"chose_seed":false,"campfire_upgraded":7,"win_rate":0.0,"timestamp":1611279701,"path_taken":["R","M","?","M","?","$","T","?","E","M","R","E","R","M","M","BOSS","R","M","M","$","?","?","T","R","?","R","E","M","E","E","M","BOSS","R","M","M","?","?","E","T","$","?","E","R","?","?","?","M","BOSS"],"items_purchased_type":["Card","Relic","Potion","Relic","Relic","Potion","Potion","Potion","Card"],"build_version":"2020-12-22","purchased_purges":2,"victory":true,"max_hp_per_floor":[65,65,65,65,65,65,65,65,65,65,65,65,65,65,65,65,65,65,65,65,65,65,65,65,65,65,65,65,65,65,65,65,65,65,65,69,69,69,73,77,77,77,77,84,84,84,73,73,77,77],"relic_stats":{"Centennial Puzzle":[12],"counters":[27,140],"Ornamental Fan":[8],"Snecko Eye":[105,104,116,96],"StoneCalendar":[52],"Pen Nib":[3],"Question Card":4,"obtain_stats":[{"Ice Cream":28,"Lantern":9,"hexamod:CandleOfCauterizing":12,"Vajra":42,"StoneCalendar":44,"The Courier":31,"Pen Nib":41,"Bottled Tornado":30,"Ancient Tea Set":43,"Question Card":43,"bronze:BronzeIdol":21,"Du-Vu Doll":43,"Centennial Puzzle":40,"Ornamental Fan":48,"Snecko Eye":34,"downfall:RedIOU":22,"WingedGreaves":24,"Slimebound:AbsorbEndCombat":0,"Membership Card":42,"downfall:ExtraCursedBell":43,"Slimebound:AbsorbEndCombatUpgraded":17,"Toy Ornithopter":0,"Slimebound:SlimedTailRelic":39},{"Ice Cream":14,"Lantern":5,"hexamod:CandleOfCauterizing":7,"Vajra":24,"StoneCalendar":25,"The Courier":17,"Pen Nib":23,"Bottled Tornado":16,"Ancient Tea Set":24,"Question Card":24,"bronze:BronzeIdol":13,"Du-Vu Doll":24,"Centennial Puzzle":23,"Ornamental Fan":25,"Snecko Eye":19,"downfall:RedIOU":13,"WingedGreaves":13,"Slimebound:AbsorbEndCombat":0,"Membership Card":24,"downfall:ExtraCursedBell":24,"Slimebound:AbsorbEndCombatUpgraded":10,"Toy Ornithopter":0,"Slimebound:SlimedTailRelic":22},{"Ice Cream":56,"Lantern":17,"hexamod:CandleOfCauterizing":25,"Vajra":113,"StoneCalendar":121,"The Courier":72,"Pen Nib":109,"Bottled Tornado":66,"Ancient Tea Set":113,"Question Card":113,"bronze:BronzeIdol":52,"Du-Vu Doll":113,"Centennial Puzzle":109,"Ornamental Fan":121,"Snecko Eye":85,"downfall:RedIOU":52,"WingedGreaves":52,"Slimebound:AbsorbEndCombat":0,"Membership Card":113,"downfall:ExtraCursedBell":113,"Slimebound:AbsorbEndCombatUpgraded":39,"Toy Ornithopter":0,"Slimebound:SlimedTailRelic":104}]},"card_choices":[{"not_picked":["Slimebound:Replication","Slimebound:SplitMire"],"picked":"Slimebound:ViciousTackle","floor":2},{"not_picked":["Slimebound:LeechEnergy","Slimebound:PressTheAttack"],"picked":"Slimebound:SplitMire","floor":4},{"not_picked":["Slimebound:LeechingTouch","Slimebound:SplitAcid"],"picked":"Slimebound:LivingWall","floor":6},{"not_picked":["Slimebound:LeechEnergy","Slimebound:Nibble","Slimebound:SplitLeeching"],"picked":"SKIP","floor":8},{"not_picked":["Slimebound:SamplingLick","Slimebound:ItLooksTasty"],"picked":"Slimebound:OneTwoCombo","floor":9},{"not_picked":["Slimebound:SplitBruiser","Slimebound:FinishingTackle"],"picked":"Slimebound:GoopTackle","floor":10},{"not_picked":["Slimebound:PressTheAttack","Slimebound:ViciousTackle"],"picked":"Slimebound:MegaLick","floor":12},{"not_picked":["Slimebound:SplitLeeching","Slimebound:HauntingLick"],"picked":"Slimebound:SpikyOuterGoop","floor":14},{"not_picked":["Slimebound:PressTheAttack","Slimebound:ViciousTackle","Slimebound:Nibble"],"picked":"SKIP","floor":15},{"not_picked":["Slimebound:WasteNot","Slimebound:Recycling"],"picked":"Slimebound:SlimeSlap","floor":16},{"not_picked":["Slimebound:GoopTackle+1","Slimebound:FormOfPuddle"],"picked":"Slimebound:LeadByExample","floor":19},{"not_picked":["Slimebound:HauntingLick","Slimebound:LeechingTouch"],"picked":"Slimebound:Prepare","floor":20},{"not_picked":["Slimebound:PressTheAttack+1","Slimebound:Schlurp"],"picked":"Slimebound:CheckThePlaybook","floor":21},{"not_picked":["Slimebound:DivideAndConquer","Slimebound:AcidTongue+1","Slimebound:PressTheAttack+1"],"picked":"SKIP","floor":28},{"not_picked":["Slimebound:SplitAcid+1","Slimebound:SlimeSpikes+1"],"picked":"Slimebound:Schlurp+1","floor":29},{"not_picked":["Slimebound:SplitMire+1","Slimebound:GoopSpray"],"picked":"Slimebound:SamplingLick+1","floor":30},{"not_picked":["Slimebound:FinishingTackle","Slimebound:GoopTackle","Slimebound:Nibble"],"picked":"SKIP","floor":31},{"not_picked":["Slimebound:ViciousTackle","Slimebound:FirmFortitude","Slimebound:ComboTackle"],"picked":"SKIP","floor":32},{"not_picked":["Slimebound:WasteNot","Slimebound:RallyTheTroops"],"picked":"Slimebound:MassFeed","floor":33},{"not_picked":["Slimebound:GoopSpray","Slimebound:RejuvenatingLick","Slimebound:SlimeSpikes"],"picked":"SKIP","floor":36},{"not_picked":["Slimebound:PressTheAttack","Slimebound:LeechEnergy","Slimebound:TongueLash+1"],"picked":"SKIP","floor":37},{"not_picked":["Slimebound:SplitAcid","Slimebound:CheckThePlaybook","Slimebound:LeechEnergy"],"picked":"SKIP","floor":40},{"not_picked":["Slimebound:ItLooksTasty","Slimebound:MassFeed"],"picked":"Slimebound:AcidTongue+1","floor":42},{"not_picked":["Slimebound:HungryTackle+1","Slimebound:GoopSpray+1","Slimebound:Recollect","Slimebound:GoopTackle+1"],"picked":"SKIP","floor":44},{"not_picked":["Jack Of All Trades","Madness","Enlightenment"],"picked":"Master of Strategy","floor":46},{"not_picked":["Slimebound:RollThrough+1","Slimebound:RejuvenatingLick","Slimebound:TongueLash"],"picked":"Slimebound:LeechingTouch","floor":49}],"player_experience":1678207,"relics_obtained":[{"floor":9,"key":"Lantern"},{"floor":12,"key":"hexamod:CandleOfCauterizing"},{"floor":24,"key":"WingedGreaves"},{"floor":28,"key":"Ice Cream"},{"floor":30,"key":"Bottled Tornado"},{"floor":31,"key":"The Courier"},{"floor":39,"key":"Slimebound:SlimedTailRelic"},{"floor":40,"key":"Centennial Puzzle"},{"floor":41,"key":"Pen Nib"},{"floor":43,"key":"Ancient Tea Set"},{"floor":43,"key":"Question Card"},{"floor":43,"key":"Du-Vu Doll"},{"floor":44,"key":"StoneCalendar"},{"floor":48,"key":"Ornamental Fan"}],"event_choices":[{"cards_removed":["Slimebound:GoopTackle"],"damage_healed":0,"gold_gain":0,"player_choice":"Removed Attack","damage_taken":0,"max_hp_gain":0,"max_hp_loss":0,"event_name":"Falling","floor":38,"gold_loss":0},{"damage_healed":0,"gold_gain":3,"player_choice":"1","damage_taken":0,"max_hp_gain":0,"max_hp_loss":0,"event_name":"betterStone:BetterStone","floor":46,"gold_loss":0}],"is_beta":false,"boss_relics":[{"not_picked":["bronze:MakeshiftBattery","Coffee Dripper"],"picked":"Slimebound:AbsorbEndCombatUpgraded"},{"not_picked":["Astrolabe","Cursed Key"],"picked":"Snecko Eye"}],"items_purged_floors":[6,42],"is_endless":false,"potions_floor_spawned":[2,12,14,28,29,30,33,36,39,44],"ascension_level":5}}