{"host":"5wf60zc4jjt9ov65","time":1611334016,"event":{"mods":["AchievementEnabler","BaseMod","Beaked The Cultist","Better Altar","Better Match","Better Note","Better Sensory Stone","Better Skull","Better Third Choice","BetterRewards","Colored Map","Colored Powertips","Downfall","Googly Eyes","Halation","Highlight Path","Hubris","Infinite Spire","Minty Spire (QoL Compilation)","Permanent Neow","Quick Restart","Replay The Spire","StSLib","The Bug Knight","The Construct"],"gold_per_floor":[115,115,115,127,141,141,154,154,179,213,213,213,246,246,246,344,344,359,371,371,371,383,417,417,437,491,491,519,519,519,519,519,621,621,638,638,638,670,670,670,670,683,683,683,745,670,788,807,807,757],"floor_reached":51,"language":"ENG","playtime":2915,"items_purged":["infinitespire:Pacifist","downfall:Haunted"],"score":566,"play_id":"edecdff9-b8a3-47dd-bbbf-cd5a303e64b6","local_time":"20210122114656","is_ascension_mode":false,"campfire_choices":[{"data":"Crescendo","floor":6.0,"key":"SMITH"},{"data":"ClearTheMind","floor":8.0,"key":"SMITH"},{"data":"TalkToTheHand","floor":12.0,"key":"SMITH"},{"floor":15.0,"key":"REST"},{"data":"hubris:Fate","floor":24.0,"key":"SMITH"},{"floor":27.0,"key":"REST"},{"data":"ConjureBlade","floor":29.0,"key":"SMITH"},{"floor":32.0,"key":"REST"},{"floor":44.0,"key":"REST"},{"floor":49.0,"key":"DIG"}],"circlet_count":0,"master_deck":["Strike_P+1","Strike_P","Defend_P+1","Defend_P","Defend_P","Eruption+1","Vigilance","ClearTheMind+1","ForeignInfluence+1","Steam","TalkToTheHand+1","Crescendo+1","PathToVictory","Fasting2","ConjureBlade+1","Protect","FollowUp","hubris:Fate+1","PathToVictory+1","Replay:ManipulateFuture","Wallop","PathToVictory","DevaForm","CutThroughFate+1","DeusExMachina","hubris:InfiniteBlow+19","Clumsy"],"relics":["PureWater","halation:KoshaPiece","halation:Toothbrush","Blood Vial","halation:SmartPhone","infinitespire:EmpoweringShard","Shuriken","Simple Rune","MealTicket","NlothsMask","Philosopher\u0027s Stone","downfall:ExtraCursedKey","Replay:Multitool","hubris:Towel","hubris:Icosahedron","Juzu Bracelet","Happy Flower"],"acts_visited":["Exordium","TheCity","TheBeyond"],"potions_floor_usage":[50,50],"damage_taken":[{"damage":1.0,"enemies":"Jaw Worm","floor":1.0,"turns":3.0},{"damage":0.0,"enemies":"Cultist","floor":4.0,"turns":3.0},{"damage":2.0,"enemies":"Small Slimes","floor":5.0,"turns":3.0},{"damage":0.0,"enemies":"Looter","floor":7.0,"turns":3.0},{"damage":6.0,"enemies":"Lagavulin","floor":10.0,"turns":7.0},{"damage":22.0,"enemies":"3 Sentries","floor":13.0,"turns":8.0},{"damage":31.0,"enemies":"Slime Boss","floor":16.0,"turns":9.0},{"damage":9.0,"enemies":"2 Thieves","floor":18.0,"turns":3.0},{"damage":15.0,"enemies":"Shell Parasite","floor":19.0,"turns":4.0},{"damage":3.0,"enemies":"Snake Plant","floor":22.0,"turns":5.0},{"damage":4.0,"enemies":"Replay:Snechameleon","floor":23.0,"turns":3.0},{"damage":5.0,"enemies":"Chosen and Byrds","floor":25.0,"turns":5.0},{"damage":11.0,"enemies":"Book of Stabbing","floor":28.0,"turns":5.0},{"damage":53.0,"enemies":"Automaton","floor":33.0,"turns":8.0},{"damage":5.0,"enemies":"Orb Walker","floor":35.0,"turns":2.0},{"damage":2.0,"enemies":"3 Shapes","floor":38.0,"turns":4.0},{"damage":53.0,"enemies":"4 Shapes","floor":42.0,"turns":9.0},{"damage":19.0,"enemies":"Spire Growth","floor":47.0,"turns":4.0},{"damage":1.0,"enemies":"Sphere and 2 Shapes","floor":48.0,"turns":5.0},{"damage":30,"enemies":"Replay:Hell Engine","floor":50,"turns":4}],"seed_played":"-8177010341895142055","potions_obtained":[{"floor":4.0,"key":"FearPotion"},{"floor":13.0,"key":"Venom Potion"},{"floor":16.0,"key":"StancePotion"},{"floor":18.0,"key":"Fruit Juice"},{"floor":22.0,"key":"DuplicationPotion"},{"floor":23.0,"key":"PowerPotion"},{"floor":28.0,"key":"Milkshake"},{"floor":33.0,"key":"StancePotion"},{"floor":38.0,"key":"BlessingOfTheForge"},{"floor":42.0,"key":"Adrenaline Potion"},{"floor":45.0,"key":"Dexterity Potion"},{"floor":48.0,"key":"SteroidPotion"}],"is_trial":false,"path_per_floor":["M","?","?","M","M","R","M","R","T","E","?","R","E","?","R","B",null,"M","M","?","AVR","M","E","R","M","T","R","E","R","?","?","R","B",null,"M","?","AVR","M","?","R","?","M","T","R","?","$","M","M","R_BF","B",null],"character_chosen":"WATCHER","items_purchased":[],"campfire_rested":4,"item_purchase_floors":[],"current_hp_per_floor":[71,71,71,71,69,69,69,69,69,63,63,63,41,41,62,33,72,68,55,55,55,54,45,45,42,42,65,56,56,49,49,72,14,77,65,58,54,54,54,78,78,41,33,57,57,75,58,59,59,31],"gold":757,"neow_bonus":"REMOVE_CARD","is_daily":false,"chose_seed":false,"campfire_upgraded":5,"win_rate":0.0,"timestamp":1611334016,"path_taken":["M","?","?","M","?","R","M","R","T","E","?","R","E","?","R","BOSS","M","?","?","AVR","M","E","R","?","T","R","E","R","?","?","R","BOSS","M","?","AVR","M","?","R","?","?","T","R","?","$","M","M","R_BF","BOSS"],"items_purchased_type":[],"build_version":"2020-12-22","purchased_purges":2,"victory":true,"max_hp_per_floor":[72,72,72,72,72,72,72,72,72,72,72,72,72,72,72,72,72,77,77,77,77,77,77,77,77,77,77,77,77,77,77,77,77,77,77,77,80,80,80,80,80,80,80,80,80,83,83,83,83,83],"card_choices":[{"not_picked":["Pray","JustLucky"],"picked":"ClearTheMind","floor":1.0},{"not_picked":["Consecrate","WindmillStrike"],"picked":"TalkToTheHand","floor":4.0},{"not_picked":["JustLucky","BowlingBash"],"picked":"Crescendo","floor":5.0},{"not_picked":["EmptyBody","ClearTheMind","EmptyMind"],"picked":"SKIP","floor":7.0},{"not_picked":["Replay:BluntJabs","Pray"],"picked":"PathToVictory","floor":10.0},{"not_picked":["FlyingSleeves","Replay:AtTheReady"],"picked":"Fasting2","floor":13.0},{"not_picked":["LessonLearned","DeusExMachina"],"picked":"ConjureBlade","floor":16.0},{"not_picked":["Replay:BluntJabs+1","BowlingBash"],"picked":"Protect","floor":18.0},{"not_picked":["EmptyBody","Protect"],"picked":"FollowUp","floor":19.0},{"not_picked":["Replay:BluntJabs","MasterReality","Halt"],"picked":"SKIP","floor":22.0},{"not_picked":["LessonLearned","Replay:BluntJabs"],"picked":"PathToVictory+1","floor":23.0},{"not_picked":["Pray","SignatureMove"],"picked":"Replay:ManipulateFuture","floor":25.0},{"not_picked":["PathToVictory+1","Swivel"],"picked":"Wallop","floor":28.0},{"not_picked":["MasterReality","Vault"],"picked":"DevaForm","floor":33.0},{"not_picked":["Halt","ThirdEye+1"],"picked":"CutThroughFate+1","floor":35.0},{"not_picked":["FlurryOfBlows","CrushJoints+1","Evaluate"],"picked":"SKIP","floor":38.0},{"not_picked":["PathToVictory","Evaluate+1","ReachHeaven+1"],"picked":"SKIP","floor":42.0},{"not_picked":["Replay:ManipulateFuture+1","ClearTheMind+1","BowlingBash+1"],"picked":"SKIP","floor":47.0},{"not_picked":["JustLucky+1","EmptyFist+1","Sanctity"],"picked":"SKIP","floor":48.0}],"player_experience":106204,"relics_obtained":[{"floor":9.0,"key":"halation:KoshaPiece"},{"floor":10.0,"key":"halation:Toothbrush"},{"floor":13.0,"key":"Blood Vial"},{"floor":23.0,"key":"Shuriken"},{"floor":26.0,"key":"Simple Rune"},{"floor":28.0,"key":"MealTicket"},{"floor":45.0,"key":"Juzu Bracelet"},{"floor":49.0,"key":"Happy Flower"}],"event_choices":[{"damage_healed":0.0,"max_hp_gain":0.0,"max_hp_loss":0.0,"gold_gain":0.0,"event_name":"The Woman in Blue","player_choice":"Bought 0 Potions","floor":3.0,"gold_loss":0.0,"damage_taken":0.0},{"damage_healed":0.0,"max_hp_gain":0.0,"max_hp_loss":0.0,"gold_gain":0.0,"event_name":"Living Wall","player_choice":"Grow","floor":11.0,"gold_loss":0.0,"damage_taken":0.0,"cards_upgraded":["ForeignInfluence"]},{"damage_healed":0.0,"max_hp_gain":0.0,"max_hp_loss":0.0,"gold_gain":0.0,"event_name":"Accursed Blacksmith","player_choice":"Forge","floor":14.0,"gold_loss":0.0,"damage_taken":0.0,"cards_upgraded":["Eruption"]},{"cards_removed":["ConjureBlade"],"damage_healed":0.0,"max_hp_gain":0.0,"max_hp_loss":0.0,"gold_gain":0.0,"event_name":"betterNote:BetterNote","player_choice":"Give","floor":20.0,"gold_loss":0.0,"damage_taken":0.0,"cards_obtained":["None"]},{"damage_healed":0.0,"max_hp_gain":0.0,"max_hp_loss":0.0,"gold_gain":0.0,"event_name":"FaceTrader","player_choice":"Trade","floor":31.0,"gold_loss":0.0,"damage_taken":0.0,"relics_obtained":["NlothsMask"]}],"is_beta":false,"boss_relics":[{"not_picked":["Empty Cage","halation:ForbiddenBikini"],"picked":"halation:SmartPhone"},{"not_picked":["halation:MonkeysPaw","ChewingGum"],"picked":"Philosopher\u0027s Stone"}],"items_purged_floors":[37,46],"is_endless":false,"potions_floor_spawned":[4,13,16,18,22,23,28,33,38,42,48],"ascension_level":0}}