{"host":"dcluas0589pmvbjs","time":1611315227,"event":{"mods":["BaseMod","BetterRewards","Downfall","Infinite Spire","Marisa????????","Minty Spire (QoL Compilation)","StSLib","The Servant 0.9.4"],"gold_per_floor":[109,109,109,34,46,81,81,95,149,181,181,81,101,101,101,198,198,210,210,59,74,74,74,105,105,105],"floor_reached":25,"language":"ENG","playtime":831,"items_purged":["Strike_MRS","Defend_MRS"],"score":252,"play_id":"78f16142-1aaa-48d5-8b3c-46d55cc3daf5","local_time":"20210122170347","daily_mods":["Heirloom","Time Dilation","Flight","downfall:ChampStances","downfall:Lament"],"is_ascension_mode":false,"campfire_choices":[{"data":"1","floor":7.0,"key":"LIFT"},{"floor":11.0,"key":"REST"},{"data":"2","floor":15,"key":"LIFT"}],"circlet_count":0,"master_deck":["Strike_MRS","Strike_MRS+1","Defend_MRS","MasterSpark","UpSweep","GalacticHalo","infinitespire:Menacing","SporeBomb","EnergyFlow","DC+1","CollectingQuirk","StarDustReverie","MysteriousBeam+1","UltimateShortwave","NonDirectionalLaser"],"relics":["MiniHakkero","champ:ChampStancesModRelic","NeowsBlessing","Girya","Strawberry","Whetstone","Omamori","Empty Cage","Nloth\u0027s Gift","Akabeko","Nilry\u0027s Codex","Frozen Eye","Turnip"],"acts_visited":["Exordium","TheCity"],"potions_floor_usage":[16],"damage_taken":[{"damage":0.0,"enemies":"Small Slimes","floor":1.0,"turns":1.0},{"damage":0.0,"enemies":"Jaw Worm","floor":5.0,"turns":1.0},{"damage":0.0,"enemies":"Lagavulin","floor":6.0,"turns":1.0},{"damage":0.0,"enemies":"Cultist","floor":8.0,"turns":3.0},{"damage":12.0,"enemies":"3 Sentries","floor":10.0,"turns":5.0},{"damage":0,"enemies":"2 Fungi Beasts","floor":13,"turns":2},{"damage":52,"enemies":"The Guardian","floor":16,"turns":5},{"damage":0,"enemies":"Shell Parasite","floor":18,"turns":3},{"damage":10,"enemies":"3 Byrds","floor":21,"turns":4},{"damage":27,"enemies":"Nightmare","floor":24,"turns":3}],"seed_played":"4923725689535010751","potions_obtained":[{"floor":1.0,"key":"SpeedPotion"},{"floor":13,"key":"SneckoOil"},{"floor":21,"key":"SpeedPotion"}],"is_trial":true,"path_per_floor":["M","?","?","$","M","E","R","M","T","E","R","$","M","?","R","B",null,"M","?","$","M","?","AVR","NM","?"],"character_chosen":"MARISA","items_purchased":["Akabeko"],"campfire_rested":1,"item_purchase_floors":[20],"current_hp_per_floor":[75,68,50,50,50,50,50,50,57,45,69,69,69,62,62,35,82,82,82,82,72,56,56,39,39,39],"gold":105,"neow_bonus":"","is_daily":false,"chose_seed":false,"campfire_upgraded":0,"win_rate":0.0,"timestamp":1611315227,"path_taken":["M","?","?","?","?","E","R","M","T","E","R","$","M","?","R","BOSS","M","?","$","?","?","AVR","NM","?"],"items_purchased_type":["Relic"],"build_version":"2020-12-22","purchased_purges":2,"victory":false,"max_hp_per_floor":[75,75,75,75,75,75,75,75,82,82,82,82,82,82,82,82,82,82,82,82,82,82,82,82,82,82],"card_choices":[{"not_picked":["DC","MilkyWay"],"picked":"GalacticHalo","floor":1.0},{"not_picked":["infinitespire:SealOfDarkness+","infinitespire:FinalStrike"],"picked":"infinitespire:Menacing","floor":3.0},{"not_picked":["MaximisePower","WitchLeyline"],"picked":"SporeBomb","floor":5.0},{"not_picked":["PowerUp","MilkyWay"],"picked":"EnergyFlow","floor":6.0},{"not_picked":["WitchLeyline","MeteoricShower"],"picked":"DC","floor":8.0},{"not_picked":["StarlightTyphoon","AsteroidBelt","SprinkleStarSeal"],"picked":"SKIP","floor":10.0},{"not_picked":["LuminesStrike","OortCloud"],"picked":"CollectingQuirk","floor":13},{"not_picked":["AbsoluteMagnitude","BigCrunch"],"picked":"StarDustReverie","floor":16},{"not_picked":["GravityBeat","WitchOfGreed"],"picked":"MysteriousBeam+1","floor":18},{"not_picked":["IllusionStar+1","Acceleration"],"picked":"UltimateShortwave","floor":21},{"not_picked":["DarkSpark","SuperPerseids"],"picked":"NonDirectionalLaser","floor":24}],"player_experience":87923,"relics_obtained":[{"floor":6.0,"key":"Potion Belt"},{"floor":9.0,"key":"Strawberry"},{"floor":10.0,"key":"Whetstone"},{"floor":22,"key":"Nilry\u0027s Codex"},{"floor":24,"key":"Turnip"}],"event_choices":[{"cards_removed":["Strike_MRS"],"damage_healed":0.0,"max_hp_gain":0.0,"max_hp_loss":0.0,"gold_gain":0.0,"event_name":"Golden Wing","player_choice":"Card Removal","floor":2.0,"gold_loss":0.0,"damage_taken":7.0},{"damage_healed":0,"gold_gain":0,"player_choice":"Success","damage_taken":7,"relics_obtained":["Omamori"],"max_hp_gain":0,"max_hp_loss":0,"event_name":"Scrap Ooze","floor":14,"gold_loss":0},{"damage_healed":0,"gold_gain":0,"player_choice":"Traded Relic","damage_taken":0,"relics_obtained":["Nloth\u0027s Gift"],"max_hp_gain":0,"max_hp_loss":0,"event_name":"N\u0027loth","floor":19,"relics_lost":["Potion Belt"],"gold_loss":0},{"damage_healed":0,"gold_gain":0,"player_choice":"Obtained Book","damage_taken":16,"max_hp_gain":0,"max_hp_loss":0,"event_name":"Cursed Tome","floor":22,"gold_loss":0}],"is_beta":false,"boss_relics":[{"not_picked":["Cursed Key","BewitchedHakkero"],"picked":"Empty Cage"}],"items_purged_floors":[4,12],"is_endless":false,"potions_floor_spawned":[1,13,21],"ascension_level":0}}