{"host":"urvvf8749ekcxo1a","time":1611341675,"event":{"mods":["AchievementEnabler","BaseMod","Better Sensory Stone","BetterRewards","Colored Powertips","Evolution","Gold Saver","Marisa????????","Minty Spire (QoL Compilation)","Quick Restart","StSLib","SuperFastMode","The Cursed","The Hierophant","The Saiyan","The Servant 0.9.4","The Wild Card"],"gold_per_floor":[584,584,597,624,643,643,659,659,659,688,356,356,356,389,389,487,487,500,216,231,259,186,198,210,222,234,246,258,270,611,654,666,779,791,817,610,620,667,393,393,393,393,393,393,393,393,26,60,60,60],"floor_reached":51,"language":"ENG","playtime":1277,"items_purged":[],"score":913,"play_id":"3ea957c0-d2ab-4b6d-97a7-494242b587e2","local_time":"20210122135435","daily_mods":["Hoarder","Vintage","Heirloom","Flight","DeadlyEvents","Elite Swarm"],"is_ascension_mode":false,"campfire_choices":[{"floor":6.0,"key":"DIG"},{"floor":8.0,"key":"DIG"},{"floor":13.0,"key":"DIG"},{"floor":15.0,"key":"DIG"},{"data":"Creative AI","floor":23,"key":"SMITH"},{"data":"Creative AI","floor":24,"key":"PURGE"},{"data":"Creative AI","floor":25,"key":"PURGE"},{"data":"All For One","floor":27,"key":"PURGE"},{"floor":29,"key":"REST"},{"data":"Seek","floor":32,"key":"SMITH"},{"data":"Seek","floor":40,"key":"SMITH"},{"data":"Seek","floor":41,"key":"SMITH"},{"data":"All For One","floor":42,"key":"SMITH"},{"data":"Echo Form","floor":45,"key":"SMITH"},{"data":"Echo Form","floor":46,"key":"SMITH"},{"floor":49,"key":"DIG"}],"circlet_count":0,"master_deck":["Compile Driver","Compile Driver+1","Strike_B+1","Strike_B","Defend_B","Defend_B+1","Defend_B","Defend_B","Zap+1","Dualcast+1","Creative AI+1","Loop","Loop","Loop","All For One+1","All For One","Seek+1","Seek+1","Seek+1","Turbo+1","Turbo+1","Turbo+1","Beam Cell+1","Beam Cell+1","Beam Cell+1","Amplify+1","Amplify+1","Amplify+1","CurseOfTheBell","CurseOfTheBell","CurseOfTheBell","Gash","Gash","Gash","Storm","Storm","Storm","Bandage Up+1","Bandage Up+1","Bandage Up+1","Redo+1","Redo+1","Redo+1","Panache","Panache","Panache","Swift Strike","Swift Strike","Swift Strike","Echo Form+1","Echo Form+1","Echo Form","Chill+1","Chill+1","Chill+1","Electrodynamics","Electrodynamics","Electrodynamics"],"relics":["Cracked Core","EVO:Axolotl","Unceasing Top","DataDisk","TungstenRod","Strawberry","Shovel","Mercury Hourglass","Matryoshka","Pantograph","Bronze Scales","Ornamental Fan","StoneCalendar","Mummified Hand","Orichalcum","Bag of Marbles","Peace Pipe","Black Star","War Paint","Toxic Egg 2","MawBank","Blood Vial","Oddly Smooth Stone","Dream Catcher","InkBottle","Old Coin","StrikeDummy","Letter Opener","Meat on the Bone","Calling Bell","Bag of Preparation","Kunai","Ice Cream","Whetstone","Vajra","Ginger","Singing Bowl","Bird Faced Urn","Sundial","Dead Branch","Incense Burner"],"acts_visited":["Exordium","TheCity","TheBeyond"],"potions_floor_usage":[30,33,33,33,50],"damage_taken":[{"damage":2.0,"enemies":"Small Slimes","floor":1.0,"turns":2.0},{"damage":0.0,"enemies":"Cultist","floor":3.0,"turns":2.0},{"damage":0.0,"enemies":"2 Louse","floor":5.0,"turns":1.0},{"damage":0.0,"enemies":"Gremlin Gang","floor":7.0,"turns":3.0},{"damage":30.0,"enemies":"Lagavulin","floor":10.0,"turns":4.0},{"damage":9.0,"enemies":"3 Sentries","floor":14.0,"turns":4.0},{"damage":31.0,"enemies":"Hexaghost","floor":16.0,"turns":6.0},{"damage":25.0,"enemies":"2 Thieves","floor":18.0,"turns":4.0},{"damage":3,"enemies":"Chosen","floor":20,"turns":4},{"damage":24,"enemies":"Sentry and Sphere","floor":21,"turns":4},{"damage":4,"enemies":"Gremlin Leader","floor":30,"turns":4},{"damage":0,"enemies":"Slavers","floor":31,"turns":1},{"damage":18,"enemies":"Collector","floor":33,"turns":3},{"damage":7,"enemies":"3 Darklings","floor":35,"turns":2},{"damage":9,"enemies":"3 Shapes","floor":37,"turns":2},{"damage":22,"enemies":"2 Orb Walkers","floor":38,"turns":3},{"damage":0,"enemies":"Giant Head","floor":48,"turns":3},{"damage":48,"enemies":"Time Eater","floor":50,"turns":4}],"seed_played":"-5427962874182124140","potions_obtained":[{"floor":1.0,"key":"DistilledChaos"},{"floor":3.0,"key":"CultistPotion"},{"floor":7.0,"key":"Ancient Potion"},{"floor":10.0,"key":"EssenceOfSteel"},{"floor":16.0,"key":"Block Potion"},{"floor":20,"key":"Strength Potion"},{"floor":30,"key":"GamblersBrew"},{"floor":31,"key":"Explosive Potion"},{"floor":35,"key":"ColorlessPotion"}],"is_trial":true,"path_per_floor":["M","?","M","T","M","R","M","R","T","E","$","$","R","E","R","B",null,"M","$","M","M","?","R","R","R","T","R","?","R","E","E","R","B",null,"M","$","M","?","$","R","R","R","T","?","R","R","$","E","R","B",null],"character_chosen":"DEFECT","items_purchased":["Mummified Hand","Loop","Toxic Egg 2","Turbo+1","Gash","Storm","Bandage Up+1","Panache","Swift Strike","Bird Faced Urn","Chill+1"],"campfire_rested":1,"item_purchase_floors":[11,11,19,19,36,36,36,39,39,47,47],"current_hp_per_floor":[73,73,73,80,80,80,80,80,80,50,50,50,50,41,41,35,82,57,57,54,30,30,30,30,30,30,30,30,54,52,54,54,63,82,75,75,74,60,60,60,60,60,60,45,45,45,45,82,82,52],"gold":60,"neow_bonus":"","is_daily":false,"chose_seed":false,"campfire_upgraded":7,"win_rate":0.0,"timestamp":1611341675,"path_taken":["M","?","?","?","?","R","?","R","T","E","$","$","R","?","R","BOSS","M","$","?","M","?","R","R","R","T","R","?","R","E","?","R","BOSS","M","$","M","?","$","R","R","R","T","?","R","R","?","E","R","BOSS"],"items_purchased_type":["Relic","Card","Relic","Card","Card","Card","Card","Card","Card","Relic","Card"],"build_version":"2020-12-22","purchased_purges":0,"victory":true,"max_hp_per_floor":[75,75,75,82,82,82,82,82,82,82,82,82,82,82,82,82,82,82,82,82,82,82,82,82,82,82,82,82,82,82,82,82,82,82,82,82,82,82,82,82,82,82,82,82,82,82,82,82,82,82],"card_choices":[{"not_picked":["Hyperbeam","Machine Learning"],"picked":"Creative AI","floor":10.0},{"not_picked":["Reboot","Electrodynamics"],"picked":"All For One","floor":14.0},{"not_picked":["Fission","Machine Learning"],"picked":"Seek","floor":16.0},{"not_picked":["Hologram+1","Stack+1"],"picked":"Beam Cell+1","floor":29},{"not_picked":["Core Surge","Amplify+1","All For One"],"picked":"SKIP","floor":30},{"not_picked":["Core Surge","Buffer","Creative AI"],"picked":"SKIP","floor":31},{"not_picked":["Multi-Cast+1","Biased Cognition"],"picked":"Amplify+1","floor":33},{"not_picked":["Ball Lightning","Auto Shields+1"],"picked":"Redo+1","floor":38},{"not_picked":["Multi-Cast+1","Thunder Strike"],"picked":"Electrodynamics","floor":48}],"player_experience":131291,"relics_obtained":[{"floor":1.0,"key":"DataDisk"},{"floor":3.0,"key":"TungstenRod"},{"floor":4.0,"key":"Strawberry"},{"floor":5.0,"key":"Shovel"},{"floor":6.0,"key":"Mercury Hourglass"},{"floor":7.0,"key":"Matryoshka"},{"floor":8.0,"key":"Pantograph"},{"floor":9.0,"key":"Bronze Scales"},{"floor":9.0,"key":"Ornamental Fan"},{"floor":10.0,"key":"StoneCalendar"},{"floor":13.0,"key":"Orichalcum"},{"floor":14.0,"key":"Bag of Marbles"},{"floor":15.0,"key":"Peace Pipe"},{"floor":18.0,"key":"War Paint"},{"floor":20,"key":"MawBank"},{"floor":21,"key":"Blood Vial"},{"floor":26,"key":"Dream Catcher"},{"floor":26,"key":"InkBottle"},{"floor":30,"key":"Old Coin"},{"floor":30,"key":"StrikeDummy"},{"floor":31,"key":"Letter Opener"},{"floor":31,"key":"Meat on the Bone"},{"floor":34,"key":"Bag of Preparation"},{"floor":34,"key":"Kunai"},{"floor":34,"key":"Ice Cream"},{"floor":35,"key":"Whetstone"},{"floor":37,"key":"Vajra"},{"floor":38,"key":"Ginger"},{"floor":43,"key":"Singing Bowl"},{"floor":48,"key":"Sundial"},{"floor":48,"key":"Dead Branch"},{"floor":49,"key":"Incense Burner"}],"event_choices":[{"damage_healed":0.0,"max_hp_gain":0.0,"max_hp_loss":0.0,"gold_gain":0.0,"event_name":"Upgrade Shrine","player_choice":"Upgraded","floor":2.0,"gold_loss":0.0,"damage_taken":0.0,"cards_upgraded":["Dualcast"]},{"damage_healed":0,"gold_gain":0,"player_choice":"Obtained Relic","damage_taken":0,"relics_obtained":["Oddly Smooth Stone"],"max_hp_gain":0,"max_hp_loss":0,"event_name":"Addict","floor":22,"gold_loss":85},{"damage_healed":0,"gold_gain":0,"player_choice":"Ignored","damage_taken":0,"max_hp_gain":0,"max_hp_loss":0,"event_name":"Ghosts","floor":28,"gold_loss":0},{"damage_healed":0,"gold_gain":0,"player_choice":"Fight","damage_taken":0,"max_hp_gain":0,"max_hp_loss":0,"event_name":"Mysterious Sphere","floor":38,"gold_loss":0},{"damage_healed":0,"gold_gain":3,"player_choice":"2","damage_taken":0,"max_hp_gain":0,"max_hp_loss":16,"event_name":"betterStone:BetterStone","floor":44,"gold_loss":0}],"is_beta":false,"boss_relics":[{"not_picked":["FrozenCore","Tiny House"],"picked":"Black Star"},{"not_picked":["Runic Pyramid","Cursed Key"],"picked":"Calling Bell"}],"items_purged_floors":[],"is_endless":false,"potions_floor_spawned":[1,3,7,10,16,20,30,31,35],"ascension_level":0}}