{"host":"kjcsj8kbkx3w6fc4","time":1611276797,"event":{"mods":["2.2 Compatiblity","Aspiration","BaseMod","Better Third Choice","Conspire","Downfall","Hermit","Infinite Spire","Minty Spire (QoL Compilation)","Permanent Neow","StSLib","The Cursed"],"gold_per_floor":[99,119,104,104,104,115,115,131,131,156,166,166,66,79,91,196,196,196,208,221,221,421,441,441,441,441,454,485,193,193,133,146,146,146,146],"floor_reached":33,"language":"ENG","playtime":2793,"items_purged":[],"score":292,"play_id":"9f7df23d-a37c-4e64-94b9-dd31e7105b29","local_time":"20210121195317","is_ascension_mode":false,"campfire_choices":[{"floor":1,"key":"RECALL"},{"data":"infinitespire:Gouge","floor":13,"key":"SMITH"},{"data":"champ:Improvising","floor":18,"key":"SMITH"},{"data":"1","floor":26,"key":"LIFT"}],"circlet_count":0,"master_deck":["champ:Strike","champ:Strike","champ:Strike","champ:Defend","champ:Defend","champ:Defend","champ:Defend","champ:Execute","champ:Taunt","champ:Backstep","champ:Circumvent","infinitespire:Gouge+1","champ:Encircle","champ:ViciousMockery","champ:GutPunch","Bandage Up+1","champ:PreciseThrust","champ:AdrenalArmor","champ:Improvising+1","CurseOfTheBell","champ:Lariat+1","champ:BladeFlurry+1","champ:RisingSlash","champ:FanOfKnives","champ:FlashCut","champ:SetATrap","Apotheosis","champ:VampiricStrike","champ:PerfectedStrike","champ:Endure"],"relics":["champ:ChampionCrown","infinitespire:ShieldingShard","Juzu Bracelet","downfall:HeartBlessingRed","Calling Bell","Girya","Meat on the Bone","infinitespire:PuzzleCube","infinitespire:WardingShard","Calipers","aspiration:RitualStick"],"acts_visited":["Exordium","TheCity"],"potions_floor_usage":[10,16,16,23,31,33],"damage_taken":[{"damage":26,"enemies":"Cultist","floor":2,"turns":4},{"damage":20,"enemies":"downfall:FleeingMerchant","floor":3,"turns":4},{"damage":10,"enemies":"Jaw Worm","floor":6,"turns":4},{"damage":0,"enemies":"2 Louse","floor":8,"turns":2},{"damage":7,"enemies":"Gremlin Nob","floor":10,"turns":4},{"damage":16,"enemies":"Red Slaver","floor":11,"turns":4},{"damage":17,"enemies":"Gremlin Gang","floor":14,"turns":4},{"damage":10,"enemies":"Exordium Wildlife","floor":15,"turns":7},{"damage":74,"enemies":"IC_STATUS_ARCHETYPE","floor":16,"turns":11},{"damage":4,"enemies":"Chosen","floor":19,"turns":3},{"damage":35,"enemies":"Sentry and Sphere","floor":20,"turns":5},{"damage":43,"enemies":"Sentry and Sphere","floor":22,"turns":7},{"damage":49,"enemies":"Snake Plant","floor":23,"turns":5},{"damage":39,"enemies":"Shelled Parasite and Fungi","floor":27,"turns":4},{"damage":61,"enemies":"Slavers","floor":28,"turns":6},{"damage":14,"enemies":"downfall:FleeingMerchant","floor":29,"turns":4},{"damage":37,"enemies":"downfall:FleeingMerchant","floor":31,"turns":4},{"damage":13,"enemies":"Cultist and Chosen","floor":32,"turns":4},{"damage":85,"enemies":"DF_ARCHETYPE_CLAW","floor":33,"turns":7}],"seed_played":"3784486350650676318","potions_obtained":[{"floor":8,"key":"PowerPotion"},{"floor":10,"key":"SkillPotion"},{"floor":11,"key":"LiquidBronze"},{"floor":16,"key":"Slimebound:ThreeZeroPotion"},{"floor":20,"key":"Slimebound:ThreeZeroPotion"},{"floor":23,"key":"SkillPotion"},{"floor":32,"key":"SpeedPotion"}],"is_trial":false,"path_per_floor":["R","M","$","?","?","M","T","M","?","E","M","?","R","M","M","B",null,"R","M","M","?","?","M","T","?","R","M","E","$","?","$","M","B"],"character_chosen":"THE_CHAMP","items_purchased":["champ:FlashCut","champ:SetATrap","Apotheosis","champ:PerfectedStrike"],"campfire_rested":0,"item_purchase_floors":[29,29,29,31],"current_hp_per_floor":[99,93,93,68,68,68,68,68,78,81,75,75,75,74,75,47,99,99,99,99,99,92,99,99,99,99,99,69,81,61,65,73,0,0,0],"gold":146,"neow_bonus":"TEN_PERCENT_HP_BONUS","is_daily":false,"chose_seed":false,"campfire_upgraded":2,"win_rate":0.0,"timestamp":1611276797,"path_taken":["R","M","$","?","?","M","T","?","?","E","M","?","R","M","M","BOSS","R","M","M","?","?","M","T","?","R","M","E","?","?","$","M","BOSS"],"items_purchased_type":["Card","Card","Card","Card"],"build_version":"2020-12-22","purchased_purges":0,"victory":false,"max_hp_per_floor":[99,99,99,99,99,99,99,99,99,99,99,99,99,99,99,99,99,99,99,99,99,99,99,99,99,99,99,99,99,99,99,99,99,99,99],"card_choices":[{"not_picked":["champ:BringItOn","champ:FancyFootwork"],"picked":"champ:Backstep","floor":2},{"not_picked":["champ:BringItOn","champ:StanceDance"],"picked":"champ:Circumvent","floor":3},{"not_picked":["infinitespire:SealOfDarkness+","infinitespire:TheBestDefense"],"picked":"infinitespire:Gouge","floor":4},{"not_picked":["champ:BringItOn","champ:Haymaker"],"picked":"champ:Encircle","floor":6},{"not_picked":["champ:RapidStrikes","champ:TornadoPunch"],"picked":"champ:ViciousMockery","floor":8},{"not_picked":["champ:TripleStrike","champ:FocusedDefense"],"picked":"champ:EnGarde","floor":10},{"not_picked":["champ:IronFortress","champ:FanOfKnives"],"picked":"champ:GutPunch","floor":11},{"not_picked":["champ:GladiatorForm","champ:TornadoPunch"],"picked":"champ:PreciseThrust","floor":14},{"not_picked":["champ:FlashCut","champ:Shatter"],"picked":"champ:AdrenalArmor","floor":15},{"not_picked":["champ:SwordThrow","champ:CheapShot"],"picked":"champ:Improvising","floor":16},{"not_picked":["champ:AdrenalArmor","champ:PreciseThrust"],"picked":"champ:Lariat+1","floor":19},{"not_picked":["champ:Duel","champ:Shatter"],"picked":"champ:BladeFlurry+1","floor":20},{"not_picked":["champ:VampiricStrike","champ:BladeFlurry+1"],"picked":"champ:RisingSlash","floor":23},{"not_picked":["champ:FanOfKnives","champ:SkillfulDodge","champ:BerserkersShout"],"picked":"SKIP","floor":27},{"not_picked":["champ:Circumvent","champ:Parry"],"picked":"champ:FanOfKnives","floor":28},{"not_picked":["champ:FalseCounter","champ:Parry","champ:DefensiveStyle"],"picked":"SKIP","floor":29},{"not_picked":["champ:Backstep","champ:SkillfulDodge"],"picked":"champ:VampiricStrike","floor":31},{"not_picked":["champ:CrookedStrike","champ:RecklessLeap+1"],"picked":"champ:Endure","floor":32}],"player_experience":128883,"relics_obtained":[{"floor":7,"key":"infinitespire:ShieldingShard"},{"floor":10,"key":"Juzu Bracelet"},{"floor":17,"key":"Girya"},{"floor":17,"key":"Meat on the Bone"},{"floor":17,"key":"infinitespire:PuzzleCube"},{"floor":24,"key":"infinitespire:WardingShard"},{"floor":28,"key":"Calipers"}],"event_choices":[{"cards_removed":["champ:Strike"],"damage_healed":0,"gold_gain":0,"player_choice":"Card Removal","damage_taken":0,"max_hp_gain":0,"max_hp_loss":0,"event_name":"The Cleric","floor":5,"gold_loss":0},{"cards_removed":["champ:EnGarde"],"damage_healed":0,"gold_gain":0,"player_choice":"Took Card","damage_taken":0,"max_hp_gain":0,"max_hp_loss":0,"event_name":"NoteForYourself","floor":12,"gold_loss":0,"cards_obtained":["Bandage Up"]},{"damage_healed":0,"gold_gain":0,"player_choice":"Ignored","damage_taken":0,"max_hp_gain":0,"max_hp_loss":0,"event_name":"Ghosts","floor":21,"gold_loss":0}],"is_beta":false,"boss_relics":[{"not_picked":["infinitespire:Cupcake","Runic Dome"],"picked":"Calling Bell"}],"items_purged_floors":[],"is_endless":false,"potions_floor_spawned":[8,10,11,16,20,22,23,32],"killed_by":"DF_ARCHETYPE_CLAW","ascension_level":0}}