{"host":"irrizrmw64do51k7","time":1611276597,"event":{"mods":["AchievementEnabler","BaseMod","Better Altar","Better Match","Better Note","Better Sensory Stone","Better Skull","Better Third Choice","BetterRewards","Card Forge","Colored Map","Colored Powertips","Curses Come First","DeckTracker","Good Game Mod","Infinite Spire","Minty Spire (QoL Compilation)","Quick Restart","Relic Stats","Replay The Spire","Shop Mod","StSLib"],"gold_per_floor":[111,111,126,176,19,60,60,101,101,126,154,178,199,213,213,298,298,324,350,375,395,454,454,463,500,500,27,71,71,106,65,65,147,147,168,252,0,34,59,59,103,103,103,142,157,157,206,206,206,301,301,301,171,171,171],"floor_reached":54,"language":"ENG","playtime":2533,"items_purged":["ReplayTheSpireMod:Restless Dread","Strike_B","Clumsy"],"score":1963,"play_id":"a8c904b4-52e6-4ad9-923d-4923822b30ac","local_time":"20210121164957","is_ascension_mode":true,"campfire_choices":[{"floor":7,"key":"RECALL"},{"data":"Double Energy","floor":15,"key":"SMITH"},{"data":"Glacier","floor":23,"key":"SMITH"},{"data":"ReplayTheSpireMod:System Scan","floor":32,"key":"SMITH"},{"data":"Genetic Algorithm","floor":40,"key":"SMITH"},{"data":"Seek","floor":42,"key":"SMITH"},{"floor":46,"key":"DIG"},{"floor":49,"key":"REST"},{"floor":49,"key":"DIG"},{"floor":52,"key":"REST"},{"floor":52,"key":"DIG"}],"circlet_count":0,"master_deck":["AscendersBane","Strike_B+6","Strike_B+6","Strike_B+6","Defend_B+6","Defend_B+7","Defend_B+7","Defend_B+6","Zap+1","Dualcast+1","FIFO Queue+1","Coolheaded+1","Heatsinks+1","Streamline+1","Seek+1","infinitespire:Punishment+1","Defragment+1","Electrodynamics+1","Echo Form+1","Creative AI+1","Coolheaded+1","Buffer+1","Capacitor+1","Amplify+1","Biased Cognition+1","Genetic Algorithm+1","Self Repair+1","Seek+1","Storm+1","White Noise+1","Loop+1","Self Repair+1","Seek+1","Storm+1","White Noise+1","Heatsinks+1","Genetic Algorithm+1","Echo Form+1","Defragment+1","Creative AI+1","Coolheaded+1","Capacitor+1","Buffer+1","Amplify+1","Biased Cognition+1","Panic Button","Streamline","Panic Button","Double Energy","Defragment+1","Double Energy+1","Barrage","ReplayTheSpireMod:System Scan+1","Seek+1","Redo","Glacier+1","Streamline","Necronomicurse","Barrage","Genetic Algorithm+1","ReplayTheSpireMod:Faulty Equipment","ReplayTheSpireMod:System Scan","Heatsinks+1","Buffer+1","Redo+1","Hallucinations","ReplayRNGCard+1","ReplayTheSpireMod:Reroute Power+1","Heatsinks+1","Writhe","Crystallizer","infinitespire:Oblivion","Defragment","Shame","Mirror Shield+1"],"relics":["FrozenCore","Hammer of Thor","Seething Fire","Anvil of the Gods","REME:ComplimentaryCards","ReplayTheSpireMod:CursedCoin","infinitespire:SolderingIron","Simple Rune","infinitespire:Magic Flask","BargainBundle","Unceasing Top","infinitespire:Lychee Nut","MerchantsRug","CeramicFish","Kunai","Ring of Greed","Golden Egg","The Courier","Ring of Panic","Necronomicon","infinitespire:EmpoweringShard","Letter Opener","FossilizedHelix","Orichalcum","Replay:Bottled Steam","Empty Cage","Du-Vu Doll","Peace Pipe","HornCleat","Shovel","Nunchaku","Art of War","Torii","Pet Ghost","Busted Crown","Quantum Egg","infinitespire:Freezer"],"acts_visited":["Exordium","TheCity","TheBeyond","TheEnding"],"potions_floor_usage":[8,25,54,54],"damage_taken":[{"damage":8,"enemies":"Small Slimes","floor":1,"turns":2},{"damage":6,"enemies":"Cultist","floor":3,"turns":3},{"damage":0,"enemies":"Gremlin Nob","floor":6,"turns":3},{"damage":10,"enemies":"3 Sentries","floor":8,"turns":3},{"damage":6,"enemies":"2 Louse","floor":10,"turns":2},{"damage":13,"enemies":"Blue Slaver","floor":11,"turns":2},{"damage":0,"enemies":"Exordium Wildlife","floor":12,"turns":2},{"damage":0,"enemies":"Large Slime","floor":13,"turns":3},{"damage":11,"enemies":"Looter","floor":14,"turns":2},{"damage":0,"enemies":"Slime Boss","floor":16,"turns":4},{"damage":20,"enemies":"2 Thieves","floor":18,"turns":4},{"damage":0,"enemies":"Spheric Guardian","floor":19,"turns":3},{"damage":6,"enemies":"3 Cultists","floor":20,"turns":3},{"damage":0,"enemies":"Snecko","floor":21,"turns":4},{"damage":13,"enemies":"Gremlin Leader","floor":25,"turns":4},{"damage":0,"enemies":"Slavers","floor":28,"turns":3},{"damage":0,"enemies":"Sentry and Sphere","floor":30,"turns":3},{"damage":24,"enemies":"Collector","floor":33,"turns":5},{"damage":8,"enemies":"Orb Walker","floor":35,"turns":3},{"damage":0,"enemies":"Mind Bloom Boss Battle","floor":38,"turns":5},{"damage":11,"enemies":"3 Shapes","floor":39,"turns":3},{"damage":0,"enemies":"Nemesis","floor":41,"turns":3},{"damage":18,"enemies":"Giant Head","floor":44,"turns":5},{"damage":7,"enemies":"Jaw Worm Horde","floor":45,"turns":3},{"damage":27,"enemies":"Nightmare","floor":47,"turns":6},{"damage":0,"enemies":"Replay:Hell Engine","floor":50,"turns":1},{"damage":63,"enemies":"Shield and Spear","floor":54,"turns":3}],"seed_played":"1781170697303972938","potions_obtained":[{"floor":1,"key":"Explosive Potion"},{"floor":10,"key":"Languid Potion"},{"floor":33,"key":"LiquidMemories"},{"floor":50,"key":"LifebloodPotion"}],"is_trial":false,"path_per_floor":["M","?","M","?","$","E","R","E","T","M","M","M","M","M","R","B",null,"M","M","M","M","?","R","?","E","T","$","E","?","M","$","R","B",null,"M","?","$","?","M","R","E","R","T","E","M","R","NM","?","R","B",null,"R","$","E"],"character_chosen":"DEFECT","items_purchased":["FIFO Queue","ReplayTheSpireMod:CursedCoin","infinitespire:SolderingIron","Simple Rune","BargainBundle","Coolheaded","Heatsinks","Auto Shields","Streamline","Unceasing Top","Seek","Regen Potion","MerchantsRug","FossilizedHelix","Orichalcum","Heatsinks+1","Du-Vu Doll","infinitespire:Freezer"],"campfire_rested":2,"item_purchase_floors":[0,0,0,0,0,0,0,0,0,0,0,0,5,27,27,31,37,53],"current_hp_per_floor":[53,50,47,42,42,47,47,42,42,39,29,32,47,49,49,53,53,36,41,40,46,46,46,25,33,33,33,53,53,53,53,53,29,47,53,36,36,53,53,53,53,53,53,35,43,43,22,22,37,37,49,53,53,0,0],"gold":171,"neow_bonus":"","is_daily":false,"chose_seed":false,"campfire_upgraded":5,"win_rate":0.0,"timestamp":1611276597,"path_taken":["M","?","?","?","?","E","R","E","T","M","M","M","M","M","R","BOSS","M","M","M","M","?","R","?","E","T","?","E","?","M","?","R","BOSS","M","?","$","?","M","R","E","R","T","E","M","R","NM","?","R","BOSS","R","$","E"],"items_purchased_type":["Card","Relic","Relic","Relic","Relic","Card","Card","Card","Card","Relic","Card","Potion","Relic","Relic","Relic","Card","Relic","Relic"],"build_version":"2020-12-22","purchased_purges":3,"victory":false,"max_hp_per_floor":[53,53,53,53,53,53,53,53,53,53,53,53,53,53,53,53,53,53,53,53,53,53,53,53,53,53,53,53,53,53,53,53,53,53,53,53,53,53,53,53,53,53,53,53,53,53,53,53,53,53,53,53,53,53,53],"relic_stats":{"Torii":51,"counters":[118,444],"CeramicFish":270,"Letter Opener":[15],"Orichalcum":[96],"FrozenCore":[33],"Peace Pipe":0,"Nunchaku":[0],"Shovel":3,"Busted Crown":0,"Necronomicon":[7],"Art of War":[5],"Kunai":[4],"obtain_stats":[{"Ice Cream":0,"Golden Egg":22,"Calipers":0,"Tiny House":17,"CeramicFish":6,"Hammer of Thor":0,"Ginger":0,"Boot":6,"FrozenCore":17,"Replay:Wanted Poster":17,"Centennial Puzzle":8,"infinitespire:ShieldingShard":26,"infinitespire:SolderingIron":40,"HornCleat":41,"Strawberry":10,"Prayer Wheel":37,"Necronomicon":24,"Kunai":8,"Replay:Bottled Steam":28,"MerchantsRug":5,"ReplayTheSpireMod:CursedCoin":0,"Eternal Feather":43,"infinitespire:Beetle Shell":10,"Pen Nib":27,"infinitespire:Magic Flask":0,"Letter Opener":26,"Cables":0,"Du-Vu Doll":27,"Anvil of the Gods":0,"infinitespire:Lychee Nut":0,"Bronze Scales":43,"Simple Rune":0,"infinitespire:EmpoweringShard":7,"Unceasing Top":9,"Solar Panel":0,"Torii":38,"animator:TheMissingPiece":0,"Blue Doll":0,"Bag of Preparation":27,"Incense Burner":0,"Juzu Bracelet":8,"Empty Cage":68,"Pet Ghost":49,"Dream Catcher":26,"Nunchaku":44,"Matryoshka":9,"Shovel":43,"infinitespire:Bottled Soul":76,"Gambling Chip":0,"Red Mask":21,"Replay:Bottled Eggs":37,"Ring of Panic":22,"Cracked Core":21,"InkBottle":57,"BargainBundle":0,"ReplayTheSpireMod:Ninjato":24,"NeowsBlessing":0,"infinitespire:CursedDice":31,"Quantum Egg":52,"infinitespire:Joker Card":12,"PreservedInsect":9,"The Courier":22,"Geode":0,"Seething Fire":0,"infinitespire:CheckeredPen":0,"infinitespire:Lucky Rock":22,"Ring of Greed":22,"Odd Mushroom":65,"Frozen Egg 2":77,"Orichalcum":27,"White Beast Statue":26,"Replay:Arrowhead":36,"Nuclear Battery":17,"Peace Pipe":29,"Strange Spoon":36,"REME:ComplimentaryCards":0,"CaptainsWheel":0,"DataDisk":48,"Anchor":62,"Busted Crown":34,"Orrery":0,"animator:LivingPicture":0,"Turnip":0,"Art of War":74,"Bottled Lightning":56,"FossilizedHelix":27,"infinitespire:Freezer":38,"infinitespire:Midas Blood":9},{"Ice Cream":3,"Golden Egg":105,"Calipers":3,"Tiny House":15,"CeramicFish":94,"Hammer of Thor":0,"Ginger":70,"Boot":28,"FrozenCore":101,"Replay:Wanted Poster":80,"Centennial Puzzle":10,"infinitespire:ShieldingShard":40,"infinitespire:SolderingIron":48,"HornCleat":113,"Strawberry":77,"Prayer Wheel":90,"Necronomicon":105,"Kunai":95,"Replay:Bottled Steam":107,"MerchantsRug":93,"ReplayTheSpireMod:CursedCoin":91,"Eternal Feather":50,"infinitespire:Beetle Shell":30,"Pen Nib":85,"infinitespire:Magic Flask":70,"Letter Opener":106,"Cables":3,"Du-Vu Doll":41,"Anvil of the Gods":0,"infinitespire:Lychee Nut":91,"Bronze Scales":50,"Simple Rune":91,"infinitespire:EmpoweringShard":10,"Unceasing Top":10,"Solar Panel":70,"Torii":47,"animator:TheMissingPiece":0,"Blue Doll":70,"Bag of Preparation":19,"Incense Burner":70,"Juzu Bracelet":76,"Empty Cage":63,"Pet Ghost":116,"Dream Catcher":84,"Nunchaku":114,"Matryoshka":29,"Shovel":113,"infinitespire:Bottled Soul":69,"Gambling Chip":3,"Red Mask":18,"Replay:Bottled Eggs":90,"Ring of Panic":105,"Cracked Core":18,"InkBottle":58,"BargainBundle":70,"ReplayTheSpireMod:Ninjato":84,"NeowsBlessing":0,"infinitespire:CursedDice":88,"Quantum Egg":117,"infinitespire:Joker Card":12,"PreservedInsect":76,"The Courier":105,"Geode":70,"Seething Fire":0,"infinitespire:CheckeredPen":3,"infinitespire:Lucky Rock":18,"Ring of Greed":105,"Odd Mushroom":62,"Frozen Egg 2":69,"Orichalcum":106,"White Beast Statue":84,"Replay:Arrowhead":89,"Nuclear Battery":34,"Peace Pipe":86,"Strange Spoon":89,"REME:ComplimentaryCards":0,"CaptainsWheel":3,"DataDisk":52,"Anchor":60,"Busted Crown":45,"Orrery":70,"animator:LivingPicture":0,"Turnip":3,"Art of War":68,"Bottled Lightning":57,"FossilizedHelix":106,"infinitespire:Freezer":47,"infinitespire:Midas Blood":76},{"Ice Cream":5,"Golden Egg":397,"Calipers":5,"Tiny House":51,"CeramicFish":365,"Hammer of Thor":0,"Ginger":242,"Boot":104,"FrozenCore":383,"Replay:Wanted Poster":293,"Centennial Puzzle":25,"infinitespire:ShieldingShard":146,"infinitespire:SolderingIron":180,"HornCleat":426,"Strawberry":273,"Prayer Wheel":339,"Necronomicon":397,"Kunai":368,"Replay:Bottled Steam":404,"MerchantsRug":362,"ReplayTheSpireMod:CursedCoin":357,"Eternal Feather":188,"infinitespire:Beetle Shell":111,"Pen Nib":313,"infinitespire:Magic Flask":242,"Letter Opener":401,"Cables":5,"Du-Vu Doll":151,"Anvil of the Gods":0,"infinitespire:Lychee Nut":357,"Bronze Scales":188,"Simple Rune":357,"infinitespire:EmpoweringShard":25,"Unceasing Top":25,"Solar Panel":242,"Torii":175,"animator:TheMissingPiece":0,"Blue Doll":242,"Bag of Preparation":71,"Incense Burner":242,"Juzu Bracelet":266,"Empty Cage":222,"Pet Ghost":440,"Dream Catcher":308,"Nunchaku":431,"Matryoshka":108,"Shovel":426,"infinitespire:Bottled Soul":241,"Gambling Chip":5,"Red Mask":63,"Replay:Bottled Eggs":346,"Ring of Panic":397,"Cracked Core":63,"InkBottle":210,"BargainBundle":242,"ReplayTheSpireMod:Ninjato":308,"NeowsBlessing":0,"infinitespire:CursedDice":326,"Quantum Egg":441,"infinitespire:Joker Card":33,"PreservedInsect":266,"The Courier":397,"Geode":242,"Seething Fire":0,"infinitespire:CheckeredPen":5,"infinitespire:Lucky Rock":63,"Ring of Greed":397,"Odd Mushroom":218,"Frozen Egg 2":241,"Orichalcum":401,"White Beast Statue":308,"Replay:Arrowhead":335,"Nuclear Battery":125,"Peace Pipe":318,"Strange Spoon":335,"REME:ComplimentaryCards":0,"CaptainsWheel":5,"DataDisk":193,"Anchor":214,"Busted Crown":170,"Orrery":242,"animator:LivingPicture":0,"Turnip":5,"Art of War":236,"Bottled Lightning":208,"FossilizedHelix":401,"infinitespire:Freezer":175,"infinitespire:Midas Blood":266}],"Unceasing Top":[0]},"card_choices":[{"not_picked":["Rebound","Consume"],"picked":"Panic Button","floor":1},{"not_picked":["BasicCrystalCard","Fusion"],"picked":"Streamline","floor":3},{"not_picked":["Sweeping Beam","All For One"],"picked":"Panic Button","floor":6},{"not_picked":["Hologram","Recycle"],"picked":"Ball Lightning","floor":8},{"not_picked":["Hologram","Stack"],"picked":"Double Energy","floor":10},{"not_picked":["Hello World","Ball Lightning"],"picked":"Double Energy","floor":11},{"not_picked":["Doom and Gloom","Auto Shields"],"picked":"Barrage","floor":12},{"not_picked":["Go for the Eyes","Blizzard"],"picked":"ReplayTheSpireMod:System Scan","floor":13},{"not_picked":["Panic Button","Undo","Gash"],"picked":"SKIP","floor":14},{"not_picked":["Electrodynamics","Hyperbeam"],"picked":"Seek","floor":16},{"not_picked":["Leap","Steam"],"picked":"Redo","floor":18},{"not_picked":["Ball Lightning","Melter"],"picked":"Glacier","floor":19},{"not_picked":["Leap","Darkness"],"picked":"Streamline","floor":20},{"not_picked":["Darkness","Go for the Eyes","Hologram"],"picked":"SKIP","floor":21},{"not_picked":["Hologram","Go for the Eyes"],"picked":"Barrage","floor":25},{"not_picked":["Hologram","Electrodynamics"],"picked":"Genetic Algorithm","floor":28},{"not_picked":["Compile Driver","Cold Snap"],"picked":"ReplayTheSpireMod:System Scan","floor":30},{"not_picked":["Fission","Biased Cognition"],"picked":"Buffer","floor":33},{"not_picked":["Force Field","Hologram+1"],"picked":"Redo+1","floor":35},{"not_picked":["Beam Cell","Skim"],"picked":"ReplayRNGCard","floor":38},{"not_picked":["Turbo","Cold Snap"],"picked":"ReplayTheSpireMod:Reroute Power+1","floor":39},{"not_picked":["Seek","Self Repair"],"picked":"Heatsinks+1","floor":41},{"not_picked":["Self Repair","Steam"],"picked":"Crystallizer","floor":44},{"not_picked":["Sweeping Beam","Rip and Tear+1","Tempest"],"picked":"SKIP","floor":45},{"not_picked":["infinitespire:DeathsTouch","ReplayTheSpireMod:Chaos Vortex"],"picked":"infinitespire:Oblivion","floor":47},{"not_picked":["ReplayRNGCard","Amplify"],"picked":"Defragment","floor":47},{"not_picked":["Machine Learning","Reboot"],"picked":"Mirror Shield","floor":50}],"player_experience":498864,"relics_obtained":[{"floor":6,"key":"CeramicFish"},{"floor":8,"key":"Kunai"},{"floor":22,"key":"Ring of Greed"},{"floor":22,"key":"Golden Egg"},{"floor":22,"key":"The Courier"},{"floor":22,"key":"Ring of Panic"},{"floor":24,"key":"Necronomicon"},{"floor":25,"key":"infinitespire:EmpoweringShard"},{"floor":26,"key":"Letter Opener"},{"floor":28,"key":"Replay:Bottled Steam"},{"floor":38,"key":"Peace Pipe"},{"floor":41,"key":"HornCleat"},{"floor":43,"key":"Shovel"},{"floor":44,"key":"Nunchaku"},{"floor":46,"key":"Art of War"},{"floor":47,"key":"Torii"},{"floor":49,"key":"Pet Ghost"},{"floor":52,"key":"Quantum Egg"}],"event_choices":[{"damage_healed":0,"gold_gain":0,"player_choice":"Bought 0 Potions","damage_taken":0,"max_hp_gain":0,"max_hp_loss":0,"event_name":"The Woman in Blue","floor":2,"gold_loss":0},{"damage_healed":0,"gold_gain":50,"player_choice":"Touch","damage_taken":5,"max_hp_gain":0,"max_hp_loss":0,"event_name":"FaceTrader","floor":4,"gold_loss":0},{"damage_healed":0,"gold_gain":0,"player_choice":"Obtained Book","damage_taken":21,"max_hp_gain":0,"max_hp_loss":0,"event_name":"Cursed Tome","floor":24,"gold_loss":0},{"damage_healed":0,"gold_gain":0,"player_choice":"Adaptability","damage_taken":0,"max_hp_gain":0,"max_hp_loss":0,"event_name":"betterThird:BetterWriting","floor":29,"gold_loss":0},{"damage_healed":0,"gold_gain":0,"player_choice":"Fight","damage_taken":0,"max_hp_gain":0,"max_hp_loss":0,"event_name":"MindBloom","floor":38,"gold_loss":0},{"cards_removed":["Ball Lightning"],"damage_healed":0,"gold_gain":0,"player_choice":"Removed Attack","damage_taken":0,"max_hp_gain":0,"max_hp_loss":0,"event_name":"Falling","floor":48,"gold_loss":0}],"is_beta":false,"boss_relics":[{"not_picked":["SlaversCollar","Replay:Ancient Bell"],"picked":"FrozenCore"},{"not_picked":["Cursed Key","Sozu"],"picked":"Empty Cage"},{"not_picked":["Tiny House","Kintsugi"],"picked":"Busted Crown"}],"items_purged_floors":[0,0,27],"is_endless":true,"potions_floor_spawned":[1,6,10,18,19,21,33,39,41,44,50],"killed_by":"Shield and Spear","ascension_level":18}}