{"host":"q9718omregw4er46","time":1611340559,"event":{"mods":["BaseMod","Bestiary","Colored Powertips","Custom Start","Highlight Path","Minty Spire (QoL Compilation)","Practice Mode","Quick Restart","Relic Stats"],"gold_per_floor":[110,110,127,15,29,57,57,84,107,107,18,43,55,73,73,147,147,157,1,11,29,48,48,48,91,144,144,144,144],"floor_reached":28,"language":"ENG","playtime":1121,"items_purged":[],"score":539,"play_id":"4338d4ba-847c-4434-9399-a54a8e6f73e7","local_time":"20210122233559","is_ascension_mode":true,"campfire_choices":[{"data":"CrushJoints","floor":7.0,"key":"SMITH"},{"data":"Conclude","floor":10.0,"key":"SMITH"},{"data":"EmptyFist","floor":15.0,"key":"SMITH"},{"floor":23.0,"key":"REST"},{"floor":27,"key":"REST"}],"circlet_count":0,"master_deck":["AscendersBane","Strike_P","Defend_P","Defend_P","Eruption","Vigilance","CrushJoints+1","Consecrate","Conclude+1","FearNoEvil","EmptyFist+1","ReachHeaven","ThirdEye","DevaForm","TalkToTheHand","Sanctity","FlurryOfBlows"],"relics":["Empty Cage","Oddly Smooth Stone","Damaru","Potion Belt","Du-Vu Doll","Black Star","Membership Card","CeramicFish","Orichalcum","Smiling Mask"],"acts_visited":["Exordium","TheCity"],"potions_floor_usage":[25,25,28],"damage_taken":[{"damage":7.0,"enemies":"Cultist","floor":1.0,"turns":3.0},{"damage":2.0,"enemies":"2 Louse","floor":3.0,"turns":4.0},{"damage":0.0,"enemies":"Jaw Worm","floor":5.0,"turns":2.0},{"damage":12.0,"enemies":"3 Sentries","floor":6.0,"turns":5.0},{"damage":13.0,"enemies":"Lagavulin","floor":8.0,"turns":6.0},{"damage":3.0,"enemies":"3 Sentries","floor":12.0,"turns":5.0},{"damage":0.0,"enemies":"Blue Slaver","floor":13.0,"turns":3.0},{"damage":0.0,"enemies":"2 Fungi Beasts","floor":14.0,"turns":2.0},{"damage":0.0,"enemies":"Slime Boss","floor":16.0,"turns":4.0},{"damage":22.0,"enemies":"2 Thieves","floor":18.0,"turns":2.0},{"damage":6.0,"enemies":"Shell Parasite","floor":20.0,"turns":3.0},{"damage":6.0,"enemies":"3 Cultists","floor":21.0,"turns":3.0},{"damage":4.0,"enemies":"Cultist and Chosen","floor":22.0,"turns":3.0},{"damage":31,"enemies":"Gremlin Leader","floor":25,"turns":5},{"damage":29,"enemies":"Slavers","floor":28,"turns":2}],"seed_played":"-209958937327840657","potions_obtained":[{"floor":5.0,"key":"SmokeBomb"},{"floor":8.0,"key":"SpeedPotion"},{"floor":13.0,"key":"Swift Potion"},{"floor":14.0,"key":"SkillPotion"},{"floor":16.0,"key":"Strength Potion"},{"floor":18.0,"key":"PowerPotion"},{"floor":20.0,"key":"AttackPotion"},{"floor":22.0,"key":"CultistPotion"}],"is_trial":false,"path_per_floor":["M","?","M","$","M","E","R","E","T","R","$","E","M","M","R","B",null,"M","$","M","M","M","R","?","E","T","R","E"],"character_chosen":"WATCHER","items_purchased":["Conclude","FearNoEvil","ReachHeaven","ThirdEye","Membership Card"],"campfire_rested":2,"item_purchase_floors":[4,4,11,11,19],"current_hp_per_floor":[54,47,45,45,45,33,33,20,20,20,20,17,17,17,17,17,55,33,33,27,21,17,37,37,6,6,26,0,0],"gold":144,"neow_bonus":"BOSS_RELIC","is_daily":false,"chose_seed":false,"campfire_upgraded":3,"win_rate":0.0,"timestamp":1611340559,"path_taken":["M","?","M","$","M","E","R","E","T","R","$","E","M","M","R","BOSS","M","$","M","M","M","R","?","E","T","R","E"],"items_purchased_type":["Card","Card","Card","Card","Relic"],"build_version":"2020-12-22","purchased_purges":0,"victory":false,"max_hp_per_floor":[68,68,68,68,68,68,68,68,68,68,68,68,68,68,68,68,68,68,68,68,68,68,68,68,68,68,68,68,68],"relic_stats":{"counters":[15,52],"CeramicFish":9,"Black Star":1,"Orichalcum":[6],"Smiling Mask":0,"obtain_stats":[{"Potion Belt":9,"Du-Vu Doll":12,"CeramicFish":25,"Oddly Smooth Stone":6,"Damaru":8,"Black Star":17,"Membership Card":19,"PureWater":0,"Orichalcum":25,"Empty Cage":0,"Smiling Mask":26},{"Potion Belt":5,"Du-Vu Doll":6,"CeramicFish":14,"Oddly Smooth Stone":4,"Damaru":5,"Black Star":9,"Membership Card":10,"PureWater":0,"Orichalcum":14,"Empty Cage":0,"Smiling Mask":14},{"Potion Belt":20,"Du-Vu Doll":25,"CeramicFish":50,"Oddly Smooth Stone":14,"Damaru":20,"Black Star":34,"Membership Card":36,"PureWater":0,"Orichalcum":50,"Empty Cage":0,"Smiling Mask":50}]},"card_choices":[{"not_picked":["Worship","WreathOfFlame"],"picked":"CrushJoints","floor":1.0},{"not_picked":["Indignation","BowlingBash"],"picked":"Consecrate","floor":3.0},{"not_picked":["EmptyBody","Consecrate","Evaluate"],"picked":"SKIP","floor":5.0},{"not_picked":["Pray","WaveOfTheHand"],"picked":"EmptyFist","floor":6.0},{"not_picked":["SpiritShield","SignatureMove","FearNoEvil"],"picked":"SKIP","floor":8.0},{"not_picked":["Protect","Perseverance","CutThroughFate"],"picked":"SKIP","floor":12.0},{"not_picked":["WaveOfTheHand","Halt","LikeWater"],"picked":"SKIP","floor":13.0},{"not_picked":["SashWhip","SandsOfTime","EmptyBody"],"picked":"SKIP","floor":14.0},{"not_picked":["Establishment","DeusExMachina"],"picked":"DevaForm","floor":16.0},{"not_picked":["Perseverance+1","WaveOfTheHand","InnerPeace"],"picked":"SKIP","floor":18.0},{"not_picked":["Study","Prostrate","WreathOfFlame"],"picked":"SKIP","floor":20.0},{"not_picked":["FollowUp","CrushJoints","Worship"],"picked":"SKIP","floor":21.0},{"not_picked":["SashWhip","EmptyFist","WaveOfTheHand"],"picked":"SKIP","floor":22.0},{"not_picked":["CrushJoints","Halt"],"picked":"FlurryOfBlows","floor":25}],"player_experience":1246814,"relics_obtained":[{"floor":6.0,"key":"Oddly Smooth Stone"},{"floor":8.0,"key":"Damaru"},{"floor":9.0,"key":"Potion Belt"},{"floor":12.0,"key":"Du-Vu Doll"},{"floor":25,"key":"CeramicFish"},{"floor":25,"key":"Orichalcum"},{"floor":26,"key":"Smiling Mask"}],"event_choices":[{"cards_removed":["Strike_P"],"damage_healed":0.0,"max_hp_gain":0.0,"max_hp_loss":0.0,"gold_gain":0.0,"event_name":"Golden Wing","player_choice":"Card Removal","floor":2.0,"gold_loss":0.0,"damage_taken":7.0},{"damage_healed":0.0,"max_hp_gain":0.0,"max_hp_loss":0.0,"gold_gain":0.0,"cards_transformed":["Strike_P","Defend_P"],"event_name":"Drug Dealer","player_choice":"Became Test Subject","floor":24.0,"gold_loss":0.0,"damage_taken":0.0,"cards_obtained":["TalkToTheHand","Sanctity"]}],"is_beta":false,"boss_relics":[{"not_picked":["Sozu","Runic Dome"],"picked":"Black Star"}],"items_purged_floors":[],"is_endless":false,"potions_floor_spawned":[5,8,13,14,16,18,20,22],"killed_by":"Slavers","ascension_level":15}}