{"host":"g2kelmgng7xf1xjg","time":1611277371,"event":{"mods":["BaseMod","Bestiary","Highlight Path","Minty Spire (QoL Compilation)","Relic Stats","StSLib"],"gold_per_floor":[118,138,155,175,67,67,95,95,95,124,124,144,154,167,167,262,262,277,277,294,294,16,51,51,77,77,77,87,101,101,29,29,124,124,143,153,203,203,220,246,263,263,342,670,670,682,715,168,168,168],"floor_reached":51,"language":"ENG","playtime":4791,"items_purged":["Strike_B","Writhe","Strike_B+1"],"score":1302,"play_id":"e6f7b9bf-19ab-4dc5-9633-4cf445adeae8","local_time":"20210121190251","is_ascension_mode":true,"campfire_choices":[{"data":"Loop","floor":6.0,"key":"SMITH"},{"data":"Zap","floor":8.0,"key":"SMITH"},{"data":"Coolheaded","floor":15.0,"key":"SMITH"},{"data":"Redo","floor":24.0,"key":"SMITH"},{"data":"Sweeping Beam","floor":27.0,"key":"SMITH"},{"data":"Hologram","floor":32.0,"key":"SMITH"},{"floor":42,"key":"RECALL"},{"data":"1","floor":49,"key":"LIFT"}],"circlet_count":0,"master_deck":["Strike_B+1","Strike_B+1","Defend_B+1","Defend_B+1","Defend_B+1","Zap+1","Dualcast","Loop+1","Ball Lightning","Coolheaded+1","Sweeping Beam+1","Undo","Consume+1","BootSequence","Rainbow","Redo+1","Cold Snap","Hologram+1","Echo Form","Violence","Conserve Battery+1","Buffer","Go for the Eyes+1","FTL","Multi-Cast","Leap+1","Chill","Apotheosis","Conserve Battery"],"relics":["Cracked Core","Bag of Preparation","Orichalcum","Art of War","HornCleat","Coffee Dripper","InkBottle","Medical Kit","Bottled Tornado","Pear","Eternal Feather","Fusion Hammer","Prayer Wheel","Calipers","Mercury Hourglass","Old Coin","Girya","Membership Card","Oddly Smooth Stone","Bottled Flame"],"acts_visited":["Exordium","TheCity","TheBeyond"],"potions_floor_usage":[40,50,50],"damage_taken":[{"damage":1.0,"enemies":"Cultist","floor":1.0,"turns":3.0},{"damage":0.0,"enemies":"Small Slimes","floor":2.0,"turns":3.0},{"damage":2.0,"enemies":"Jaw Worm","floor":3.0,"turns":3.0},{"damage":6.0,"enemies":"Exordium Wildlife","floor":4.0,"turns":3.0},{"damage":12.0,"enemies":"Lagavulin","floor":7.0,"turns":5.0},{"damage":20.0,"enemies":"Gremlin Nob","floor":10.0,"turns":4.0},{"damage":0.0,"enemies":"Large Slime","floor":12.0,"turns":4.0},{"damage":0.0,"enemies":"3 Louse","floor":13.0,"turns":3.0},{"damage":2.0,"enemies":"Gremlin Gang","floor":14.0,"turns":4.0},{"damage":0.0,"enemies":"The Guardian","floor":16.0,"turns":10.0},{"damage":0.0,"enemies":"2 Thieves","floor":18.0,"turns":3.0},{"damage":0.0,"enemies":"Chosen","floor":20.0,"turns":4.0},{"damage":37.0,"enemies":"Gremlin Leader","floor":23.0,"turns":6.0},{"damage":9.0,"enemies":"Book of Stabbing","floor":25.0,"turns":5.0},{"damage":5.0,"enemies":"Shelled Parasite and Fungi","floor":28.0,"turns":5.0},{"damage":0.0,"enemies":"Sentry and Sphere","floor":29.0,"turns":4.0},{"damage":31.0,"enemies":"Automaton","floor":33.0,"turns":10.0},{"damage":0.0,"enemies":"Orb Walker","floor":35.0,"turns":4.0},{"damage":20.0,"enemies":"3 Darklings","floor":36.0,"turns":5.0},{"damage":0,"enemies":"Mind Bloom Boss Battle","floor":37,"turns":6},{"damage":20,"enemies":"Writhing Mass","floor":39,"turns":5},{"damage":0,"enemies":"Reptomancer","floor":40,"turns":7},{"damage":0,"enemies":"Maw","floor":41,"turns":5},{"damage":0,"enemies":"Nemesis","floor":44,"turns":7},{"damage":0,"enemies":"Transient","floor":46,"turns":5},{"damage":5,"enemies":"Reptomancer","floor":47,"turns":7},{"damage":0,"enemies":"Awakened One","floor":50,"turns":12}],"seed_played":"-5948738855050267027","potions_obtained":[{"floor":1.0,"key":"BlessingOfTheForge"},{"floor":2.0,"key":"Weak Potion"},{"floor":7.0,"key":"Regen Potion"},{"floor":13.0,"key":"EssenceOfSteel"},{"floor":16.0,"key":"ColorlessPotion"},{"floor":18.0,"key":"GamblersBrew"},{"floor":23.0,"key":"Ancient Potion"},{"floor":25.0,"key":"SpeedPotion"},{"floor":35.0,"key":"FearPotion"},{"floor":36.0,"key":"FocusPotion"},{"floor":41,"key":"Weak Potion"}],"is_trial":false,"path_per_floor":["M","M","M","M","$","R","E","R","T","E","?","M","M","M","R","B",null,"M","?","M","?","$","E","R","E","T","R","M","M","?","$","R","B",null,"M","M","?","?","M","E","M","R","T","E","?","M","E","$","R","B",null],"character_chosen":"DEFECT","items_purchased":["Undo","Cold Snap","Medical Kit","PotionOfCapacity","Membership Card","Apotheosis","Oddly Smooth Stone","Conserve Battery","Strength Potion","Bottled Flame"],"campfire_rested":0,"item_purchase_floors":[5,22,22,31,48,48,48,48,48,48],"current_hp_per_floor":[67,67,65,59,59,59,47,47,47,27,27,39,39,37,37,37,66,66,66,66,66,66,29,29,30,30,39,34,34,34,34,46,15,68,68,48,48,48,28,28,28,43,43,43,43,43,38,38,53,53],"gold":168,"neow_bonus":"RANDOM_COMMON_RELIC","is_daily":false,"chose_seed":false,"campfire_upgraded":6,"win_rate":0.0,"timestamp":1611277371,"path_taken":["M","M","?","M","$","R","E","R","T","E","?","M","?","M","R","BOSS","M","?","M","?","$","E","R","E","T","R","M","?","?","$","R","BOSS","M","M","?","?","M","E","M","R","T","E","?","M","E","$","R","BOSS"],"items_purchased_type":["Card","Card","Relic","Potion","Relic","Card","Relic","Card","Potion","Relic"],"build_version":"2020-12-22","purchased_purges":3,"victory":true,"max_hp_per_floor":[75,75,75,75,75,75,75,75,75,75,75,75,75,75,75,75,75,75,75,75,75,75,75,75,85,85,85,85,85,85,85,85,85,85,85,85,85,85,85,85,85,85,85,85,85,85,85,85,85,85],"relic_stats":{"counters":[27,137],"Eternal Feather":51,"Prayer Wheel":3,"Bag of Preparation":[54],"Art of War":[26],"Orichalcum":[90],"Medical Kit":[11],"obtain_stats":[{"Girya":47,"Pear":25,"Calipers":40,"Oddly Smooth Stone":48,"Eternal Feather":26,"Bag of Preparation":0,"Orichalcum":7,"Bottled Tornado":23,"Medical Kit":22,"Mercury Hourglass":43,"Old Coin":44,"Bottled Flame":48,"HornCleat":10,"Prayer Wheel":37,"Fusion Hammer":34,"Art of War":9,"Coffee Dripper":17,"Membership Card":48,"Cracked Core":0,"InkBottle":21},{"Girya":26,"Pear":14,"Calipers":22,"Oddly Smooth Stone":26,"Eternal Feather":14,"Bag of Preparation":0,"Orichalcum":5,"Bottled Tornado":13,"Medical Kit":12,"Mercury Hourglass":23,"Old Coin":24,"Bottled Flame":26,"HornCleat":6,"Prayer Wheel":20,"Fusion Hammer":17,"Art of War":5,"Coffee Dripper":10,"Membership Card":26,"Cracked Core":0,"InkBottle":12},{"Girya":125,"Pear":57,"Calipers":102,"Oddly Smooth Stone":125,"Eternal Feather":57,"Bag of Preparation":0,"Orichalcum":17,"Bottled Tornado":52,"Medical Kit":46,"Mercury Hourglass":107,"Old Coin":114,"Bottled Flame":125,"HornCleat":21,"Prayer Wheel":90,"Fusion Hammer":76,"Art of War":17,"Coffee Dripper":39,"Membership Card":125,"Cracked Core":0,"InkBottle":46}],"InkBottle":[41],"Mercury Hourglass":[123]},"card_choices":[{"not_picked":["Auto Shields","Turbo"],"picked":"Loop","floor":1.0},{"not_picked":["Hologram","Leap"],"picked":"Ball Lightning","floor":2.0},{"not_picked":["Gash","Reinforced Body"],"picked":"Coolheaded","floor":3.0},{"not_picked":["Steam","Barrage"],"picked":"Sweeping Beam","floor":4.0},{"not_picked":["Conserve Battery","Stack","Double Energy"],"picked":"SKIP","floor":7.0},{"not_picked":["Auto Shields","Amplify"],"picked":"Consume","floor":10.0},{"not_picked":["Heatsinks","Rebound"],"picked":"BootSequence","floor":12.0},{"not_picked":["Beam Cell","Hologram","Conserve Battery"],"picked":"SKIP","floor":13.0},{"not_picked":["Meteor Strike","Rebound","Coolheaded"],"picked":"SKIP","floor":14.0},{"not_picked":["Machine Learning","Core Surge"],"picked":"Rainbow","floor":16.0},{"not_picked":["Doom and Gloom","FTL+1"],"picked":"Redo","floor":18.0},{"not_picked":["Streamline","Rebound","Gash"],"picked":"SKIP","floor":20.0},{"not_picked":["Rebound","Sweeping Beam","Barrage"],"picked":"SKIP","floor":23.0},{"not_picked":["Rebound","Sweeping Beam","Barrage"],"picked":"SKIP","floor":23.0},{"not_picked":["Rebound","Rip and Tear","Redo"],"picked":"SKIP","floor":25.0},{"not_picked":["Fusion","Ball Lightning+1"],"picked":"Hologram","floor":28.0},{"not_picked":["Undo","Aggregate+1","Turbo+1"],"picked":"SKIP","floor":29.0},{"not_picked":["Hyperbeam","Buffer"],"picked":"Echo Form","floor":33.0},{"not_picked":["Hello World+1","Leap","Doom and Gloom+1"],"picked":"SKIP","floor":35.0},{"not_picked":["Stack","Chaos","Double Energy"],"picked":"SKIP","floor":36.0},{"not_picked":["Metamorphosis","Chrysalis"],"picked":"Violence","floor":38},{"not_picked":["Beam Cell","Rebound+1"],"picked":"Conserve Battery+1","floor":39},{"not_picked":["Barrage+1","Darkness+1","Turbo+1"],"picked":"SKIP","floor":39},{"not_picked":["Beam Cell","Steam+1","Darkness"],"picked":"SKIP","floor":40},{"not_picked":["Lockon+1","Stack+1"],"picked":"Buffer","floor":41},{"not_picked":["Compile Driver+1","Consume"],"picked":"Go for the Eyes+1","floor":41},{"not_picked":["Conserve Battery+1","Tempest+1"],"picked":"FTL","floor":44},{"not_picked":["Compile Driver+1","Redo+1"],"picked":"Multi-Cast","floor":46},{"not_picked":["Blizzard","Fusion"],"picked":"Leap+1","floor":46},{"not_picked":["Skim+1","Genetic Algorithm"],"picked":"Chill","floor":47}],"player_experience":1008087,"relics_obtained":[{"floor":7.0,"key":"Orichalcum"},{"floor":9.0,"key":"Art of War"},{"floor":10.0,"key":"HornCleat"},{"floor":23.0,"key":"Bottled Tornado"},{"floor":25.0,"key":"Pear"},{"floor":26.0,"key":"Eternal Feather"},{"floor":37,"key":"Prayer Wheel"},{"floor":40,"key":"Calipers"},{"floor":43,"key":"Mercury Hourglass"},{"floor":44,"key":"Old Coin"},{"floor":47,"key":"Girya"}],"event_choices":[{"damage_healed":0.0,"max_hp_gain":0.0,"max_hp_loss":0.0,"gold_gain":0.0,"event_name":"Upgrade Shrine","player_choice":"Upgraded","floor":11.0,"gold_loss":0.0,"damage_taken":0.0,"cards_upgraded":["Consume"]},{"damage_healed":0.0,"max_hp_gain":0.0,"max_hp_loss":0.0,"gold_gain":0.0,"event_name":"Back to Basics","player_choice":"Simplicity","floor":19.0,"gold_loss":0.0,"damage_taken":0.0,"cards_upgraded":["Strike_B","Strike_B","Strike_B","Defend_B","Defend_B","Defend_B","Defend_B"]},{"damage_healed":0.0,"max_hp_gain":0.0,"max_hp_loss":0.0,"gold_gain":0.0,"event_name":"The Mausoleum","player_choice":"Opened","floor":21.0,"gold_loss":0.0,"damage_taken":0.0,"relics_obtained":["InkBottle"],"cards_obtained":["Writhe"]},{"damage_healed":0.0,"max_hp_gain":0.0,"max_hp_loss":0.0,"gold_gain":0.0,"event_name":"Vampires","player_choice":"Ignored","floor":30.0,"gold_loss":0.0,"damage_taken":0.0},{"damage_healed":0,"gold_gain":0,"player_choice":"Fight","damage_taken":0,"max_hp_gain":0,"max_hp_loss":0,"event_name":"MindBloom","floor":37,"gold_loss":0},{"damage_healed":0,"gold_gain":0,"player_choice":"Memory 1","damage_taken":0,"max_hp_gain":0,"max_hp_loss":0,"event_name":"SensoryStone","floor":38,"gold_loss":0},{"cards_removed":["Defend_B"],"damage_healed":0,"gold_gain":0,"player_choice":"Removed Skill","damage_taken":0,"max_hp_gain":0,"max_hp_loss":0,"event_name":"Falling","floor":45,"gold_loss":0}],"is_beta":false,"boss_relics":[{"not_picked":["Astrolabe","Ectoplasm"],"picked":"Coffee Dripper"},{"not_picked":["Nuclear Battery","Snecko Eye"],"picked":"Fusion Hammer"}],"items_purged_floors":[5,22,48],"is_endless":false,"potions_floor_spawned":[1,2,7,13,16,18,23,25,35,36,37,41,44],"ascension_level":8}}