{"host":"ooe12lh8pgcirntb","time":1611296902,"event":{"mods":["AchievementEnabler","Act Like it!","Bard","BaseMod","Beaked The Cultist","ChefMod","Colored Map","Colored Powertips","Downfall","Gremlin Mod","Hallownest","Hermit","Infinite Spire","Jorbs\u0027s Wanderer Trilogy","Minty Spire (QoL Compilation)","Robot Space Explorer","StSLib","The Animator","The Blackbeard","The Bug Knight","The Construct","The Cursed","The Disciple","The Hayseed","The Hierophant","The Problem Sleuth","TheVacant"],"gold_per_floor":[99,112,124,135,149,149,149,149,149,168,182,82,100,100,116,214,214,214,230,14,14,14,14,14,31,49,68,68,68,68,68],"floor_reached":30,"language":"ENG","playtime":3005,"items_purged":[],"score":224,"play_id":"2479933b-6d51-4bbf-8c93-ca2cd249b8c5","local_time":"20210122012822","is_ascension_mode":false,"campfire_choices":[{"data":"champ:Taunt","floor":1,"key":"SMITH"},{"data":"champ:DeathBlow","floor":6,"key":"SMITH"},{"floor":12,"key":"REST"},{"data":"champ:SteelEdge","floor":18,"key":"SMITH"},{"data":"champ:Execute","floor":23,"key":"SMITH"},{"floor":29,"key":"REST"}],"circlet_count":0,"master_deck":["champ:Strike","champ:Strike","champ:Strike","champ:Strike","champ:Defend","champ:Defend","champ:Defend","champ:Defend","champ:Execute+1","champ:Taunt+1","champ:SkillfulDodge","champ:EndlessRage+1","champ:DefensiveStyle","champ:DeathBlow+1","champ:BringItOn","champ:FaceSlap+1","champ:Shatter","stsjorbsmod:Withering","champ:Haymaker","champ:SteelEdge+1","champ:CalledShot","champ:BerserkersShout","champ:CalledShot","champ:VampiricStrike","champ:FanOfKnives","champ:EndlessRage+1"],"relics":["champ:ChampionCrown","Pen Nib","downfall:ShatteredFragment","downfall:HeartBlessingBlue","Black Star","Bag of Marbles","infinitespire:Eraser","DollysMirror"],"acts_visited":["Exordium","TheCity"],"potions_floor_usage":[19],"damage_taken":[{"damage":23,"enemies":"Jaw Worm","floor":2,"turns":4},{"damage":13,"enemies":"2 Louse","floor":3,"turns":3},{"damage":12,"enemies":"Cultist","floor":4,"turns":6},{"damage":13,"enemies":"Exordium Wildlife","floor":5,"turns":4},{"damage":20,"enemies":"Lots of Slimes","floor":10,"turns":2},{"damage":17,"enemies":"Large Slime","floor":11,"turns":4},{"damage":20,"enemies":"Exordium Thugs","floor":13,"turns":3},{"damage":15,"enemies":"Blue Slaver","floor":15,"turns":3},{"damage":75,"enemies":"SI_SHIV_ARCHETYPE","floor":16,"turns":8},{"damage":44,"enemies":"3 Byrds","floor":19,"turns":4},{"damage":25,"enemies":"downfall:FleeingMerchant","floor":20,"turns":4},{"damage":30,"enemies":"Spheric Guardian","floor":25,"turns":4},{"damage":71,"enemies":"Centurion and Healer","floor":26,"turns":7},{"damage":18,"enemies":"Snecko","floor":27,"turns":4},{"damage":54,"enemies":"downfall:Augmenter","floor":30,"turns":3}],"seed_played":"1676499493641266978","potions_obtained":[{"floor":5,"key":"Explosive Potion"},{"floor":11,"key":"Guardian:BlockOnCardUsePotion"},{"floor":16,"key":"Explosive Potion"},{"floor":19,"key":"Dexterity Potion"},{"floor":27,"key":"Block Potion"}],"is_trial":false,"path_per_floor":["R","M","M","M","M","R","T","?","?","M","M","R","M","?","M","B",null,"R","M","$","?","?","R","T","M","M","M","AVR","R","?"],"character_chosen":"THE_CHAMP","items_purchased":["Bag of Marbles","champ:BerserkersShout"],"campfire_rested":2,"item_purchase_floors":[20,20],"current_hp_per_floor":[90,87,84,82,79,79,79,52,52,47,40,80,75,75,70,20,100,100,81,71,71,71,71,71,61,30,22,22,52,0,0],"gold":68,"neow_bonus":"RANDOM_COMMON_RELIC","is_daily":false,"chose_seed":false,"campfire_upgraded":4,"win_rate":0.0,"timestamp":1611296902,"path_taken":["R","M","M","M","M","R","T","?","?","?","M","R","M","?","M","BOSS","R","M","?","?","?","R","T","M","?","M","AVR","R","?"],"items_purchased_type":["Relic","Card"],"build_version":"2020-12-22","purchased_purges":0,"victory":false,"max_hp_per_floor":[90,90,90,90,90,90,90,90,90,90,90,100,100,100,100,100,100,100,100,100,100,100,100,100,100,100,100,100,100,100,100],"card_choices":[{"not_picked":["champ:TornadoPunch","champ:BladeFlurry"],"picked":"champ:SkillfulDodge","floor":2},{"not_picked":["champ:EnragedBash","champ:AdrenalArmor"],"picked":"champ:EndlessRage","floor":3},{"not_picked":["champ:EnchantShield","champ:ShieldSigil"],"picked":"champ:DefensiveStyle","floor":4},{"not_picked":["champ:FalseCounter","champ:Shatter"],"picked":"champ:DeathBlow","floor":5},{"not_picked":["champ:ArenaPreparation","champ:EnGarde"],"picked":"champ:BringItOn","floor":10},{"not_picked":["champ:RapidStrikes","champ:ViciousMockery"],"picked":"champ:FaceSlap","floor":11},{"not_picked":["champ:GutPunch","champ:BladeFlurry"],"picked":"champ:Shatter","floor":13},{"not_picked":["champ:FlashCut","champ:FanOfKnives"],"picked":"champ:Haymaker","floor":15},{"not_picked":["champ:EnchantShield","champ:MurderStrike"],"picked":"champ:SteelEdge","floor":16},{"not_picked":["champ:RisingSlash","champ:Lariat"],"picked":"champ:CalledShot","floor":19},{"not_picked":["champ:Lariat","champ:BringItOn","champ:Haymaker"],"picked":"SKIP","floor":20},{"not_picked":["champ:StanceDance","champ:SkillfulDodge"],"picked":"champ:CalledShot","floor":25},{"not_picked":["champ:RecklessLeap","champ:PerfectedStrike"],"picked":"champ:VampiricStrike","floor":26},{"not_picked":["champ:ViciousMockery+1","champ:TornadoPunch+1"],"picked":"champ:FanOfKnives","floor":27}],"player_experience":748646,"relics_obtained":[{"floor":24,"key":"infinitespire:Eraser"}],"event_choices":[{"damage_healed":0,"gold_gain":0,"player_choice":"Ignored","damage_taken":0,"max_hp_gain":0,"max_hp_loss":0,"event_name":"Ghosts","floor":21,"gold_loss":0}],"is_beta":false,"boss_relics":[{"not_picked":["SacredBark","beaked:MawFillet"],"picked":"Black Star"}],"items_purged_floors":[],"is_endless":false,"potions_floor_spawned":[5,11,16,19,25,27],"killed_by":"downfall:Augmenter","ascension_level":0}}