{"host":"kxs97zan5mba52e6","time":1611276957,"event":{"mods":["100% Spire Juice","A Magickal Journey","BaseMod","Better Third Choice","BetterRewards","Colored Map","Downfall","Hermit","Magitek Elite","Marisa????????","Minty Spire (QoL Compilation)","Shade Mod","StSLib","The Alterego","The Animator","The Bladedancer","The Bug Knight","The Cursed","The Death Knight","The Dragon Tamer","The Forsaken","The Judge","The Necromancer","The Runesmith","The Senshi","The Servant 0.9.4"],"gold_per_floor":[114,10,29,29,29,62,62,62,62,82,98,116,149,163,163,260,260,272,272,372,387,387,387,387],"floor_reached":23,"language":"ENG","playtime":1271,"items_purged":[],"score":278,"play_id":"ec6d3b35-23d0-416a-8fbc-4cccbcd8bfa9","local_time":"20210121195557","is_ascension_mode":false,"campfire_choices":[{"floor":8,"key":"REST"},{"floor":15,"key":"REST"}],"circlet_count":0,"master_deck":["Strike_W","Strike_W","Strike_W","Strike_W","Defend_W","Defend_W","Defend_W","Defend_W","Negative_Energy_Arrows","Bone_Wall","Shackles_Of_Pain","Summon_Lich","Death_March_Dance","Strike_from_Beyond","Burst+1","Bone_Bullets","Burn","Summon_Undead","Life_Tap","Toxic_Smoke_Screen","Negative_Energy_Javelin","Death_March_Dance","Detonate_Bones","Thousand_Bone_Knives+1","Negative_Energy_Javelin"],"relics":["Vampire_Amulet","NeowsBlessing","DeathKnight:PutricidesVial","Runesmith:AutoHammer","theSenshi:FeatherClipsRelic","Mummified Hand","Runic Dome","alterego_mod:SomeoneToFightFor"],"acts_visited":["Exordium","TheCity"],"potions_floor_usage":[12,13,16,19],"damage_taken":[{"damage":0.0,"enemies":"Small Slimes","floor":1.0,"turns":1.0},{"damage":0,"enemies":"2 Louse","floor":3,"turns":2},{"damage":0,"enemies":"3 Sentries","floor":6,"turns":2},{"damage":4,"enemies":"Cultist","floor":10,"turns":4},{"damage":15,"enemies":"3 Louse","floor":11,"turns":2},{"damage":14,"enemies":"2 Fungi Beasts","floor":12,"turns":4},{"damage":50,"enemies":"Gremlin Nob","floor":13,"turns":5},{"damage":13,"enemies":"Red Slaver","floor":14,"turns":3},{"damage":2,"enemies":"Slime Boss","floor":16,"turns":5},{"damage":27,"enemies":"Shell Parasite","floor":18,"turns":6},{"damage":0,"enemies":"2 Thieves","floor":19,"turns":1},{"damage":63,"enemies":"Cultist and Chosen","floor":21,"turns":6},{"damage":32,"enemies":"Slavers","floor":23,"turns":1}],"seed_played":"-4854461904746502752","potions_obtained":[{"floor":1,"key":"PowerPotion"},{"floor":6,"key":"SmokeBomb"},{"floor":12,"key":"Explosive Potion"},{"floor":13,"key":"PowerPotion"}],"is_trial":false,"path_per_floor":["M","$","M","?","$","E","?","R","T","M","M","M","E","M","R","B",null,"M","M","?","M","?","E"],"character_chosen":"NECROMANCER","items_purchased":["Summon_Lich","Death_March_Dance"],"campfire_rested":2,"item_purchase_floors":[2,2],"current_hp_per_floor":[75,75,75,48,48,54,54,75,75,75,72,68,26,21,43,55,75,65,71,71,30,30,0,0],"gold":387,"neow_bonus":"THREE_ENEMY_KILL","is_daily":false,"chose_seed":false,"campfire_upgraded":0,"win_rate":0.0,"timestamp":1611276957,"path_taken":["M","$","M","?","$","E","?","R","T","M","M","M","E","M","R","BOSS","M","M","?","?","?","E"],"items_purchased_type":["Card","Card"],"build_version":"2020-12-22","purchased_purges":0,"victory":false,"max_hp_per_floor":[75,75,75,75,75,75,75,75,75,75,75,75,75,75,75,75,75,75,75,75,75,75,75,75],"card_choices":[{"not_picked":["Bones_to_Steel","Negative_Energy_Shield"],"picked":"Shackles_Of_Pain","floor":1},{"not_picked":["Flesh_Made_Foul","Necrotic_Claws"],"picked":"Strike_from_Beyond","floor":3},{"not_picked":["Blood_Magic","Violent_Necrosis"],"picked":"Bone_Bullets","floor":6},{"not_picked":["Blood_for_Blood","Negative_Energy_Sphere"],"picked":"Summon_Undead","floor":10},{"not_picked":["Blood_for_Blood","Bone_Armor"],"picked":"Life_Tap","floor":11},{"not_picked":["Blood_Curse","Negative_Energy_Sphere"],"picked":"Toxic_Smoke_Screen","floor":12},{"not_picked":["Shackles_Of_Pain","Toxic_Smoke_Screen"],"picked":"Negative_Energy_Javelin","floor":13},{"not_picked":["Blood_Curse","Flesh_Made_Foul"],"picked":"Death_March_Dance","floor":14},{"not_picked":["Summon_Death_Knight","Summon_Vampire_Lady"],"picked":"Detonate_Bones","floor":16},{"not_picked":["Shackles_Of_Pain+1","Blood_Whip"],"picked":"Thousand_Bone_Knives+1","floor":18},{"not_picked":["Consume_Illness","Scare+1"],"picked":"Negative_Energy_Javelin","floor":21}],"player_experience":27204,"relics_obtained":[{"floor":6,"key":"Runesmith:AutoHammer"},{"floor":9,"key":"theSenshi:FeatherClipsRelic"},{"floor":13,"key":"Mummified Hand"}],"event_choices":[{"damage_healed":54,"gold_gain":0,"player_choice":"Embrace Burn","damage_taken":0,"max_hp_gain":0,"max_hp_loss":75,"event_name":"betterThird:BetterShining","floor":7,"gold_loss":0},{"damage_healed":0,"gold_gain":100,"player_choice":"Pray","damage_taken":0,"max_hp_gain":0,"max_hp_loss":0,"event_name":"Golden Shrine","floor":20,"gold_loss":0},{"damage_healed":0,"gold_gain":0,"player_choice":"Choice 2","damage_taken":0,"relics_obtained":["alterego_mod:SomeoneToFightFor"],"max_hp_gain":0,"max_hp_loss":0,"event_name":"Secret Garden","floor":22,"gold_loss":0}],"is_beta":false,"boss_relics":[{"not_picked":["Ectoplasm","Runesmith:UraniumAnvil"],"picked":"Runic Dome"}],"items_purged_floors":[],"is_endless":false,"potions_floor_spawned":[1,6,12,13,19],"killed_by":"Slavers","ascension_level":0}}