{"host":"cjmwurvrz00ml9vd","time":1611358818,"event":{"mods":["2.2 Compatiblity","AchievementEnabler","Act Like it!","Aspiration","BaseMod","Beaked The Cultist","Better Third Choice","BetterRewards","Colored Powertips","Conspire","Downfall","Hermit","Hubris","Infinite Spire","Marisa????????","Marked Mod","Minty Spire (QoL Compilation)","Robot Space Explorer","StSLib","The Blackbeard","The Cursed","The Disciple","The Jungle","The Necromancer","The Servant 0.9.4","TheFirefly"],"gold_per_floor":[111,127,127,138,149,149,183,183,183,183,183,183,199,210,210,311,311,331,295,313,313,323,323,323],"floor_reached":23,"language":"ENG","playtime":785,"items_purged":[],"score":381,"play_id":"033a8893-55ff-4347-a916-5816fa3bdc34","local_time":"20210123004018","is_ascension_mode":true,"campfire_choices":[{"data":"MagicChant","floor":6,"key":"SMITH"},{"floor":12,"key":"REST"},{"floor":15,"key":"REST"}],"circlet_count":0,"master_deck":["Strike_MRS","Strike_MRS","Strike_MRS","Strike_MRS","Defend_MRS","Defend_MRS","Defend_MRS","Defend_MRS","MasterSpark","UpSweep","MilkyWay","StarBarrage","Panacea","PowerUp","infinitespire:NeuralNetwork","MagicChant+1","UnstableBomb","UltimateShortwave","PropBag"],"relics":["MiniHakkero","MagicBroom","Question Card","Bottled Tornado","InkBottle","hubris:Towel"],"acts_visited":["Exordium","TheCity"],"potions_floor_usage":[5,7,7,16,18,23],"damage_taken":[{"damage":0,"enemies":"infinitespire:Voidling","floor":1,"turns":3},{"damage":1,"enemies":"conspire:RoseBush","floor":2,"turns":3},{"damage":4,"enemies":"Jaw Worm","floor":4,"turns":3},{"damage":1,"enemies":"Blue Slaver","floor":5,"turns":2},{"damage":15,"enemies":"3 Sentries","floor":7,"turns":5},{"damage":16,"enemies":"Lots of Slimes","floor":13,"turns":4},{"damage":8,"enemies":"conspire:2 RoseBushes","floor":14,"turns":4},{"damage":1,"enemies":"Slime Boss","floor":16,"turns":6},{"damage":14,"enemies":"3 Byrds","floor":18,"turns":4},{"damage":2,"enemies":"Chosen","floor":20,"turns":3},{"damage":33,"enemies":"Snake Plant","floor":22,"turns":4},{"damage":24,"enemies":"Slavers","floor":23,"turns":1}],"seed_played":"8089806582303683458","potions_obtained":[{"floor":2,"key":"Guardian:BlockOnCardUsePotion"},{"floor":4,"key":"ShroomBrew"},{"floor":5,"key":"DistilledChaos"},{"floor":13,"key":"CultistPotion"},{"floor":18,"key":"hexamod:SoulburnPotion"}],"is_trial":false,"path_per_floor":["M","M","?","M","M","R","E","T","T","?","$","R","M","M","R","B",null,"M","$","M","?","M","E"],"character_chosen":"MARISA","items_purchased":["MagicBroom","MilkyWay","StarBarrage","Panacea","Strength Potion","PropBag"],"campfire_rested":2,"item_purchase_floors":[0,0,0,0,0,19],"current_hp_per_floor":[44,43,25,21,20,20,5,5,5,5,5,27,11,3,25,24,62,48,48,46,46,13,0,0],"gold":323,"neow_bonus":"","is_daily":false,"chose_seed":false,"campfire_upgraded":1,"win_rate":0.0,"timestamp":1611358818,"path_taken":["M","?","?","M","M","R","E","?","T","?","?","R","?","M","R","BOSS","M","$","M","?","M","E"],"items_purchased_type":["Relic","Card","Card","Card","Potion","Card"],"build_version":"2020-12-22","purchased_purges":0,"victory":false,"max_hp_per_floor":[75,75,75,75,75,75,75,75,75,75,75,75,75,75,75,75,75,75,75,75,75,75,75,75],"card_choices":[{"not_picked":["OrrerysSun","LuminesStrike","MysteriousBeam"],"picked":"SKIP","floor":1},{"not_picked":["WitchOfGreed","ManaConvection"],"picked":"PowerUp","floor":2},{"not_picked":["infinitespire:Execution","infinitespire:SealOfDarkness+"],"picked":"infinitespire:NeuralNetwork","floor":3},{"not_picked":["OneTimeOff","MysteriousBeam"],"picked":"MagicChant","floor":4},{"not_picked":["MysteriousBeam","RefractionSpark","Orbital"],"picked":"SKIP","floor":5},{"not_picked":["MaximisePower","MilkyWay","MeteoricShower"],"picked":"SKIP","floor":7},{"not_picked":["DoubleSpark","GasGiant","ChargingUp"],"picked":"UnstableBomb","floor":13},{"not_picked":["WitchLeyline","ChargingUp","EventHorizon","TreasureHunter"],"picked":"SKIP","floor":14},{"not_picked":["BlazingStar","AbsoluteMagnitude","ManaRampage"],"picked":"UltimateShortwave","floor":16},{"not_picked":["Acceleration+1","GrandCross","MysteriousBeam+1","WitchOfGreed"],"picked":"SKIP","floor":18},{"not_picked":["FairyDestructionRay","ChargeUpSpray","ShootingEcho+1","MagicChant"],"picked":"SKIP","floor":20},{"not_picked":["Orbital","ShootingEcho","PowerUp","MysteriousBeam"],"picked":"SKIP","floor":22}],"player_experience":660687,"relics_obtained":[{"floor":7,"key":"Question Card"},{"floor":8,"key":"Bottled Tornado"},{"floor":9,"key":"InkBottle"}],"event_choices":[{"damage_healed":0,"gold_gain":0,"player_choice":"Ignored","damage_taken":0,"max_hp_gain":0,"max_hp_loss":0,"event_name":"Ghosts","floor":21,"gold_loss":0}],"is_beta":false,"boss_relics":[{"not_picked":["aspiration:DefectSkillbook","aspiration:RunicSpoon","hubris:VirtuousBlindfold"]}],"items_purged_floors":[],"is_endless":false,"potions_floor_spawned":[2,4,5,13,18],"killed_by":"Slavers","ascension_level":6}}