{"host":"40gggw0x72bpm5se","time":1611317697,"event":{"mods":["ATMod(°¢èªMod)","Act Like it!","Aspiration","BaseMod","Better Vampires","Colored Map","Conspire","Energized Spire","Friendly Minions","Gensokyo","GungeonMod","GungeonMod Extend","Infinite Spire","Koishi","Library of Ruina","Library of Ruina Extra","Lobotomy","LobotomyExtend","Minty Spire (QoL Compilation)","Quarter Circle Forward PUNCH!","Quick Restart","Reimu£¨²©ÀöÁéÃÎ£©","Relic Stats","Replay The Spire","RumiaBox-Â¶Ã×æ«µÄÉñÃØºÐ×Ó","Shop Mod","Spicy Shops","StSLib","TestMod","The Alterego","UnlockEverythingMod","Waifu the Spire","Youmu£¨»êÆÇÑýÃÎ£©","vexMod","¡¾¹¦ÄÜMod¡¿»ìãçÖ®»·ÐÞ¸´²¹¶¡","¡¾ÒÅÎï¿¨ÅÆ¡¿REMEMod","Ä§½ä"],"gold_per_floor":[109,194,25,25,300,332,352,396,396,455,483,483,483],"floor_reached":12,"language":"ZHS","playtime":358,"items_purged":[],"score":151,"play_id":"baa347ee-aeda-4404-a324-1bc96ab5ffc4","local_time":"20210122201457","is_ascension_mode":true,"campfire_choices":[],"circlet_count":0,"master_deck":["RingOfDestiny:Defend_MB","RingOfDestiny:Strike_MB","RingOfDestiny:Strike_MB","RingOfDestiny:Strike_MB","RingOfDestiny:DeathLeakage","RingOfDestiny:DeathLeakage","RingOfDestiny:DarkShield","RingOfDestiny:GrowBullet","RingOfDestiny:RestraintRing","RingOfDestiny:InnerFocus","AT_OneInchPunch","RingOfDestiny:BloodyLeakage","RingOfDestiny:DevilKiss","RingOfDestiny:AmmoRain","RingOfDestiny:SecretAmmunition","Regret","RingOfDestiny:RapidFire","RingOfDestiny:OriginBullet","RingOfDestiny:EtchReflection","RingOfDestiny:Epilogue","RingOfDestiny:ForgeBullet"],"relics":["RingOfDestiny:Flintlock","REME_ComplimentaryCards","AT_ATBox","testmod-TestBox","aspiration:Nostalgia","DemoMod:Dog","testmod-ThousandKnives","Baka","LetterFromLob","Replay:Wax Seal","DemoMod:GnawedKey","The Courier","CeramicFish","Matryoshka","Mirror"],"acts_visited":["Exordium"],"potions_floor_usage":[8,8,12],"damage_taken":[{"damage":5,"enemies":"2 Louse","floor":1,"turns":2},{"damage":32,"enemies":"Gremlin Nob","floor":6,"turns":5},{"damage":2,"enemies":"conspire:RoseBush","floor":7,"turns":2},{"damage":7,"enemies":"3 Sentries","floor":8,"turns":6},{"damage":7,"enemies":"Gremlin Nob","floor":10,"turns":3},{"damage":6,"enemies":"Cultist","floor":11,"turns":4},{"damage":0,"enemies":"3 Sentries","floor":12,"turns":1}],"seed_played":"3476918206287576604","potions_obtained":[{"floor":6,"key":"AttackPotion"},{"floor":7,"key":"Fire Potion"},{"floor":11,"key":"Weak Potion"}],"is_trial":false,"path_per_floor":["M","?","$","?","?","E","M","E","T","E","M","E"],"character_chosen":"MagicBullet","items_purchased":["Replay:Wax Seal","DemoMod:GnawedKey"],"campfire_rested":0,"item_purchase_floors":[3,3],"current_hp_per_floor":[93,54,54,54,54,22,20,15,15,8,2,2,2],"gold":483,"neow_bonus":"NOSTALGIA","is_daily":false,"chose_seed":false,"campfire_upgraded":0,"win_rate":0.0,"timestamp":1611317697,"path_taken":["M","?","?","?","?","E","M","E","T","E","M","E"],"items_purchased_type":["Relic","Relic"],"build_version":"2020-12-22","purchased_purges":0,"victory":false,"max_hp_per_floor":[98,98,98,98,98,128,128,128,128,128,128,128,128],"relic_stats":{"counters":[7,23],"CeramicFish":27,"obtain_stats":[{"AT_ATBox":0,"testmod-TestBox":0,"DemoMod:Dog":0,"RingOfDestiny:Flintlock":0,"aspiration:Nostalgia":0,"CeramicFish":8,"DemoMod:GlassGuonStoneRelic":6,"The Courier":6,"Baka":1,"Matryoshka":9,"testmod-ThousandKnives":0,"LetterFromLob":1,"DemoMod:GnawedKey":3,"Replay:Wax Seal":3,"Mirror":10,"REME_ComplimentaryCards":0},{"AT_ATBox":0,"testmod-TestBox":0,"DemoMod:Dog":0,"RingOfDestiny:Flintlock":0,"aspiration:Nostalgia":0,"CeramicFish":4,"DemoMod:GlassGuonStoneRelic":2,"The Courier":2,"Baka":1,"Matryoshka":4,"testmod-ThousandKnives":0,"LetterFromLob":1,"DemoMod:GnawedKey":1,"Replay:Wax Seal":1,"Mirror":5,"REME_ComplimentaryCards":0},{"AT_ATBox":0,"testmod-TestBox":0,"DemoMod:Dog":0,"RingOfDestiny:Flintlock":0,"aspiration:Nostalgia":0,"CeramicFish":15,"DemoMod:GlassGuonStoneRelic":7,"The Courier":7,"Baka":2,"Matryoshka":15,"testmod-ThousandKnives":0,"LetterFromLob":2,"DemoMod:GnawedKey":2,"Replay:Wax Seal":2,"Mirror":18,"REME_ComplimentaryCards":0}]},"card_choices":[{"not_picked":["RingOfDestiny:FlowerOfDespair","RingOfDestiny:CovertOperation"],"picked":"RingOfDestiny:BloodyLeakage","floor":1},{"not_picked":["RingOfDestiny:BulletZero","RingOfDestiny:Reload"],"picked":"RingOfDestiny:DevilKiss","floor":2},{"not_picked":["RingOfDestiny:BlastBullet","RingOfDestiny:BloodyLeakage"],"picked":"RingOfDestiny:AmmoRain","floor":2},{"not_picked":["RingOfDestiny:BlastBullet","RingOfDestiny:BloodyLeakage"],"picked":"RingOfDestiny:SecretAmmunition","floor":2},{"not_picked":["RingOfDestiny:DarkShield","RingOfDestiny:InnerFocus"],"picked":"RingOfDestiny:RapidFire","floor":6},{"not_picked":["RingOfDestiny:GrowBullet","RingOfDestiny:PhantasmalAssailants"],"picked":"RingOfDestiny:OriginBullet","floor":7},{"not_picked":["RingOfDestiny:LoomingDeath","RingOfDestiny:DeadlyShoot"],"picked":"RingOfDestiny:EtchReflection","floor":8},{"not_picked":["RingOfDestiny:DoomsdayMark","RingOfDestiny:Underhand"],"picked":"RingOfDestiny:Epilogue","floor":10},{"not_picked":["RingOfDestiny:EtchSpirit","RingOfDestiny:FlowerOfDespair"],"picked":"RingOfDestiny:ForgeBullet","floor":11}],"player_experience":82436,"relics_obtained":[{"floor":1,"key":"Baka"},{"floor":1,"key":"LetterFromLob"},{"floor":6,"key":"The Courier"},{"floor":8,"key":"CeramicFish"},{"floor":9,"key":"Matryoshka"},{"floor":10,"key":"Mirror"}],"event_choices":[{"damage_healed":0,"gold_gain":0,"player_choice":"Disagree","damage_taken":0,"max_hp_gain":0,"max_hp_loss":0,"event_name":"conspire:LoneGhost","floor":4,"gold_loss":0},{"damage_healed":0,"gold_gain":275,"player_choice":"Desecrate","damage_taken":0,"max_hp_gain":0,"max_hp_loss":0,"event_name":"Golden Shrine","floor":5,"gold_loss":0,"cards_obtained":["Regret"]}],"is_beta":false,"boss_relics":[],"items_purged_floors":[],"is_endless":false,"potions_floor_spawned":[6,7,11],"killed_by":"3 Sentries","ascension_level":1}}