{"host":"lg2j834m1ujxvni0","time":1611358732,"event":{"mods":["AchievementEnabler","BaseMod","Beaked The Cultist","BetterRewards","Colored Map","Colored Powertips","Conspire","Friendly Minions","Googly Eyes","Hermit","Highlight Path","Hubris","Infinite Spire","Marisa????????","Minty Spire (QoL Compilation)","Quick Restart","Replay The Spire","Shop Mod","StSLib","The Bladedancer","The Bug Knight","The Construct","The Cursed","The Disciple","The Hierophant","The Jungle","The Necromancer","The Runesmith","The Servant 0.9.4"],"gold_per_floor":[109,119,119,119,294,329,340,340,340,340,361,42,42,63,63,182,182,197,218,218,241,156,156,156,191,214,227,65,65,65,84,84,210,210,223,246,226,247,52,52,65,105,157,181,181,215,233,247,247,247],"floor_reached":51,"language":"ENG","playtime":22691,"items_purged":["Doubt","Runesmith:UnstableHammer"],"score":829,"play_id":"d21512e9-23a5-4657-8222-b40771f21823","local_time":"20210122183852","is_ascension_mode":false,"campfire_choices":[{"data":"Runesmith:CraftMagma","floor":10.0,"key":"SMITH"},{"data":"Runesmith:Firestorm","floor":15.0,"key":"SMITH"},{"data":"infinitespire:Punishment","floor":23.0,"key":"SMITH"},{"data":"Runesmith:Permafrost","floor":29.0,"key":"SMITH"},{"data":"Runesmith:RunicBlueprint","floor":32.0,"key":"SMITH"},{"data":"Runesmith:Permafrost","floor":40.0,"key":"SMITH"}],"circlet_count":0,"master_deck":["conspire:GhostlyStrike","conspire:GhostlyStrike","conspire:GhostlyStrike","conspire:GhostlyStrike","conspire:GhostlyDefend","conspire:GhostlyDefend","conspire:GhostlyDefend","conspire:GhostlyDefend","Runesmith:CraftFirestone","Runesmith:Fortify","Runesmith:HeatedChisel+1","Runesmith:CraftMagma+1","Runesmith:HeatedChisel","Runesmith:HammerAndChisel","Runesmith:Grindstone","Runesmith:Firestorm+1","Runesmith:PerfectChisel","Runesmith:WhiteBalance","Runesmith:CraftPrismatica","Amnesia","Runesmith:CraftFirestone","Runesmith:Supernova","Trip","infinitespire:Punishment+1","Runesmith:HeatExchange","Runesmith:ChiselStab+1","ReplayTheSpireMod:Chaos Vortex","Runesmith:Accelerate","RitualDagger+1","Runesmith:Grindstone+1","Runesmith:EnergizedChisel","Runesmith:Permafrost+1","Runesmith:ChiselStab","Runesmith:Firewall+1","Runesmith:RunicBlueprint+1","Runesmith:MetallurgicalResearch+1","Runesmith:Grindstone","Runesmith:EnergizedChisel+1","Runesmith:FrozenChisel+1","Runesmith:Permafrost+1","Dark Shackles","Runesmith:EnergizedChisel+1","Runesmith:LithiumIon","Runesmith:ChaoticBlast","infinitespire:TheBestDefense","ReplayTheSpireMod:Haul","Runesmith:Repurpose+1","Runesmith:FrozenChisel","Runesmith:ChiselStab+1"],"relics":["Runesmith:CoreCrystal","NeowsBlessing","infinitespire:Broken Mirror","ReplayFunnel","Golden Idol","conspire:DecoderRing","Toolbox","ReplayTheSpireMod:SealedPack","hubris:SphereOfDissonance","Sundial","Bag of Marbles","ReplayTheSpireMod:Lightbulb","Replay:Grab Bag","beaked:SacredNecklace","ReplayTheSpireMod:Onyx Gauntlets","infinitespire:Satchel","War Paint","hubris:Potato","Toy Ornithopter"],"acts_visited":["Exordium","TheCity","TheBeyond"],"potions_floor_usage":[50],"damage_taken":[{"damage":0.0,"enemies":"Jaw Worm","floor":1.0,"turns":1.0},{"damage":0.0,"enemies":"Small Slimes","floor":2.0,"turns":1.0},{"damage":0.0,"enemies":"3 Sentries","floor":6.0,"turns":2.0},{"damage":0.0,"enemies":"2 Louse","floor":7.0,"turns":2.0},{"damage":1.0,"enemies":"Large Slime","floor":11.0,"turns":5.0},{"damage":10.0,"enemies":"conspire:2 RoseBushes","floor":14.0,"turns":3.0},{"damage":40.0,"enemies":"Fading Forest","floor":16.0,"turns":11.0},{"damage":6.0,"enemies":"Shell Parasite","floor":18.0,"turns":3.0},{"damage":0.0,"enemies":"Chosen","floor":19.0,"turns":3.0},{"damage":0.0,"enemies":"Snecko","floor":21.0,"turns":2.0},{"damage":1.0,"enemies":"HollowMod:Nosk","floor":25.0,"turns":6.0},{"damage":9.0,"enemies":"Snake Plant","floor":27.0,"turns":2.0},{"damage":3.0,"enemies":"conspire:HollyBat","floor":31.0,"turns":8.0},{"damage":32.0,"enemies":"Collector","floor":33.0,"turns":7.0},{"damage":3.0,"enemies":"3 Darklings","floor":35.0,"turns":4.0},{"damage":0.0,"enemies":"Orb Walker","floor":36.0,"turns":2.0},{"damage":17.0,"enemies":"4 Shapes","floor":38.0,"turns":5.0},{"damage":1.0,"enemies":"Spire Growth","floor":41.0,"turns":5.0},{"damage":11.0,"enemies":"Reptomancer","floor":42.0,"turns":6.0},{"damage":26.0,"enemies":"Jaw Worm Horde","floor":44.0,"turns":4.0},{"damage":2.0,"enemies":"Nightmare","floor":46.0,"turns":6.0},{"damage":0.0,"enemies":"4 Shapes","floor":47.0,"turns":4.0},{"damage":1.0,"enemies":"Maw","floor":48.0,"turns":6.0},{"damage":3,"enemies":"Time Eater","floor":50,"turns":8}],"seed_played":"7535716054009734818","potions_obtained":[{"floor":6.0,"key":"Flashbang"},{"floor":7.0,"key":"FearPotion"},{"floor":14.0,"key":"BlessingOfTheForge"},{"floor":25.0,"key":"AttackPotion"},{"floor":27.0,"key":"FearPotion"},{"floor":36.0,"key":"Fire Potion"},{"floor":37.0,"key":"Weak Potion"},{"floor":38.0,"key":"SkillPotion"},{"floor":44.0,"key":"GamblersBrew"},{"floor":47.0,"key":"Adrenaline Potion"},{"floor":48.0,"key":"SteroidPotion"}],"is_trial":false,"path_per_floor":["M","M","?","?","?","E","M","?","T","R","M","$","?","M","R","B",null,"M","M","AVR","M","?","R","?","E","T","M","$","R","?","M","R","B",null,"M","M","?","M","$","R","M","E","T","M","AVR","NM","M","M","R_BF","B",null],"character_chosen":"RUNESMITH_CLASS","items_purchased":["Runesmith:Grindstone","Runesmith:Firestorm","Runesmith:PerfectChisel","Toolbox","Runesmith:Permafrost","Runesmith:ChiselStab","Runesmith:Firewall","Runesmith:Permafrost","Dark Shackles"],"campfire_rested":0,"item_purchase_floors":[12,12,12,12,28,28,28,39,39],"current_hp_per_floor":[70,70,70,70,70,70,70,53,53,53,52,52,52,42,42,2,70,64,64,64,64,64,64,58,57,57,48,48,48,48,45,45,13,70,67,67,67,50,50,50,49,38,38,12,12,10,10,9,30,32],"gold":247,"neow_bonus":"THREE_ENEMY_KILL","is_daily":false,"chose_seed":false,"campfire_upgraded":6,"win_rate":0.0,"timestamp":1611358732,"path_taken":["M","M","?","?","?","E","M","?","T","R","M","$","?","?","R","BOSS","M","M","AVR","M","?","R","?","E","T","M","?","R","?","?","R","BOSS","M","M","?","?","?","R","M","E","T","?","AVR","NM","?","M","R_BF","BOSS"],"items_purchased_type":["Card","Card","Card","Relic","Card","Card","Card","Card","Card"],"build_version":"2020-12-22","purchased_purges":2,"victory":true,"max_hp_per_floor":[70,70,70,70,70,70,70,70,70,70,70,70,70,70,70,70,70,70,70,70,70,70,70,70,70,70,70,70,70,70,70,70,70,70,70,70,70,70,70,70,70,70,70,70,70,70,70,70,70,70],"card_choices":[{"not_picked":["Runesmith:Grindstone","Runesmith:Repurpose"],"picked":"Runesmith:HeatedChisel","floor":1.0},{"not_picked":["Runesmith:GoWithTheFlow","Runesmith:Electrocute"],"picked":"Runesmith:CraftMagma","floor":2.0},{"not_picked":["Runesmith:CraftMagma","Runesmith:Supernova"],"picked":"Runesmith:UnstableHammer","floor":6.0},{"not_picked":["Runesmith:CraftProtectio","Runesmith:Firewall"],"picked":"Runesmith:HeatedChisel","floor":7.0},{"not_picked":["Runesmith:Repurpose","Runesmith:StaticCage"],"picked":"Runesmith:HammerAndChisel","floor":11.0},{"not_picked":["Runesmith:UnstableHammer","Runesmith:Grindstone"],"picked":"Runesmith:WhiteBalance","floor":14.0},{"not_picked":["Runesmith:LightningRod","Runesmith:FissionHammer"],"picked":"Runesmith:CraftPrismatica","floor":16.0},{"not_picked":["Negative_Energy_Arrows","Vigilance"],"picked":"Runesmith:CraftFirestone","floor":17.0},{"not_picked":["Runesmith:GrandSlam","Runesmith:CreatorForm"],"picked":"Runesmith:Supernova","floor":17.0},{"not_picked":["hubris:Ssssneak","Blind"],"picked":"Trip","floor":17.0},{"not_picked":["infinitespire:FinalStrike","infinitespire:SealOfDarkness+"],"picked":"infinitespire:Punishment","floor":17.0},{"not_picked":["Runesmith:Retool","Runesmith:PoweredAnvil"],"picked":"Runesmith:HeatExchange","floor":18.0},{"not_picked":["Runesmith:Overpower","Runesmith:HeatedChisel"],"picked":"Runesmith:ChiselStab+1","floor":19.0},{"not_picked":["Runesmith:MakeshiftArmor","Runesmith:LastStand"],"picked":"Runesmith:Accelerate","floor":21.0},{"not_picked":["Runesmith:ChiselStab","Runesmith:Repurpose"],"picked":"Runesmith:Grindstone+1","floor":25.0},{"not_picked":["Runesmith:Repurpose","Runesmith:CraftMedicinae"],"picked":"Runesmith:EnergizedChisel","floor":27.0},{"not_picked":["Runesmith:Grindstone+1","Runesmith:HeatedChisel"],"picked":"Runesmith:RunicBlueprint","floor":31.0},{"not_picked":["Runesmith:FissionHammer","Runesmith:CreatorForm"],"picked":"Runesmith:MetallurgicalResearch","floor":33.0},{"not_picked":["Runesmith:UnstableHammer","Runesmith:Overpower+1"],"picked":"Runesmith:Grindstone","floor":35.0},{"not_picked":["Runesmith:StaticCage","Runesmith:ShiftingStrike"],"picked":"Runesmith:EnergizedChisel+1","floor":36.0},{"not_picked":["Runesmith:Grindstone+1","Runesmith:DoubleUp"],"picked":"Runesmith:FrozenChisel+1","floor":38.0},{"not_picked":["Runesmith:Overpower","Runesmith:HeatedChisel+1"],"picked":"Runesmith:EnergizedChisel+1","floor":41.0},{"not_picked":["Runesmith:EnergizedChisel","Runesmith:ChargedHammer+1"],"picked":"Runesmith:LithiumIon","floor":42.0},{"not_picked":["Runesmith:Repurpose+1","Runesmith:ShiftingStrike"],"picked":"Runesmith:ChaoticBlast","floor":44.0},{"not_picked":["infinitespire:Starlight","infinitespire:Oblivion"],"picked":"ReplayTheSpireMod:Haul","floor":46.0},{"not_picked":["Runesmith:DuctTape","Runesmith:Malloc+1"],"picked":"Runesmith:Repurpose+1","floor":46.0},{"not_picked":["Runesmith:Malloc+1","Runesmith:DoubleUp+1"],"picked":"Runesmith:FrozenChisel","floor":47.0},{"not_picked":["Runesmith:Grindstone+1","Runesmith:HeatExchange"],"picked":"Runesmith:ChiselStab+1","floor":48.0}],"player_experience":117329,"relics_obtained":[{"floor":3.0,"key":"infinitespire:Broken Mirror"},{"floor":6.0,"key":"ReplayFunnel"},{"floor":9.0,"key":"conspire:DecoderRing"},{"floor":25.0,"key":"Bag of Marbles"},{"floor":26.0,"key":"ReplayTheSpireMod:Lightbulb"},{"floor":42.0,"key":"infinitespire:Satchel"},{"floor":43.0,"key":"War Paint"},{"floor":46.0,"key":"Toy Ornithopter"}],"event_choices":[{"damage_healed":0.0,"max_hp_gain":0.0,"max_hp_loss":0.0,"gold_gain":175.0,"event_name":"Liars Game","player_choice":"AGREE","floor":5.0,"gold_loss":0.0,"damage_taken":0.0,"cards_obtained":["Doubt"]},{"damage_healed":0.0,"max_hp_gain":0.0,"max_hp_loss":0.0,"gold_gain":0.0,"event_name":"Golden Idol","player_choice":"Take Damage","floor":8.0,"gold_loss":0.0,"damage_taken":17.0,"relics_obtained":["Golden Idol"]},{"damage_healed":0.0,"max_hp_gain":0.0,"max_hp_loss":0.0,"gold_gain":0.0,"event_name":"conspire:LoneGhost","player_choice":"Agree","floor":13.0,"gold_loss":0.0,"damage_taken":0.0},{"damage_healed":0.0,"max_hp_gain":0.0,"max_hp_loss":0.0,"gold_gain":0.0,"event_name":"Addict","player_choice":"Obtained Relic","floor":22.0,"gold_loss":85.0,"damage_taken":0.0,"relics_obtained":["Sundial"]},{"damage_healed":0.0,"max_hp_gain":0.0,"max_hp_loss":0.0,"gold_gain":0.0,"event_name":"Nest","player_choice":"Joined the Cult","floor":24.0,"gold_loss":0.0,"damage_taken":6.0,"cards_obtained":["RitualDagger"]},{"damage_healed":0.0,"max_hp_gain":0.0,"max_hp_loss":0.0,"gold_gain":0.0,"event_name":"conspire:Investor","player_choice":"Leave","floor":30.0,"gold_loss":0.0,"damage_taken":0.0},{"damage_healed":0.0,"max_hp_gain":0.0,"max_hp_loss":0.0,"gold_gain":0.0,"event_name":"The Woman in Blue","player_choice":"Bought 1 Potion","floor":37.0,"gold_loss":0.0,"damage_taken":0.0}],"is_beta":false,"boss_relics":[{"not_picked":["Runic Dome","Replay:Bronze Core"],"picked":"ReplayTheSpireMod:SealedPack"},{"not_picked":["Kintsugi","beaked:MawFillet"],"picked":"Replay:Grab Bag"},{"not_picked":["hubris:GrandSneckoEye","conspire:SeveredTorchhead"],"picked":"beaked:SacredNecklace"},{"not_picked":["Runesmith:UraniumAnvil","hubris:VirtuousBlindfold"],"picked":"ReplayTheSpireMod:Onyx Gauntlets"},{"not_picked":["Ring of Chaos","Snecko Eye"],"picked":"Runesmith:CoreCrystal"}],"items_purged_floors":[20,39],"is_endless":false,"potions_floor_spawned":[6,7,14,25,27,36,38,44,47,48],"ascension_level":0}}