{"host":"0mk07bycsqo1qk03","time":1611315011,"event":{"mods":["BaseMod","Downfall","Hermit","Hubris","Minty Spire (QoL Compilation)","StSLib","The Cursed"],"gold_per_floor":[110,110,123,123,135,170,345,345,345,345,3,20,30,105,105,105,105],"floor_reached":16,"language":"ENG","playtime":1163,"items_purged":[],"score":160,"play_id":"bc4ea061-f3b2-4c96-95f1-e8cdf9cf531a","local_time":"20210122123011","is_ascension_mode":true,"campfire_choices":[{"floor":8,"key":"REST"},{"data":"Cloak And Dagger","floor":10,"key":"SMITH"},{"data":"Accuracy","floor":15,"key":"SMITH"}],"circlet_count":0,"master_deck":["AscendersBane","Strike_G","Strike_G","Strike_G","Strike_G","Strike_G","Defend_G","Defend_G","Defend_G","Defend_G","Defend_G","Survivor","Neutralize","Infinite Blades","PiercingWail","Storm of Steel","Underhanded Strike","Doubt","Cloak And Dagger+1","Footwork","Accuracy+1"],"relics":["Ring of the Snake","Boot","hubris:OldNail","hubris:Towel","Dream Catcher","Mercury Hourglass","hubris:TenFootPole","Sling"],"acts_visited":[],"potions_floor_usage":[6],"damage_taken":[{"damage":1,"enemies":"2 Louse","floor":1,"turns":3},{"damage":2,"enemies":"Jaw Worm","floor":3,"turns":4},{"damage":2,"enemies":"Small Slimes","floor":5,"turns":4},{"damage":31,"enemies":"Gremlin Nob","floor":6,"turns":5},{"damage":1,"enemies":"Looter","floor":12,"turns":3},{"damage":0,"enemies":"Red Slaver","floor":13,"turns":4},{"damage":32,"enemies":"The Guardian","floor":16,"turns":5}],"seed_played":"-6160976308335087982","potions_obtained":[{"floor":1,"key":"champ:CounterPotion"},{"floor":3,"key":"PowerPotion"}],"is_trial":false,"path_per_floor":["M","?","M","?","M","E","?","R","T","R","$","M","M","?","R","B"],"character_chosen":"THE_SILENT","items_purchased":["hubris:TenFootPole","Footwork","Sling"],"campfire_rested":1,"item_purchase_floors":[11,11,11],"current_hp_per_floor":[62,50,48,48,46,15,15,36,36,36,36,35,35,30,30,0,0],"gold":105,"neow_bonus":"RANDOM_COMMON_RELIC","is_daily":false,"chose_seed":false,"campfire_upgraded":2,"win_rate":0.0,"timestamp":1611315011,"path_taken":["M","?","M","?","M","E","?","R","T","R","$","?","M","?","R","BOSS"],"items_purchased_type":["Relic","Card","Relic"],"build_version":"2020-12-22","purchased_purges":0,"victory":false,"max_hp_per_floor":[70,70,70,70,70,70,70,70,70,70,70,70,70,70,70,70,70],"card_choices":[{"not_picked":["Slice","Caltrops"],"picked":"Infinite Blades","floor":1},{"not_picked":["Slice","Flechettes"],"picked":"PiercingWail","floor":3},{"not_picked":["Tactician","Setup"],"picked":"Storm of Steel","floor":5},{"not_picked":["Outmaneuver","hubris:TrickCloak"],"picked":"Underhanded Strike","floor":6},{"not_picked":["Dagger Spray","Bane"],"picked":"Cloak And Dagger","floor":8},{"not_picked":["Heel Hook","hubris:SlightOfHand"],"picked":"Accuracy","floor":12},{"not_picked":["Underhanded Strike","Outmaneuver","Deadly Poison"],"picked":"SKIP","floor":13}],"player_experience":949636,"relics_obtained":[{"floor":6,"key":"Dream Catcher"},{"floor":9,"key":"Mercury Hourglass"}],"event_choices":[{"damage_healed":0,"gold_gain":0,"player_choice":"Success","damage_taken":12,"relics_obtained":["hubris:OldNail"],"max_hp_gain":0,"max_hp_loss":0,"event_name":"Scrap Ooze","floor":2,"gold_loss":0},{"damage_healed":0,"gold_gain":175,"player_choice":"AGREE","damage_taken":0,"max_hp_gain":0,"max_hp_loss":0,"event_name":"Liars Game","floor":7,"gold_loss":0,"cards_obtained":["Doubt"]},{"damage_healed":0,"gold_gain":75,"player_choice":"Gather Gold","damage_taken":11,"max_hp_gain":0,"max_hp_loss":0,"event_name":"World of Goop","floor":14,"gold_loss":0}],"is_beta":false,"boss_relics":[],"items_purged_floors":[],"is_endless":false,"potions_floor_spawned":[1,3,5],"killed_by":"The Guardian","ascension_level":12}}