{"host":"n7mxhpjy89lltbhc","time":1611330604,"event":{"mods":["2.2 Compatiblity","Act Like it!","BaseMod","Better Match","Better Sensory Stone","Better Synergies","BetterRewards","Colored Map","Colored Powertips","Downfall","Exacting","Gensokyo","Infinite Spire","Jedi Mod","Marisa????????","Minty Spire (QoL Compilation)","Permanent Neow","Rare Cards Sparkle","Relic Stats","Shop Mod","Small Relic Pack","Spicy Shops","Spire Arcade","StSLib","The Blue Laboratory","The Servant 0.9.4","Waifu the Spire","Wandering Minibosses"],"gold_per_floor":[99,117,517,517,517,549,622,522,522,552,563,593,593,619,631,727,777,777,787,813,352,352,437,437,464,513,525,425,525,525,552,568,665,665,665,675,689,702,476,476,476,38,38,88,108,140,140,172,191,191],"floor_reached":51,"language":"ENG","playtime":2447,"items_purged":["Guardian:Strike_Guardian","Guardian:Strike_Guardian","Pride","Guardian:Strike_Guardian"],"score":1564,"play_id":"6c83d016-9855-41b5-9d65-69ad7197cafe","local_time":"25640122225004","is_ascension_mode":true,"campfire_choices":[{"floor":1,"key":"RECALL"},{"data":"Guardian:ShieldCharger","floor":8,"key":"SMITH"},{"data":"Guardian:BodySlam","floor":13,"key":"SMITH"},{"data":"Guardian:GatlingBeam","floor":18,"key":"SMITH"},{"floor":28,"key":"REST"},{"floor":30,"key":"REST"},{"data":"Guardian:TimeBomb","floor":35,"key":"SMITH"},{"data":"Guardian:PiercingHide","floor":47,"key":"SMITH"}],"circlet_count":0,"master_deck":["Guardian:Defend_Guardian+1","Guardian:Defend_Guardian+1","Guardian:Defend_Guardian","Guardian:Defend_Guardian","Guardian:CurlUp+1","Guardian:TwinSlam+1","Guardian:FloatingOrbs","Guardian:ShieldCharger+1","Guardian:BodySlam+1","Guardian:PolyBeam","Guardian:GatlingBeam+1","Guardian:Incinerate","Guardian:ChargeUp","Guardian:TimeSifter","Guardian:PiercingHide+1","Guardian:RevengeProtocol","Guardian:TimeBomb+1","Guardian:Orbwalk","Guardian:StasisStrike","Guardian:StasisField","Guardian:Gem_Lightblue","Guardian:Gem_Fragmented","Guardian:TemporalStrike","Guardian:BronzeArmor+1","Guardian:SpikerProtocol+1","Guardian:ConstructionForm"],"relics":["Guardian:ModeShifter","infinitespire:Satchel","Gremlin Horn","downfall:HeartBlessingRed","Regal Pillow","War Paint","Happy Flower","Tiny House","Membership Card","champ:DeflectingBracers","Singing Bowl","relicPack:DarknessArmor","Blue Candle","downfall:HeartBlessingGreen","jedi:matchstick","jedi:bottledfury","Snecko Eye","Pantograph","Bronze Scales","StrikeDummy","Guardian:BottledStasis","infinitespire:Joker Card","FossilizedHelix","Orrery","Pear","Mercury Hourglass","relicPack:DSword","Ginger","wanderingMiniBosses:OtherGremlinHorn","Blood Vial","infinitespire:EmpoweringShard"],"acts_visited":["Exordium","TheCity","TheBeyond"],"potions_floor_usage":[14,14,20,21,33,36,50],"damage_taken":[{"damage":7,"enemies":"Jaw Worm","floor":2,"turns":4},{"damage":26,"enemies":"Lagavulin","floor":6,"turns":10},{"damage":0,"enemies":"Cultist","floor":9,"turns":1},{"damage":0,"enemies":"Gremlin Nob","floor":10,"turns":4},{"damage":8,"enemies":"2 Louse","floor":11,"turns":2},{"damage":10,"enemies":"3 Sentries","floor":12,"turns":7},{"damage":0,"enemies":"Gremlin Nob","floor":14,"turns":3},{"damage":5,"enemies":"Blue Slaver","floor":15,"turns":2},{"damage":0,"enemies":"WA_ARCHETYPE_RETAIN","floor":16,"turns":6},{"damage":22,"enemies":"Spheric Guardian","floor":19,"turns":7},{"damage":14,"enemies":"Snake Plant","floor":20,"turns":4},{"damage":0,"enemies":"downfall:FleeingMerchant","floor":21,"turns":4},{"damage":24,"enemies":"Slavers","floor":25,"turns":5},{"damage":7,"enemies":"Chosen and Byrds","floor":26,"turns":3},{"damage":0,"enemies":"Centurion and Healer","floor":27,"turns":1},{"damage":17,"enemies":"SI_SHIV_ARCHETYPE","floor":29,"turns":4},{"damage":6,"enemies":"Book of Stabbing","floor":31,"turns":4},{"damage":11,"enemies":"Snake Plant","floor":32,"turns":3},{"damage":40,"enemies":"IC_MUSHROOM_ARCHETYPE","floor":33,"turns":5},{"damage":8,"enemies":"3 Darklings","floor":36,"turns":3},{"damage":11,"enemies":"3 Shapes","floor":37,"turns":5},{"damage":4,"enemies":"Transient","floor":38,"turns":5},{"damage":0,"enemies":"downfall:FleeingMerchant","floor":39,"turns":4},{"damage":4,"enemies":"downfall:FleeingMerchant","floor":42,"turns":3},{"damage":13,"enemies":"downfall:FleeingMerchant","floor":44,"turns":6},{"damage":0,"enemies":"3 Darklings","floor":45,"turns":3},{"damage":0,"enemies":"Reptomancer","floor":46,"turns":3},{"damage":14,"enemies":"Nemesis","floor":48,"turns":5},{"damage":0,"enemies":"Spire Growth","floor":49,"turns":3},{"damage":0,"enemies":"DF_ARCHETYPE_ORBS","floor":50,"turns":4}],"seed_played":"-2917484769738891997","potions_obtained":[{"floor":10,"key":"SpeedPotion"},{"floor":11,"key":"blueLaboratory:BubblePotion"},{"floor":12,"key":"Energy Potion"},{"floor":15,"key":"bronze:BurnAndBuffPotion"},{"floor":17,"key":"Fire Potion"},{"floor":20,"key":"DuplicationPotion"},{"floor":32,"key":"blueLaboratory:FruitPunch"},{"floor":38,"key":"AttackPotion"},{"floor":45,"key":"DistilledChaos"}],"is_trial":false,"path_per_floor":["R","M","?","?","?","E","T","R","M","E","M","E","R","E","M","B",null,"R","M","M","$","?","?","T","E","M","M","R","?","R","E","M","B",null,"R","M","M","M","$","?","T","?","?","?","M","E","R","E","M","B",null],"character_chosen":"GUARDIAN","items_purchased":["Membership Card","Guardian:TimeBomb","champ:DeflectingBracers","Singing Bowl","Guardian:Gem_Cyan","Pantograph","Bronze Scales","Guardian:BottledStasis","infinitespire:Joker Card","FossilizedHelix","Orrery","Pear","Mercury Hourglass"],"campfire_rested":2,"item_purchase_floors":[21,21,21,21,39,39,39,42,42,42,42,42,42],"current_hp_per_floor":[72,65,65,65,65,39,39,39,39,39,31,33,33,33,28,28,72,72,50,36,36,36,20,20,10,5,7,48,33,75,69,58,20,75,75,67,56,52,52,56,56,66,31,45,47,49,49,39,43,70],"gold":191,"neow_bonus":"UPGRADE_CARD","is_daily":false,"chose_seed":false,"campfire_upgraded":5,"win_rate":0.0,"timestamp":1611330604,"path_taken":["R","M","?","?","?","E","T","R","M","E","M","E","R","E","M","BOSS","R","M","M","$","?","?","T","E","M","?","R","?","R","E","M","BOSS","R","M","M","M","$","?","T","?","?","?","M","E","R","E","M","BOSS"],"items_purchased_type":["Relic","Card","Relic","Relic","Card","Relic","Relic","Relic","Relic","Relic","Relic","Relic","Relic"],"build_version":"2020-12-22","purchased_purges":4,"victory":true,"max_hp_per_floor":[80,80,80,80,80,80,80,80,80,80,80,80,80,80,80,80,85,85,85,85,85,85,85,85,85,87,89,89,91,91,91,91,93,93,93,93,93,93,93,97,97,111,111,113,115,117,117,119,121,121],"relic_stats":{"Regal Pillow":30,"Gremlin Horn":[20,21],"Happy Flower":[30],"Singing Bowl":24,"counters":[30,120],"Blue Candle":[0],"Ginger":[0],"War Paint":["Guardian:Defend_Guardian","Guardian:Defend_Guardian"],"Mercury Hourglass":[80],"Blood Vial":6,"Pantograph":50,"Bronze Scales":[53],"Snecko Eye":[82,82,60,98],"obtain_stats":[{"Regal Pillow":10,"Tiny House":17,"relicPack:DSword":43,"Gremlin Horn":7,"Singing Bowl":21,"downfall:HeartBlessingGreen":28,"relicPack:DarknessArmor":24,"jedi:bottledfury":29,"Ginger":44,"wanderingMiniBosses:OtherGremlinHorn":44,"Blood Vial":46,"downfall:BrokenWingStatue":5,"Pantograph":39,"jedi:matchstick":29,"Guardian:BottledStasis":42,"Pear":42,"downfall:HeartBlessingRed":8,"Happy Flower":14,"Blue Candle":25,"Guardian:ModeShifter":0,"champ:DeflectingBracers":21,"infinitespire:Joker Card":42,"War Paint":12,"Mercury Hourglass":42,"Bronze Scales":39,"infinitespire:Satchel":6,"Snecko Eye":34,"Orrery":42,"infinitespire:EmpoweringShard":48,"Membership Card":21,"StrikeDummy":41,"FossilizedHelix":42},{"Regal Pillow":4,"Tiny House":9,"relicPack:DSword":24,"Gremlin Horn":2,"Singing Bowl":12,"downfall:HeartBlessingGreen":15,"relicPack:DarknessArmor":12,"jedi:bottledfury":16,"Ginger":25,"wanderingMiniBosses:OtherGremlinHorn":25,"Blood Vial":27,"downfall:BrokenWingStatue":1,"Pantograph":23,"jedi:matchstick":16,"Guardian:BottledStasis":24,"Pear":24,"downfall:HeartBlessingRed":2,"Happy Flower":7,"Blue Candle":13,"Guardian:ModeShifter":0,"champ:DeflectingBracers":12,"infinitespire:Joker Card":24,"War Paint":6,"Mercury Hourglass":24,"Bronze Scales":23,"infinitespire:Satchel":2,"Snecko Eye":19,"Orrery":24,"infinitespire:EmpoweringShard":28,"Membership Card":12,"StrikeDummy":23,"FossilizedHelix":24},{"Regal Pillow":19,"Tiny House":39,"relicPack:DSword":97,"Gremlin Horn":14,"Singing Bowl":54,"downfall:HeartBlessingGreen":62,"relicPack:DarknessArmor":54,"jedi:bottledfury":66,"Ginger":102,"wanderingMiniBosses:OtherGremlinHorn":102,"Blood Vial":108,"downfall:BrokenWingStatue":4,"Pantograph":94,"jedi:matchstick":66,"Guardian:BottledStasis":97,"Pear":97,"downfall:HeartBlessingRed":14,"Happy Flower":31,"Blue Candle":58,"Guardian:ModeShifter":0,"champ:DeflectingBracers":54,"infinitespire:Joker Card":97,"War Paint":28,"Mercury Hourglass":97,"Bronze Scales":94,"infinitespire:Satchel":14,"Snecko Eye":77,"Orrery":97,"infinitespire:EmpoweringShard":113,"Membership Card":54,"StrikeDummy":94,"FossilizedHelix":97}]},"card_choices":[{"not_picked":["Guardian:Orbwalk","Guardian:ShieldSpikes"],"picked":"Guardian:FloatingOrbs","floor":2},{"not_picked":["Guardian:WalkerClaw","Guardian:Incinerate"],"picked":"Guardian:ShieldCharger","floor":6},{"not_picked":["Guardian:Recover","Guardian:WalkerClaw"],"picked":"Guardian:BodySlam","floor":9},{"not_picked":["Guardian:Harden","Guardian:Suspension","Guardian:PrimingBeam"],"picked":"SKIP","floor":10},{"not_picked":["Guardian:Planning","Guardian:ShieldSpikes","Guardian:Clone"],"picked":"SKIP","floor":11},{"not_picked":["Guardian:PrimingBeam","Guardian:TimeBomb"],"picked":"Guardian:PolyBeam","floor":12},{"not_picked":["Guardian:TimeBomb","Guardian:Gem_Red"],"picked":"Guardian:GatlingBeam","floor":14},{"not_picked":["Guardian:Planning","Guardian:Reroute"],"picked":"Guardian:Incinerate","floor":14},{"not_picked":["Guardian:TemporalShield","Guardian:HyperBeam_Guardian"],"picked":"Guardian:ChargeUp","floor":15},{"not_picked":["Guardian:ConstructionForm","Guardian:StasisField"],"picked":"Guardian:TimeSifter","floor":16},{"not_picked":["Guardian:Preprogram","Guardian:RollAttack"],"picked":"Guardian:Gem_Yellow","floor":17},{"not_picked":["Guardian:PrismaticBarrier","Guardian:EvasiveProtocol"],"picked":"Guardian:PiercingHide","floor":19},{"not_picked":["Guardian:Reroute","Guardian:TemporalShield"],"picked":"Guardian:Gem_Cyan","floor":20},{"not_picked":["Guardian:Repulse","Guardian:FuturePlans+1"],"picked":"Guardian:RevengeProtocol","floor":21},{"not_picked":["Guardian:Suspension","Guardian:ShieldSpikes+1"],"picked":"Guardian:Orbwalk","floor":25},{"not_picked":["Guardian:TimeBomb+1","Guardian:WalkerClaw","Guardian:SentryBeam"],"picked":"Singing Bowl","floor":26},{"not_picked":["Guardian:DonusPower+1","Guardian:Gem_Cyan","Guardian:PiercingHide"],"picked":"Singing Bowl","floor":27},{"not_picked":["Guardian:Harden","Guardian:FloatingOrbs","Guardian:TemporalShield"],"picked":"Singing Bowl","floor":29},{"not_picked":["Guardian:Emergency","Guardian:SentryBeam"],"picked":"Guardian:Gem_Red","floor":31},{"not_picked":["Guardian:RefractedBeam","Guardian:Gem_Red"],"picked":"Guardian:StasisStrike","floor":32},{"not_picked":["Guardian:GemFire","Guardian:CompilePackage"],"picked":"Guardian:StasisField","floor":33},{"not_picked":["Guardian:ChargeCore","Guardian:PrimingBeam"],"picked":"Guardian:Gem_Lightblue","floor":36},{"not_picked":["Guardian:RollAttack+1","Guardian:Suspension+1"],"picked":"Guardian:Gem_Crimson","floor":37},{"not_picked":["Guardian:CrystalBeam","Guardian:SpikerProtocol+1"],"picked":"Guardian:Gem_Fragmented","floor":38},{"not_picked":["Guardian:PiercingHide","Guardian:CompilePackage"],"picked":"Guardian:TemporalStrike","floor":39},{"not_picked":["jedi:forcepull","Trip","Enlightenment"],"picked":"Singing Bowl","floor":40},{"not_picked":["Madness","jedi:LeechingStrike","jedi:forcepull"],"picked":"Singing Bowl","floor":40},{"not_picked":["Guardian:ChargeCore","Guardian:Gem_Red"],"picked":"Guardian:BronzeArmor+1","floor":42},{"not_picked":["Guardian:PrimingBeam+1","Guardian:SpikerProtocol+1","Guardian:CrystalBeam+1"],"picked":"Singing Bowl","floor":42},{"not_picked":["Guardian:Preprogram","Guardian:DecasProtection","Guardian:Clone+1"],"picked":"Singing Bowl","floor":42},{"not_picked":["Guardian:Planning","Guardian:Gem_Yellow"],"picked":"Guardian:SpikerProtocol+1","floor":42},{"not_picked":["Guardian:ShieldCharger+1","Guardian:CrystalBeam"],"picked":"Guardian:Gem_Blue","floor":42},{"not_picked":["Guardian:BodySlam","Guardian:PrimingBeam"],"picked":"Guardian:ConstructionForm","floor":42},{"not_picked":["Guardian:Clone+1","Guardian:TemporalStrike","Guardian:Gem_Green"],"picked":"Singing Bowl","floor":44},{"not_picked":["Guardian:MultiBeam","Guardian:PrismaticBarrier+1","Guardian:Clone+1"],"picked":"Singing Bowl","floor":45},{"not_picked":["Guardian:Gem_Cyan","Guardian:StasisField","Guardian:WalkerClaw"],"picked":"Singing Bowl","floor":46},{"not_picked":["Guardian:Clone","Guardian:Planning","Guardian:Gem_Red"],"picked":"Singing Bowl","floor":48},{"not_picked":["Guardian:Gem_Lightblue","Guardian:PolyBeam","Guardian:VentSteam"],"picked":"Singing Bowl","floor":49}],"player_experience":1021135,"relics_obtained":[{"floor":6,"key":"infinitespire:Satchel"},{"floor":7,"key":"Gremlin Horn"},{"floor":10,"key":"Regal Pillow"},{"floor":12,"key":"War Paint"},{"floor":14,"key":"Happy Flower"},{"floor":24,"key":"relicPack:DarknessArmor"},{"floor":25,"key":"Blue Candle"},{"floor":29,"key":"jedi:matchstick"},{"floor":29,"key":"jedi:bottledfury"},{"floor":41,"key":"StrikeDummy"},{"floor":44,"key":"Ginger"},{"floor":44,"key":"wanderingMiniBosses:OtherGremlinHorn"},{"floor":46,"key":"Blood Vial"},{"floor":48,"key":"infinitespire:EmpoweringShard"}],"event_choices":[{"damage_healed":0,"gold_gain":3,"player_choice":"1","damage_taken":0,"max_hp_gain":0,"max_hp_loss":0,"event_name":"betterStone:BetterStone","floor":40,"gold_loss":0}],"is_beta":false,"boss_relics":[{"not_picked":["SacredBark","infinitespire:Cupcake"],"picked":"Tiny House"},{"not_picked":["relicPack:StarArrow","relicPack:KazumaCape"],"picked":"Snecko Eye"}],"items_purged_floors":[21,21,39,42],"is_endless":false,"potions_floor_spawned":[10,11,15,19,20,26,32,38,45,46],"ascension_level":8}}