{"host":"foq4mrde4mssg7vt","time":1611339810,"event":{"mods":["AchievementEnabler","BaseMod","Colored Map","Colored Powertips","Highlight Path","Minty Spire (QoL Compilation)","Relic Stats","everything is the same but u backflip on backflip"],"gold_per_floor":[114,129,146,166,180,180,194,194,241,241,259,259,279,293,293,371,371,382,392,171,171,171],"floor_reached":21,"language":"ENG","playtime":575,"items_purged":["Zap"],"score":354,"play_id":"80af0a9b-87bd-4e2b-8005-4967dbb882c7","local_time":"20210123022330","is_ascension_mode":true,"campfire_choices":[{"data":"Rip and Tear","floor":6,"key":"SMITH"},{"data":"Go for the Eyes","floor":8,"key":"SMITH"},{"floor":10,"key":"REST"},{"data":"Beam Cell","floor":15,"key":"SMITH"}],"circlet_count":0,"master_deck":["AscendersBane","Strike_B","Strike_B","Strike_B","Strike_B","Defend_B","Defend_B","Defend_B","Defend_B","Dualcast","Go for the Eyes+1","Rip and Tear+1","Rebound","Compile Driver","Conserve Battery","Streamline+1","Chill","Beam Cell+1","Rainbow","Coolheaded+1","Reprogram","Gash"],"relics":["Busted Crown","Regal Pillow","SacredBark"],"acts_visited":["Exordium","TheCity"],"potions_floor_usage":[16,18],"damage_taken":[{"damage":0,"enemies":"Small Slimes","floor":1,"turns":2},{"damage":0,"enemies":"Cultist","floor":2,"turns":4},{"damage":4,"enemies":"2 Louse","floor":3,"turns":2},{"damage":13,"enemies":"Blue Slaver","floor":4,"turns":3},{"damage":6,"enemies":"Looter","floor":5,"turns":2},{"damage":10,"enemies":"Red Slaver","floor":7,"turns":2},{"damage":3,"enemies":"3 Louse","floor":11,"turns":3},{"damage":0,"enemies":"2 Fungi Beasts","floor":13,"turns":3},{"damage":6,"enemies":"Looter","floor":14,"turns":3},{"damage":58,"enemies":"Slime Boss","floor":16,"turns":10},{"damage":0,"enemies":"3 Byrds","floor":18,"turns":3},{"damage":14,"enemies":"Spheric Guardian","floor":19,"turns":4},{"damage":44,"enemies":"Cultist and Chosen","floor":21,"turns":5}],"seed_played":"-5706166468517315847","potions_obtained":[{"floor":2,"key":"Weak Potion"},{"floor":4,"key":"Regen Potion"},{"floor":16,"key":"LiquidBronze"}],"is_trial":false,"path_per_floor":["M","M","M","M","M","R","M","R","T","R","M","?","M","M","R","B",null,"M","M","$","M"],"character_chosen":"DEFECT","items_purchased":["Reprogram","Gash"],"campfire_rested":1,"item_purchase_floors":[20,20],"current_hp_per_floor":[64,64,60,47,41,41,31,31,31,67,64,64,64,58,58,14,57,57,43,43,0,0],"gold":171,"neow_bonus":"BOSS_RELIC","is_daily":false,"chose_seed":false,"campfire_upgraded":3,"win_rate":0.0,"timestamp":1611339810,"path_taken":["M","M","M","M","M","R","M","R","T","R","M","?","M","M","R","BOSS","M","M","$","M"],"items_purchased_type":["Card","Card"],"build_version":"2020-12-22","purchased_purges":1,"victory":false,"max_hp_per_floor":[71,71,71,71,71,71,71,71,71,71,71,71,71,71,71,71,71,71,71,71,71,71],"relic_stats":{"Regal Pillow":15,"Busted Crown":24,"counters":[13,46],"obtain_stats":[{"Regal Pillow":9,"Busted Crown":0,"SacredBark":17,"Cracked Core":0},{"Regal Pillow":6,"Busted Crown":0,"SacredBark":10,"Cracked Core":0},{"Regal Pillow":15,"Busted Crown":0,"SacredBark":34,"Cracked Core":0}]},"card_choices":[{"not_picked":[],"picked":"Go for the Eyes","floor":1},{"not_picked":[],"picked":"Rip and Tear","floor":2},{"not_picked":[],"picked":"Rebound","floor":3},{"not_picked":["Redo"],"picked":"SKIP","floor":4},{"not_picked":[],"picked":"Compile Driver","floor":5},{"not_picked":[],"picked":"Conserve Battery","floor":7},{"not_picked":[],"picked":"Streamline","floor":11},{"not_picked":[],"picked":"Chill","floor":13},{"not_picked":[],"picked":"Beam Cell","floor":14},{"not_picked":[],"picked":"Rainbow","floor":16},{"not_picked":[],"picked":"Coolheaded+1","floor":18},{"not_picked":["Melter+1"],"picked":"SKIP","floor":19}],"player_experience":558557,"relics_obtained":[{"floor":9,"key":"Regal Pillow"}],"event_choices":[{"damage_healed":0,"gold_gain":0,"player_choice":"Grow","damage_taken":0,"max_hp_gain":0,"max_hp_loss":0,"event_name":"Living Wall","floor":12,"gold_loss":0,"cards_upgraded":["Streamline"]}],"is_beta":false,"boss_relics":[{"not_picked":["Fusion Hammer","Ectoplasm"],"picked":"SacredBark"}],"items_purged_floors":[20],"is_endless":false,"potions_floor_spawned":[2,4,7,14,16],"killed_by":"Cultist and Chosen","ascension_level":20}}