{"host":"mi0eibewekhugwl1","time":1611315894,"event":{"mods":["AchievementEnabler","BaseMod","Colored Map","Colored Powertips","DeckTracker","Keyboard Shortcuts","Minty Spire (QoL Compilation)","Quick Restart","Rare Cards Sparkle","Relic Stats","StSLib","SuperFastMode","everything is the same but u backflip on backflip"],"gold_per_floor":[115,130,145,420,432,460,99,119,144,144,144,155,189,189,189,263,263,263,263,178,178,178,178,195,195,195,195,211,211,225,0,0,0,0],"floor_reached":33,"language":"KOR","playtime":520,"items_purged":["Regret"],"score":510,"play_id":"31b8fd07-a2f3-4481-ae1f-d237c662a5ba","local_time":"20210122204454","is_ascension_mode":true,"campfire_choices":[{"data":"Zap","floor":10,"key":"SMITH"},{"data":"Beam Cell","floor":15,"key":"SMITH"},{"data":"Dualcast","floor":23,"key":"SMITH"},{"data":"Self Repair","floor":25,"key":"SMITH"},{"data":"Darkness","floor":27,"key":"SMITH"},{"floor":29,"key":"REST"},{"data":"Rainbow","floor":32,"key":"SMITH"}],"circlet_count":0,"master_deck":["AscendersBane","Strike_B","Strike_B","Strike_B","Strike_B","Defend_B","Defend_B","Defend_B","Defend_B","Zap+1","Dualcast+1","Sweeping Beam","Cold Snap","Rip and Tear","Ball Lightning","Beam Cell+1","Buffer+1","Self Repair+1","Darkness+1","Echo Form","Turbo","Undo","Conserve Battery","Rainbow+1"],"relics":["Cracked Core","NeowsBlessing","Vajra","Eternal Feather","Bag of Marbles","Tiny Chest","Philosopher\u0027s Stone","Akabeko","HornCleat","Frozen Egg 2"],"acts_visited":["Exordium","TheCity"],"potions_floor_usage":[6,12,13,18,33],"damage_taken":[{"damage":0,"enemies":"Cultist","floor":1,"turns":1},{"damage":0,"enemies":"Small Slimes","floor":2,"turns":1},{"damage":0,"enemies":"2 Louse","floor":3,"turns":1},{"damage":11,"enemies":"Blue Slaver","floor":5,"turns":3},{"damage":38,"enemies":"Gremlin Nob","floor":6,"turns":4},{"damage":0,"enemies":"2 Fungi Beasts","floor":8,"turns":2},{"damage":7,"enemies":"Exordium Wildlife","floor":12,"turns":2},{"damage":8,"enemies":"3 Sentries","floor":13,"turns":6},{"damage":18,"enemies":"Slime Boss","floor":16,"turns":8},{"damage":0,"enemies":"2 Thieves","floor":18,"turns":1},{"damage":65,"enemies":"3 Byrds","floor":24,"turns":4},{"damage":36,"enemies":"Snake Plant","floor":28,"turns":5},{"damage":12,"enemies":"Shelled Parasite and Fungi","floor":30,"turns":4},{"damage":75,"enemies":"Automaton","floor":33,"turns":8}],"seed_played":"-8278355852714258356","potions_obtained":[{"floor":2,"key":"SkillPotion"},{"floor":5,"key":"FocusPotion"},{"floor":6,"key":"Ancient Potion"},{"floor":12,"key":"ColorlessPotion"},{"floor":13,"key":"SmokeBomb"},{"floor":28,"key":"Regen Potion"}],"is_trial":false,"path_per_floor":["M","M","M","?","M","E","$","M","T","R","?","M","E","?","R","B",null,"M","?","?","T","?","R","M","R","T","R","M","R","M","$","R","B"],"character_chosen":"DEFECT","items_purchased":["Eternal Feather","Rainbow","Swift Potion"],"campfire_rested":1,"item_purchase_floors":[7,31,31],"current_hp_per_floor":[64,64,64,64,53,15,15,15,15,24,24,17,16,16,25,14,57,64,64,64,64,64,71,20,32,32,44,18,51,49,49,61,0,0],"gold":0,"neow_bonus":"THREE_ENEMY_KILL","is_daily":false,"chose_seed":false,"campfire_upgraded":6,"win_rate":0.0,"timestamp":1611315894,"path_taken":["M","M","?","?","?","E","$","M","T","R","?","M","E","?","R","BOSS","M","?","?","?","?","R","M","R","T","R","M","R","M","$","R","BOSS"],"items_purchased_type":["Relic","Card","Potion"],"build_version":"2020-12-22","purchased_purges":1,"victory":false,"max_hp_per_floor":[71,71,71,71,71,71,71,71,71,71,71,71,71,71,71,71,71,71,71,71,71,71,71,71,71,71,71,71,71,71,71,71,71,71],"relic_stats":{"counters":[14,50],"Eternal Feather":73,"Tiny Chest":1,"obtain_stats":[{"HornCleat":21,"NeowsBlessing":0,"Vajra":6,"Eternal Feather":7,"Tiny Chest":13,"Philosopher\u0027s Stone":17,"Bag of Marbles":9,"Frozen Egg 2":26,"Cracked Core":0,"Akabeko":20},{"HornCleat":10,"NeowsBlessing":0,"Vajra":5,"Eternal Feather":5,"Tiny Chest":8,"Philosopher\u0027s Stone":9,"Bag of Marbles":6,"Frozen Egg 2":11,"Cracked Core":0,"Akabeko":10},{"HornCleat":29,"NeowsBlessing":0,"Vajra":10,"Eternal Feather":10,"Tiny Chest":20,"Philosopher\u0027s Stone":28,"Bag of Marbles":12,"Frozen Egg 2":33,"Cracked Core":0,"Akabeko":29}]},"card_choices":[{"not_picked":["Hologram","Barrage"],"picked":"Sweeping Beam","floor":1},{"not_picked":["Compile Driver","Leap"],"picked":"Cold Snap","floor":2},{"not_picked":["Barrage","Undo"],"picked":"Rip and Tear","floor":3},{"not_picked":["Steam","Consume"],"picked":"Ball Lightning","floor":5},{"not_picked":["Force Field","Fusion"],"picked":"Beam Cell","floor":6},{"not_picked":["Chaos","Leap"],"picked":"Buffer","floor":8},{"not_picked":["Loop","Redo"],"picked":"Self Repair","floor":12},{"not_picked":["Ball Lightning","Reprogram"],"picked":"Darkness","floor":13},{"not_picked":["Machine Learning","Fission"],"picked":"Echo Form","floor":16},{"not_picked":["Streamline","Compile Driver"],"picked":"Turbo","floor":24},{"not_picked":["Turbo","Reprogram"],"picked":"Undo","floor":28},{"not_picked":["Sweeping Beam","Leap"],"picked":"Conserve Battery","floor":30}],"player_experience":1753105,"relics_obtained":[{"floor":6,"key":"Vajra"},{"floor":9,"key":"Bag of Marbles"},{"floor":13,"key":"Tiny Chest"},{"floor":21,"key":"HornCleat"},{"floor":26,"key":"Frozen Egg 2"}],"event_choices":[{"damage_healed":0,"gold_gain":275,"player_choice":"Desecrate","damage_taken":0,"max_hp_gain":0,"max_hp_loss":0,"event_name":"Golden Shrine","floor":4,"gold_loss":0,"cards_obtained":["Regret"]},{"damage_healed":0,"gold_gain":0,"player_choice":"Ignored","damage_taken":0,"max_hp_gain":0,"max_hp_loss":0,"event_name":"Shining Light","floor":11,"gold_loss":0},{"damage_healed":0,"gold_gain":0,"player_choice":"Grow","damage_taken":0,"max_hp_gain":0,"max_hp_loss":0,"event_name":"Living Wall","floor":14,"gold_loss":0,"cards_upgraded":["Buffer"]},{"damage_healed":0,"gold_gain":0,"player_choice":"Ignored","damage_taken":0,"max_hp_gain":0,"max_hp_loss":0,"event_name":"Vampires","floor":19,"gold_loss":0},{"damage_healed":0,"gold_gain":0,"player_choice":"Obtained Relic","damage_taken":0,"relics_obtained":["Akabeko"],"max_hp_gain":0,"max_hp_loss":0,"event_name":"Addict","floor":20,"gold_loss":85},{"damage_healed":0,"gold_gain":0,"player_choice":"Ignored","damage_taken":0,"max_hp_gain":0,"max_hp_loss":0,"event_name":"The Mausoleum","floor":22,"gold_loss":0}],"is_beta":false,"boss_relics":[{"not_picked":["Empty Cage","FrozenCore"],"picked":"Philosopher\u0027s Stone"}],"items_purged_floors":[7],"is_endless":false,"potions_floor_spawned":[2,5,6,12,13,28],"killed_by":"Automaton","ascension_level":20}}