{"host":"jkv7p1g4a08kh4zt","time":1611345836,"event":{"mods":["BaseMod","Downfall","Minty Spire (QoL Compilation)","StSLib"],"gold_per_floor":[99,118,193,193,193,193,216,236,236,250,260,270,270,305,325,421,421,421,440,460,460,478,478,528,628,643,643,22,50,150,170,187,187,187,187],"floor_reached":33,"language":"ENG","playtime":2046,"items_purged":[],"score":269,"play_id":"b1ff8476-667b-4b80-9a13-c89cbb332d8f","local_time":"20210122200356","is_ascension_mode":false,"campfire_choices":[{"data":"Slimebound:CorrosiveSpit","floor":1,"key":"SMITH"},{"data":"Slimebound:Schlurp","floor":6,"key":"SMITH"},{"data":"Slimebound:FinishingTackle","floor":9,"key":"SMITH"},{"data":"Slimebound:FinishingTackle","floor":13,"key":"SMITH"},{"data":"Slimebound:ItLooksTasty","floor":18,"key":"SMITH"},{"data":"Slimebound:GoopSpray","floor":23,"key":"SMITH"},{"data":"Slimebound:GoopTackle","floor":27,"key":"SMITH"}],"circlet_count":0,"master_deck":["Slimebound:Tackle","Slimebound:Defend_Slimebound","Slimebound:Defend_Slimebound","Slimebound:Defend_Slimebound","Slimebound:Defend_Slimebound","Slimebound:Split","Slimebound:CorrosiveSpit+1","Slimebound:Schlurp+1","Slimebound:FinishingTackle+1","Slimebound:GoopSpray+1","Slimebound:FinishingTackle+1","Slimebound:ItLooksTasty+1","Slimebound:SamplingLick+1","Slimebound:HauntingLick","Slimebound:GoopSpray","J.A.X.","Slimebound:MegaLick","Slimebound:GoopTackle+1","Slimebound:Dissolve","Slimebound:LeechingTouch","Slimebound:Gluttony","Slimebound:MegaLick","Slimebound:ItLooksTasty","Slimebound:RainOfGoop","Slimebound:HauntingLick","Slimebound:Equalize"],"relics":["Slimebound:AbsorbEndCombat","Blood Vial","Pen Nib","Sozu","Lantern","MutagenicStrength","ClockworkSouvenir","Letter Opener","Bag of Preparation"],"acts_visited":["Exordium","TheCity"],"potions_floor_usage":[29,31],"damage_taken":[{"damage":1,"enemies":"Cultist","floor":2,"turns":4},{"damage":3,"enemies":"Small Slimes","floor":8,"turns":3},{"damage":4,"enemies":"Jaw Worm","floor":10,"turns":2},{"damage":18,"enemies":"Lots of Slimes","floor":11,"turns":5},{"damage":5,"enemies":"Red Slaver","floor":12,"turns":2},{"damage":26,"enemies":"Lagavulin","floor":14,"turns":6},{"damage":13,"enemies":"Large Slime","floor":15,"turns":4},{"damage":45,"enemies":"DF_ARCHETYPE_STREAMLINE","floor":16,"turns":9},{"damage":8,"enemies":"Spheric Guardian","floor":19,"turns":4},{"damage":19,"enemies":"Snecko","floor":20,"turns":4},{"damage":0,"enemies":"Centurion and Healer","floor":22,"turns":4},{"damage":37,"enemies":"downfall:Augmenter","floor":25,"turns":5},{"damage":15,"enemies":"Snake Plant","floor":26,"turns":3},{"damage":14,"enemies":"downfall:FleeingMerchant","floor":28,"turns":4},{"damage":11,"enemies":"Book of Stabbing","floor":29,"turns":3},{"damage":3,"enemies":"Sentry and Sphere","floor":31,"turns":2},{"damage":0,"enemies":"Snecko","floor":32,"turns":2},{"damage":64,"enemies":"SI_MIRROR_ARCHETYPE","floor":33,"turns":8}],"seed_played":"7995121073530974828","potions_obtained":[{"floor":5,"key":"Swift Potion"},{"floor":5,"key":"AttackPotion"},{"floor":5,"key":"BlessingOfTheForge"}],"is_trial":false,"path_per_floor":["R","M","?","?","?","R","T","M","R","M","M","M","R","E","M","B",null,"R","M","M","?","M","R","T","?","M","R","$","E","?","M","M","B"],"character_chosen":"SLIMEBOUND","items_purchased":["Slimebound:MegaLick","Slimebound:ItLooksTasty","ClockworkSouvenir","Letter Opener","Slimebound:RainOfGoop"],"campfire_rested":0,"item_purchase_floors":[28,28,28,28,28],"current_hp_per_floor":[71,71,71,71,71,71,71,70,70,69,59,60,60,40,37,2,71,71,63,54,54,64,64,64,37,30,30,26,25,25,32,46,0,0,0],"gold":187,"neow_bonus":"TEN_PERCENT_HP_BONUS","is_daily":false,"chose_seed":false,"campfire_upgraded":7,"win_rate":0.0,"timestamp":1611345836,"path_taken":["R","M","?","?","?","R","T","M","R","M","M","?","R","E","M","BOSS","R","M","M","?","M","R","T","?","M","R","$","E","?","M","M","BOSS"],"items_purchased_type":["Card","Card","Relic","Relic","Card"],"build_version":"2020-12-22","purchased_purges":0,"victory":false,"max_hp_per_floor":[71,71,71,71,71,71,71,71,71,71,71,71,71,71,71,71,71,71,71,71,71,71,71,71,71,71,71,71,71,71,71,71,71,71,71],"card_choices":[{"not_picked":["Slimebound:Grow","Slimebound:Repurpose"],"picked":"Slimebound:Schlurp","floor":2},{"not_picked":["Slimebound:SlimeSpikes","Slimebound:LeadByExample"],"picked":"Slimebound:FinishingTackle","floor":8},{"not_picked":["Slimebound:SplitBruiser","Slimebound:Chomp","Slimebound:SlimeBrawl"],"picked":"SKIP","floor":10},{"not_picked":["Slimebound:Grow","Slimebound:ComboTackle"],"picked":"Slimebound:GoopSpray","floor":11},{"not_picked":["Slimebound:ComboTackle","Slimebound:SplitBruiser"],"picked":"Slimebound:FinishingTackle","floor":12},{"not_picked":["Slimebound:SplitMire","Slimebound:GoopSpray"],"picked":"Slimebound:ItLooksTasty","floor":14},{"not_picked":["Slimebound:SplitMire","Slimebound:Nibble","Slimebound:Dissolve"],"picked":"SKIP","floor":15},{"not_picked":["Slimebound:SplitBruiser","Slimebound:Repurpose"],"picked":"Slimebound:SamplingLick+1","floor":19},{"not_picked":["Slimebound:GoopTackle","Slimebound:RollThrough"],"picked":"Slimebound:HauntingLick","floor":20},{"not_picked":["Slimebound:PrepareCrush","Slimebound:SlimeSpikes+1"],"picked":"Slimebound:GoopSpray","floor":22},{"not_picked":[],"picked":"J.A.X.","floor":25},{"not_picked":["Slimebound:GoopSpray","Slimebound:LivingWall"],"picked":"Slimebound:MegaLick","floor":25},{"not_picked":["Slimebound:ComboTackle+1","Slimebound:SplitAcid"],"picked":"Slimebound:LeechingTouch","floor":26},{"not_picked":["Slimebound:SplitMire+1","Slimebound:SplitAcid"],"picked":"Slimebound:Gluttony","floor":28},{"not_picked":["Slimebound:RollThrough+1","Slimebound:SelfFormingGoo"],"picked":"Slimebound:HauntingLick","floor":29},{"not_picked":["Slimebound:SplitLeeching","Slimebound:HauntingLick"],"picked":"Slimebound:Equalize","floor":31},{"not_picked":["Slimebound:SplitMire","Slimebound:FlameTackle","Slimebound:RallyTheTroops"],"picked":"SKIP","floor":32}],"player_experience":38214,"relics_obtained":[{"floor":7,"key":"Blood Vial"},{"floor":14,"key":"Pen Nib"},{"floor":24,"key":"Lantern"},{"floor":25,"key":"MutagenicStrength"},{"floor":29,"key":"Bag of Preparation"}],"event_choices":[{"damage_healed":0,"gold_gain":0,"player_choice":"Got Potions","damage_taken":0,"max_hp_gain":0,"max_hp_loss":0,"event_name":"Lab","floor":5,"gold_loss":0},{"damage_healed":0,"gold_gain":0,"player_choice":"Ignored","damage_taken":0,"max_hp_gain":0,"max_hp_loss":0,"event_name":"Ghosts","floor":21,"gold_loss":0}],"is_beta":false,"boss_relics":[{"not_picked":["Fusion Hammer","Cursed Key"],"picked":"Sozu"}],"items_purged_floors":[],"is_endless":false,"potions_floor_spawned":[8,10,12,16,19,26,29,31,32],"killed_by":"SI_MIRROR_ARCHETYPE","ascension_level":0}}