{"host":"iz3c9fhlsuknuus5","time":1611307510,"event":{"mods":["BaseMod","Better Third Choice","Colored Map","Colored Powertips","Downfall","GifTheSpireLib","Minty Spire (QoL Compilation)","Quick Restart","StSLib"],"gold_per_floor":[99,274,374,374,474,504,504,504,504,514,514,526,526,556,571,571,571,571],"floor_reached":16,"language":"ENG","playtime":514,"items_purged":[],"score":131,"play_id":"78c31065-3c69-43d0-9ab0-968d7a02001e","local_time":"20210122092510","is_ascension_mode":false,"campfire_choices":[{"data":"hexamod:Sear","floor":1.0,"key":"SMITH"},{"data":"hexamod:HexaLevel","floor":9.0,"key":"SMITH"},{"data":"hexamod:Defend","floor":11.0,"key":"SMITH"},{"data":"hexamod:HeatMetal","floor":13.0,"key":"SMITH"}],"circlet_count":0,"master_deck":["hexamod:Strike","hexamod:Strike","hexamod:Strike","hexamod:Strike","hexamod:Defend","hexamod:Defend","hexamod:Defend+1","hexamod:Defend","hexamod:Sear+1","hexamod:Float","Doubt","Injury","hexamod:HexaLevel+1","Doubt","hexamod:HeatMetal+1","hexamod:SkipABeat"],"relics":["hexamod:SpiritBrand","downfall:HeartsMalice","downfall:ExtraCursedKey","Omamori","Akabeko","Ornamental Fan"],"acts_visited":["Exordium"],"potions_floor_usage":[16,16],"damage_taken":[{"damage":0.0,"enemies":"Small Slimes","floor":4.0,"turns":1.0},{"damage":0.0,"enemies":"Gremlin Nob","floor":6.0,"turns":1.0},{"damage":0.0,"enemies":"2 Louse","floor":8.0,"turns":1.0},{"damage":7.0,"enemies":"Cultist","floor":10.0,"turns":5.0},{"damage":11.0,"enemies":"Lots of Slimes","floor":12.0,"turns":6.0},{"damage":23.0,"enemies":"Lagavulin","floor":14.0,"turns":7.0},{"damage":24.0,"enemies":"Exordium Thugs","floor":15.0,"turns":5.0},{"damage":12,"enemies":"WA_ARCHETYPE_RETAIN","floor":16,"turns":6}],"seed_played":"7180249782442217504","potions_obtained":[{"floor":6.0,"key":"BlessingOfTheForge"},{"floor":10.0,"key":"GamblersBrew"},{"floor":15.0,"key":"Block Potion"}],"is_trial":false,"path_per_floor":["R","?","?","M","?","E","T","M","R","M","R","M","R","E","M","B"],"character_chosen":"THE_SPIRIT","items_purchased":[],"campfire_rested":0,"item_purchase_floors":[],"current_hp_per_floor":[70,70,70,70,70,70,70,70,70,63,63,52,52,29,5,0,0,0],"gold":571,"neow_bonus":"THREE_ENEMY_KILL","is_daily":false,"chose_seed":false,"campfire_upgraded":4,"win_rate":0.0,"timestamp":1611307510,"path_taken":["R","?","?","M","?","E","T","M","R","M","R","M","R","E","M","BOSS"],"items_purchased_type":[],"build_version":"2020-12-22","purchased_purges":0,"victory":false,"max_hp_per_floor":[70,70,70,70,70,70,70,70,70,70,70,70,70,70,70,70,70,70],"card_choices":[{"not_picked":["hexamod:NightmareGuise","hexamod:ShieldOfDarkness","hexamod:InspiringFlames"],"picked":"SKIP","floor":4.0},{"not_picked":["hexamod:ShieldOfDarkness","hexamod:UnlimitedPower","hexamod:GhostShield"],"picked":"SKIP","floor":6.0},{"not_picked":["hexamod:SwordOfDarkness","hexamod:ExtraCrispy","hexamod:FastForward"],"picked":"SKIP","floor":8.0},{"not_picked":["hexamod:NightmareStrike","hexamod:HeatMetal","hexamod:FourthSeal"],"picked":"SKIP","floor":10.0},{"not_picked":["hexamod:ExtraCrispy","hexamod:SecondSeal"],"picked":"hexamod:HeatMetal","floor":12.0},{"not_picked":["hexamod:GhostLash","hexamod:SpectralAdrenaline"],"picked":"hexamod:SkipABeat","floor":14.0},{"not_picked":["hexamod:GhostShield","hexamod:ThermalTransfer","hexamod:Hexaguard"],"picked":"SKIP","floor":15.0}],"player_experience":226391,"relics_obtained":[{"floor":6.0,"key":"Omamori"},{"floor":7.0,"key":"Akabeko"},{"floor":14.0,"key":"Ornamental Fan"}],"event_choices":[],"is_beta":false,"boss_relics":[],"items_purged_floors":[],"is_endless":false,"potions_floor_spawned":[6,10,15],"killed_by":"WA_ARCHETYPE_RETAIN","ascension_level":0}}