{"host":"j4g6ia6asvpyu2b0","time":1611314345,"event":{"mods":["BaseMod","Colored Map","Minty Spire (QoL Compilation)","Permanent Neow","Quick Restart","Relic Stats","StSLib","Unceasing Turn Reminder"],"gold_per_floor":[118,133,133,133,154,154,154],"floor_reached":6,"language":"ENG","playtime":172,"items_purged":[],"score":61,"play_id":"becfd3fe-04e4-4c78-8530-272ae3184f2f","local_time":"20210122041905","is_ascension_mode":true,"campfire_choices":[],"circlet_count":0,"master_deck":["AscendersBane","Strike_G","Strike_G","Strike_G","Strike_G","Strike_G","Defend_G","Defend_G","Defend_G","Defend_G","Survivor","Neutralize","Infinite Blades","PiercingWail","All Out Attack"],"relics":["Ring of the Snake","Gambling Chip","Golden Idol"],"acts_visited":["Exordium"],"potions_floor_usage":[],"damage_taken":[{"damage":0,"enemies":"2 Louse","floor":1,"turns":3},{"damage":0,"enemies":"Jaw Worm","floor":2,"turns":5},{"damage":0,"enemies":"Cultist","floor":5,"turns":4},{"damage":22,"enemies":"Lagavulin","floor":6,"turns":6}],"seed_played":"-5890285324995089091","potions_obtained":[],"is_trial":false,"path_per_floor":["M","M","?","?","M","E"],"character_chosen":"THE_SILENT","items_purchased":[],"campfire_rested":0,"item_purchase_floors":[],"current_hp_per_floor":[44,44,44,37,37,15,15],"gold":154,"neow_bonus":"ONE_RARE_RELIC","is_daily":false,"chose_seed":false,"campfire_upgraded":0,"win_rate":0.0,"timestamp":1611314345,"path_taken":["M","M","?","?","M","E"],"items_purchased_type":[],"build_version":"2020-12-22","purchased_purges":0,"victory":false,"max_hp_per_floor":[66,66,61,61,61,61,61],"relic_stats":{"counters":[4,17],"Golden Idol":4,"Gambling Chip":[9],"obtain_stats":[{"Golden Idol":3,"Gambling Chip":0,"Ring of the Snake":0},{"Golden Idol":2,"Gambling Chip":0,"Ring of the Snake":0},{"Golden Idol":8,"Gambling Chip":0,"Ring of the Snake":0}],"Ring of the Snake":[8]},"card_choices":[{"not_picked":["Cloak And Dagger","PiercingWail"],"picked":"Infinite Blades","floor":1},{"not_picked":["Underhanded Strike","Prepared"],"picked":"PiercingWail","floor":2},{"not_picked":["Acrobatics","Setup"],"picked":"All Out Attack","floor":5}],"player_experience":925303,"relics_obtained":[],"event_choices":[{"damage_healed":0,"gold_gain":0,"player_choice":"Lose Max HP","damage_taken":0,"relics_obtained":["Golden Idol"],"max_hp_gain":0,"max_hp_loss":5,"event_name":"Golden Idol","floor":3,"gold_loss":0},{"cards_removed":["Defend_G"],"damage_healed":0,"gold_gain":0,"player_choice":"Card Removal","damage_taken":7,"max_hp_gain":0,"max_hp_loss":0,"event_name":"Golden Wing","floor":4,"gold_loss":0}],"is_beta":false,"boss_relics":[],"items_purged_floors":[],"is_endless":false,"potions_floor_spawned":[],"killed_by":"Lagavulin","ascension_level":14}}