{"host":"bzg9y3flbaqjj1j7","time":1611288540,"event":{"mods":["100% Spire Juice","AchievementEnabler","Act Like it!","Arknights The Spire","Aspiration","BaseMod","Challenge The Spire","Dark Map","Ekko","Gensokyo","Hallownest","Hubris","Infinite Spire","Lobotomy","LobotomyExtend","Marisa????????","Marked Mod","Minty Spire (QoL Compilation)","Permanent Neow","Poor People Problems","Prisma Mod","Quick Restart","Railgun Mod","Rare Cards Sparkle","Reimu??????","Remilia??????","Replay The Spire","Shop Mod","Spicy Shops","Spire Arcade","StSLib","The Animator","The Blue Laboratory","The Bug Knight","TheSwordswoman","Waifu the Spire","WarShipGirlsR/????R mod","vexMod"],"gold_per_floor":[115,115,115,135,151,185,185,197,197,372,372,402,100,115,115,216,216,233,223,223,234,80,80,97,97,97,135,135,151,151,166,166,270,270,288,288,303,24,24,24,13,13,13,13,41,60,385,405,405,405],"floor_reached":51,"language":"ENG","playtime":4245,"items_purged":["Doubt"],"score":763,"play_id":"bf6b1f0d-bd52-4c5f-a350-b96072b2301b","local_time":"20210122003900","is_ascension_mode":false,"campfire_choices":[{"data":"Chaos","floor":7.0,"key":"SMITH"},{"data":"Loop","floor":11.0,"key":"SMITH"},{"data":"Loop","floor":11.0,"key":"SMITH"},{"floor":15.0,"key":"REST"},{"data":"TheRailgun:Overload","floor":23.0,"key":"SMITH"},{"data":"TheRailgun:Zip","floor":23.0,"key":"SMITH"},{"floor":25.0,"key":"REST"},{"data":"TheRailgun:Zip","floor":30.0,"key":"SMITH"},{"data":"TheRailgun:Discharge","floor":30.0,"key":"SMITH"},{"floor":32.0,"key":"REST"},{"floor":40.0,"key":"REST"},{"floor":44.0,"key":"RECALL"},{"floor":49,"key":"REST"}],"circlet_count":0,"master_deck":["TheRailgun:Strike","TheRailgun:Strike","TheRailgun:Strike","TheRailgun:Strike","TheRailgun:Defend","TheRailgun:Defend","TheRailgun:Defend","TheRailgun:Discharge+1","TheRailgun:Static","TheRailgun:Zip+1","Chaos+1","Loop+1","Loop+1","TheRailgun:Lightning_Speed","TheRailgun:Circuitous","TheRailgun:Overload+1","TheRailgun:Railgun","TheRailgun:Zip+1","TheRailgun:Sister_Noise","TheRailgun:Token_Collection+1","TheRailgun:Charge+1","TheRailgun:Thunderjolt+1","Gensokyo:HAARP","Gensokyo:PrivateSquare","Pride","Fission","Fission","TheRailgun:Recharge","Replay:Spark Circuitry+1","TheRailgun:Zip+1","ReplaySolidLightProjector+1","Defragment"],"relics":["TheRailgun:CoinRelic","m_SpellCore","LetterFromLob","Mummified Hand","ReplayTheSpireMod:Lightbulb","Replay:Arrowhead","Nunchaku","MerchantsRug","Black Star","hubris:Towel","hubris:SlimyHat","hubris:MysteriousPyramids","Red Mask","hubris:HollowSoul","Replay:Bottled Steam","CaptainsWheel","Replay:Wax Seal","Strawberry","aspiration:FrozenJewel"],"acts_visited":["Exordium","Exordium","Hallownest:CityofTears"],"potions_floor_usage":[46,47,47,50],"damage_taken":[{"damage":0.0,"enemies":"Small Slimes","floor":1.0,"turns":3.0},{"damage":5.0,"enemies":"Jaw Worm","floor":4.0,"turns":3.0},{"damage":0.0,"enemies":"Cultist","floor":5.0,"turns":3.0},{"damage":12.0,"enemies":"Lagavulin","floor":6.0,"turns":6.0},{"damage":0.0,"enemies":"Looter","floor":8.0,"turns":3.0},{"damage":26.0,"enemies":"Gremlin Nob","floor":12.0,"turns":4.0},{"damage":13.0,"enemies":"3 Louse","floor":14.0,"turns":2.0},{"damage":6.0,"enemies":"Slime Boss","floor":16.0,"turns":5.0},{"damage":4.0,"enemies":"Hallownest:2_Mistakes","floor":18.0,"turns":3.0},{"damage":9.0,"enemies":"Hallownest:Guard_and_Sentry","floor":21.0,"turns":3.0},{"damage":18.0,"enemies":"Hallownest:Master_and_Novice","floor":24.0,"turns":4.0},{"damage":11.0,"enemies":"Hallownest:2_Flukemon","floor":29.0,"turns":5.0},{"damage":16.0,"enemies":"Hallownest:2_Husk_Sentries","floor":31.0,"turns":3.0},{"damage":19.0,"enemies":"Hallownest:BossSoulMaster","floor":33.0,"turns":5.0},{"damage":27.0,"enemies":"Gensokyo:3_Bats","floor":35.0,"turns":4.0},{"damage":23.0,"enemies":"Gensokyo:3_Boulders","floor":37.0,"turns":4.0},{"damage":35.0,"enemies":"Gensokyo:Doremy","floor":45.0,"turns":5.0},{"damage":8,"enemies":"Gensokyo:Rafflesia","floor":46,"turns":4},{"damage":17,"enemies":"Gensokyo:Kasen","floor":47,"turns":4},{"damage":4,"enemies":"Gensokyo:AtlasGolem","floor":48,"turns":3},{"damage":14,"enemies":"Gensokyo:Yuyuko","floor":50,"turns":5}],"seed_played":"-8741792347468910473","potions_obtained":[{"floor":3.0,"key":"Elixir"},{"floor":3.0,"key":"SmokeBomb"},{"floor":3.0,"key":"blueLaboratory:Moonshine"},{"floor":4.0,"key":"blueLaboratory:FrostheartPotion"},{"floor":8.0,"key":"Languid Potion"},{"floor":14.0,"key":"blueLaboratory:PhilterOfMotion"},{"floor":16.0,"key":"Adrenaline Potion"},{"floor":29.0,"key":"blueLaboratory:PhilterOfMotion"},{"floor":45.0,"key":"Dexterity Potion"},{"floor":46,"key":"Explosive Potion"},{"floor":48,"key":"Regen Potion"}],"is_trial":false,"path_per_floor":["M","?","?","M","M","E","R","M","T","?","R","E","$","M","R","B",null,"M","?","?","M","$","R","M","R","T","$","?","M","R","M","R","B",null,"M","?","M","COS","?","R","$","?","T","R","E","M","E","M","R","B",null],"character_chosen":"THE_DEFAULT","items_purchased":["MerchantsRug","TheRailgun:Overload","hubris:SlimyHat","Fission"],"campfire_rested":5,"item_purchase_floors":[13,13,22,41],"current_hp_per_floor":[70,67,67,62,62,50,50,50,50,50,50,24,24,11,32,26,70,66,66,66,57,57,57,39,60,60,60,60,49,49,33,54,35,70,43,43,20,20,20,41,41,41,41,41,6,35,25,21,44,44],"gold":405,"neow_bonus":"NOSTALGIA","is_daily":false,"chose_seed":false,"campfire_upgraded":7,"win_rate":0.0,"timestamp":1611288540,"path_taken":["M","?","?","?","M","E","R","M","T","?","R","E","$","M","R","BOSS","M","?","?","M","?","R","M","R","T","$","?","M","R","?","R","BOSS","M","?","M","COS","?","R","?","?","T","R","E","?","E","M","R","BOSS"],"items_purchased_type":["Relic","Card","Relic","Card"],"build_version":"2020-12-22","purchased_purges":1,"victory":true,"max_hp_per_floor":[70,70,70,70,70,70,70,70,70,70,70,70,70,70,70,70,70,70,70,70,70,70,70,70,70,70,70,70,70,70,70,70,70,70,70,70,70,70,70,70,70,70,70,70,70,70,77,77,77,77],"card_choices":[{"not_picked":["TheRailgun:Thunderbolt","FTL"],"picked":"Chaos","floor":1.0},{"not_picked":["Scrape","TheRailgun:Iron_Dust_Sword"],"picked":"Loop","floor":4.0},{"not_picked":["TheRailgun:Crack","TheRailgun:Oneesama","TheRailgun:Aerial_Shot"],"picked":"SKIP","floor":5.0},{"not_picked":["TheRailgun:Crackle","TheRailgun:Stun_Shock"],"picked":"Loop","floor":6.0},{"not_picked":["TheRailgun:Charge","TheRailgun:Discharge"],"picked":"TheRailgun:Lightning_Speed","floor":8.0},{"not_picked":["TheRailgun:Magnetic_Movement","TheRailgun:Battery_Pack"],"picked":"TheRailgun:Circuitous","floor":12.0},{"not_picked":["TheRailgun:Iron_Dust_Shield","Sunder","TheRailgun:Positive_Field"],"picked":"SKIP","floor":14.0},{"not_picked":["TheRailgun:Overload","Meteor Strike"],"picked":"TheRailgun:Railgun","floor":16.0},{"not_picked":["TheRailgun:Discharge","TheRailgun:Oneesama+1"],"picked":"TheRailgun:Zip","floor":18.0},{"not_picked":["TheRailgun:Circuit_Breaker+1","TheRailgun:Teleporter","TheRailgun:Electrical_Storm+1"],"picked":"SKIP","floor":21.0},{"not_picked":["TheRailgun:Spark","TheRailgun:Recharge+1"],"picked":"TheRailgun:Sister_Noise","floor":24.0},{"not_picked":["TheRailgun:Teleporter","TheRailgun:Pull","TheRailgun:Overload"],"picked":"SKIP","floor":29.0},{"not_picked":["TheRailgun:Biribiri","TheRailgun:Recharge"],"picked":"TheRailgun:Token_Collection+1","floor":31.0},{"not_picked":["TheRailgun:Zap+1","TheRailgun:Circuit_Breaker+1"],"picked":"TheRailgun:Charge+1","floor":35.0},{"not_picked":["TheRailgun:Taser","TheRailgun:Pull"],"picked":"TheRailgun:Thunderjolt+1","floor":37.0},{"not_picked":["TheRailgun:Electrical_Fire","TheRailgun:Zap"],"picked":"Replay:Spark Circuitry+1","floor":45.0},{"not_picked":["TheRailgun:Teleporter","Sunder"],"picked":"TheRailgun:Zip+1","floor":46},{"not_picked":["TheRailgun:Battery_Pack","TheRailgun:Thundershock+1"],"picked":"ReplaySolidLightProjector+1","floor":47},{"not_picked":["TheRailgun:Battery_Pack+1","Rainbow"],"picked":"Defragment","floor":48}],"player_experience":196414,"relics_obtained":[{"floor":1.0,"key":"LetterFromLob"},{"floor":6.0,"key":"ReplayTheSpireMod:Lightbulb"},{"floor":9.0,"key":"Replay:Arrowhead"},{"floor":12.0,"key":"Nunchaku"},{"floor":26.0,"key":"hubris:MysteriousPyramids"},{"floor":43.0,"key":"Replay:Bottled Steam"},{"floor":45.0,"key":"CaptainsWheel"},{"floor":45.0,"key":"Replay:Wax Seal"},{"floor":47,"key":"Strawberry"},{"floor":47,"key":"aspiration:FrozenJewel"}],"event_choices":[{"damage_healed":0.0,"max_hp_gain":0.0,"max_hp_loss":0.0,"gold_gain":0.0,"event_name":"Scrap Ooze","player_choice":"Success","floor":2.0,"gold_loss":0.0,"damage_taken":3.0,"relics_obtained":["Mummified Hand"]},{"damage_healed":0.0,"max_hp_gain":0.0,"max_hp_loss":0.0,"gold_gain":0.0,"event_name":"Lab","player_choice":"Got Potions","floor":3.0,"gold_loss":0.0,"damage_taken":0.0},{"damage_healed":0.0,"max_hp_gain":0.0,"max_hp_loss":0.0,"gold_gain":175.0,"event_name":"Liars Game","player_choice":"AGREE","floor":10.0,"gold_loss":0.0,"damage_taken":0.0,"cards_obtained":["Doubt"]}],"is_beta":false,"boss_relics":[{"not_picked":["Empty Cage","RedLine:ReiMu"],"picked":"Black Star"},{"not_picked":["Runic Dome","vexMod:TanglingVine"],"picked":"hubris:HollowSoul"}],"items_purged_floors":[13],"is_endless":false,"potions_floor_spawned":[4,8,14,16,29,45,46,48],"ascension_level":0}}