{"host":"dxmdoimsvept8qwy","time":1611349239,"event":{"mods":["BaseMod","Colored Powertips","Custom Start","Minty Spire (QoL Compilation)","StSLib","The Hierophant"],"gold_per_floor":[116,132,152,152,227,263,287,323,349,66,66,66,66,79,79,198,498,482,286,299,315,93,93,93],"floor_reached":23,"language":"ENG","playtime":1351,"items_purged":["Strike_P"],"score":221,"play_id":"f649c69b-b710-4925-b2da-d878fc0cf48a","local_time":"20210122160039","is_ascension_mode":true,"campfire_choices":[{"floor":11,"key":"REST"},{"data":"Nirvana","floor":13,"key":"SMITH"},{"floor":15,"key":"REST"}],"circlet_count":0,"master_deck":["Strike_P","Strike_P","Strike_P","Defend_P","Defend_P","Defend_P","Defend_P","Eruption","Vigilance","CutThroughFate","PathToVictory","PathToVictory","Nirvana+1","Sanctity","ClearTheMind","ThirdEye","Vault","CurseOfTheBell","Meditate+1","CutThroughFate","Wireheading","Sanctity","PathToVictory+1","Fasting2","EmptyMind","ThirdEye","Blasphemy"],"relics":["PureWater","NeowsBlessing","Golden Idol","Regal Pillow","Bag of Marbles","Happy Flower","Mummified Hand","Lantern","Calling Bell","Ancient Tea Set","The Courier","Old Coin"],"acts_visited":["Exordium","TheCity"],"potions_floor_usage":[6,6,7,21,23],"damage_taken":[{"damage":0,"enemies":"2 Louse","floor":1,"turns":2},{"damage":0,"enemies":"Jaw Worm","floor":2,"turns":1},{"damage":0,"enemies":"Small Slimes","floor":3,"turns":1},{"damage":16,"enemies":"3 Sentries","floor":6,"turns":7},{"damage":0,"enemies":"Gremlin Gang","floor":7,"turns":2},{"damage":21,"enemies":"Lagavulin","floor":8,"turns":6},{"damage":4,"enemies":"2 Fungi Beasts","floor":14,"turns":3},{"damage":25,"enemies":"The Guardian","floor":16,"turns":9},{"damage":27,"enemies":"2 Thieves","floor":18,"turns":4},{"damage":18,"enemies":"3 Byrds","floor":20,"turns":8},{"damage":26,"enemies":"Snake Plant","floor":21,"turns":3},{"damage":1,"enemies":"Gremlin Leader","floor":23,"turns":1}],"seed_played":"-6465151386359092536","potions_obtained":[{"floor":2,"key":"ColorlessPotion"},{"floor":3,"key":"Block Potion"},{"floor":6,"key":"DistilledChaos"},{"floor":8,"key":"BottledMiracle"},{"floor":18,"key":"Dexterity Potion"}],"is_trial":false,"path_per_floor":["M","M","M","?","?","E","M","E","T","$","R","?","R","M","R","B",null,"M","$","M","M","$","E"],"character_chosen":"WATCHER","items_purchased":["ClearTheMind","Mummified Hand","CutThroughFate","Wireheading","Sanctity","EmptyMind","ThirdEye","SkillPotion","Blasphemy"],"campfire_rested":2,"item_purchase_floors":[10,10,19,19,19,22,22,22,22],"current_hp_per_floor":[72,72,72,54,43,27,27,6,6,6,42,42,42,38,72,47,72,45,45,27,1,1,0,0],"gold":93,"neow_bonus":"THREE_ENEMY_KILL","is_daily":false,"chose_seed":false,"campfire_upgraded":1,"win_rate":0.0,"timestamp":1611349239,"path_taken":["M","M","M","?","?","E","M","E","T","$","R","?","R","M","R","BOSS","M","$","?","M","$","E"],"items_purchased_type":["Card","Relic","Card","Card","Card","Card","Card","Potion","Card"],"build_version":"2020-12-22","purchased_purges":1,"victory":false,"max_hp_per_floor":[72,72,72,72,72,72,72,72,72,72,72,72,72,72,72,72,72,72,72,72,72,72,72,72],"card_choices":[{"not_picked":["FollowUp","TalkToTheHand"],"picked":"CutThroughFate","floor":1},{"not_picked":["Worship","FlyingSleeves"],"picked":"PathToVictory","floor":2},{"not_picked":["CrushJoints","Establishment"],"picked":"PathToVictory","floor":3},{"not_picked":["Protect","Evaluate"],"picked":"Nirvana","floor":6},{"not_picked":["FlyingSleeves","SignatureMove"],"picked":"Sanctity","floor":7},{"not_picked":["FlurryOfBlows","SpiritShield","CrushJoints"],"picked":"SKIP","floor":8},{"not_picked":["FearNoEvil","Protect"],"picked":"ThirdEye","floor":14},{"not_picked":["Blasphemy","DeusExMachina"],"picked":"Vault","floor":16},{"not_picked":["Tantrum+1","FollowUp"],"picked":"Meditate+1","floor":18},{"not_picked":["Indignation","Consecrate"],"picked":"PathToVictory+1","floor":20},{"not_picked":["BowlingBash","Perseverance"],"picked":"Fasting2","floor":21}],"player_experience":1044289,"relics_obtained":[{"floor":6,"key":"Regal Pillow"},{"floor":8,"key":"Bag of Marbles"},{"floor":9,"key":"Happy Flower"},{"floor":17,"key":"Ancient Tea Set"},{"floor":17,"key":"The Courier"},{"floor":17,"key":"Old Coin"}],"event_choices":[{"damage_healed":0,"gold_gain":0,"player_choice":"Take Damage","damage_taken":18,"relics_obtained":["Golden Idol"],"max_hp_gain":0,"max_hp_loss":0,"event_name":"Golden Idol","floor":4,"gold_loss":0},{"damage_healed":0,"gold_gain":75,"player_choice":"Gather Gold","damage_taken":11,"max_hp_gain":0,"max_hp_loss":0,"event_name":"World of Goop","floor":5,"gold_loss":0},{"damage_healed":0,"gold_gain":0,"player_choice":"Gave Potion","damage_taken":0,"relics_obtained":["Lantern"],"max_hp_gain":0,"max_hp_loss":0,"event_name":"WeMeetAgain","floor":12,"gold_loss":0}],"is_beta":false,"boss_relics":[{"not_picked":["Philosopher\u0027s Stone","Pandora\u0027s Box"],"picked":"Calling Bell"}],"items_purged_floors":[19],"is_endless":false,"potions_floor_spawned":[2,3,6,8,18],"killed_by":"Gremlin Leader","ascension_level":2}}