{"host":"x21cvmfdo17nyhii","time":1611295267,"event":{"mods":["AchievementEnabler","BaseMod","Block Reminder","Colored Map","Colored Powertips","DeckTracker","Highlight Path","Keyboard Shortcuts","Minty Spire (QoL Compilation)","Quick Restart","Rare Cards Sparkle","SuperFastMode"],"gold_per_floor":[115,126,33,33,33,33,33,33,33,33,45,62,62,91,91,91,91],"floor_reached":16,"language":"ENG","playtime":433,"items_purged":[],"score":127,"play_id":"ab02c84d-4c02-445b-a358-5f9b11bc719b","local_time":"20210121220107","is_ascension_mode":true,"campfire_choices":[{"data":"Footwork","floor":6,"key":"SMITH"},{"data":"Calculated Gamble","floor":8,"key":"SMITH"},{"data":"Neutralize","floor":10,"key":"SMITH"},{"data":"Blur","floor":13,"key":"SMITH"},{"floor":15,"key":"REST"}],"circlet_count":0,"master_deck":["Strike_G","Strike_G","Strike_G","Strike_G","Defend_G","Defend_G","Defend_G","Defend_G","Defend_G","Survivor","Neutralize+1","Quick Slash","Escape Plan","Footwork+1","Dagger Throw","Calculated Gamble+1","All Out Attack","Blur+1","Prepared"],"relics":["Ring of the Snake","NeowsBlessing","MealTicket","Lantern"],"acts_visited":["Exordium"],"potions_floor_usage":[16],"damage_taken":[{"damage":0,"enemies":"Cultist","floor":1,"turns":1},{"damage":0,"enemies":"2 Louse","floor":2,"turns":1},{"damage":0,"enemies":"Small Slimes","floor":11,"turns":1},{"damage":8,"enemies":"Exordium Thugs","floor":12,"turns":4},{"damage":25,"enemies":"Gremlin Nob","floor":14,"turns":5},{"damage":67,"enemies":"Hexaghost","floor":16,"turns":16}],"seed_played":"5580810604503207603","potions_obtained":[{"floor":11,"key":"Regen Potion"}],"is_trial":false,"path_per_floor":["M","M","$","?","$","R","?","R","T","R","M","M","R","E","R","B"],"character_chosen":"THE_SILENT","items_purchased":["Footwork","Dagger Throw"],"campfire_rested":1,"item_purchase_floors":[3,3],"current_hp_per_floor":[63,63,63,45,60,60,60,60,60,60,60,52,52,27,48,0,0],"gold":91,"neow_bonus":"THREE_ENEMY_KILL","is_daily":false,"chose_seed":false,"campfire_upgraded":4,"win_rate":0.0,"timestamp":1611295267,"path_taken":["M","M","?","?","$","R","?","R","T","R","?","?","R","E","R","BOSS"],"items_purchased_type":["Card","Card"],"build_version":"2020-12-22","purchased_purges":0,"victory":false,"max_hp_per_floor":[70,70,70,70,70,70,70,70,70,70,70,70,70,70,70,70,70],"card_choices":[{"not_picked":["Poisoned Stab","Acrobatics"],"picked":"Quick Slash","floor":1},{"not_picked":["Crippling Poison","Caltrops"],"picked":"Escape Plan","floor":2},{"not_picked":["PiercingWail","Outmaneuver"],"picked":"All Out Attack","floor":11},{"not_picked":["Acrobatics","Prepared"],"picked":"Blur","floor":12},{"not_picked":["Concentrate","Dagger Throw"],"picked":"Prepared","floor":14}],"player_experience":456397,"relics_obtained":[{"floor":14,"key":"Lantern"}],"event_choices":[{"damage_healed":0,"gold_gain":0,"player_choice":"Success","damage_taken":18,"relics_obtained":["MealTicket"],"max_hp_gain":0,"max_hp_loss":0,"event_name":"Scrap Ooze","floor":4,"gold_loss":0},{"damage_healed":0,"gold_gain":0,"cards_transformed":["Strike_G"],"player_choice":"Transformed","damage_taken":0,"max_hp_gain":0,"max_hp_loss":0,"event_name":"Transmorgrifier","floor":7,"gold_loss":0,"cards_obtained":["Calculated Gamble"]}],"is_beta":false,"boss_relics":[],"items_purged_floors":[],"is_endless":false,"potions_floor_spawned":[11],"killed_by":"Hexaghost","ascension_level":6}}