{"host":"srk2drlvga69hbot","time":1611327414,"event":{"mods":["BaseMod","Bestiary","Block Reminder","Colored Map","Colored Powertips","Dark Map","DeckTracker","Highlight Path","Minty Spire (QoL Compilation)","Quick Restart","Rare Cards Sparkle","Relic Stats","SuperFastMode","Unceasing Turn Reminder"],"gold_per_floor":[215,215,58,85,98,98,126,143,217,231,231,248,248,173,173,269,269,287,42,42,342,354,354,382,414,440,440,455,475,488,488,488,583,583,603,653,731,743,762,793,793,822,892,266,49,149,177,192,192,192],"floor_reached":51,"language":"ZHS","playtime":2199,"items_purged":["Defend_R","Strike_R","Strike_R"],"score":974,"play_id":"ce16d91b-847d-4990-9c44-aabbf11b4834","local_time":"20210122225654","is_ascension_mode":true,"campfire_choices":[{"data":"Heavy Blade","floor":6.0,"key":"SMITH"},{"data":"Spot Weakness","floor":13.0,"key":"SMITH"},{"floor":15.0,"key":"REST"},{"data":"Bash","floor":23.0,"key":"SMITH"},{"data":"Heavy Blade","floor":32.0,"key":"SMITH"},{"data":"J.A.X.","floor":41.0,"key":"SMITH"},{"data":"Rupture","floor":49,"key":"SMITH"}],"circlet_count":0,"master_deck":["Strike_R","Strike_R","Strike_R","Defend_R+1","Defend_R+1","Bash+1","Heavy Blade+1","Spot Weakness+1","Hemokinesis+1","Warcry+1","Bloodletting","J.A.X.+1","Battle Trance+1","Heavy Blade+1","Reaper","Disarm+1","Rupture+1"],"relics":["Black Blood","Boot","Bag of Preparation","War Paint","Darkstone Periapt","Sundial","Coffee Dripper","Brimstone","Old Coin","Red Mask","Art of War","Potion Belt","Enchiridion","Ginger","Matryoshka","Dream Catcher","Eternal Feather","Mummified Hand","Bottled Lightning","Singing Bowl","Lantern","Letter Opener"],"acts_visited":["Exordium","TheCity","TheBeyond"],"potions_floor_usage":[50,50,50],"damage_taken":[{"damage":3.0,"enemies":"Small Slimes","floor":1.0,"turns":6.0},{"damage":6.0,"enemies":"Cultist","floor":5.0,"turns":4.0},{"damage":44.0,"enemies":"3 Sentries","floor":7.0,"turns":10.0},{"damage":3.0,"enemies":"2 Louse","floor":8.0,"turns":3.0},{"damage":8.0,"enemies":"Blue Slaver","floor":10.0,"turns":3.0},{"damage":11.0,"enemies":"Looter","floor":12.0,"turns":3.0},{"damage":44.0,"enemies":"Slime Boss","floor":16.0,"turns":7.0},{"damage":4.0,"enemies":"Chosen","floor":18.0,"turns":3.0},{"damage":2.0,"enemies":"Spheric Guardian","floor":22.0,"turns":2.0},{"damage":8.0,"enemies":"Masked Bandits","floor":24.0,"turns":3.0},{"damage":41.0,"enemies":"Book of Stabbing","floor":25.0,"turns":3.0},{"damage":5.0,"enemies":"Chosen and Byrds","floor":28.0,"turns":3.0},{"damage":9.0,"enemies":"Centurion and Healer","floor":29.0,"turns":2.0},{"damage":5.0,"enemies":"Snake Plant","floor":30.0,"turns":1.0},{"damage":15.0,"enemies":"Automaton","floor":33.0,"turns":3.0},{"damage":6.0,"enemies":"3 Darklings","floor":35.0,"turns":2.0},{"damage":41.0,"enemies":"Mind Bloom Boss Battle","floor":36.0,"turns":3.0},{"damage":12.0,"enemies":"Orb Walker","floor":38.0,"turns":2.0},{"damage":25.0,"enemies":"3 Darklings","floor":39.0,"turns":3.0},{"damage":29.0,"enemies":"Giant Head","floor":40.0,"turns":4.0},{"damage":55.0,"enemies":"Nemesis","floor":42.0,"turns":3.0},{"damage":55,"enemies":"Reptomancer","floor":47,"turns":4},{"damage":20,"enemies":"Spire Growth","floor":48,"turns":2},{"damage":55,"enemies":"Time Eater","floor":50,"turns":4}],"seed_played":"-8970131244211460352","potions_obtained":[{"floor":1.0,"key":"SteroidPotion"},{"floor":5.0,"key":"SpeedPotion"},{"floor":10.0,"key":"Block Potion"},{"floor":18.0,"key":"FearPotion"},{"floor":29.0,"key":"FearPotion"},{"floor":30.0,"key":"GamblersBrew"},{"floor":33.0,"key":"Dexterity Potion"},{"floor":35.0,"key":"Weak Potion"},{"floor":38.0,"key":"LiquidBronze"},{"floor":40.0,"key":"DistilledChaos"},{"floor":47,"key":"Block Potion"}],"is_trial":false,"path_per_floor":["M","?","$","T","M","R","E","M","T","M","?","M","R","$","R","B",null,"M","$","?","?","M","R","?","E","T","?","M","M","M","?","R","B",null,"M","?","T","M","M","E","R","E","T","$","$","?","E","M","R","B",null],"character_chosen":"IRONCLAD","items_purchased":["Bag of Preparation","Brimstone","Bottled Lightning","Singing Bowl","Rupture","Lantern"],"campfire_rested":1,"item_purchase_floors":[3,19,44,44,45,45],"current_hp_per_floor":[80,80,80,80,80,80,42,45,45,43,43,38,38,38,62,24,80,80,80,80,80,80,80,78,43,43,43,44,41,42,26,26,17,80,80,60,60,77,80,80,80,40,40,40,40,40,39,46,55,29],"gold":192,"neow_bonus":"HUNDRED_GOLD","is_daily":false,"chose_seed":false,"campfire_upgraded":6,"win_rate":0.0,"timestamp":1611327414,"path_taken":["M","?","$","?","M","R","E","M","T","?","?","M","R","?","R","BOSS","M","$","?","?","M","R","?","E","T","?","M","?","M","?","R","BOSS","M","?","?","M","M","E","R","E","T","?","$","?","E","M","R","BOSS"],"items_purchased_type":["Relic","Relic","Relic","Relic","Card","Relic"],"build_version":"2020-12-22","purchased_purges":3,"victory":true,"max_hp_per_floor":[80,80,80,80,80,80,80,80,80,80,80,80,80,80,80,80,80,80,80,80,80,80,80,80,80,80,80,80,80,80,80,80,80,80,80,80,80,80,80,80,80,80,80,80,80,80,82,84,84,84],"relic_stats":{"Darkstone Periapt":0,"Singing Bowl":4,"counters":[24,83],"Black Blood":153,"Eternal Feather":9,"Bag of Preparation":[46],"Ginger":[3],"Letter Opener":[5],"War Paint":["Defend_R","Defend_R"],"Boot":[6],"Dream Catcher":0,"Sundial":[14],"Mummified Hand":[6],"Art of War":[0],"obtain_stats":[{"Darkstone Periapt":7,"Potion Belt":26,"Lantern":45,"Singing Bowl":44,"Enchiridion":31,"Black Blood":34,"Eternal Feather":43,"Bag of Preparation":3,"Ginger":36,"Letter Opener":47,"War Paint":4,"Boot":2,"Burning Blood":0,"Old Coin":21,"Dream Catcher":42,"Matryoshka":37,"Sundial":9,"Brimstone":19,"Mummified Hand":43,"Coffee Dripper":17,"Red Mask":24,"Art of War":25,"Bottled Lightning":44},{"Darkstone Periapt":3,"Potion Belt":11,"Lantern":21,"Singing Bowl":21,"Enchiridion":14,"Black Blood":15,"Eternal Feather":21,"Bag of Preparation":1,"Ginger":17,"Letter Opener":22,"War Paint":1,"Boot":1,"Burning Blood":0,"Old Coin":8,"Dream Catcher":21,"Matryoshka":17,"Sundial":4,"Brimstone":8,"Mummified Hand":21,"Coffee Dripper":7,"Red Mask":10,"Art of War":11,"Bottled Lightning":21},{"Darkstone Periapt":20,"Potion Belt":47,"Lantern":73,"Singing Bowl":73,"Enchiridion":53,"Black Blood":56,"Eternal Feather":73,"Bag of Preparation":6,"Ginger":61,"Letter Opener":77,"War Paint":6,"Boot":6,"Burning Blood":0,"Old Coin":39,"Dream Catcher":73,"Matryoshka":61,"Sundial":23,"Brimstone":39,"Mummified Hand":73,"Coffee Dripper":36,"Red Mask":44,"Art of War":47,"Bottled Lightning":73}]},"card_choices":[{"not_picked":["Carnage","Clash"],"picked":"Heavy Blade","floor":1.0},{"not_picked":["Clothesline","Cleave","Power Through"],"picked":"SKIP","floor":5.0},{"not_picked":["Burning Pact","Armaments"],"picked":"Spot Weakness","floor":7.0},{"not_picked":["Reckless Charge","Pommel Strike","Armaments"],"picked":"SKIP","floor":8.0},{"not_picked":["Wild Strike","Body Slam","Fiend Fire"],"picked":"SKIP","floor":10.0},{"not_picked":["Dropkick","Thunderclap","Rupture"],"picked":"SKIP","floor":12.0},{"not_picked":["Pommel Strike","True Grit+1"],"picked":"Hemokinesis+1","floor":18.0},{"not_picked":["Fire Breathing","Cleave+1"],"picked":"Warcry+1","floor":22.0},{"not_picked":["Cleave","Pummel"],"picked":"Bloodletting","floor":25.0},{"not_picked":["Sentinel","Ghostly Armor"],"picked":"Battle Trance+1","floor":28.0},{"not_picked":["Havoc+1","Evolve","Fiend Fire"],"picked":"SKIP","floor":29.0},{"not_picked":["Headbutt","Havoc"],"picked":"Heavy Blade","floor":30.0},{"not_picked":["Impervious","Corruption"],"picked":"Reaper","floor":33.0},{"not_picked":["True Grit+1","Entrench+1","Hemokinesis"],"picked":"SKIP","floor":35.0},{"not_picked":["Clash","True Grit+1","Body Slam"],"picked":"SKIP","floor":38.0},{"not_picked":["Anger","Twin Strike","Pommel Strike"],"picked":"SKIP","floor":39.0},{"not_picked":["Iron Wave+1","Dark Embrace+1"],"picked":"Disarm+1","floor":40.0},{"not_picked":["Rage+1","Evolve","Body Slam"],"picked":"SKIP","floor":42.0},{"not_picked":["True Grit","Sword Boomerang+1","Twin Strike+1"],"picked":"Singing Bowl","floor":47},{"not_picked":["Thunderclap","Carnage+1","Twin Strike+1"],"picked":"Singing Bowl","floor":48}],"player_experience":146929,"relics_obtained":[{"floor":4.0,"key":"War Paint"},{"floor":7.0,"key":"Darkstone Periapt"},{"floor":9.0,"key":"Sundial"},{"floor":24.0,"key":"Red Mask"},{"floor":25.0,"key":"Art of War"},{"floor":26.0,"key":"Potion Belt"},{"floor":31.0,"key":"Enchiridion"},{"floor":36.0,"key":"Ginger"},{"floor":37.0,"key":"Matryoshka"},{"floor":42.0,"key":"Dream Catcher"},{"floor":43.0,"key":"Eternal Feather"},{"floor":43.0,"key":"Mummified Hand"},{"floor":47,"key":"Letter Opener"}],"event_choices":[{"damage_healed":0.0,"max_hp_gain":0.0,"max_hp_loss":0.0,"gold_gain":0.0,"event_name":"WeMeetAgain","player_choice":"Gave Potion","floor":2.0,"gold_loss":0.0,"damage_taken":0.0,"relics_obtained":["Boot"]},{"cards_removed":["Defend_R"],"damage_healed":0.0,"max_hp_gain":0.0,"max_hp_loss":0.0,"gold_gain":0.0,"event_name":"Purifier","player_choice":"Purged","floor":11.0,"gold_loss":0.0,"damage_taken":0.0},{"damage_healed":0.0,"max_hp_gain":0.0,"max_hp_loss":0.0,"gold_gain":0.0,"event_name":"The Mausoleum","player_choice":"Opened","floor":21.0,"gold_loss":0.0,"damage_taken":0.0,"relics_obtained":["Old Coin"]},{"damage_healed":0.0,"max_hp_gain":0.0,"max_hp_loss":0.0,"gold_gain":0.0,"event_name":"Masked Bandits","player_choice":"Fought Bandits","floor":24.0,"gold_loss":0.0,"damage_taken":0.0},{"damage_healed":0.0,"max_hp_gain":0.0,"max_hp_loss":0.0,"gold_gain":0.0,"event_name":"Drug Dealer","player_choice":"Obtain J.A.X.","floor":27.0,"gold_loss":0.0,"damage_taken":0.0,"cards_obtained":["J.A.X."]},{"damage_healed":0.0,"max_hp_gain":0.0,"max_hp_loss":0.0,"gold_gain":0.0,"event_name":"Cursed Tome","player_choice":"Obtained Book","floor":31.0,"gold_loss":0.0,"damage_taken":16.0},{"damage_healed":0.0,"max_hp_gain":0.0,"max_hp_loss":0.0,"gold_gain":0.0,"event_name":"MindBloom","player_choice":"Fight","floor":36.0,"gold_loss":0.0,"damage_taken":0.0},{"damage_healed":0.0,"max_hp_gain":0.0,"max_hp_loss":0.0,"gold_gain":100.0,"event_name":"Golden Shrine","player_choice":"Pray","floor":46.0,"gold_loss":0.0,"damage_taken":0.0}],"is_beta":false,"boss_relics":[{"not_picked":["Tiny House","Calling Bell"],"picked":"Coffee Dripper"},{"not_picked":["Astrolabe","Black Star"],"picked":"Black Blood"}],"items_purged_floors":[14,19,44],"is_endless":false,"potions_floor_spawned":[1,5,10,18,29,30,33,35,38,40,47],"ascension_level":4}}