{"host":"tkinv8gv6hgcc58b","time":1611284036,"event":{"mods":["AchievementEnabler","BaseMod","BetterRewards","Colored Map","Downfall","Googly Eyes","Hermit","Minty Spire (QoL Compilation)","READ ME - Guardian Mod","Rare Cards Sparkle","Relic Filter","Shop Mod","StSLib","The Cursed","The Disciple"],"gold_per_floor":[115,115,115,115,140,140,155,155,155,155,8,27,65,93,105,245,257,282,294,306,294,306,318,330,330],"floor_reached":24,"language":"ENG","playtime":1478,"items_purged":[],"score":262,"play_id":"696f290a-9bd6-48b4-b066-161830e12a70","local_time":"20210121215356","is_ascension_mode":true,"campfire_choices":[{"floor":6.0,"key":"REST"},{"floor":8.0,"key":"REST"},{"data":"TheCursedMod:CursedWand","floor":10.0,"key":"SMITH"},{"data":"TheCursedMod:DemonSword","floor":15.0,"key":"SMITH"},{"floor":23.0,"key":"REST"}],"circlet_count":0,"master_deck":["TheCursedMod:Strike_TheCursed+1","TheCursedMod:Strike_TheCursed+1","TheCursedMod:Strike_TheCursed+1","TheCursedMod:Strike_TheCursed+1","TheCursedMod:Defend_TheCursed+1","TheCursedMod:Defend_TheCursed+1","TheCursedMod:Defend_TheCursed+1","TheCursedMod:Defend_TheCursed+1","TheCursedMod:CursedWand+1","TheCursedMod:CleanUpWorkshop","TheCursedMod:Dregs","TheCursedMod:FleshFromBone","TheCursedMod:CursedShiv","TheCursedMod:WearCloak","TheCursedMod:DemonSword+1","TheCursedMod:FleshFromBone","TheCursedMod:CircleOfBlood","TheCursedMod:VoidForm","TheCursedMod:Obscuration","TheCursedMod:CircleOfAbyss"],"relics":["TheCursedMod:BlackMagic101","Guardian:GemstoneGun","Golden Idol","TheCursedMod:BloodyHarpoon","MawBank","TheCursedMod:OminousMark"],"acts_visited":["Exordium","TheCity"],"potions_floor_usage":[24],"damage_taken":[{"damage":0.0,"enemies":"2 Louse","floor":1.0,"turns":4.0},{"damage":0.0,"enemies":"Jaw Worm","floor":5.0,"turns":4.0},{"damage":0.0,"enemies":"Small Slimes","floor":7.0,"turns":4.0},{"damage":5.0,"enemies":"Gremlin Gang","floor":12.0,"turns":8.0},{"damage":11.0,"enemies":"Gremlin Nob","floor":13.0,"turns":5.0},{"damage":0.0,"enemies":"Exordium Thugs","floor":14.0,"turns":4.0},{"damage":18.0,"enemies":"Hexaghost","floor":16.0,"turns":12.0},{"damage":22.0,"enemies":"Spheric Guardian","floor":18.0,"turns":4.0},{"damage":13.0,"enemies":"2 Thieves","floor":21.0,"turns":5.0},{"damage":71,"enemies":"Gremlin Leader","floor":24,"turns":8}],"seed_played":"9145018859870668414","potions_obtained":[{"floor":12.0,"key":"Block Potion"},{"floor":13.0,"key":"SkillPotion"},{"floor":14.0,"key":"LiquidMemories"},{"floor":21.0,"key":"Swift Potion"}],"is_trial":false,"path_per_floor":["M","?","?","?","M","R","M","R","T","R","$","M","E","M","R","B",null,"M","$","?","M","?","R","E"],"character_chosen":"THE_CURSED","items_purchased":["TheCursedMod:DemonSword"],"campfire_rested":3,"item_purchase_floors":[11],"current_hp_per_floor":[50,50,32,32,32,54,54,75,75,75,75,70,59,65,65,49,69,53,53,53,40,40,62,0,0],"gold":330,"neow_bonus":"ONE_RARE_RELIC","is_daily":false,"chose_seed":false,"campfire_upgraded":2,"win_rate":0.0,"timestamp":1611284036,"path_taken":["M","?","?","?","?","R","M","R","T","R","?","?","E","M","R","BOSS","M","$","?","M","?","R","E"],"items_purchased_type":["Card"],"build_version":"2020-12-22","purchased_purges":0,"victory":false,"max_hp_per_floor":[75,75,75,75,75,75,75,75,75,75,75,75,75,75,75,75,75,75,75,75,75,75,75,75,75],"card_choices":[{"not_picked":["TheCursedMod:WearCloak","TheCursedMod:SoulReap"],"picked":"TheCursedMod:FleshFromBone","floor":1.0},{"not_picked":["TheCursedMod:SpitefulStrike","TheCursedMod:CircleOfFlame"],"picked":"TheCursedMod:CursedShiv","floor":5.0},{"not_picked":["TheCursedMod:TacticalStrike","TheCursedMod:EmpowerCircles"],"picked":"TheCursedMod:WearCloak","floor":7.0},{"not_picked":["TheCursedMod:CircleOfFlame","TheCursedMod:CursedArmor"],"picked":"TheCursedMod:FleshFromBone","floor":12.0},{"not_picked":["TheCursedMod:CursedMace","TheCursedMod:FleshFromBone"],"picked":"TheCursedMod:CircleOfBlood","floor":13.0},{"not_picked":["TheCursedMod:Stigma","TheCursedMod:VitalStrike","TheCursedMod:WearCloak"],"picked":"SKIP","floor":14.0},{"not_picked":["TheCursedMod:OutForBlood","TheCursedMod:DemonSword"],"picked":"TheCursedMod:VoidForm","floor":16.0},{"not_picked":["TheCursedMod:Stretching+1","TheCursedMod:CircleOfCorruption"],"picked":"TheCursedMod:Obscuration","floor":18.0},{"not_picked":["TheCursedMod:CircleOfFlame","TheCursedMod:SpitefulStrike"],"picked":"TheCursedMod:CircleOfAbyss","floor":21.0}],"player_experience":1061913,"relics_obtained":[{"floor":9.0,"key":"TheCursedMod:BloodyHarpoon"},{"floor":13.0,"key":"MawBank"}],"event_choices":[{"damage_healed":0.0,"max_hp_gain":0.0,"max_hp_loss":0.0,"gold_gain":0.0,"event_name":"Golden Wing","player_choice":"Ignored","floor":2.0,"gold_loss":0.0,"damage_taken":0.0},{"damage_healed":0.0,"max_hp_gain":0.0,"max_hp_loss":0.0,"gold_gain":0.0,"event_name":"Golden Idol","player_choice":"Take Damage","floor":3.0,"gold_loss":0.0,"damage_taken":18.0,"relics_obtained":["Golden Idol"]},{"damage_healed":0.0,"max_hp_gain":0.0,"max_hp_loss":0.0,"gold_gain":0.0,"event_name":"Fountain of Cleansing","player_choice":"Ignored","floor":4.0,"gold_loss":0.0,"damage_taken":0.0},{"damage_healed":0.0,"max_hp_gain":0.0,"max_hp_loss":0.0,"gold_gain":0.0,"event_name":"Back to Basics","player_choice":"Simplicity","floor":20.0,"gold_loss":0.0,"damage_taken":0.0,"cards_upgraded":["TheCursedMod:Strike_TheCursed","TheCursedMod:Strike_TheCursed","TheCursedMod:Strike_TheCursed","TheCursedMod:Strike_TheCursed","TheCursedMod:Defend_TheCursed","TheCursedMod:Defend_TheCursed","TheCursedMod:Defend_TheCursed","TheCursedMod:Defend_TheCursed"]},{"damage_healed":0.0,"max_hp_gain":0.0,"max_hp_loss":0.0,"gold_gain":0.0,"event_name":"Beggar","player_choice":"Ignored","floor":22.0,"gold_loss":0.0,"damage_taken":0.0}],"is_beta":false,"boss_relics":[{"not_picked":["Empty Cage","SacredBark"],"picked":"TheCursedMod:OminousMark"}],"items_purged_floors":[],"is_endless":false,"potions_floor_spawned":[12,13,14,21],"killed_by":"Gremlin Leader","ascension_level":7}}