{"host":"7fyy23rucerupe6i","time":1611304015,"event":{"mods":["AchievementEnabler","Act Like it!","Aspiration","Bard","BaseMod","Better Note","Better Vampires","BetterRewards","Colored Map","Colored Powertips","Conspire","Curses Come First","Custom Start","Downfall","Googly Eyes","Hermit","Mad Scientist","Minty Spire (QoL Compilation)","Quick Restart","Relic Stats","Shop Mod","ShortenTheSpire","Spicy Shops","StSLib","SuperFastMode","The Gatherer"],"gold_per_floor":[113,113,38,50,69,96,96,18,64,88,127,151,163,190,202,289,301,329,341,341],"floor_reached":19,"language":"ZHS","playtime":714,"items_purged":["Strike_G"],"score":408,"play_id":"f54c0410-4ea8-4885-87a5-b1effae871aa","local_time":"20210122162655","is_ascension_mode":true,"campfire_choices":[{"data":"Cloak And Dagger","floor":13,"key":"SMITH"},{"data":"Wraith Form v2","floor":15,"key":"SMITH"}],"circlet_count":0,"master_deck":["AscendersBane","Strike_G+1","Strike_G","Strike_G","Strike_G","Defend_G","Defend_G","Defend_G","Defend_G","Survivor","Neutralize","Cloak And Dagger","Accuracy","Cloak And Dagger+1","Blade Dance","All Out Attack","Setup+1","Accuracy","Wraith Form v2+1","Backflip+1","Accuracy","Blade Dance+1","Malaise+1","Escape Plan+1","Adrenaline+1"],"relics":["Ring of the Snake","Lee\u0027s Waffle","Orrery","MerchantsRug","Happy Flower","Toxic Egg 2","DollysMirror","MawBank","Du-Vu Doll","aspiration:PoetsPen_weak"],"acts_visited":["Exordium","TheCity"],"potions_floor_usage":[16,18],"damage_taken":[{"damage":0,"enemies":"2 Louse","floor":1,"turns":3},{"damage":6,"enemies":"Jaw Worm","floor":4,"turns":2},{"damage":0,"enemies":"Cultist","floor":5,"turns":3},{"damage":6,"enemies":"3 Sentries","floor":6,"turns":7},{"damage":3,"enemies":"Lots of Slimes","floor":10,"turns":3},{"damage":0,"enemies":"Lagavulin","floor":11,"turns":4},{"damage":1,"enemies":"2 Fungi Beasts","floor":12,"turns":3},{"damage":8,"enemies":"Blue Slaver","floor":14,"turns":3},{"damage":26,"enemies":"The Guardian","floor":16,"turns":9},{"damage":0,"enemies":"Shell Parasite","floor":18,"turns":2},{"damage":33,"enemies":"conspire:FuzzyDice","floor":19,"turns":3}],"seed_played":"5586684388513129518","potions_obtained":[{"floor":1,"key":"Weak Potion"},{"floor":6,"key":"Slimebound:ThreeZeroPotion"},{"floor":16,"key":"Guardian:BlockOnCardUsePotion"},{"floor":18,"key":"Energy Potion"}],"is_trial":false,"path_per_floor":["M","?","?","M","M","E","?","$","T","M","E","M","R","M","R","B",null,"M","M"],"character_chosen":"THE_SILENT","items_purchased":["Lee\u0027s Waffle","Orrery","MerchantsRug","Happy Flower","DollysMirror"],"campfire_rested":0,"item_purchase_floors":[0,0,0,0,8],"current_hp_per_floor":[73,51,51,45,45,39,44,44,44,41,41,40,40,32,32,6,60,60,27,27],"gold":341,"neow_bonus":"","is_daily":false,"chose_seed":false,"campfire_upgraded":2,"win_rate":0.0,"timestamp":1611304015,"path_taken":["M","?","?","M","M","E","?","?","T","M","E","?","R","M","R","BOSS","M","?"],"items_purchased_type":["Relic","Relic","Relic","Relic","Relic"],"build_version":"2020-12-22","purchased_purges":1,"victory":false,"max_hp_per_floor":[73,73,73,73,73,73,78,78,78,78,78,78,78,78,78,78,78,78,78,78],"relic_stats":{"Lee\u0027s Waffle":45,"Happy Flower":[14],"counters":[11,42],"MawBank":120,"obtain_stats":[{"MerchantsRug":0,"Lantern":0,"Lee\u0027s Waffle":0,"Happy Flower":0,"champ:DeflectingBracers":0,"aspiration:PoetsPen_weak":17,"MawBank":9,"Du-Vu Doll":11,"DollysMirror":8,"Gambling Chip":0,"Orrery":0,"Toxic Egg 2":6,"Ring of the Snake":0},{"MerchantsRug":0,"Lantern":0,"Lee\u0027s Waffle":0,"Happy Flower":0,"champ:DeflectingBracers":0,"aspiration:PoetsPen_weak":9,"MawBank":4,"Du-Vu Doll":6,"DollysMirror":4,"Gambling Chip":0,"Orrery":0,"Toxic Egg 2":4,"Ring of the Snake":0},{"MerchantsRug":0,"Lantern":0,"Lee\u0027s Waffle":0,"Happy Flower":0,"champ:DeflectingBracers":0,"aspiration:PoetsPen_weak":37,"MawBank":15,"Du-Vu Doll":22,"DollysMirror":15,"Gambling Chip":0,"Orrery":0,"Toxic Egg 2":15,"Ring of the Snake":0}],"Ring of the Snake":[22]},"card_choices":[{"not_picked":["conspire:PoisonWeapons","Underhanded Strike"],"picked":"Cloak And Dagger","floor":0},{"not_picked":["Outmaneuver","Predator"],"picked":"Accuracy","floor":0},{"not_picked":["Skewer","Sucker Punch"],"picked":"Cloak And Dagger","floor":0},{"not_picked":["Dagger Spray","Deadly Poison"],"picked":"Blade Dance","floor":0},{"not_picked":["Expertise","Poisoned Stab"],"picked":"All Out Attack","floor":0},{"not_picked":["Backflip","Heel Hook"],"picked":"Setup","floor":1},{"not_picked":["Escape Plan","Dagger Spray"],"picked":"Accuracy","floor":4},{"not_picked":["Well Laid Plans","Leg Sweep"],"picked":"Wraith Form v2","floor":5},{"not_picked":["Catalyst+1","Expertise+1"],"picked":"Backflip+1","floor":6},{"not_picked":["Well Laid Plans","Deadly Poison+1"],"picked":"Blade Dance+1","floor":10},{"not_picked":["Deflect+1","Deadly Poison+1"],"picked":"Malaise+1","floor":11},{"not_picked":["Catalyst+1","Dash","conspire:PoisonWeapons+1"],"picked":"SKIP","floor":12},{"not_picked":["Noxious Fumes","Deadly Poison+1"],"picked":"Escape Plan+1","floor":14},{"not_picked":["Glass Knife","Burst+1"],"picked":"Adrenaline+1","floor":16},{"not_picked":["Flying Knee","Crippling Poison+1","Deadly Poison+1"],"picked":"SKIP","floor":18}],"player_experience":353607,"relics_obtained":[{"floor":6,"key":"Toxic Egg 2"},{"floor":9,"key":"MawBank"},{"floor":11,"key":"Du-Vu Doll"}],"event_choices":[{"damage_healed":0,"gold_gain":0,"player_choice":"Entered Light","damage_taken":22,"max_hp_gain":0,"max_hp_loss":0,"event_name":"Shining Light","floor":2,"gold_loss":0,"cards_upgraded":["Setup","Strike_G"]},{"cards_removed":["Defend_G"],"damage_healed":0,"gold_gain":0,"player_choice":"Card Removal","damage_taken":0,"max_hp_gain":0,"max_hp_loss":0,"event_name":"The Cleric","floor":3,"gold_loss":75},{"damage_healed":0,"gold_gain":0,"player_choice":"Donut","damage_taken":0,"max_hp_gain":5,"max_hp_loss":0,"event_name":"Big Fish","floor":7,"gold_loss":0}],"is_beta":false,"boss_relics":[{"not_picked":["conspire:SlowCooker","SlaversCollar"],"picked":"aspiration:PoetsPen_weak"}],"items_purged_floors":[0],"is_endless":false,"potions_floor_spawned":[1,6,11,16,18],"killed_by":"conspire:FuzzyDice","ascension_level":20}}