{"host":"9tzam4717zt8ei1o","time":1611330260,"event":{"mods":["BaseMod","Colored Map","Keyboard Shortcuts","Minty Spire (QoL Compilation)","Quick Restart","StSLib","SuperFastMode"],"gold_per_floor":[11,27,27,50,50,81,81,124,176,176,192,212,237,280,280,379,379,404,418,418,443,70,123,123,11,34,34,34,34,34,84,84,183,183,203,536,556,245,263,263,281,316,341,341,341,47,47,0,0,0,0,0,0,0,31,31],"floor_reached":57,"language":"KOR","playtime":1319,"items_purged":["Strike_R","Strike_R","Strike_R"],"score":3007,"play_id":"2daca2bf-b004-4f86-bc91-12b5f7a5687d","local_time":"20210123004420","is_ascension_mode":true,"campfire_choices":[{"data":"Bludgeon","floor":7.0,"key":"SMITH"},{"data":"Carnage","floor":10.0,"key":"SMITH"},{"floor":15,"key":"REST"},{"floor":24,"key":"REST"},{"data":"Body Slam","floor":28,"key":"SMITH"},{"data":"Dark Embrace","floor":30,"key":"SMITH"},{"data":"Evolve","floor":32,"key":"SMITH"},{"data":"Havoc","floor":40,"key":"SMITH"},{"data":"Feel No Pain","floor":45,"key":"SMITH"},{"data":"Seeing Red","floor":47,"key":"SMITH"},{"floor":49,"key":"RECALL"},{"floor":53,"key":"REST"}],"circlet_count":0,"master_deck":["AscendersBane","Strike_R","Defend_R","Defend_R","Defend_R","Bash","Bludgeon+1","Carnage+1","Offering","Feel No Pain+1","Seeing Red+1","Power Through","Fiend Fire","Body Slam+1","Dark Embrace+1","Evolve+1","Reckless Charge","Exhume","Dark Embrace+1","Shrug It Off+1","Havoc+1","Feel No Pain+1","Burning Pact"],"relics":["Burning Blood","Sundial","Red Skull","Potion Belt","Torii","Nloth\u0027s Gift","Gambling Chip","Charon\u0027s Ashes","Lantern","Philosopher\u0027s Stone","Medical Kit","Question Card","DollysMirror","Red Mask","Toy Ornithopter"],"acts_visited":["TheCity","TheBeyond","TheEnding"],"potions_floor_usage":[14,16,19,21,23,23,39,56,56,56,56,56,56,56,56,56],"damage_taken":[{"damage":6.0,"enemies":"Cultist","floor":1.0,"turns":3.0},{"damage":0.0,"enemies":"2 Louse","floor":2.0,"turns":3.0},{"damage":7.0,"enemies":"Jaw Worm","floor":4.0,"turns":2.0},{"damage":25.0,"enemies":"Lagavulin","floor":6.0,"turns":6.0},{"damage":16.0,"enemies":"Gremlin Nob","floor":8.0,"turns":3.0},{"damage":6.0,"enemies":"Exordium Thugs","floor":11.0,"turns":2.0},{"damage":14.0,"enemies":"Large Slime","floor":12.0,"turns":2.0},{"damage":7.0,"enemies":"2 Fungi Beasts","floor":13.0,"turns":3.0},{"damage":20,"enemies":"Lagavulin","floor":14,"turns":5},{"damage":10,"enemies":"Hexaghost","floor":16,"turns":7},{"damage":0,"enemies":"Chosen","floor":18,"turns":3},{"damage":35,"enemies":"2 Thieves","floor":19,"turns":3},{"damage":18,"enemies":"3 Cultists","floor":21,"turns":3},{"damage":40,"enemies":"Slavers","floor":23,"turns":7},{"damage":24,"enemies":"Champ","floor":33,"turns":5},{"damage":15,"enemies":"3 Darklings","floor":35,"turns":4},{"damage":6,"enemies":"3 Shapes","floor":37,"turns":2},{"damage":26,"enemies":"Spire Growth","floor":39,"turns":3},{"damage":0,"enemies":"Sphere and 2 Shapes","floor":41,"turns":4},{"damage":6,"enemies":"Nemesis","floor":42,"turns":1},{"damage":12,"enemies":"Awakened One","floor":50,"turns":3},{"damage":6,"enemies":"Time Eater","floor":51,"turns":6},{"damage":6,"enemies":"Shield and Spear","floor":55,"turns":3},{"damage":8,"enemies":"The Heart","floor":56,"turns":4}],"seed_played":"-1761511909238516088","potions_obtained":[{"floor":2.0,"key":"BloodPotion"},{"floor":4.0,"key":"BlessingOfTheForge"},{"floor":12.0,"key":"LiquidBronze"},{"floor":13.0,"key":"ColorlessPotion"},{"floor":14,"key":"Strength Potion"},{"floor":16,"key":"BloodPotion"},{"floor":19,"key":"ColorlessPotion"},{"floor":21,"key":"PowerPotion"},{"floor":23,"key":"GamblersBrew"},{"floor":35,"key":"EntropicBrew"},{"floor":39,"key":"EntropicBrew"}],"is_trial":false,"path_per_floor":["M","M","?","M","?","E","R","E","T","R","M","M","M","E","R","B",null,"M","M","?","M","$","E","R","$","T","$","R","$","R","?","R","B",null,"M","?","M","$","M","R","M","E","T","?","R","$","R","?","R","B","B",null,"R","$","E","B",null],"character_chosen":"IRONCLAD","items_purchased":["Evolve","Gambling Chip","Reckless Charge","Havoc","Medical Kit","DollysMirror"],"campfire_rested":3,"item_purchase_floors":[22,22,25,38,38,46],"current_hp_per_floor":[68,74,48,47,47,28,28,18,18,18,18,10,9,10,32,28,63,69,40,40,28,28,9,31,31,31,31,31,31,31,31,31,13,60,51,51,51,51,31,31,37,37,37,37,37,37,37,37,37,31,31,64,75,75,75,75],"gold":31,"neow_bonus":"THREE_RARE_CARDS","is_daily":false,"chose_seed":false,"campfire_upgraded":8,"win_rate":0.0,"timestamp":1611330260,"path_taken":["M","M","?","M","?","E","R","E","T","R","M","M","M","E","R","BOSS","M","?","?","M","$","E","R","?","T","$","R","$","R","?","R","BOSS","M","?","M","$","M","R","M","E","T","?","R","$","R","?","R","BOSS","BOSS","R","$","E","BOSS"],"items_purchased_type":["Card","Relic","Card","Card","Relic","Relic"],"build_version":"2020-12-22","purchased_purges":3,"victory":true,"max_hp_per_floor":[75,75,75,75,75,75,75,75,75,75,75,75,75,75,75,75,75,75,75,75,75,75,75,75,75,75,75,75,75,75,75,75,75,75,75,75,75,75,75,75,75,75,75,75,75,75,75,75,75,75,75,75,75,75,75,75],"card_choices":[{"not_picked":["Feed","Barricade"],"picked":"Bludgeon","floor":0.0},{"not_picked":["Sword Boomerang","Flex","Sentinel"],"picked":"SKIP","floor":1.0},{"not_picked":["Armaments","Cleave"],"picked":"Carnage","floor":2.0},{"not_picked":["Heavy Blade","Anger","Body Slam"],"picked":"SKIP","floor":4.0},{"not_picked":["True Grit","Iron Wave"],"picked":"Offering","floor":6.0},{"not_picked":["Ghostly Armor","Warcry","Spot Weakness"],"picked":"SKIP","floor":8.0},{"not_picked":["Clothesline","Heavy Blade"],"picked":"Feel No Pain","floor":11.0},{"not_picked":["Pommel Strike","Perfected Strike","Flex"],"picked":"SKIP","floor":12.0},{"not_picked":["Cleave","Anger"],"picked":"Seeing Red","floor":13.0},{"not_picked":["Hemokinesis","Armaments"],"picked":"Power Through","floor":14},{"not_picked":["Bludgeon","Corruption"],"picked":"Fiend Fire","floor":16},{"not_picked":["Entrench","Battle Trance"],"picked":"Body Slam","floor":18},{"not_picked":["Anger","Headbutt"],"picked":"Dark Embrace","floor":19},{"not_picked":["Headbutt","Rage","Spot Weakness"],"picked":"SKIP","floor":21},{"not_picked":["Pommel Strike","Double Tap","Clash"],"picked":"SKIP","floor":23},{"not_picked":["Berserk","Juggernaut"],"picked":"Exhume","floor":33},{"not_picked":["Dropkick","Evolve"],"picked":"Dark Embrace+1","floor":35},{"not_picked":["Twin Strike","Havoc"],"picked":"Shrug It Off+1","floor":37},{"not_picked":["Dropkick","Pummel+1","Flex"],"picked":"SKIP","floor":39},{"not_picked":["Disarm","Feed","Shrug It Off"],"picked":"SKIP","floor":41},{"not_picked":["Rupture","Rage","Sword Boomerang"],"picked":"SKIP","floor":42},{"not_picked":["Sever Soul","Flame Barrier","Cleave"],"picked":"Burning Pact","floor":55}],"player_experience":93402,"relics_obtained":[{"floor":6.0,"key":"Sundial"},{"floor":8.0,"key":"Red Skull"},{"floor":9.0,"key":"Potion Belt"},{"floor":14,"key":"Torii"},{"floor":23,"key":"Charon\u0027s Ashes"},{"floor":26,"key":"Lantern"},{"floor":42,"key":"Question Card"},{"floor":55,"key":"Toy Ornithopter"}],"event_choices":[{"damage_healed":0.0,"max_hp_gain":0.0,"max_hp_loss":0.0,"gold_gain":0.0,"event_name":"Golden Idol","player_choice":"Take Damage","floor":3.0,"gold_loss":0.0,"damage_taken":26.0,"relics_obtained":["Golden Idol"]},{"cards_removed":["Strike_R"],"damage_healed":0.0,"max_hp_gain":0.0,"max_hp_loss":0.0,"gold_gain":0.0,"event_name":"Purifier","player_choice":"Purged","floor":5.0,"gold_loss":0.0,"damage_taken":0.0},{"damage_healed":0,"gold_gain":0,"player_choice":"Traded Relic","damage_taken":0,"relics_obtained":["Nloth\u0027s Gift"],"max_hp_gain":0,"max_hp_loss":0,"event_name":"N\u0027loth","floor":20,"relics_lost":["Velvet Choker"],"gold_loss":0},{"damage_healed":0,"gold_gain":50,"player_choice":"Stole From Cult","damage_taken":0,"max_hp_gain":0,"max_hp_loss":0,"event_name":"Nest","floor":31,"gold_loss":0},{"damage_healed":0,"gold_gain":333,"player_choice":"Gave Idol","damage_taken":0,"max_hp_gain":0,"max_hp_loss":0,"event_name":"The Moai Head","floor":36,"relics_lost":["Golden Idol"],"gold_loss":0},{"cards_removed":["Defend_R"],"damage_healed":0,"gold_gain":0,"player_choice":"Removed Skill","damage_taken":0,"max_hp_gain":0,"max_hp_loss":0,"event_name":"Falling","floor":44,"gold_loss":0},{"damage_healed":0,"gold_gain":0,"player_choice":"Paid","damage_taken":0,"relics_obtained":["Red Mask"],"max_hp_gain":0,"max_hp_loss":0,"event_name":"Tomb of Lord Red Mask","floor":48,"gold_loss":47}],"is_beta":false,"boss_relics":[{"not_picked":["Mark of Pain","Sozu"],"picked":"Velvet Choker"},{"not_picked":["Busted Crown","Pandora\u0027s Box"],"picked":"Philosopher\u0027s Stone"}],"items_purged_floors":[25,38,46],"is_endless":false,"potions_floor_spawned":[2,4,12,13,14,16,19,21,23,35,39,41,42],"ascension_level":20}}