{"host":"ixtszv54kd1m8623","time":1611359788,"event":{"mods":["Act Like it!","Aspiration","Bard","BaseMod","Beaked The Cultist","ChefMod","Colored Map","Colored Powertips","Conspire","Downfall","Duelist Mod","Gensokyo","GifTheSpireLib","Halation","Hermit","Hubris","Infinite Spire","Jorbs\u0027s Wanderer Trilogy","Lobotomy","Minty Spire (QoL Compilation)","Replay The Spire","Robot Space Explorer","Shade Mod","StSLib","The Animator","The Blackbeard","The Bug Knight","The Cursed","The Disciple","The Dragon Tamer","The Marked","The Runesmith","The Servant 0.9.4"],"gold_per_floor":[99,116,135,410,422,72,72,85,105,105,123,34,34,54,73,169,169,169,184,198,217,232,249,320,336,336,355,355,365,365,365,377,474,474,671,685,698,712,712,712],"floor_reached":39,"language":"ENG","playtime":3156,"items_purged":["Regret"],"score":485,"play_id":"a83bc7cf-f308-48b7-91ce-d286d5fd1e4b","local_time":"20210122155628","is_ascension_mode":false,"campfire_choices":[{"data":"bronze:Goto","floor":1,"key":"SMITH"},{"floor":10,"key":"REST"},{"floor":13,"key":"REST"},{"floor":18,"key":"REST"},{"data":"bronze:Repulsor","floor":18,"key":"SMITH"},{"floor":28,"key":"REST"},{"data":"bronze:SpaghettiCode","floor":28,"key":"SMITH"},{"floor":30,"key":"REST"},{"data":"bronze:RecursiveStrike","floor":30,"key":"SMITH"},{"floor":35,"key":"REST"}],"circlet_count":0,"master_deck":["bronze:Strike","bronze:Strike","bronze:Strike","bronze:Strike","bronze:Defend","bronze:Defend","bronze:Defend","bronze:Replicate","bronze:Goto+1","bronze:ThunderWave","bronze:DarkDash","bronze:ChosenStrike","bronze:DelayedGuard","bronze:CleanCode","bronze:Shell","bronze:CloningBeam","bronze:ChildClass","bronze:FineTuning","bronze:DelayedSlice","bronze:Shell","bronze:ChildClass","bronze:Repulsor+1","bronze:BronzeOrb","bronze:Boost","bronze:Frontload","bronze:SpaghettiCode+1","bronze:Backtrace","bronze:Iterate+1","bronze:Optimize","bronze:Turbo","bronze:Branch","bronze:Assembly","bronze:Deprecate+1","bronze:BitShift","bronze:BuggyMess","bronze:RecursiveStrike+1","bronze:NullPointer","bronze:ForceShield+1","bronze:Mutator","bronze:WhirlingStrike","bronze:Fortify+1","bronze:Iterate","bronze:Turbo","Parasite","bronze:FineTuning+1"],"relics":["bronze:BronzeCore","Toolbox","Dream Catcher","hubris:Backtick","infinitespire:Magic Flask","Replay:Bottled Flurry","Philosopher\u0027s Stone"],"acts_visited":["Exordium","TheCity","TheBeyond"],"potions_floor_usage":[16,19,19,19,19,25,25,27,33,38,38],"damage_taken":[{"damage":1,"enemies":"Jaw Worm","floor":2,"turns":4},{"damage":0,"enemies":"Cultist","floor":3,"turns":3},{"damage":3,"enemies":"2 Louse","floor":5,"turns":3},{"damage":13,"enemies":"downfall:FleeingMerchant","floor":6,"turns":4},{"damage":21,"enemies":"Exordium Thugs","floor":8,"turns":4},{"damage":0,"enemies":"Gremlin Gang","floor":9,"turns":3},{"damage":0,"enemies":"Blue Slaver","floor":11,"turns":4},{"damage":1,"enemies":"downfall:FleeingMerchant","floor":12,"turns":4},{"damage":11,"enemies":"Large Slime","floor":14,"turns":4},{"damage":10,"enemies":"Exordium Thugs","floor":15,"turns":6},{"damage":0,"enemies":"IC_STATUS_ARCHETYPE","floor":16,"turns":13},{"damage":16,"enemies":"conspire:FuzzyDice","floor":19,"turns":5},{"damage":0,"enemies":"Spheric Guardian","floor":20,"turns":2},{"damage":2,"enemies":"conspire:HollyBat","floor":21,"turns":8},{"damage":17,"enemies":"Sentry and Sphere","floor":22,"turns":6},{"damage":18,"enemies":"3 Cultists","floor":23,"turns":6},{"damage":5,"enemies":"Snake Plant","floor":25,"turns":2},{"damage":15,"enemies":"Snecko","floor":27,"turns":4},{"damage":2,"enemies":"Sentry and Sphere","floor":29,"turns":6},{"damage":19,"enemies":"Shelled Parasite and Fungi","floor":32,"turns":5},{"damage":18,"enemies":"WA_ARCHETYPE_CALM","floor":33,"turns":8},{"damage":46,"enemies":"3 Shapes","floor":36,"turns":3},{"damage":7,"enemies":"3 Darklings","floor":37,"turns":8},{"damage":14,"enemies":"Writhing Mass","floor":38,"turns":9},{"damage":15,"enemies":"Maw","floor":39,"turns":2}],"seed_played":"-6390265395907122784","potions_obtained":[{"floor":3,"key":"EntropicBrew"},{"floor":11,"key":"Milkshake"},{"floor":14,"key":"LiquidMemories"},{"floor":16,"key":"Languid Potion"},{"floor":19,"key":"BlessingOfTheForge"},{"floor":22,"key":"Weak Potion"},{"floor":23,"key":"Slimebound:ThreeZeroPotion"},{"floor":27,"key":"bronze:BurnAndBuffPotion"},{"floor":33,"key":"bronze:FreeFunctionsPotion"},{"floor":37,"key":"PowerPotion"}],"is_trial":false,"path_per_floor":["R","M","M","?","M","$","T","M","M","R","M","$","R","M","M","B",null,"R","M","M","M","M","M","T","M","?","M","R","M","R","?","M","B",null,"R_BF","M","M","M","M"],"character_chosen":"THE_AUTOMATON","items_purchased":["Toolbox","bronze:Shell","bronze:CloningBeam","bronze:Repulsor"],"campfire_rested":6,"item_purchase_floors":[6,6,6,12],"current_hp_per_floor":[70,69,69,69,66,53,53,32,32,53,53,52,70,59,49,49,70,70,54,54,52,35,17,17,12,19,4,25,23,44,44,25,7,70,70,24,17,3,0,0],"gold":712,"neow_bonus":"TRANSFORM_CARD","is_daily":false,"chose_seed":false,"campfire_upgraded":4,"win_rate":0.0,"timestamp":1611359788,"path_taken":["R","M","M","?","M","?","T","M","M","R","M","$","R","M","M","BOSS","R","M","M","M","M","M","T","M","?","M","R","?","R","?","M","BOSS","R_BF","M","M","?","M"],"items_purchased_type":["Relic","Card","Card","Card"],"build_version":"2020-12-22","purchased_purges":1,"victory":false,"max_hp_per_floor":[70,70,70,70,70,70,70,70,70,70,70,70,70,70,70,70,70,70,70,70,70,70,70,70,70,70,70,70,70,70,70,70,70,70,70,70,70,70,70,70],"card_choices":[{"not_picked":["bronze:WildBeam","bronze:Invalidate"],"picked":"bronze:DarkDash","floor":2},{"not_picked":["bronze:Philosophize","bronze:Branch"],"picked":"bronze:ChosenStrike","floor":3},{"not_picked":["bronze:BitShift","bronze:Backtrace"],"picked":"bronze:DelayedGuard","floor":5},{"not_picked":["bronze:BuggyMess","bronze:Allocate"],"picked":"bronze:CleanCode","floor":6},{"not_picked":["bronze:BitShift","bronze:Iterate"],"picked":"bronze:ChildClass","floor":8},{"not_picked":["bronze:BugBarrage","bronze:Safeguard"],"picked":"bronze:FineTuning","floor":9},{"not_picked":["bronze:Shield","bronze:Iterate"],"picked":"bronze:DelayedSlice","floor":10},{"not_picked":["bronze:ForLoop","bronze:BitShift"],"picked":"bronze:Shell","floor":11},{"not_picked":["bronze:BuggyMess","bronze:WildBeam"],"picked":"bronze:ChildClass","floor":12},{"not_picked":["bronze:CutThrough","bronze:BronzeArmor"],"picked":"bronze:BronzeOrb","floor":13},{"not_picked":["bronze:Branch","bronze:WildBeam"],"picked":"bronze:Boost","floor":14},{"not_picked":["bronze:ForLoop","bronze:Repulsor"],"picked":"bronze:Frontload","floor":15},{"not_picked":["bronze:BurnOut","bronze:ThunderWave"],"picked":"bronze:SpaghettiCode","floor":16},{"not_picked":["bronze:DelayedGuard","bronze:Frontload+1"],"picked":"bronze:Backtrace","floor":18},{"not_picked":["bronze:BronzeOrb","bronze:WildBeam"],"picked":"bronze:Iterate+1","floor":19},{"not_picked":["bronze:WildBeam","bronze:Deprecate"],"picked":"bronze:Optimize","floor":20},{"not_picked":["bronze:ForLoop","bronze:Overheat+1"],"picked":"bronze:Turbo","floor":21},{"not_picked":["bronze:WildBeam+1","bronze:DelayedSlice"],"picked":"bronze:Branch","floor":22},{"not_picked":["bronze:Shield","bronze:BitShift"],"picked":"bronze:Assembly","floor":23},{"not_picked":["bronze:BuggyMess","bronze:CutThrough+1"],"picked":"bronze:Deprecate+1","floor":25},{"not_picked":["bronze:Optimize","bronze:Frontload"],"picked":"bronze:BitShift","floor":27},{"not_picked":["bronze:Shell","bronze:OilSpill+1"],"picked":"bronze:BuggyMess","floor":28},{"not_picked":["bronze:Invalidate","bronze:BuggyMess+1"],"picked":"bronze:RecursiveStrike","floor":29},{"not_picked":["bronze:Frontload","bronze:WildBeam"],"picked":"bronze:NullPointer","floor":30},{"not_picked":["bronze:BuggyMess+1","bronze:CutThrough"],"picked":"bronze:ForceShield+1","floor":32},{"not_picked":["bronze:Break","bronze:Format"],"picked":"bronze:Mutator","floor":33},{"not_picked":["bronze:DelayedGuard","bronze:BitShift"],"picked":"bronze:WhirlingStrike","floor":35},{"not_picked":["bronze:DarkDash+1","bronze:CutThrough+1"],"picked":"bronze:Fortify+1","floor":35},{"not_picked":["bronze:Deprecate","bronze:DelayedSlice+1"],"picked":"bronze:Iterate","floor":36},{"not_picked":["bronze:DarkDash+1","bronze:FineTuning"],"picked":"bronze:Turbo","floor":37},{"not_picked":["bronze:BugBarrage+1","bronze:DelayedSlice+1"],"picked":"bronze:FineTuning+1","floor":38}],"player_experience":200130,"relics_obtained":[{"floor":7,"key":"Dream Catcher"},{"floor":24,"key":"Replay:Bottled Flurry"}],"event_choices":[{"damage_healed":0,"gold_gain":0,"player_choice":"Leave","damage_taken":0,"max_hp_gain":0,"max_hp_loss":0,"event_name":"conspire:Investor","floor":31,"gold_loss":0}],"is_beta":false,"boss_relics":[{"not_picked":["Replay:Bronze Core","aspiration:IroncladSkillbook"],"picked":"hubris:Backtick"},{"not_picked":["Cursed Key","Astrolabe"],"picked":"Philosopher\u0027s Stone"}],"items_purged_floors":[6],"is_endless":false,"potions_floor_spawned":[3,11,14,15,16,19,22,23,27,33,37],"killed_by":"Maw","ascension_level":0}}