{"host":"srk2drlvga69hbot","time":1611294180,"event":{"mods":["BaseMod","Colored Map","Colored Powertips","Highlight Path","Minty Spire (QoL Compilation)","Quick Restart","Rare Cards Sparkle","Relic Stats"],"gold_per_floor":[117,117,133,133,64,84,84,62,111,130,140,151,151,177,177,280,280,296,396,410,425,436,436,449,480,548,548,548,31,49,64,64,168,168,181,181,181,197,207,218,91,91,116,43,76,138,166,178,190,202],"floor_reached":51,"language":"ZHS","playtime":5229,"items_purged":["Strike_R","Strike_R"],"score":849,"play_id":"55ace6f3-be69-445d-95ff-907bd28bbefd","local_time":"20210122134300","is_ascension_mode":true,"campfire_choices":[{"data":"Flame Barrier","floor":7.0,"key":"SMITH"},{"floor":15.0,"key":"REST"},{"floor":23.0,"key":"REST"},{"floor":27,"key":"REST"},{"floor":32,"key":"REST"},{"data":"Warcry","floor":42,"key":"SMITH"},{"data":"Havoc","floor":49,"key":"SMITH"}],"circlet_count":0,"master_deck":["Strike_R","Defend_R","Defend_R","Defend_R","Bash","Flame Barrier+1","Sentinel","Sentinel","Shrug It Off","Warcry","Flex","Disarm","Warcry+1","Intimidate","True Grit","Disarm","Heavy Blade","Havoc","Armaments+1","Havoc+1","Corruption","Feel No Pain","Rage+1","Intimidate","Havoc+1","Burning Pact"],"relics":["Burning Blood","Dead Branch","Gambling Chip","Runic Pyramid","Nunchaku","Matryoshka","Meat on the Bone","HandDrill","Coffee Dripper","Oddly Smooth Stone","Juzu Bracelet","MawBank","StoneCalendar"],"acts_visited":["Exordium","TheCity","TheBeyond"],"potions_floor_usage":[33,33,33],"damage_taken":[{"damage":3.0,"enemies":"Small Slimes","floor":1.0,"turns":4.0},{"damage":7.0,"enemies":"Jaw Worm","floor":3.0,"turns":3.0},{"damage":2.0,"enemies":"Cultist","floor":6.0,"turns":5.0},{"damage":14.0,"enemies":"Lots of Slimes","floor":10.0,"turns":6.0},{"damage":13.0,"enemies":"Red Slaver","floor":11.0,"turns":3.0},{"damage":5.0,"enemies":"Blue Slaver","floor":12.0,"turns":5.0},{"damage":54.0,"enemies":"Gremlin Nob","floor":14.0,"turns":7.0},{"damage":16.0,"enemies":"Hexaghost","floor":16.0,"turns":18.0},{"damage":13.0,"enemies":"Spheric Guardian","floor":18.0,"turns":5.0},{"damage":44.0,"enemies":"2 Thieves","floor":20.0,"turns":4.0},{"damage":31.0,"enemies":"Centurion and Healer","floor":21.0,"turns":10.0},{"damage":0.0,"enemies":"Shelled Parasite and Fungi","floor":22.0,"turns":4.0},{"damage":13,"enemies":"Sentry and Sphere","floor":24,"turns":4},{"damage":25,"enemies":"Gremlin Leader","floor":25,"turns":5},{"damage":29,"enemies":"Centurion and Healer","floor":30,"turns":7},{"damage":13,"enemies":"3 Cultists","floor":31,"turns":6},{"damage":55,"enemies":"Automaton","floor":33,"turns":13},{"damage":0,"enemies":"3 Darklings","floor":35,"turns":3},{"damage":3,"enemies":"Orb Walker","floor":38,"turns":2},{"damage":4,"enemies":"Sphere and 2 Shapes","floor":39,"turns":6},{"damage":9,"enemies":"Maw","floor":40,"turns":3},{"damage":6,"enemies":"Giant Head","floor":45,"turns":4},{"damage":5,"enemies":"2 Orb Walkers","floor":46,"turns":4},{"damage":3,"enemies":"Jaw Worm Horde","floor":47,"turns":3},{"damage":5,"enemies":"Donu and Deca","floor":50,"turns":7}],"seed_played":"3253555010844103765","potions_obtained":[{"floor":10.0,"key":"GamblersBrew"},{"floor":12.0,"key":"FearPotion"},{"floor":14.0,"key":"LiquidMemories"},{"floor":33,"key":"LiquidMemories"},{"floor":35,"key":"SmokeBomb"},{"floor":39,"key":"FearPotion"},{"floor":40,"key":"AttackPotion"}],"is_trial":false,"path_per_floor":["M","?","M","?","$","M","R","$","T","M","M","M","?","E","R","B",null,"M","?","M","M","M","R","M","E","T","R","?","$","M","M","R","B",null,"M","?","?","M","M","M","$","R","T","$","E","?","M","?","R","B",null],"character_chosen":"IRONCLAD","items_purchased":["Sentinel","Warcry","Meat on the Bone","Havoc","HandDrill","Havoc","Burning Pact"],"campfire_rested":4,"item_purchase_floors":[5,8,29,29,29,41,44],"current_hp_per_floor":[80,68,67,67,67,71,71,71,71,63,56,57,57,9,33,23,80,73,73,35,10,16,40,33,14,14,38,38,38,27,32,56,19,80,80,80,72,75,77,74,74,74,74,74,74,75,78,78,78,79],"gold":214,"neow_bonus":"TRANSFORM_CARD","is_daily":false,"chose_seed":false,"campfire_upgraded":3,"win_rate":0.0,"timestamp":1611294180,"path_taken":["M","?","M","?","$","?","R","?","T","?","M","M","?","E","R","BOSS","M","?","M","M","M","R","?","E","T","R","?","?","M","M","R","BOSS","M","?","?","M","?","?","?","R","T","$","E","?","M","?","R","BOSS"],"items_purchased_type":["Card","Card","Relic","Card","Relic","Card","Card"],"build_version":"2020-12-22","purchased_purges":2,"victory":true,"max_hp_per_floor":[80,80,80,80,80,80,80,80,80,80,80,80,80,80,80,80,80,80,80,80,80,80,80,80,80,80,80,80,80,80,80,80,80,80,80,80,80,80,80,80,80,80,80,80,80,80,80,80,80,80],"relic_stats":{"Nunchaku":[12],"counters":[25,141],"Dead Branch":[465],"Gambling Chip":[57],"StoneCalendar":[18],"HandDrill":[22],"Juzu Bracelet":1,"MawBank":72,"obtain_stats":[{"Dead Branch":2,"Oddly Smooth Stone":43,"StoneCalendar":46,"Juzu Bracelet":43,"MawBank":45,"Burning Blood":0,"Nunchaku":25,"Matryoshka":26,"Gambling Chip":14,"HandDrill":29,"Coffee Dripper":34,"Runic Pyramid":17,"Meat on the Bone":29},{"Dead Branch":1,"Oddly Smooth Stone":21,"StoneCalendar":23,"Juzu Bracelet":21,"MawBank":22,"Burning Blood":0,"Nunchaku":14,"Matryoshka":14,"Gambling Chip":7,"HandDrill":14,"Coffee Dripper":17,"Runic Pyramid":8,"Meat on the Bone":14},{"Dead Branch":4,"Oddly Smooth Stone":123,"StoneCalendar":131,"Juzu Bracelet":123,"MawBank":127,"Burning Blood":0,"Nunchaku":83,"Matryoshka":83,"Gambling Chip":33,"HandDrill":83,"Coffee Dripper":109,"Runic Pyramid":51,"Meat on the Bone":83}],"Burning Blood":141,"Meat on the Bone":36},"card_choices":[{"not_picked":["Pommel Strike","Entrench","Pummel"],"picked":"SKIP","floor":1.0},{"not_picked":["Dual Wield","Clash"],"picked":"Sentinel","floor":3.0},{"not_picked":["Uppercut","Clash"],"picked":"Shrug It Off","floor":6.0},{"not_picked":["Twin Strike","Body Slam"],"picked":"Flex","floor":10.0},{"not_picked":["Anger","Sword Boomerang"],"picked":"Disarm","floor":11.0},{"not_picked":["Flex","Armaments"],"picked":"Warcry","floor":12.0},{"not_picked":["Thunderclap","Wild Strike"],"picked":"Intimidate","floor":14.0},{"not_picked":["Rage+1","Flame Barrier"],"picked":"True Grit","floor":18.0},{"not_picked":["Fire Breathing+1","Dual Wield"],"picked":"Disarm","floor":20.0},{"not_picked":["Cleave","True Grit","Clothesline"],"picked":"SKIP","floor":21.0},{"not_picked":["Wild Strike","Blood for Blood","Body Slam+1"],"picked":"SKIP","floor":22.0},{"not_picked":["Twin Strike+1","Power Through","Pommel Strike"],"picked":"SKIP","floor":24},{"not_picked":["Dropkick","Pummel","Cleave+1"],"picked":"SKIP","floor":25},{"not_picked":["Rupture","Thunderclap"],"picked":"Armaments+1","floor":30},{"not_picked":["Sword Boomerang","Body Slam"],"picked":"Havoc+1","floor":31},{"not_picked":["Impervious","Exhume"],"picked":"Corruption","floor":33},{"not_picked":["Perfected Strike","Twin Strike","Sword Boomerang+1"],"picked":"SKIP","floor":35},{"not_picked":["Thunderclap+1","Flex+1"],"picked":"Feel No Pain","floor":38},{"not_picked":["Flex+1","Havoc"],"picked":"Rage+1","floor":39},{"not_picked":["Body Slam+1","Armaments+1"],"picked":"Intimidate","floor":40},{"not_picked":["Anger","Brutality","Evolve+1"],"picked":"SKIP","floor":45},{"not_picked":["Flex","Power Through+1","Infernal Blade"],"picked":"SKIP","floor":47}],"player_experience":115793,"relics_obtained":[{"floor":14.0,"key":"Gambling Chip"},{"floor":25,"key":"Nunchaku"},{"floor":26,"key":"Matryoshka"},{"floor":43,"key":"Oddly Smooth Stone"},{"floor":43,"key":"Juzu Bracelet"},{"floor":45,"key":"MawBank"},{"floor":46,"key":"StoneCalendar"}],"event_choices":[{"damage_healed":0.0,"max_hp_gain":0.0,"max_hp_loss":0.0,"gold_gain":0.0,"event_name":"Scrap Ooze","player_choice":"Success","floor":2.0,"gold_loss":0.0,"damage_taken":12.0,"relics_obtained":["Dead Branch"]},{"damage_healed":0.0,"max_hp_gain":0.0,"max_hp_loss":0.0,"gold_gain":0.0,"event_name":"The Woman in Blue","player_choice":"Bought 0 Potions","floor":4.0,"gold_loss":0.0,"damage_taken":0.0},{"damage_healed":0.0,"max_hp_gain":0.0,"max_hp_loss":0.0,"gold_gain":0.0,"event_name":"Shining Light","player_choice":"Ignored","floor":13.0,"gold_loss":0.0,"damage_taken":0.0},{"damage_healed":0.0,"max_hp_gain":0.0,"max_hp_loss":0.0,"gold_gain":100.0,"event_name":"Golden Shrine","player_choice":"Pray","floor":19.0,"gold_loss":0.0,"damage_taken":0.0},{"damage_healed":0,"gold_gain":0,"cards_transformed":["Strike_R","Strike_R"],"player_choice":"Became Test Subject","damage_taken":0,"max_hp_gain":0,"max_hp_loss":0,"event_name":"Drug Dealer","floor":28,"gold_loss":0,"cards_obtained":["Heavy Blade","Sword Boomerang"]},{"damage_healed":0,"gold_gain":0,"player_choice":"Ignored","damage_taken":0,"max_hp_gain":0,"max_hp_loss":0,"event_name":"Tomb of Lord Red Mask","floor":36,"gold_loss":0},{"damage_healed":0,"gold_gain":0,"player_choice":"Damaged","damage_taken":8,"max_hp_gain":0,"max_hp_loss":0,"event_name":"Wheel of Change","floor":37,"gold_loss":0},{"damage_healed":0,"gold_gain":0,"player_choice":"Fight","damage_taken":0,"max_hp_gain":0,"max_hp_loss":0,"event_name":"Mysterious Sphere","floor":46,"gold_loss":0},{"cards_removed":["Sword Boomerang"],"damage_healed":0,"gold_gain":0,"player_choice":"Removed Attack","damage_taken":0,"max_hp_gain":0,"max_hp_loss":0,"event_name":"Falling","floor":48,"gold_loss":0}],"is_beta":false,"boss_relics":[{"not_picked":["Ectoplasm","Calling Bell"],"picked":"Runic Pyramid"},{"not_picked":["Black Blood","Pandora\u0027s Box"],"picked":"Coffee Dripper"}],"items_purged_floors":[29,41],"is_endless":false,"potions_floor_spawned":[10,12,14,22,24,31,33,35,39,40],"ascension_level":2}}