{"host":"jmumkimrafwvkspb","time":1611337638,"event":{"mods":["AchievementEnabler","BaseMod","Colored Map","Minty Spire (QoL Compilation)","Replay The Spire","StSLib"],"gold_per_floor":[118,134,134,3,3,3,37,37,37,37,37,51,95,117,117,117,117],"floor_reached":16,"language":"ENG","playtime":641,"items_purged":["Parasite"],"score":216,"play_id":"a16d4668-9cd3-488e-bc7f-e34875eb045a","local_time":"20210122184718","is_ascension_mode":true,"campfire_choices":[{"data":"Mirror Shield","floor":6.0,"key":"SMITH"},{"data":"Panic Button","floor":8.0,"key":"SMITH"},{"floor":15.0,"key":"REST"}],"circlet_count":0,"master_deck":["AscendersBane","Strike_B","Strike_B+1","Strike_B","Defend_B","Defend_B","Defend_B","Defend_B","Zap","Dualcast","FTL+1","Coolheaded","Mirror Shield+1","Ball Lightning","Panic Button+1","FIFO Queue","ReplayTheSpireMod:Fabricate Wheel","Fusion"],"relics":["Cracked Core","Counterbalance","Calipers","Replay:Bottled Steam","CeramicFish"],"acts_visited":["Exordium"],"potions_floor_usage":[],"damage_taken":[{"damage":0.0,"enemies":"2 Louse","floor":1.0,"turns":3.0},{"damage":1.0,"enemies":"Cultist","floor":2.0,"turns":3.0},{"damage":33.0,"enemies":"Lagavulin","floor":7.0,"turns":6.0},{"damage":0.0,"enemies":"Small Slimes","floor":12.0,"turns":2.0},{"damage":5.0,"enemies":"Replay:BlueRogue","floor":13.0,"turns":7.0},{"damage":0.0,"enemies":"Blue Slaver","floor":14.0,"turns":3.0},{"damage":30,"enemies":"Hexaghost","floor":16,"turns":11}],"seed_played":"3823140720641506248","potions_obtained":[{"floor":2.0,"key":"SteroidPotion"},{"floor":13.0,"key":"Strength Potion"}],"is_trial":false,"path_per_floor":["M","M","?","$","?","R","E","R","T","?","$","M","E","M","R","B"],"character_chosen":"DEFECT","items_purchased":["Ball Lightning"],"campfire_rested":1,"item_purchase_floors":[4],"current_hp_per_floor":[64,63,63,63,43,43,10,10,10,10,10,10,5,5,25,0,0],"gold":117,"neow_bonus":"ONE_RARE_RELIC","is_daily":false,"chose_seed":false,"campfire_upgraded":2,"win_rate":0.0,"timestamp":1611337638,"path_taken":["M","M","?","$","?","R","E","R","T","?","?","?","E","M","R","BOSS"],"items_purchased_type":["Card"],"build_version":"2020-12-22","purchased_purges":1,"victory":false,"max_hp_per_floor":[71,71,71,68,68,68,68,68,68,68,68,68,68,68,68,68,68],"card_choices":[{"not_picked":["Hologram","Steam"],"picked":"FTL","floor":1.0},{"not_picked":["Fusion","Leap"],"picked":"Coolheaded","floor":2.0},{"not_picked":["Ball Lightning","Hologram"],"picked":"Panic Button","floor":7.0},{"not_picked":["Sweeping Beam","Ball Lightning"],"picked":"FIFO Queue","floor":12.0},{"not_picked":["Stack","Doom and Gloom"],"picked":"ReplayTheSpireMod:Fabricate Wheel","floor":13.0},{"not_picked":["Capacitor","Compile Driver"],"picked":"Fusion","floor":14.0}],"player_experience":1577324,"relics_obtained":[{"floor":7.0,"key":"Calipers"},{"floor":9.0,"key":"Replay:Bottled Steam"},{"floor":13.0,"key":"CeramicFish"}],"event_choices":[{"damage_healed":0.0,"max_hp_gain":0.0,"max_hp_loss":0.0,"gold_gain":0.0,"cards_transformed":["Strike_B"],"event_name":"Transmorgrifier","player_choice":"Transformed","floor":3.0,"gold_loss":0.0,"damage_taken":0.0,"cards_obtained":["Mirror Shield"]},{"damage_healed":0.0,"max_hp_gain":0.0,"max_hp_loss":0.0,"gold_gain":0.0,"event_name":"Shining Light","player_choice":"Entered Light","floor":5.0,"gold_loss":0.0,"damage_taken":20.0,"cards_upgraded":["FTL","Strike_B"]},{"damage_healed":0.0,"max_hp_gain":0.0,"max_hp_loss":0.0,"gold_gain":0.0,"event_name":"Liars Game","player_choice":"Ignored","floor":10.0,"gold_loss":0.0,"damage_taken":0.0}],"is_beta":false,"boss_relics":[],"items_purged_floors":[4],"is_endless":false,"potions_floor_spawned":[2,13],"killed_by":"Hexaghost","ascension_level":20}}