{"host":"lh9qfzqeqctr28d2","time":1611309823,"event":{"mods":["BaseMod","CapriCore","Luminous","Minty Spire (QoL Compilation)","Quick Restart","Relic Stats","Remilia£®¿Ÿ√◊¿Ú—«£©","StSLib","Yakumo Yukari mod"],"gold_per_floor":[111,111,122,122,85,110,110,129,204,204,224,255,255,265,265,361,361,361,361],"floor_reached":18,"language":"ZHS","playtime":545,"items_purged":[],"score":215,"play_id":"c4e83cf9-9e06-4db6-b409-e44c9a2b7896","local_time":"20210122180343","is_ascension_mode":true,"campfire_choices":[{"data":"Infinite Blades","floor":7,"key":"SMITH"},{"data":"Neutralize","floor":10,"key":"SMITH"},{"floor":15,"key":"REST"}],"circlet_count":0,"master_deck":["Strike_G","Strike_G","Defend_G","Defend_G+1","Defend_G","Defend_G","Survivor","Neutralize+1","Flying Knee","Prepared+1","Infinite Blades+1","Tactician","Blade Dance","Slice","Choke","Burst","Glass Knife+1","Malaise+1","Riddle With Holes+1"],"relics":["Ring of the Snake","NeowsBlessing","PreservedInsect","Pen Nib","Meat on the Bone","Singing Bowl","Astrolabe"],"acts_visited":["Exordium","TheCity"],"potions_floor_usage":[16,16],"damage_taken":[{"damage":0,"enemies":"Jaw Worm","floor":1,"turns":1},{"damage":0,"enemies":"Cultist","floor":3,"turns":1},{"damage":0,"enemies":"Lagavulin","floor":6,"turns":1},{"damage":0,"enemies":"2 Louse","floor":8,"turns":2},{"damage":0,"enemies":"Exordium Wildlife","floor":11,"turns":4},{"damage":9,"enemies":"3 Sentries","floor":12,"turns":5},{"damage":12,"enemies":"Blue Slaver","floor":14,"turns":3},{"damage":64,"enemies":"The Guardian","floor":16,"turns":8},{"damage":0,"enemies":"Chosen","floor":18,"turns":1}],"seed_played":"-8429805023601599223","potions_obtained":[{"floor":3,"key":"Swift Potion"},{"floor":11,"key":"SkillPotion"},{"floor":12,"key":"BlessingOfTheForge"},{"floor":14,"key":"Ancient Potion"}],"is_trial":false,"path_per_floor":["M","?","M","?","$","E","R","M","T","R","M","E","?","M","R","B",null,"M"],"character_chosen":"THE_SILENT","items_purchased":["Infinite Blades"],"campfire_rested":1,"item_purchase_floors":[5],"current_hp_per_floor":[70,70,70,67,67,67,67,67,67,67,67,58,44,46,67,15,72,72,72],"gold":361,"neow_bonus":"THREE_ENEMY_KILL","is_daily":false,"chose_seed":false,"campfire_upgraded":2,"win_rate":0.0,"timestamp":1611309823,"path_taken":["M","?","?","?","?","E","R","M","T","R","M","E","?","M","R","BOSS","M"],"items_purchased_type":["Card"],"build_version":"2020-12-22","purchased_purges":0,"victory":false,"max_hp_per_floor":[70,70,70,70,70,70,70,70,70,70,70,70,70,72,72,72,72,72,72],"relic_stats":{"Singing Bowl":2,"counters":[9,26],"Astrolabe":["Glass Knife","Malaise","Riddle With Holes"],"PreservedInsect":30,"Pen Nib":[7],"obtain_stats":[{"NeowsBlessing":0,"Singing Bowl":12,"Astrolabe":17,"PreservedInsect":4,"Pen Nib":6,"Ring of the Snake":0,"Meat on the Bone":9},{"NeowsBlessing":0,"Singing Bowl":6,"Astrolabe":8,"PreservedInsect":2,"Pen Nib":3,"Ring of the Snake":0,"Meat on the Bone":4},{"NeowsBlessing":0,"Singing Bowl":14,"Astrolabe":25,"PreservedInsect":2,"Pen Nib":3,"Ring of the Snake":0,"Meat on the Bone":5}],"Ring of the Snake":[18],"Meat on the Bone":24},"card_choices":[{"not_picked":["Slice","PiercingWail"],"picked":"Flying Knee","floor":1},{"not_picked":["Bane","Deflect"],"picked":"Prepared","floor":3},{"not_picked":["Outmaneuver","Dagger Spray"],"picked":"Tactician","floor":6},{"not_picked":["Acrobatics","Dash"],"picked":"Blade Dance","floor":8},{"not_picked":["Sucker Punch","Catalyst"],"picked":"Slice","floor":11},{"not_picked":["Glass Knife","Dodge and Roll"],"picked":"Choke","floor":12},{"not_picked":["Deadly Poison","Predator","Distraction"],"picked":"Singing Bowl","floor":14},{"not_picked":["Bullet Time","Wraith Form v2"],"picked":"Burst","floor":16}],"player_experience":448438,"relics_obtained":[{"floor":6,"key":"Pen Nib"},{"floor":9,"key":"Meat on the Bone"},{"floor":12,"key":"Singing Bowl"}],"event_choices":[{"cards_removed":["Strike_G"],"damage_healed":0,"gold_gain":0,"player_choice":"Offered Basic","damage_taken":0,"max_hp_gain":0,"max_hp_loss":0,"event_name":"Bonfire Elementals","floor":2,"gold_loss":0},{"damage_healed":0,"gold_gain":0,"player_choice":"Success","damage_taken":3,"relics_obtained":["PreservedInsect"],"max_hp_gain":0,"max_hp_loss":0,"event_name":"Scrap Ooze","floor":4,"gold_loss":0},{"damage_healed":0,"gold_gain":0,"player_choice":"Entered Light","damage_taken":14,"max_hp_gain":0,"max_hp_loss":0,"event_name":"Shining Light","floor":13,"gold_loss":0,"cards_upgraded":["Defend_G","Prepared"]}],"is_beta":false,"boss_relics":[{"not_picked":["Coffee Dripper","Fusion Hammer"],"picked":"Astrolabe"}],"items_purged_floors":[],"is_endless":false,"potions_floor_spawned":[3,11,12,14],"killed_by":"Chosen","ascension_level":2}}