{"host":"c3lc60y5x60jlt1y","time":1611350546,"event":{"mods":["AchievementEnabler","BaseMod","Bestiary","Colored Map","Minty Spire (QoL Compilation)","Quick Restart","StSLib","ojb\u0027s Info Mod"],"gold_per_floor":[116,191,191,45,60,93,93,106,131,131,149,168,179,179,179,282,282,296,39,52,52,66,66,66,66,66,82,82,82],"floor_reached":28,"language":"ENG","playtime":1060,"items_purged":["Strike_B","Strike_B"],"score":270,"play_id":"4200cc1e-d8da-4600-ac60-163a589c4815","local_time":"20210122232226","is_ascension_mode":false,"campfire_choices":[{"data":"Zap","floor":7,"key":"SMITH"},{"data":"Turbo","floor":10,"key":"SMITH"},{"data":"Dualcast","floor":15,"key":"SMITH"},{"data":"Echo Form","floor":23,"key":"SMITH"},{"data":"White Noise","floor":25,"key":"SMITH"}],"circlet_count":0,"master_deck":["Strike_B","Defend_B","Defend_B","Defend_B","Defend_B","Zap+1","Dualcast+1","Hologram","All For One","Ball Lightning","Turbo+1","Auto Shields","Compile Driver","Undo","Capacitor","Echo Form+1","Chill","Reboot","Coolheaded","Ball Lightning","White Noise+1","Streamline"],"relics":["Cracked Core","NeowsBlessing","Pear","Oddly Smooth Stone","Tiny Chest","Sozu","MealTicket","Emotion Chip"],"acts_visited":["Exordium","TheCity"],"potions_floor_usage":[16,16,27,27],"damage_taken":[{"damage":0,"enemies":"Small Slimes","floor":1,"turns":1},{"damage":0,"enemies":"Jaw Worm","floor":5,"turns":1},{"damage":0,"enemies":"3 Sentries","floor":6,"turns":2},{"damage":0,"enemies":"Cultist","floor":8,"turns":2},{"damage":7,"enemies":"Exordium Thugs","floor":11,"turns":4},{"damage":4,"enemies":"Gremlin Gang","floor":12,"turns":7},{"damage":0,"enemies":"Looter","floor":13,"turns":3},{"damage":8,"enemies":"Slime Boss","floor":16,"turns":10},{"damage":13,"enemies":"Chosen","floor":18,"turns":5},{"damage":0,"enemies":"Shell Parasite","floor":20,"turns":5},{"damage":9,"enemies":"Shelled Parasite and Fungi","floor":22,"turns":7},{"damage":4,"enemies":"3 Cultists","floor":27,"turns":5},{"damage":18,"enemies":"Colosseum Slavers","floor":28,"turns":6},{"damage":52,"enemies":"Colosseum Nobs","floor":28,"turns":3}],"seed_played":"-6540550074921130902","potions_obtained":[{"floor":5,"key":"ColorlessPotion"},{"floor":12,"key":"Fruit Juice"},{"floor":13,"key":"Swift Potion"},{"floor":16,"key":"Energy Potion"}],"is_trial":false,"path_per_floor":["M","?","T","$","M","E","R","M","T","R","M","M","M","?","R","B",null,"M","$","M","T","M","R","?","R","T","M","?"],"character_chosen":"DEFECT","items_purchased":["All For One","Reboot"],"campfire_rested":0,"item_purchase_floors":[4,19],"current_hp_per_floor":[75,64,74,74,74,74,74,74,74,74,67,63,63,63,63,55,85,72,72,72,72,63,63,63,63,63,64,0,0],"gold":82,"neow_bonus":"THREE_ENEMY_KILL","is_daily":false,"chose_seed":false,"campfire_upgraded":5,"win_rate":0.0,"timestamp":1611350546,"path_taken":["M","?","?","$","M","E","R","M","T","R","M","M","?","?","R","BOSS","M","$","?","?","?","R","?","R","T","M","?"],"items_purchased_type":["Card","Card"],"build_version":"2020-12-22","purchased_purges":2,"victory":false,"max_hp_per_floor":[75,75,85,85,85,85,85,85,85,85,85,85,85,85,85,85,85,85,85,85,85,85,85,85,85,85,90,90,90],"card_choices":[{"not_picked":["Stack","Rebound"],"picked":"Hologram","floor":1},{"not_picked":["Turbo","Rebound"],"picked":"Ball Lightning","floor":5},{"not_picked":["White Noise","Scrape"],"picked":"Turbo","floor":6},{"not_picked":["Beam Cell","Turbo"],"picked":"Auto Shields","floor":8},{"not_picked":["Gash","Double Energy"],"picked":"Compile Driver","floor":11},{"not_picked":["Fusion","Doom and Gloom"],"picked":"Undo","floor":12},{"not_picked":["Static Discharge","Biased Cognition"],"picked":"Capacitor","floor":13},{"not_picked":["Biased Cognition","Creative AI"],"picked":"Echo Form","floor":16},{"not_picked":["Self Repair","Rebound"],"picked":"Chill","floor":18},{"not_picked":["Conserve Battery+1","Redo+1"],"picked":"Coolheaded","floor":20},{"not_picked":["Rebound","Gash"],"picked":"Ball Lightning","floor":22},{"not_picked":["Conserve Battery","Go for the Eyes"],"picked":"Streamline","floor":27}],"player_experience":8374019,"relics_obtained":[{"floor":3,"key":"Pear"},{"floor":6,"key":"Oddly Smooth Stone"},{"floor":9,"key":"Tiny Chest"},{"floor":21,"key":"MealTicket"},{"floor":26,"key":"Emotion Chip"}],"event_choices":[{"damage_healed":0,"gold_gain":75,"player_choice":"Gather Gold","damage_taken":11,"max_hp_gain":0,"max_hp_loss":0,"event_name":"World of Goop","floor":2,"gold_loss":0},{"cards_removed":["Strike_B"],"damage_healed":0,"gold_gain":0,"player_choice":"Purged","damage_taken":0,"max_hp_gain":0,"max_hp_loss":0,"event_name":"Purifier","floor":14,"gold_loss":0},{"damage_healed":0,"gold_gain":0,"player_choice":"Read","damage_taken":0,"max_hp_gain":0,"max_hp_loss":0,"event_name":"The Library","floor":24,"gold_loss":0,"cards_obtained":["White Noise"]},{"damage_healed":0,"gold_gain":0,"player_choice":"Fight","damage_taken":0,"max_hp_gain":0,"max_hp_loss":0,"event_name":"Colosseum","floor":28,"gold_loss":0},{"damage_healed":0,"gold_gain":0,"player_choice":"Fought Nobs","damage_taken":0,"max_hp_gain":0,"max_hp_loss":0,"event_name":"Colosseum","floor":28,"gold_loss":0}],"is_beta":false,"boss_relics":[{"not_picked":["FrozenCore","Busted Crown"],"picked":"Sozu"}],"items_purged_floors":[4,19],"is_endless":false,"potions_floor_spawned":[5,12,13,16,22,28],"killed_by":"Colosseum Nobs","ascension_level":0}}