{"host":"skx52d3x4g37h2em","time":1611359871,"event":{"mods":["Act Like it!","BaseMod","Colored Map","Downfall","Highlight Path","Minty Spire (QoL Compilation)","Quick Restart","Relic Sorter","Replay The Spire","StSLib"],"gold_per_floor":[99,119,131,131,131,41,64,64,76,95,95,109,109,141,151,249,249,249,261,261,261,261],"floor_reached":20,"language":"ENG","playtime":1109,"items_purged":["downfall:Malfunctioning"],"score":174,"play_id":"c3aa3080-f8d9-4459-a066-b13d659e156f","local_time":"20210123025751","is_ascension_mode":false,"campfire_choices":[{"data":"Slimebound:PrepareCrush","floor":8,"key":"SMITH"},{"data":"Slimebound:CorrosiveSpit","floor":11,"key":"SMITH"},{"data":"Slimebound:Split","floor":13,"key":"SMITH"}],"circlet_count":0,"master_deck":["Slimebound:Strike_Slimebound+1","Slimebound:Strike_Slimebound","Slimebound:Strike_Slimebound+1","Slimebound:Tackle+1","Slimebound:Defend_Slimebound","Slimebound:Defend_Slimebound","Slimebound:Defend_Slimebound+1","Slimebound:Defend_Slimebound","Slimebound:Split+1","Slimebound:CorrosiveSpit+1","Slimebound:GoopSpray","Slimebound:SplitMire","ReplayTheSpireMod:Private Reserves","Slimebound:PrepareCrush+1","Slimebound:GrowthPunch","Slimebound:LeechEnergy","Slimebound:RainOfGoop","Slimebound:RejuvenatingLick","Slimebound:SelfFormingGoo"],"relics":["Slimebound:AbsorbEndCombat","Smiling Mask","Eternal Feather","Black Star"],"acts_visited":["Exordium","TheCity"],"potions_floor_usage":[20],"damage_taken":[{"damage":2,"enemies":"2 Louse","floor":2,"turns":4},{"damage":2,"enemies":"Jaw Worm","floor":3,"turns":4},{"damage":10,"enemies":"downfall:FleeingMerchant","floor":6,"turns":4},{"damage":0,"enemies":"Cultist","floor":9,"turns":3},{"damage":6,"enemies":"2 Fungi Beasts","floor":10,"turns":2},{"damage":6,"enemies":"Lots of Slimes","floor":12,"turns":4},{"damage":12,"enemies":"3 Sentries","floor":14,"turns":7},{"damage":4,"enemies":"Exordium Wildlife","floor":15,"turns":3},{"damage":51,"enemies":"DF_ARCHETYPE_STREAMLINE","floor":16,"turns":7},{"damage":32,"enemies":"Spheric Guardian","floor":19,"turns":6},{"damage":15,"enemies":"3 Byrds","floor":20,"turns":5}],"seed_played":"9125208929511125639","potions_obtained":[{"floor":12,"key":"Slimebound:SlimyTonguePotion"},{"floor":14,"key":"Ancient Potion"},{"floor":15,"key":"Energy Potion"},{"floor":18,"key":"CultistPotion"}],"is_trial":false,"path_per_floor":["R_BF","M","M","?","?","$","T","R","M","M","R","M","R","E","M","B",null,"R_BF","M","M"],"character_chosen":"SLIMEBOUND","items_purchased":[],"campfire_rested":0,"item_purchase_floors":[],"current_hp_per_floor":[71,69,71,71,71,65,65,65,69,65,65,67,67,63,65,22,71,71,45,36,36,36],"gold":261,"neow_bonus":"TEN_PERCENT_HP_BONUS","is_daily":false,"chose_seed":false,"campfire_upgraded":3,"win_rate":0.0,"timestamp":1611359871,"path_taken":["R_BF","M","M","?","?","$","T","R","M","?","R","M","R","E","M","BOSS","R_BF","M","M"],"items_purchased_type":[],"build_version":"2020-12-22","purchased_purges":1,"victory":false,"max_hp_per_floor":[71,71,71,71,71,71,71,71,71,71,71,71,71,71,71,71,71,71,71,71,71,71],"card_choices":[{"not_picked":["Slimebound:MegaLick","Slimebound:SlimeSpikes"],"picked":"Slimebound:GoopSpray","floor":2},{"not_picked":["Slimebound:Schlurp","Slimebound:LivingWall"],"picked":"Slimebound:SplitMire","floor":3},{"not_picked":["Slimebound:SplitBruiser","Slimebound:GoopTackle","Slimebound:LeechingTouch"],"picked":"SKIP","floor":6},{"not_picked":["Slimebound:ItLooksTasty","Slimebound:Recollect"],"picked":"Slimebound:LeechEnergy","floor":9},{"not_picked":["Slimebound:BestDefense","Slimebound:GoopSpray"],"picked":"Slimebound:RainOfGoop","floor":10},{"not_picked":["Slimebound:PressTheAttack","Slimebound:LeechLife","Slimebound:Equalize"],"picked":"SKIP","floor":12},{"not_picked":["Slimebound:ItLooksTasty","Slimebound:FlameTackle","Slimebound:Equalize"],"picked":"SKIP","floor":14},{"not_picked":["Slimebound:PressTheAttack","Slimebound:ForwardTackle"],"picked":"Slimebound:RejuvenatingLick","floor":15},{"not_picked":["Slimebound:LeechLife","Slimebound:PrepareCrush"],"picked":"Slimebound:SelfFormingGoo","floor":16},{"not_picked":["Slimebound:LeechEnergy","Slimebound:SplitMire","Slimebound:GoopSpray"],"picked":"SKIP","floor":19}],"player_experience":131689,"relics_obtained":[{"floor":7,"key":"Smiling Mask"},{"floor":14,"key":"Eternal Feather"}],"event_choices":[],"is_beta":false,"boss_relics":[{"not_picked":["Fusion Hammer","Replay:Bronze Core"],"picked":"Black Star"}],"items_purged_floors":[6],"is_endless":false,"potions_floor_spawned":[12,14,15,19],"killed_by":"3 Byrds","ascension_level":0}}