{"host":"0tx5hhfcaiyfjvb5","time":1611340460,"event":{"mods":["BaseMod","Downfall","Minty Spire (QoL Compilation)","StSLib"],"gold_per_floor":[99,111,130,142,156,156,156,156,70,70,100,113,28,45,61,162,162,162,180,180,192,20,52,52,52,66,83,183,196,196,196,216,320,320,320,335,335,348,401,419,419,18,62,74,90,90,125,148,175,187,187,187],"floor_reached":50,"language":"ENG","playtime":14481,"items_purged":[],"score":575,"play_id":"405137ed-2100-4370-815e-4edca2b1707b","local_time":"20210122133420","is_ascension_mode":false,"campfire_choices":[{"data":"Slimebound:Overexert","floor":1.0,"key":"SMITH"},{"floor":6.0,"key":"REST"},{"data":"Slimebound:Split","floor":10.0,"key":"SMITH"},{"data":"Slimebound:MassRepurpose","floor":18.0,"key":"SMITH"},{"floor":25.0,"key":"REST"},{"floor":30.0,"key":"REST"},{"data":"Slimebound:PrepareCrush","floor":35.0,"key":"SMITH"},{"floor":46.0,"key":"REST"}],"circlet_count":0,"master_deck":["Slimebound:Strike_Slimebound","Slimebound:Strike_Slimebound","Slimebound:Strike_Slimebound","Slimebound:Tackle","Slimebound:Defend_Slimebound","Slimebound:Defend_Slimebound","Slimebound:Defend_Slimebound","Slimebound:Defend_Slimebound","Slimebound:Split+1","Slimebound:CorrosiveSpit","Slimebound:Overexert+1","Slimebound:Gluttony","Slimebound:LivingWall","Slimebound:RainOfGoop","Slimebound:Recollect","Slimebound:ItLooksTasty","Slimebound:RejuvenatingLick","Slimebound:SplitMire","Slimebound:GoopSpray","Slimebound:Repurpose","Slimebound:SpikyOuterGoop","Slimebound:SplitAcid","Slimebound:SlimeSpikes","Slimebound:MassRepurpose+1","Slimebound:ServeAndProtect","Slimebound:SamplingLick","Slimebound:PrepareCrush+1","Slimebound:Split+1","Slimebound:Schlurp","Slimebound:PressTheAttack","Slimebound:MegaLick+1","Slimebound:SplitBruiser","Slimebound:RollThrough","Slimebound:LeechLife","Slimebound:SlimeSlap","Slimebound:SplitLeeching","Slimebound:LivingWall","Slimebound:LeadByExample","Slimebound:Equalize","The Bomb","Slimebound:Recollect","Slimebound:SlimeTap+1"],"relics":["Slimebound:AbsorbEndCombatUpgraded","Matryoshka","Slimebound:SlimedSkullRelic","SlaversCollar","DollysMirror","Bronze Scales","Blood Vial","Shuriken","Slimebound:SlimedTailRelic","Bag of Preparation","Strawberry","Pen Nib","StoneCalendar","HandDrill","MawBank"],"acts_visited":["Exordium","TheCity","TheBeyond"],"potions_floor_usage":[48],"damage_taken":[{"damage":0.0,"enemies":"Cultist","floor":2.0,"turns":3.0},{"damage":7.0,"enemies":"Small Slimes","floor":3.0,"turns":5.0},{"damage":2.0,"enemies":"Jaw Worm","floor":4.0,"turns":5.0},{"damage":17.0,"enemies":"2 Fungi Beasts","floor":5.0,"turns":6.0},{"damage":0.0,"enemies":"downfall:FleeingMerchant","floor":9.0,"turns":4.0},{"damage":8.0,"enemies":"3 Sentries","floor":11.0,"turns":9.0},{"damage":12.0,"enemies":"Gremlin Gang","floor":12.0,"turns":4.0},{"damage":0.0,"enemies":"downfall:FleeingMerchant","floor":13.0,"turns":4.0},{"damage":10.0,"enemies":"Exordium Thugs","floor":14.0,"turns":5.0},{"damage":15.0,"enemies":"Lots of Slimes","floor":15.0,"turns":4.0},{"damage":20.0,"enemies":"SI_SHIV_ARCHETYPE","floor":16.0,"turns":11.0},{"damage":0.0,"enemies":"Chosen","floor":19.0,"turns":4.0},{"damage":9.0,"enemies":"3 Byrds","floor":21.0,"turns":6.0},{"damage":0.0,"enemies":"downfall:FleeingMerchant","floor":22.0,"turns":4.0},{"damage":12.0,"enemies":"Book of Stabbing","floor":23.0,"turns":5.0},{"damage":14.0,"enemies":"3 Cultists","floor":26.0,"turns":6.0},{"damage":9.0,"enemies":"Centurion and Healer","floor":27.0,"turns":7.0},{"damage":13.0,"enemies":"DF_ARCHETYPE_STREAMLINE","floor":28.0,"turns":8.0},{"damage":16.0,"enemies":"Snake Plant","floor":29.0,"turns":4.0},{"damage":4.0,"enemies":"3 Cultists","floor":32.0,"turns":5.0},{"damage":31.0,"enemies":"WA_ARCHETYPE_CALM","floor":33.0,"turns":10.0},{"damage":36.0,"enemies":"Orb Walker","floor":36.0,"turns":6.0},{"damage":34.0,"enemies":"3 Darklings","floor":38.0,"turns":4.0},{"damage":12.0,"enemies":"4 Shapes","floor":40.0,"turns":4.0},{"damage":19.0,"enemies":"downfall:FleeingMerchant","floor":42.0,"turns":4.0},{"damage":12.0,"enemies":"downfall:FleeingMerchant","floor":43.0,"turns":2.0},{"damage":13.0,"enemies":"Maw","floor":44.0,"turns":7.0},{"damage":42.0,"enemies":"3 Darklings","floor":45.0,"turns":7.0},{"damage":36.0,"enemies":"Nemesis","floor":47.0,"turns":3.0},{"damage":36,"enemies":"Transient","floor":48,"turns":5},{"damage":17,"enemies":"Jaw Worm Horde","floor":49,"turns":5},{"damage":82,"enemies":"IC_BLOCK_ARCHETYPE","floor":50,"turns":4}],"seed_played":"3621312436495985251","potions_obtained":[{"floor":2.0,"key":"Block Potion"},{"floor":4.0,"key":"Regen Potion"},{"floor":11.0,"key":"AttackPotion"},{"floor":15.0,"key":"SteroidPotion"},{"floor":16.0,"key":"Guardian:BlockOnCardUsePotion"},{"floor":23.0,"key":"Energy Potion"},{"floor":28.0,"key":"PowerPotion"},{"floor":32.0,"key":"Swift Potion"},{"floor":36.0,"key":"Strength Potion"},{"floor":45.0,"key":"Fire Potion"},{"floor":47.0,"key":"Regen Potion"},{"floor":48,"key":"Dexterity Potion"}],"is_trial":false,"path_per_floor":["R","M","M","M","M","R","T","?","$","R","E","M","$","M","M","B",null,"R","M","?","M","$","E","T","R","M","M","?","M","R","?","M","B",null,"R","M","?","M","T","M","T","$","$","M","M","R","E","M","M","B"],"character_chosen":"SLIMEBOUND","items_purchased":["Slimebound:RejuvenatingLick","Slimebound:SpikyOuterGoop","DollysMirror","StoneCalendar","Slimebound:Equalize","HandDrill","The Bomb"],"campfire_rested":4,"item_purchase_floors":[9,13,22,42,42,43,43],"current_hp_per_floor":[65,65,59,62,49,65,65,65,65,65,62,55,58,52,39,41,65,65,65,54,51,57,51,51,70,62,63,59,47,68,68,70,45,70,70,52,52,32,39,38,38,36,29,64,66,77,44,31,33,0,0,0],"gold":187,"neow_bonus":"ONE_RANDOM_RARE_CARD","is_daily":false,"chose_seed":false,"campfire_upgraded":4,"win_rate":0.0,"timestamp":1611340460,"path_taken":["R","M","?","M","M","R","T","?","?","R","E","M","$","M","M","BOSS","R","M","?","M","$","E","T","R","M","M","?","M","R","?","M","BOSS","R","M","?","?","?","M","T","?","$","M","M","R","E","M","M","BOSS"],"items_purchased_type":["Card","Card","Relic","Relic","Card","Relic","Card"],"build_version":"2020-12-22","purchased_purges":0,"victory":false,"max_hp_per_floor":[65,65,65,65,65,65,65,65,65,65,65,65,65,65,65,65,65,65,65,70,70,70,70,70,70,70,70,70,70,70,70,70,70,70,70,70,70,70,77,77,77,77,77,77,77,77,77,77,77,77,77,77],"card_choices":[{"not_picked":["Slimebound:SlimeBrawl","Slimebound:MegaLick"],"picked":"Slimebound:Gluttony","floor":2.0},{"not_picked":["Slimebound:HungryTackle","Slimebound:ItLooksTasty"],"picked":"Slimebound:LivingWall","floor":3.0},{"not_picked":["Slimebound:TongueLash","Slimebound:Chomp"],"picked":"Slimebound:RainOfGoop","floor":4.0},{"not_picked":["Slimebound:Schlurp","Slimebound:LeechEnergy"],"picked":"Slimebound:Recollect","floor":5.0},{"not_picked":["Slimebound:LeechEnergy","Slimebound:GoopTackle"],"picked":"Slimebound:ItLooksTasty","floor":9.0},{"not_picked":["Slimebound:LeechingTouch","Slimebound:AcidTongue"],"picked":"Slimebound:SplitMire","floor":11.0},{"not_picked":["Slimebound:ComboTackle","Slimebound:DisruptingSlam"],"picked":"Slimebound:GoopSpray","floor":12.0},{"not_picked":["Slimebound:GoopSpray","Slimebound:TongueLash"],"picked":"Slimebound:Repurpose","floor":13.0},{"not_picked":["Slimebound:ServeAndProtect","Slimebound:GrowthPunch"],"picked":"Slimebound:SplitAcid","floor":14.0},{"not_picked":["Slimebound:FlameTackle","Slimebound:FinishingTackle"],"picked":"Slimebound:SlimeSpikes","floor":15.0},{"not_picked":["Slimebound:RallyTheTroops","Slimebound:WasteNot"],"picked":"Slimebound:MassRepurpose","floor":16.0},{"not_picked":["Slimebound:SplitMire","Slimebound:GoopSpray"],"picked":"Slimebound:ServeAndProtect","floor":19.0},{"not_picked":["Slimebound:PressTheAttack","Slimebound:FinishingTackle"],"picked":"Slimebound:SamplingLick","floor":21.0},{"not_picked":["Slimebound:LeechingTouch","Slimebound:Prepare"],"picked":"Slimebound:PrepareCrush","floor":22.0},{"not_picked":["Slimebound:SplitLeeching","Slimebound:GoopTackle+1"],"picked":"Slimebound:Schlurp","floor":23.0},{"not_picked":["Slimebound:ComboTackle+1","Slimebound:LeechingTouch"],"picked":"Slimebound:PressTheAttack","floor":26.0},{"not_picked":["Slimebound:Replication","Slimebound:SplitAcid"],"picked":"Slimebound:MegaLick+1","floor":27.0},{"not_picked":["Slimebound:LivingWall","Slimebound:ItLooksTasty"],"picked":"Slimebound:SplitBruiser","floor":28.0},{"not_picked":["Slimebound:LivingWall","Slimebound:PressTheAttack+1","Slimebound:PrepareCrush"],"picked":"SKIP","floor":29.0},{"not_picked":["Slimebound:GrowthPunch","Slimebound:RejuvenatingLick+1"],"picked":"Slimebound:RollThrough","floor":32.0},{"not_picked":["Slimebound:SelfFormingGoo","Slimebound:Overexert"],"picked":"Slimebound:LeechLife","floor":33.0},{"not_picked":["Slimebound:RollThrough+1","Slimebound:HauntingLick","Slimebound:LivingWall"],"picked":"SKIP","floor":36.0},{"not_picked":["Slimebound:FinishingTackle+1","Slimebound:Gluttony"],"picked":"Slimebound:SplitLeeching","floor":38.0},{"not_picked":["Slimebound:SlimeTap","Slimebound:FlameTackle"],"picked":"Slimebound:LivingWall","floor":40.0},{"not_picked":["Slimebound:FinishingTackle+1","Slimebound:Recycling"],"picked":"Slimebound:LeadByExample","floor":42.0},{"not_picked":["Slimebound:ItLooksTasty+1","Slimebound:Prepare","Slimebound:ViciousTackle"],"picked":"SKIP","floor":43.0},{"not_picked":["Slimebound:SpikyOuterGoop+1","Slimebound:GoopTackle+1"],"picked":"Slimebound:Recollect","floor":44.0},{"not_picked":["Slimebound:ViciousTackle","Slimebound:ItLooksTasty+1","Slimebound:GoopTackle"],"picked":"SKIP","floor":45.0},{"not_picked":["Slimebound:SlimeTap+1","Slimebound:SplitMire","Slimebound:LivingWall+1"],"picked":"SKIP","floor":47.0},{"not_picked":["Slimebound:SamplingLick","Slimebound:Dissolve+1"],"picked":"Slimebound:SlimeTap+1","floor":48},{"not_picked":["Slimebound:RejuvenatingLick+1","Slimebound:ItLooksTasty","Slimebound:LeechEnergy+1"],"picked":"SKIP","floor":49}],"player_experience":301791,"relics_obtained":[{"floor":7.0,"key":"Matryoshka"},{"floor":11.0,"key":"Slimebound:SlimedSkullRelic"},{"floor":23.0,"key":"Bronze Scales"},{"floor":24.0,"key":"Blood Vial"},{"floor":24.0,"key":"Bottled Flame"},{"floor":28.0,"key":"Shuriken"},{"floor":28.0,"key":"Slimebound:SlimedTailRelic"},{"floor":39.0,"key":"Bag of Preparation"},{"floor":39.0,"key":"Strawberry"},{"floor":41.0,"key":"Pen Nib"},{"floor":47.0,"key":"MawBank"}],"event_choices":[{"damage_healed":0.0,"max_hp_gain":0.0,"max_hp_loss":0.0,"gold_gain":0.0,"event_name":"Ghosts","player_choice":"Ignored","floor":31.0,"gold_loss":0.0,"damage_taken":0.0}],"is_beta":false,"boss_relics":[{"not_picked":["Black Star","Snecko Eye"],"picked":"SlaversCollar"},{"not_picked":["bronze:MakeshiftBattery","Philosopher\u0027s Stone"],"picked":"Slimebound:AbsorbEndCombatUpgraded"}],"items_purged_floors":[],"is_endless":false,"potions_floor_spawned":[2,4,11,15,16,23,28,32,36,45,47,48],"killed_by":"IC_BLOCK_ARCHETYPE","ascension_level":0}}