{"host":"ml80p9p157c7xd90","time":1611316083,"event":{"mods":["Ascension Unlocker","Aspiration","BaseMod","Bestiary","Better Altar","Better Match","Better Note","Better Sensory Stone","Better Skull","Better Third Choice","Colored Map","Conspire","Dark Map","Downfall","Friendly Minions","Halation","Hubris","Minty Spire (QoL Compilation)","Relic Stats","StSLib","Wandering Minibosses"],"gold_per_floor":[116,132,157,338,358,384,409,7,60,84,97,129,156,81,81,153,153,153,153,153],"floor_reached":18,"language":"ENG","playtime":893,"items_purged":["Slimebound:LeechingTouch"],"score":451,"play_id":"b328995f-6f70-440e-8938-92442770292c","local_time":"20210122044803","daily_mods":["SealedDeck","Heirloom","DeadlyEvents","Night Terrors","Terminal","downfall:Enraging"],"is_ascension_mode":true,"campfire_choices":[{"data":"Slimebound:SlimeSlap","floor":15,"key":"SMITH"}],"circlet_count":0,"master_deck":["AscendersBane","hubris:Hubris","Slimebound:PressTheAttack","Slimebound:GoopSpray","Slimebound:GoopSpray","Slimebound:GoopSpray","Slimebound:LeechingTouch","Slimebound:GoopSpray","Slimebound:SplitSpecialist","Slimebound:LeechingTouch","Slimebound:LeechEnergy","Slimebound:GrowthPunch","Slimebound:Prepare","Slimebound:GrowthPunch","Slimebound:Equalize","Slimebound:SlimeSlap","Slimebound:SlimeSlap+1","Slimebound:OozeBath"],"relics":["Slimebound:AbsorbEndCombat","hubris:Spice","halation:PrussianBluePaint","Darkstone Periapt","halation:AfternoonTea","Slimebound:MaxSlimesRelic","conspire:GiftBox","halation:SmartPhone"],"acts_visited":["Exordium","TheCity"],"potions_floor_usage":[16],"damage_taken":[{"damage":0,"enemies":"Cultist","floor":1,"turns":3},{"damage":5,"enemies":"2 Louse","floor":2,"turns":3},{"damage":0,"enemies":"Jaw Worm","floor":5,"turns":3},{"damage":40,"enemies":"Gremlin Nob","floor":6,"turns":5},{"damage":0,"enemies":"3 Sentries","floor":7,"turns":5},{"damage":3,"enemies":"3 Louse","floor":11,"turns":2},{"damage":4,"enemies":"Lagavulin","floor":12,"turns":5},{"damage":47,"enemies":"Gremlin Nob","floor":13,"turns":5},{"damage":2,"enemies":"The Guardian","floor":16,"turns":11},{"damage":10,"enemies":"Chosen","floor":18,"turns":5}],"seed_played":"2853021609022174220","potions_obtained":[{"floor":5,"key":"ColorlessPotion"},{"floor":7,"key":"Dexterity Potion"}],"is_trial":true,"path_per_floor":["M","M","T","?","M","E","E","$","T","T","M","E","E","$","R","B",null,"M"],"character_chosen":"SLIMEBOUND","items_purchased":["Slimebound:Equalize","hubris:Spice"],"campfire_rested":0,"item_purchase_floors":[8,8],"current_hp_per_floor":[65,64,63,47,53,21,29,37,37,37,44,51,15,15,15,25,44,39,39,39],"gold":153,"neow_bonus":"","is_daily":false,"chose_seed":false,"campfire_upgraded":1,"win_rate":0.0,"timestamp":1611316083,"path_taken":["M","M","?","?","?","E","?","?","T","?","?","E","?","$","R","BOSS","M"],"items_purchased_type":["Card","Relic"],"build_version":"2020-12-22","purchased_purges":1,"victory":false,"max_hp_per_floor":[65,64,63,62,61,60,59,66,65,56,55,54,53,52,51,50,49,49,49,49],"relic_stats":{"Darkstone Periapt":0,"counters":[10,47],"obtain_stats":[{"Darkstone Periapt":7,"halation:SmartPhone":17,"conspire:GiftBox":13,"Slimebound:MaxSlimesRelic":12,"hubris:Spice":0,"halation:PrussianBluePaint":3,"Slimebound:AbsorbEndCombat":0,"halation:AfternoonTea":9},{"Darkstone Periapt":5,"halation:SmartPhone":9,"conspire:GiftBox":8,"Slimebound:MaxSlimesRelic":7,"hubris:Spice":0,"halation:PrussianBluePaint":2,"Slimebound:AbsorbEndCombat":0,"halation:AfternoonTea":5},{"Darkstone Periapt":19,"halation:SmartPhone":42,"conspire:GiftBox":31,"Slimebound:MaxSlimesRelic":26,"hubris:Spice":0,"halation:PrussianBluePaint":6,"Slimebound:AbsorbEndCombat":0,"halation:AfternoonTea":19}]},"card_choices":[{"not_picked":["Slimebound:SplitMire","Slimebound:Grow"],"picked":"Slimebound:GrowthPunch","floor":1},{"not_picked":["Slimebound:GoopTackle","Slimebound:Schlurp","Slimebound:ComboTackle"],"picked":"SKIP","floor":2},{"not_picked":["Slimebound:SlimeBrawl","Slimebound:SlimeSpikes"],"picked":"Slimebound:Prepare","floor":5},{"not_picked":["Slimebound:ServeAndProtect","Slimebound:TongueLash"],"picked":"Slimebound:GrowthPunch","floor":6},{"not_picked":["Slimebound:TongueLash","Slimebound:HungryTackle","Slimebound:SlimeTap"],"picked":"SKIP","floor":7},{"not_picked":["hubris:SpiceAddiction","Slimebound:SamplingLick"],"picked":"Slimebound:SlimeSlap","floor":11},{"not_picked":["Slimebound:ItLooksTasty","Slimebound:SlimeBrawl","Slimebound:ProtectTheBoss"],"picked":"SKIP","floor":12},{"not_picked":["Slimebound:CheckThePlaybook","Slimebound:OneTwoCombo"],"picked":"Slimebound:SlimeSlap","floor":13},{"not_picked":["Slimebound:ForwardTackle","Slimebound:ViciousTackle","Slimebound:LivingWall"],"picked":"SKIP","floor":13},{"not_picked":["Slimebound:DuplicatedForm","Slimebound:PrepareCrush"],"picked":"Slimebound:OozeBath","floor":16}],"player_experience":452969,"relics_obtained":[{"floor":3,"key":"halation:PrussianBluePaint"},{"floor":7,"key":"Darkstone Periapt"},{"floor":9,"key":"halation:AfternoonTea"},{"floor":10,"key":"hubris:Spice"},{"floor":12,"key":"Slimebound:MaxSlimesRelic"},{"floor":13,"key":"conspire:GiftBox"}],"event_choices":[{"damage_healed":0,"gold_gain":181,"player_choice":"GO GO ","damage_taken":18,"relics_obtained":[],"max_hp_gain":0,"max_hp_loss":0,"event_name":"betterSkull:BetterSkull","floor":4,"gold_loss":0,"cards_upgraded":[]}],"is_beta":false,"boss_relics":[{"not_picked":["aspiration:PoetsPen_weak","hubris:Spice"],"picked":"halation:SmartPhone"}],"items_purged_floors":[14],"is_endless":false,"potions_floor_spawned":[5,7],"killed_by":"Chosen","ascension_level":20}}