{"host":"19r1ww88x2tc73i0","time":1611296945,"event":{"mods":["BaseMod","BetterRewards","Colored Map","Minty Spire (QoL Compilation)","Relic Stats","StSLib","SuperFastMode","slay the spire mod where everything is the same but ironclad has a cowboy hat"],"gold_per_floor":[114,126,126,51,67,93,107,107,134,149,114,114,114,128,128,206,206,223,223,235,249,259,259,259,259,259],"floor_reached":25,"language":"ENG","playtime":1318,"items_purged":["Strike_B"],"score":410,"play_id":"cf9ad9e1-c6e8-4064-a4a4-6eb5f85c28c4","local_time":"25640122132905","is_ascension_mode":true,"campfire_choices":[{"floor":8,"key":"REST"},{"data":"Reprogram","floor":13,"key":"SMITH"},{"data":"Beam Cell","floor":15,"key":"SMITH"},{"data":"Double Energy","floor":23,"key":"SMITH"}],"circlet_count":0,"master_deck":["AscendersBane","Defend_B","Defend_B","Defend_B","Defend_B","Genetic Algorithm","Rebound","Compile Driver","Rip and Tear","Beam Cell+1","Go for the Eyes","Reprogram+1","Gash","Steam","Self Repair","Seek","Sweeping Beam","Conserve Battery","Echo Form","Undo+1","Stack+1","Ball Lightning+1","Hologram","Double Energy+1","Reboot","Melter","Glacier","Double Energy"],"relics":["Cracked Core","Calipers","Prayer Wheel","Nunchaku","Lantern","Astrolabe"],"acts_visited":["Exordium","TheCity"],"potions_floor_usage":[6,6,16,18,20],"damage_taken":[{"damage":1.0,"enemies":"Cultist","floor":1.0,"turns":3.0},{"damage":12,"enemies":"Small Slimes","floor":2,"turns":4},{"damage":2,"enemies":"2 Louse","floor":5,"turns":2},{"damage":8,"enemies":"3 Sentries","floor":6,"turns":3},{"damage":1,"enemies":"Large Slime","floor":7,"turns":4},{"damage":0,"enemies":"2 Fungi Beasts","floor":10,"turns":4},{"damage":0,"enemies":"Looter","floor":14,"turns":2},{"damage":33,"enemies":"Hexaghost","floor":16,"turns":11},{"damage":12,"enemies":"3 Byrds","floor":18,"turns":8},{"damage":28,"enemies":"Shell Parasite","floor":20,"turns":5},{"damage":26,"enemies":"3 Cultists","floor":21,"turns":7},{"damage":5,"enemies":"Centurion and Healer","floor":22,"turns":7},{"damage":47,"enemies":"Gremlin Leader","floor":25,"turns":2}],"seed_played":"1200035277828614078","potions_obtained":[{"floor":1.0,"key":"EssenceOfSteel"},{"floor":2,"key":"AttackPotion"},{"floor":6,"key":"Swift Potion"},{"floor":16,"key":"SpeedPotion"},{"floor":18,"key":"Regen Potion"}],"is_trial":false,"path_per_floor":["M","M","$","$","M","E","M","R","T","M","?","?","R","M","R","B",null,"M","$","M","M","M","R","?","E"],"character_chosen":"DEFECT","items_purchased":["Genetic Algorithm","Calipers","Prayer Wheel","Rebound"],"campfire_rested":1,"item_purchase_floors":[0,0,0,0],"current_hp_per_floor":[31,19,19,19,17,9,8,29,29,36,53,58,58,58,58,25,63,58,58,44,32,41,41,41,0,0],"gold":259,"neow_bonus":"","is_daily":false,"chose_seed":false,"campfire_upgraded":3,"win_rate":0.0,"timestamp":1611296945,"path_taken":["M","M","?","$","M","E","M","R","T","M","?","?","R","M","R","BOSS","M","$","M","M","M","R","?","E"],"items_purchased_type":["Card","Relic","Relic","Card"],"build_version":"2020-12-22","purchased_purges":1,"victory":false,"max_hp_per_floor":[71,71,71,71,71,71,71,71,71,71,71,76,76,76,76,76,76,76,76,76,76,76,76,76,76,76],"relic_stats":{"Nunchaku":[10],"counters":[69,336],"Astrolabe":["Undo","Stack","Ball Lightning"],"Prayer Wheel":10,"obtain_stats":[{"Lantern":0,"Calipers":0,"Singing Bowl":0,"Vajra":24,"PrismaticShard":21,"Empty Cage":17,"FrozenCore":34,"ClockworkSouvenir":0,"Emotion Chip":0,"Nunchaku":6,"HornCleat":9,"Mummified Hand":0,"Tiny Chest":13,"Prayer Wheel":0,"HandDrill":0,"Chemical X":0,"Toxic Egg 2":0,"Cracked Core":0,"Lee\u0027s Waffle":0,"Inserter":17,"Pear":9,"Dead Branch":0,"Astrolabe":17,"Pen Nib":19,"Omamori":11,"Odd Mushroom":14,"Question Card":40,"Mercury Hourglass":9,"Anchor":0,"Bottled Flame":10,"Shuriken":0,"Ornamental Fan":9,"Orrery":5,"Turnip":27,"Membership Card":25,"Symbiotic Virus":26,"Pocketwatch":0},{"Lantern":37,"Calipers":15,"Singing Bowl":0,"Vajra":26,"PrismaticShard":9,"Empty Cage":46,"FrozenCore":31,"ClockworkSouvenir":37,"Emotion Chip":15,"Nunchaku":60,"HornCleat":4,"Mummified Hand":37,"Tiny Chest":44,"Prayer Wheel":56,"HandDrill":52,"Chemical X":52,"Toxic Egg 2":52,"Cracked Core":0,"Lee\u0027s Waffle":15,"Inserter":7,"Pear":14,"Dead Branch":10,"Astrolabe":64,"Pen Nib":47,"Omamori":20,"Odd Mushroom":6,"Question Card":36,"Mercury Hourglass":19,"Anchor":10,"Bottled Flame":42,"Shuriken":0,"Ornamental Fan":41,"Orrery":55,"Turnip":27,"Membership Card":50,"Symbiotic Virus":26,"Pocketwatch":10},{"Lantern":186,"Calipers":85,"Singing Bowl":0,"Vajra":128,"PrismaticShard":62,"Empty Cage":227,"FrozenCore":157,"ClockworkSouvenir":186,"Emotion Chip":85,"Nunchaku":286,"HornCleat":18,"Mummified Hand":186,"Tiny Chest":215,"Prayer Wheel":274,"HandDrill":262,"Chemical X":262,"Toxic Egg 2":262,"Cracked Core":0,"Lee\u0027s Waffle":85,"Inserter":43,"Pear":82,"Dead Branch":70,"Astrolabe":307,"Pen Nib":232,"Omamori":104,"Odd Mushroom":29,"Question Card":183,"Mercury Hourglass":101,"Anchor":70,"Bottled Flame":203,"Shuriken":0,"Ornamental Fan":199,"Orrery":271,"Turnip":132,"Membership Card":250,"Symbiotic Virus":128,"Pocketwatch":70}]},"card_choices":[{"not_picked":["Streamline","Blizzard"],"picked":"Compile Driver","floor":1.0},{"not_picked":["Gash","Steam"],"picked":"Rip and Tear","floor":1.0},{"not_picked":["Genetic Algorithm","Conserve Battery"],"picked":"Beam Cell","floor":2},{"not_picked":["Storm","Creative AI"],"picked":"Go for the Eyes","floor":2},{"not_picked":["Leap","Turbo"],"picked":"Reprogram","floor":5},{"not_picked":["Coolheaded","Undo"],"picked":"Gash","floor":5},{"not_picked":["Coolheaded","Aggregate"],"picked":"Steam","floor":6},{"not_picked":["Gash","Sweeping Beam"],"picked":"Self Repair","floor":7},{"not_picked":["Rebound","Coolheaded","Loop"],"picked":"SKIP","floor":7},{"not_picked":["Cold Snap","Steam"],"picked":"Seek","floor":10},{"not_picked":["Streamline","Ball Lightning","Cold Snap"],"picked":"SKIP","floor":10},{"not_picked":["Compile Driver","Cold Snap"],"picked":"Sweeping Beam","floor":14},{"not_picked":["FTL","Gash"],"picked":"Conserve Battery","floor":14},{"not_picked":["All For One","Meteor Strike"],"picked":"Echo Form","floor":16},{"not_picked":["Redo","Reprogram"],"picked":"Hologram","floor":18},{"not_picked":["Consume","Redo"],"picked":"Double Energy","floor":18},{"not_picked":["Conserve Battery","Chaos"],"picked":"Reboot","floor":20},{"not_picked":["Ball Lightning+1","Compile Driver","Defragment+1"],"picked":"SKIP","floor":20},{"not_picked":["Ball Lightning+1","Compile Driver","Defragment+1"],"picked":"SKIP","floor":20},{"not_picked":["Gash","Rebound","Defragment"],"picked":"SKIP","floor":21},{"not_picked":["Blizzard","Consume","Streamline"],"picked":"SKIP","floor":21},{"not_picked":["Auto Shields","Coolheaded"],"picked":"Melter","floor":22},{"not_picked":["Barrage","Undo","Redo"],"picked":"SKIP","floor":22}],"player_experience":928104,"relics_obtained":[{"floor":6,"key":"Nunchaku"},{"floor":9,"key":"Lantern"}],"event_choices":[{"damage_healed":17,"gold_gain":0,"player_choice":"Healed","damage_taken":0,"max_hp_gain":0,"max_hp_loss":0,"event_name":"The Cleric","floor":11,"gold_loss":35},{"damage_healed":0,"gold_gain":0,"player_choice":"Donut","damage_taken":0,"max_hp_gain":5,"max_hp_loss":0,"event_name":"Big Fish","floor":12,"gold_loss":0},{"damage_healed":0,"gold_gain":0,"cards_transformed":["Strike_B","Strike_B"],"player_choice":"Became Test Subject","damage_taken":0,"max_hp_gain":0,"max_hp_loss":0,"event_name":"Drug Dealer","floor":24,"gold_loss":0,"cards_obtained":["Glacier","Double Energy"]}],"is_beta":false,"boss_relics":[{"not_picked":["SlaversCollar","Cursed Key"],"picked":"Astrolabe"}],"items_purged_floors":[4],"is_endless":false,"potions_floor_spawned":[1,2,6,16,18],"killed_by":"Gremlin Leader","ascension_level":20}}