{"host":"wppa8gky53tnknhf","time":1611339272,"event":{"mods":["AchievementEnabler","Act Like it!","BaseMod","Beaked The Cultist","Better Third Choice","BetterRewards","Card Forge","Colored Powertips","Energized Spire","Hubris","Infinite Spire","Marked Mod","Minty Spire (QoL Compilation)","Permanent Neow","Quick Restart","Rare Cards Sparkle","Relic Stats","Remove Card Discount Mod","Replay The Spire","Spikes Relics","Spire Birthday Party","StSLib","Wandering Minibosses"],"gold_per_floor":[118,135,147,147,159,194,214,241,314,314,383,417,417,417,417,521,521,545,571,511,367,376,414,437,481,505,553,553,595,595,595,595,722,722,756,792,792,819,819,792,820,869,869,930,800,800,261,336,336,362,362,362,36,94,122,122],"floor_reached":55,"language":"ENG","playtime":1586,"items_purged":["Pain"],"score":1283,"play_id":"36c94c25-1b1f-4833-bc28-bb076f9527ea","local_time":"20210122181432","is_ascension_mode":true,"campfire_choices":[{"floor":15,"key":"REST"},{"floor":32,"key":"REST"},{"floor":49,"key":"RECALL"},{"floor":52,"key":"REST"}],"circlet_count":0,"master_deck":["Strike_P+1","Strike_P+1","Strike_P+1","Strike_P+1","Defend_P+1","Defend_P+1","Defend_P+1","Defend_P+1","Eruption+1","Vigilance+1","ReachHeaven+1","ReachHeaven+1","Inflame+1","Tantrum+1","Wish+1","ForeignInfluence+1","SandsOfTime+1","ForeignInfluence+1","Halt+1","Halt+1","SandsOfTime+1","ForeignInfluence+1","Conclude+1","FlyingSleeves+1","CarveReality+1","Conclude+1","Wish+1","Tantrum+1","infinitespire:Punishment+1","FlyingSleeves+1","Halt+1","Consecrate+1","Conclude+1","ForeignInfluence+1","ForeignInfluence+1","Good Instincts+1","Consecrate+1"],"relics":["PureWater","Hammer of Thor","Seething Fire","Anvil of the Gods","hubris:Potato","Tiny Chest","War Paint","Vajra","hubris:Towel","Bag of Marbles","hubris:PeanutButter","hubris:Zylophone","CeramicFish","SlaversCollar","wanderingMiniBosses:CarrionFlame","ReplayTheSpireMod:Shallot","Blue Doll","Replay:Bandana","CaptainsWheel","Juzu Bracelet","ChewingGum","SnailShell","Gremlin Food","infinitespire:EmpoweringShard","hubris:SphereOfDissonance","infinitespire:WardingShard","hubris:Icosahedron","LugNut","Thread and Needle","BicycleWheel","ReplayTheSpireMod:CursedCoin","Oddly Smooth Stone","Shuriken","infinitespire:Joker Card"],"acts_visited":["Exordium","TheCity","TheBeyond","TheEnding"],"potions_floor_usage":[8,8,8,18,24,33,33,44,54,54],"damage_taken":[{"damage":3,"enemies":"Jaw Worm","floor":1,"turns":3},{"damage":0,"enemies":"2 Louse","floor":2,"turns":2},{"damage":0,"enemies":"Small Slimes","floor":3,"turns":3},{"damage":0,"enemies":"Blue Slaver","floor":5,"turns":5},{"damage":0,"enemies":"Gremlin Nob","floor":6,"turns":2},{"damage":0,"enemies":"Looter","floor":7,"turns":4},{"damage":0,"enemies":"3 Sentries","floor":8,"turns":5},{"damage":0,"enemies":"Gremlin Nob","floor":12,"turns":2},{"damage":0,"enemies":"Fading Forest","floor":16,"turns":9},{"damage":2,"enemies":"Spheric Guardian","floor":18,"turns":4},{"damage":2,"enemies":"Chosen","floor":19,"turns":2},{"damage":9,"enemies":"Gremlin Leader","floor":23,"turns":5},{"damage":2,"enemies":"Centurion and Healer","floor":24,"turns":2},{"damage":0,"enemies":"Slavers","floor":25,"turns":1},{"damage":28,"enemies":"Gremlin Leader","floor":27,"turns":5},{"damage":0,"enemies":"Snake Plant","floor":29,"turns":3},{"damage":12,"enemies":"hubris:MusketHawk","floor":33,"turns":4},{"damage":0,"enemies":"Orb Walker","floor":35,"turns":3},{"damage":0,"enemies":"3 Shapes","floor":36,"turns":1},{"damage":0,"enemies":"Nemesis","floor":40,"turns":3},{"damage":0,"enemies":"Spire Growth","floor":41,"turns":3},{"damage":55,"enemies":"beaked:SuperParasite","floor":42,"turns":7},{"damage":0,"enemies":"Giant Head","floor":44,"turns":5},{"damage":0,"enemies":"2 Orb Walkers","floor":48,"turns":1},{"damage":0,"enemies":"infinitespire:MassOfShapes","floor":50,"turns":3},{"damage":0,"enemies":"Shield and Spear","floor":54,"turns":2},{"damage":79,"enemies":"The Heart","floor":55,"turns":3}],"seed_played":"5565008026409846823","potions_obtained":[{"floor":2,"key":"GamblersBrew"},{"floor":5,"key":"EntropicBrew"},{"floor":6,"key":"LifebloodPotion"},{"floor":11,"key":"MarkedMod:BlackLotusJuice"},{"floor":12,"key":"Adrenaline Potion"},{"floor":18,"key":"DistilledChaos"},{"floor":25,"key":"ColorlessPotion"},{"floor":33,"key":"ColorlessPotion"},{"floor":40,"key":"SkillPotion"},{"floor":44,"key":"Fire Potion"},{"floor":54,"key":"Explosive Potion"}],"is_trial":false,"path_per_floor":["M","M","M","?","M","E","M","E","T","?","?","E","T","T","R","B",null,"M","M","?","$","?","E","M","E","T","E","?","M","T","?","R","B",null,"M","M","?","?","T","E","M","E","T","E","$","?","$","?","R","B",null,"R","$","E","B"],"character_chosen":"WATCHER","items_purchased":["ForeignInfluence","Halt","SandsOfTime","Halt","Consecrate","Conclude","ForeignInfluence","LugNut","Thread and Needle","ReplayTheSpireMod:CursedCoin","Oddly Smooth Stone","Shuriken","Good Instincts"],"campfire_rested":3,"item_purchase_floors":[21,21,21,45,45,45,45,47,47,53,53,53,53],"current_hp_per_floor":[69,69,69,55,55,55,55,55,55,55,55,55,55,55,72,72,72,70,68,68,68,68,59,57,57,57,29,29,29,29,29,50,38,72,72,72,72,72,72,72,72,17,17,17,17,20,23,26,26,26,72,72,72,72,0,0],"gold":122,"neow_bonus":"ONE_RARE_RELIC","is_daily":false,"chose_seed":false,"campfire_upgraded":0,"win_rate":0.0,"timestamp":1611339272,"path_taken":["M","M","M","?","M","E","M","E","T","?","?","E","?","?","R","BOSS","M","M","?","$","?","E","M","E","T","E","?","M","?","?","R","BOSS","M","M","?","?","?","E","M","E","T","E","$","?","?","?","R","BOSS","R","$","E","BOSS"],"items_purchased_type":["Card","Card","Card","Card","Card","Card","Card","Relic","Relic","Relic","Relic","Relic","Card"],"build_version":"2020-12-22","purchased_purges":1,"victory":false,"max_hp_per_floor":[72,72,72,72,72,72,72,72,72,72,72,72,72,72,72,72,72,72,72,72,72,72,72,72,72,72,72,72,72,72,72,72,72,72,72,72,72,72,72,72,72,72,72,72,72,72,72,72,72,72,72,72,72,72,72,72],"relic_stats":{"counters":[27,92],"Shuriken":[3],"CeramicFish":243,"Tiny Chest":3,"Juzu Bracelet":1,"War Paint":[],"obtain_stats":[{"SnailShell":39,"CeramicFish":14,"Vajra":8,"Blue Doll":23,"Hammer of Thor":0,"Juzu Bracelet":30,"Replay:Bandana":26,"hubris:Icosahedron":46,"Tiny Chest":4,"LugNut":47,"BicycleWheel":48,"Gremlin Food":40,"ReplayTheSpireMod:CursedCoin":53,"hubris:SphereOfDissonance":43,"Oddly Smooth Stone":53,"Thread and Needle":47,"infinitespire:Joker Card":54,"Seething Fire":0,"War Paint":6,"hubris:Towel":10,"hubris:Zylophone":13,"SlaversCollar":17,"CaptainsWheel":27,"wanderingMiniBosses:CarrionFlame":18,"ReplayTheSpireMod:Shallot":22,"infinitespire:WardingShard":44,"Anvil of the Gods":0,"Shuriken":53,"hubris:PeanutButter":12,"ChewingGum":34,"Bag of Marbles":11,"infinitespire:EmpoweringShard":42,"PureWater":0,"hubris:Potato":0},{"SnailShell":19,"CeramicFish":8,"Vajra":7,"Blue Doll":12,"Hammer of Thor":0,"Juzu Bracelet":16,"Replay:Bandana":14,"hubris:Icosahedron":23,"Tiny Chest":3,"LugNut":23,"BicycleWheel":24,"Gremlin Food":20,"ReplayTheSpireMod:CursedCoin":25,"hubris:SphereOfDissonance":22,"Oddly Smooth Stone":25,"Thread and Needle":23,"infinitespire:Joker Card":26,"Seething Fire":0,"War Paint":5,"hubris:Towel":7,"hubris:Zylophone":8,"SlaversCollar":9,"CaptainsWheel":15,"wanderingMiniBosses:CarrionFlame":10,"ReplayTheSpireMod:Shallot":11,"infinitespire:WardingShard":23,"Anvil of the Gods":0,"Shuriken":25,"hubris:PeanutButter":8,"ChewingGum":17,"Bag of Marbles":7,"infinitespire:EmpoweringShard":22,"PureWater":0,"hubris:Potato":0},{"SnailShell":65,"CeramicFish":26,"Vajra":24,"Blue Doll":46,"Hammer of Thor":0,"Juzu Bracelet":57,"Replay:Bandana":49,"hubris:Icosahedron":83,"Tiny Chest":8,"LugNut":83,"BicycleWheel":84,"Gremlin Food":68,"ReplayTheSpireMod:CursedCoin":87,"hubris:SphereOfDissonance":78,"Oddly Smooth Stone":87,"Thread and Needle":83,"infinitespire:Joker Card":89,"Seething Fire":0,"War Paint":15,"hubris:Towel":24,"hubris:Zylophone":26,"SlaversCollar":35,"CaptainsWheel":54,"wanderingMiniBosses:CarrionFlame":39,"ReplayTheSpireMod:Shallot":41,"infinitespire:WardingShard":83,"Anvil of the Gods":0,"Shuriken":87,"hubris:PeanutButter":26,"ChewingGum":61,"Bag of Marbles":24,"infinitespire:EmpoweringShard":78,"PureWater":0,"hubris:Potato":0}]},"card_choices":[{"not_picked":["MarkedMod:GentlePulse","Crescendo"],"picked":"ReachHeaven","floor":1},{"not_picked":["MarkedMod:GentlePulse","ThirdEye","CrushJoints"],"picked":"SKIP","floor":2},{"not_picked":["FlurryOfBlows","Crescendo"],"picked":"ReachHeaven","floor":3},{"not_picked":["MarkedMod:GentlePulse","DeceiveReality","MarkedMod:FirstStrike"],"picked":"SKIP","floor":5},{"not_picked":["EmptyFist","WaveOfTheHand","MarkedMod:FirstStrike"],"picked":"SKIP","floor":6},{"not_picked":["Replay:AtTheReady","Replay:BluntJabs","Nirvana"],"picked":"SKIP","floor":7},{"not_picked":["MarkedMod:FirstStrike","EmptyFist","Nirvana"],"picked":"SKIP","floor":8},{"not_picked":["Sanctity","ClearTheMind"],"picked":"Tantrum","floor":11},{"not_picked":["CutThroughFate","Replay:Vibes","EmptyBody"],"picked":"SKIP","floor":12},{"not_picked":["MasterReality","Replay:LoomingThreat"],"picked":"Wish","floor":16},{"not_picked":["SashWhip","MarkedMod:OneThousandNeedles"],"picked":"ForeignInfluence+1","floor":18},{"not_picked":["Evaluate","CrushJoints"],"picked":"SandsOfTime+1","floor":19},{"not_picked":["FearNoEvil+1","Pray"],"picked":"ForeignInfluence","floor":23},{"not_picked":["Replay:DivineShield","FollowUp"],"picked":"Conclude","floor":24},{"not_picked":["Evaluate","DeusExMachina"],"picked":"FlyingSleeves","floor":25},{"not_picked":["FollowUp","MarkedMod:GentlePulse+1"],"picked":"CarveReality","floor":27},{"not_picked":["DeceiveReality+1","JustLucky"],"picked":"Conclude","floor":29},{"not_picked":["DeusExMachina","Replay:AllIn"],"picked":"Wish","floor":33},{"not_picked":["Replay:BluntJabs","ClearTheMind+1"],"picked":"Tantrum+1","floor":35},{"not_picked":["MarkedMod:FirstStrike","SashWhip+1","Crescendo"],"picked":"SKIP","floor":36},{"not_picked":["ReplayTheSpireMod:??????????????????????","infinitespire:TheBestDefense"],"picked":"infinitespire:Punishment","floor":38},{"not_picked":["Meditate","Prostrate+1"],"picked":"FlyingSleeves","floor":40},{"not_picked":["ThirdEye+1","DeceiveReality","Prostrate+1"],"picked":"SKIP","floor":41},{"not_picked":["Replay:Anticipation+1","Vengeance+1","MarkedMod:FirstStrike"],"picked":"SKIP","floor":42},{"not_picked":["CrushJoints","Replay:AllIn","Prostrate+1"],"picked":"SKIP","floor":44},{"not_picked":["FlurryOfBlows+1","MarkedMod:FirstStrike+1"],"picked":"Consecrate","floor":54}],"player_experience":770664,"relics_obtained":[{"floor":6,"key":"War Paint"},{"floor":8,"key":"Vajra"},{"floor":11,"key":"Bag of Marbles"},{"floor":12,"key":"hubris:PeanutButter"},{"floor":13,"key":"hubris:Zylophone"},{"floor":14,"key":"CeramicFish"},{"floor":18,"key":"wanderingMiniBosses:CarrionFlame"},{"floor":23,"key":"Blue Doll"},{"floor":26,"key":"Replay:Bandana"},{"floor":27,"key":"CaptainsWheel"},{"floor":30,"key":"Juzu Bracelet"},{"floor":39,"key":"SnailShell"},{"floor":40,"key":"Gremlin Food"},{"floor":42,"key":"infinitespire:EmpoweringShard"},{"floor":43,"key":"hubris:SphereOfDissonance"},{"floor":44,"key":"infinitespire:WardingShard"},{"floor":48,"key":"BicycleWheel"},{"floor":54,"key":"infinitespire:Joker Card"}],"event_choices":[{"damage_healed":0,"gold_gain":1,"player_choice":"Card Relic ","damage_taken":14,"max_hp_gain":0,"max_hp_loss":0,"event_name":"betterThird:BetterScrap","floor":4,"gold_loss":0,"cards_obtained":["Inflame","Night Terror"]},{"damage_healed":0,"gold_gain":0,"player_choice":"Stole Relic","damage_taken":0,"relics_obtained":["ReplayTheSpireMod:Shallot"],"max_hp_gain":0,"max_hp_loss":0,"event_name":"Addict","floor":22,"gold_loss":0,"cards_obtained":["Shame"]},{"damage_healed":0,"gold_gain":0,"player_choice":"Simplicity","damage_taken":0,"max_hp_gain":0,"max_hp_loss":0,"event_name":"betterThird:BetterWriting","floor":28,"gold_loss":0},{"damage_healed":0,"gold_gain":0,"player_choice":"Ignored","damage_taken":0,"max_hp_gain":0,"max_hp_loss":0,"event_name":"Vampires","floor":31,"gold_loss":0},{"damage_healed":0,"gold_gain":0,"player_choice":"Memory 1","damage_taken":0,"max_hp_gain":0,"max_hp_loss":0,"event_name":"SensoryStone","floor":37,"gold_loss":0},{"damage_healed":0,"gold_gain":0,"player_choice":"Fight","damage_taken":0,"max_hp_gain":0,"max_hp_loss":0,"event_name":"Mysterious Sphere","floor":48,"gold_loss":0}],"is_beta":false,"boss_relics":[{"not_picked":["Replay:Bronze Core","Coffee Dripper"],"picked":"SlaversCollar"},{"not_picked":["Painkiller Herb","Sandwich"],"picked":"ChewingGum"}],"items_purged_floors":[53],"is_endless":false,"potions_floor_spawned":[2,5,6,12,18,25,27,29,33,40,41,42,44,54],"killed_by":"The Heart","ascension_level":1}}