{"host":"9v3x998ddbx8o276","time":1611359667,"event":{"mods":["AchievementEnabler","BaseMod","Colored Map","Colored Powertips","Highlight Path","Minty Spire (QoL Compilation)","Quick Restart","Rare Cards Sparkle"],"gold_per_floor":[109,109,109,127,40,68,68,68,68],"floor_reached":8,"language":"ENG","playtime":224,"items_purged":[],"score":108,"play_id":"fc675e74-a37b-4252-9cca-db35d59d0da9","local_time":"20210123102427","is_ascension_mode":true,"campfire_choices":[{"floor":7,"key":"REST"}],"circlet_count":0,"master_deck":["AscendersBane","Strike_B","Strike_B","Strike_B","Strike_B","Defend_B","Defend_B","Defend_B","Defend_B","Zap","Dualcast","Discovery","Coolheaded","Regret","Barrage","Doom and Gloom","Fission"],"relics":["Cracked Core","Du-Vu Doll","StrikeDummy"],"acts_visited":["Exordium"],"potions_floor_usage":[8],"damage_taken":[{"damage":0,"enemies":"Small Slimes","floor":1,"turns":2},{"damage":0,"enemies":"2 Louse","floor":4,"turns":2},{"damage":25,"enemies":"Lagavulin","floor":6,"turns":6},{"damage":61,"enemies":"Gremlin Nob","floor":8,"turns":4}],"seed_played":"-5207774473403368071","potions_obtained":[{"floor":6,"key":"Weak Potion"}],"is_trial":false,"path_per_floor":["M","?","?","M","$","E","R","E"],"character_chosen":"DEFECT","items_purchased":["Doom and Gloom"],"campfire_rested":1,"item_purchase_floors":[5],"current_hp_per_floor":[64,64,64,64,64,39,60,0,0],"gold":68,"neow_bonus":"RANDOM_COLORLESS","is_daily":false,"chose_seed":false,"campfire_upgraded":0,"win_rate":0.0,"timestamp":1611359667,"path_taken":["M","?","?","M","$","E","R","E"],"items_purchased_type":["Card"],"build_version":"2020-12-22","purchased_purges":0,"victory":false,"max_hp_per_floor":[71,71,71,71,71,71,71,71,71],"card_choices":[{"not_picked":["Finesse","Jack Of All Trades"],"picked":"Discovery","floor":0},{"not_picked":["Hologram","Go for the Eyes"],"picked":"Coolheaded","floor":1},{"not_picked":["Aggregate","Hologram"],"picked":"Barrage","floor":4},{"not_picked":["Hologram","Leap"],"picked":"Fission","floor":6}],"player_experience":1684657,"relics_obtained":[{"floor":6,"key":"StrikeDummy"}],"event_choices":[{"damage_healed":0,"gold_gain":0,"player_choice":"Leave","damage_taken":0,"max_hp_gain":0,"max_hp_loss":0,"event_name":"The Cleric","floor":2,"gold_loss":0},{"damage_healed":0,"gold_gain":0,"player_choice":"Box","damage_taken":0,"relics_obtained":["Du-Vu Doll"],"max_hp_gain":0,"max_hp_loss":0,"event_name":"Big Fish","floor":3,"gold_loss":0,"cards_obtained":["Regret"]}],"is_beta":false,"boss_relics":[],"items_purged_floors":[],"is_endless":false,"potions_floor_spawned":[6],"killed_by":"Gremlin Nob","ascension_level":20}}