{"host":"80x1ozqd5wpd4nvo","time":1611336466,"event":{"mods":["2.2 Compatiblity","Aspiration","BaseMod","Better Altar","Better Match","Better Note","Better Sensory Stone","Better Skull","Better Third Choice","BetterRewards","Card Forge","Custom Start","DNKmod","Defuse TimeMaze Blight","Dota2Spire","Energized Spire","Friendly Minions","GifTheSpireLib","Hubris","Infinite Spire","Minty Spire (QoL Compilation)","Permanent Neow","Poor People Problems","Shop Mod","Spicy Shops","StS++","StSLib","The Blue Laboratory","??????REMEMod"],"gold_per_floor":[1218,1235,750,351,411,411,477,514,514,514,514,514,560,635,635,760,760,798,538,638,673,713,807,826,826,852,882,882,882,543,578,578,705,705,740,740,301,301,301,301,379,379,405,438,438,438,543,556,556,611,611,611,237,315,345],"floor_reached":56,"language":"ENG","playtime":2999,"items_purged":["Strike_R","Strike_R","Strike_R"],"score":1571,"play_id":"69cf07a3-5362-4f99-9cbf-68a950cbcc92","local_time":"20210122182746","is_ascension_mode":true,"campfire_choices":[{"data":"StSpp:Succumb","floor":6,"key":"SMITH"},{"data":"Barricade","floor":10,"key":"SMITH"},{"data":"Offering","floor":12,"key":"SMITH"},{"data":"Double Tap","floor":15,"key":"SMITH"},{"data":"Impatience","floor":25,"key":"SMITH"},{"data":"Warcry","floor":28,"key":"SMITH"},{"data":"Bash","floor":32,"key":"SMITH"},{"data":"infinitespire:SevenWalls","floor":40,"key":"SMITH"},{"floor":46,"key":"RECALL"},{"data":"Exhume","floor":49,"key":"SMITH"},{"data":"Shrug It Off","floor":52,"key":"SMITH"}],"circlet_count":0,"master_deck":["Strike_R","Defend_R","Defend_R","Defend_R","Defend_R","Bash+1","Offering+1","Warcry+1","StSpp:Succumb+1","Impatience+1","HandOfGreed","Barricade+1","REME_FearOfPain","Double Tap+1","StSpp:Betrayal+1","Metallicize+1","REME_Cut+1","Shrug It Off+1","Dark Embrace+1","Berserk+1","Dropkick","Demon Form+1","REME_Scribble+1","infinitespire:SevenWalls+1","Warcry","Warcry","Exhume+1","Inflame+1","Shockwave","Pride"],"relics":["Black Blood","Hammer of Thor","Seething Fire","Anvil of the Gods","REME_ComplimentaryCards","StSpp:TwinEgg","Akabeko","Membership Card","StSpp:BrokenTotem","aspiration:Nostalgia","Ring of the Snake","hubris:TenFootPole","Dota2Spire:Desolator","Frozen Egg 2","Dota2Spire:Mjollnir","REME_CardOfGreed","HandDrill","MealTicket","Nunchaku","Prayer Wheel","Sling","Bag of Preparation","PreservedInsect","aspiration:ChemicalBlood","aspiration:FetidBarrel","hubris:HollowSoul","Dota2Spire:MonkeyKingBar","Mango","Lee\u0027s Waffle","Dota2Spire:HandOfMidas","hubris:Towel","StSpp:WoodenStick","Molten Egg 2","Dota2Spire:Satanic","TungstenRod","Dota2Spire:Vanguard","hubris:EmptyBottle","Dota2Spire:BladeMail"],"acts_visited":["Exordium","TheCity","TheBeyond","TheEnding"],"potions_floor_usage":[13,16,33,33,35,41,50,50,50,55,55,55,55,55,55],"damage_taken":[{"damage":0,"enemies":"Cultist","floor":1,"turns":2},{"damage":6,"enemies":"Small Slimes","floor":2,"turns":2},{"damage":6,"enemies":"2 Louse","floor":5,"turns":2},{"damage":19,"enemies":"3 Sentries","floor":7,"turns":7},{"damage":9,"enemies":"Red Slaver","floor":8,"turns":2},{"damage":6,"enemies":"Gremlin Nob","floor":13,"turns":1},{"damage":6,"enemies":"The Guardian","floor":16,"turns":9},{"damage":5,"enemies":"Chosen","floor":18,"turns":3},{"damage":6,"enemies":"Spheric Guardian","floor":21,"turns":1},{"damage":6,"enemies":"Cultist and Chosen","floor":22,"turns":2},{"damage":28,"enemies":"Slavers","floor":23,"turns":5},{"damage":8,"enemies":"Centurion and Healer","floor":24,"turns":4},{"damage":7,"enemies":"Gremlin Leader","floor":27,"turns":5},{"damage":12,"enemies":"REME_1_Revenger","floor":31,"turns":3},{"damage":20,"enemies":"Collector","floor":33,"turns":5},{"damage":16,"enemies":"3 Darklings","floor":35,"turns":4},{"damage":6,"enemies":"Giant Head","floor":41,"turns":4},{"damage":1,"enemies":"Nemesis","floor":44,"turns":3},{"damage":0,"enemies":"2 Orb Walkers","floor":47,"turns":2},{"damage":0,"enemies":"Orb Walker","floor":48,"turns":2},{"damage":0,"enemies":"Awakened One","floor":50,"turns":9},{"damage":0,"enemies":"Shield and Spear","floor":54,"turns":3},{"damage":14,"enemies":"The Heart","floor":55,"turns":5}],"seed_played":"4938700927251814435","potions_obtained":[{"floor":1,"key":"blueLaboratory:CorrosionFlask"},{"floor":2,"key":"blueLaboratory:SavagePotion"},{"floor":8,"key":"blueLaboratory:StoneskinPotion"},{"floor":23,"key":"blueLaboratory:HummingbirdPotion"},{"floor":27,"key":"ElixirPotion"},{"floor":31,"key":"Explosive Potion"},{"floor":35,"key":"blueLaboratory:BottleOfVodka"},{"floor":41,"key":"SkillPotion"},{"floor":48,"key":"BlessingOfTheForge"}],"is_trial":false,"path_per_floor":["M","M","$","$","M","R","E","M","T","R","?","R","E","?","R","B",null,"M","$","?","M","M","E","M","R","T","E","R","?","$","E","R","B",null,"M","?","$","?","?","R","E","?","T","E","T","R","?","M","R","B",null,"R","$","E","B",null],"character_chosen":"IRONCLAD","items_purchased":["StSpp:TwinEgg","Akabeko","Impatience","Membership Card","StSpp:BrokenTotem","aspiration:Nostalgia","HandOfGreed","REME_Cut+1","REME_CardOfGreed","HandDrill","Sling","Bag of Preparation","PreservedInsect","aspiration:ChemicalBlood","Dota2Spire:MonkeyKingBar","Mango","Lee\u0027s Waffle","Dota2Spire:HandOfMidas","Dota2Spire:Vanguard","hubris:EmptyBottle","blueLaboratory:ExaltedPotion","PowerPotion","LiquidMemories"],"campfire_rested":0,"item_purchase_floors":[3,3,3,4,4,4,4,19,19,19,30,30,30,30,37,37,37,37,53,53,53,53,53],"current_hp_per_floor":[100,100,100,100,100,100,87,84,84,84,84,84,84,79,79,79,100,100,100,100,100,100,90,94,94,94,99,99,99,100,100,100,92,100,96,95,116,116,102,102,118,118,118,121,121,121,121,124,124,127,127,127,127,130,131],"gold":345,"neow_bonus":"REMOVE_CARD","is_daily":false,"chose_seed":false,"campfire_upgraded":10,"win_rate":0.0,"timestamp":1611336466,"path_taken":["M","M","?","$","M","R","E","M","T","R","?","R","E","?","R","BOSS","M","$","?","M","M","E","?","R","T","E","R","?","$","E","R","BOSS","M","?","$","?","?","R","E","?","T","E","?","R","?","M","R","BOSS","R","$","E","BOSS"],"items_purchased_type":["Relic","Relic","Card","Relic","Relic","Relic","Card","Card","Relic","Relic","Relic","Relic","Relic","Relic","Relic","Relic","Relic","Relic","Relic","Relic","Potion","Potion","Potion"],"build_version":"2020-12-22","purchased_purges":3,"victory":true,"max_hp_per_floor":[100,100,100,100,100,100,100,100,100,100,100,100,100,100,100,100,100,100,100,100,100,100,100,100,100,100,100,100,100,100,100,100,100,100,100,95,116,116,116,116,118,118,118,121,121,121,121,124,124,127,127,127,127,130,133],"card_choices":[{"not_picked":["StSpp:CounterStrike","Shrug It Off"],"picked":"Warcry","floor":1},{"not_picked":["Searing Blow","REME_SingleHolding"],"picked":"StSpp:Succumb","floor":2},{"not_picked":["Wild Strike","Anger","Intimidate"],"picked":"SKIP","floor":5},{"not_picked":["True Grit","Power Through"],"picked":"Barricade","floor":7},{"not_picked":["Wild Strike","StSpp:Sprint"],"picked":"REME_FearOfPain","floor":8},{"not_picked":["StSpp:MuscleMemory+1","Shrug It Off"],"picked":"Double Tap","floor":13},{"not_picked":["Limit Break","Double Tap"],"picked":"StSpp:Betrayal+1","floor":16},{"not_picked":["Blood for Blood","Anger"],"picked":"Metallicize+1","floor":18},{"not_picked":["StSpp:MuscleMemory+1","Heavy Blade","Dual Wield"],"picked":"SKIP","floor":21},{"not_picked":["Armaments","Clothesline"],"picked":"Shrug It Off","floor":22},{"not_picked":["Heavy Blade+1","Iron Wave"],"picked":"Dark Embrace+1","floor":23},{"not_picked":["Clash","Flex"],"picked":"Berserk+1","floor":24},{"not_picked":["StSpp:Succumb","Rupture+1"],"picked":"Dropkick","floor":27},{"not_picked":["Battle Trance+1","Headbutt","Heavy Blade+1"],"picked":"SKIP","floor":31},{"not_picked":["StSpp:Betrayal+1","Barricade+1"],"picked":"Demon Form+1","floor":33},{"not_picked":["REME_FearOfPain+1","Dropkick"],"picked":"REME_Scribble","floor":35},{"not_picked":["Sword Boomerang","StSpp:MuscleMemory+1","Havoc"],"picked":"SKIP","floor":35},{"not_picked":["infinitespire:Menacing","infinitespire:DeathsTouch"],"picked":"infinitespire:SevenWalls","floor":39},{"not_picked":["Twin Strike","Perfected Strike"],"picked":"Warcry","floor":41},{"not_picked":["Anger+1","Ghostly Armor","Havoc+1"],"picked":"SKIP","floor":44},{"not_picked":["Shrug It Off","Infernal Blade"],"picked":"Warcry","floor":47},{"not_picked":["Clash+1","hubris:ReadiedAction"],"picked":"Exhume","floor":48},{"not_picked":["Battle Trance","Cleave+1"],"picked":"Inflame+1","floor":48},{"not_picked":["Havoc","Body Slam+1"],"picked":"Shockwave","floor":54}],"player_experience":232622,"relics_obtained":[{"floor":7,"key":"hubris:TenFootPole"},{"floor":9,"key":"Dota2Spire:Desolator"},{"floor":13,"key":"Dota2Spire:Mjollnir"},{"floor":23,"key":"MealTicket"},{"floor":26,"key":"Nunchaku"},{"floor":27,"key":"Prayer Wheel"},{"floor":31,"key":"aspiration:FetidBarrel"},{"floor":41,"key":"StSpp:WoodenStick"},{"floor":44,"key":"Molten Egg 2"},{"floor":45,"key":"Dota2Spire:Satanic"},{"floor":47,"key":"TungstenRod"},{"floor":54,"key":"Dota2Spire:BladeMail"}],"event_choices":[{"damage_healed":0,"gold_gain":75,"player_choice":"Gold","damage_taken":11,"max_hp_gain":0,"max_hp_loss":0,"event_name":"betterThird:BetterGoop","floor":14,"gold_loss":0},{"damage_healed":0,"gold_gain":100,"player_choice":"Pray","damage_taken":0,"max_hp_gain":0,"max_hp_loss":0,"event_name":"Golden Shrine","floor":20,"gold_loss":0},{"cards_removed":["Strike_R"],"damage_healed":0,"gold_gain":0,"player_choice":"Give","damage_taken":0,"max_hp_gain":0,"max_hp_loss":0,"event_name":"betterNote:BetterNote","floor":29,"gold_loss":0,"cards_obtained":["None"]},{"damage_healed":0,"gold_gain":0,"player_choice":"Max HP","damage_taken":0,"max_hp_gain":0,"max_hp_loss":5,"event_name":"Winding Halls","floor":36,"gold_loss":0},{"damage_healed":0,"gold_gain":0,"player_choice":"Fight","damage_taken":0,"max_hp_gain":0,"max_hp_loss":0,"event_name":"Mysterious Sphere","floor":47,"gold_loss":0}],"is_beta":false,"boss_relics":[{"not_picked":["hubris:BlackHole","hubris:RunicObelisk"],"picked":"Black Blood"},{"not_picked":["Runic Dome","aspiration:RunicSpoon"],"picked":"hubris:HollowSoul"}],"items_purged_floors":[30,53,53],"is_endless":false,"potions_floor_spawned":[1,2,8,23,27,31,33,35,41,48],"ascension_level":1}}