{"host":"9slw7l0ws16384qq","time":1611336215,"event":{"mods":["A Penny For Your Troubles","BaseMod","Clockwork Mod","Colored Map","Evolution","Hubris","Minty Spire (QoL Compilation)","Replay The Spire","Shedinja","StS++","StSLib","The Dragon Tamer","The Marked"],"gold_per_floor":[115,40,40,40,40,40,40,55,78,78,78,111,128,139,139,237,237,247,247,264,164,79,79,95,95,163,163,163,194,226,256,256,359,359,372,372,390,390,390,390,390,391],"floor_reached":43,"language":"FRA","playtime":1296,"items_purged":["Defend_B","Strike_B"],"score":599,"play_id":"4812b99c-b2f5-4aec-aed1-b4b3191dc250","local_time":"20210122182335","is_ascension_mode":false,"campfire_choices":[{"data":"Zap","floor":6,"key":"SMITH"},{"data":"Sunder","floor":10,"key":"SMITH"},{"floor":15,"key":"DIG"},{"data":"Auto Shields","floor":23,"key":"SMITH"},{"data":"Self Repair","floor":25,"key":"SMITH"},{"data":"Electrodynamics","floor":27,"key":"SMITH"},{"data":"ReplayTheSpireMod:Calculation Training","floor":32,"key":"SMITH"},{"data":"StSpp:Saturation","floor":40,"key":"SMITH"}],"circlet_count":0,"master_deck":["Cold Snap","Defend_B","Defend_B","Zap+1","Dualcast","Sunder+1","Self Repair+1","FIFO Queue","Electrodynamics+1","Glacier","Auto Shields+1","ReplayTheSpireMod:Calculation Training+1","Ball Lightning","StSpp:Saturation+1","Ball Lightning+1"],"relics":["Cracked Core","EVO:Axolotl","hubris:Towel","Bag of Marbles","hubris:BallOfYels","ReplayTheSpireMod:TigerMarble","Replay:Drink Me","Enchiridion","StSpp:PetrifiedCaterpillar","Snack Pack","StSpp:Magatama","Replay:Antivirus Software"],"acts_visited":["Exordium","TheCity","TheBeyond"],"potions_floor_usage":[42,42,42],"damage_taken":[{"damage":0,"enemies":"2 Louse","floor":1,"turns":3},{"damage":0,"enemies":"Jaw Worm","floor":8,"turns":3},{"damage":19,"enemies":"Lagavulin","floor":12,"turns":4},{"damage":0,"enemies":"Small Slimes","floor":13,"turns":2},{"damage":8,"enemies":"Gremlin Gang","floor":14,"turns":3},{"damage":23,"enemies":"Fading Forest","floor":16,"turns":11},{"damage":12,"enemies":"Spheric Guardian","floor":18,"turns":4},{"damage":8,"enemies":"3 Byrds","floor":20,"turns":2},{"damage":10,"enemies":"Cultist and Chosen","floor":24,"turns":5},{"damage":0,"enemies":"Sentry and Sphere","floor":29,"turns":1},{"damage":0,"enemies":"3 Cultists","floor":30,"turns":2},{"damage":0,"enemies":"Cultist and Chosen","floor":31,"turns":3},{"damage":31,"enemies":"Collector","floor":33,"turns":7},{"damage":10,"enemies":"3 Shapes","floor":35,"turns":4},{"damage":1,"enemies":"3 Darklings","floor":37,"turns":3},{"damage":36,"enemies":"Donu and Deca","floor":42,"turns":6}],"seed_played":"-3583292940015998930","potions_obtained":[{"floor":12,"key":"AttackPotion"},{"floor":13,"key":"AttackPotion"},{"floor":16,"key":"BlessingOfTheForge"}],"is_trial":false,"path_per_floor":["M","$","?","?","?","R","?","M","T","R","$","E","M","M","R_BF","B",null,"M","?","M","$","?","R","M","R","T","R","?","M","M","M","R","B",null,"M","?","M","?","T","R","?","B",null],"character_chosen":"DEFECT","items_purchased":[],"campfire_rested":0,"item_purchase_floors":[],"current_hp_per_floor":[82,82,82,82,82,82,82,82,82,82,82,63,70,69,69,63,62,57,41,33,33,33,33,30,30,30,30,30,30,40,50,50,31,62,62,62,62,62,62,62,62,38],"gold":391,"neow_bonus":"TEN_PERCENT_HP_BONUS","is_daily":false,"chose_seed":false,"campfire_upgraded":7,"win_rate":0.0,"timestamp":1611336215,"path_taken":["M","$","?","?","?","R","?","M","T","R","$","E","?","M","R_BF","BOSS","M","?","M","$","?","R","M","R","T","R","?","M","?","M","R","BOSS","M","?","M","?","?","R","?","BOSS"],"items_purchased_type":[],"build_version":"2020-12-22","purchased_purges":2,"victory":true,"max_hp_per_floor":[82,82,82,82,82,82,82,82,82,82,82,82,82,82,82,82,62,62,62,62,62,62,62,62,62,62,62,62,62,62,62,62,62,62,62,62,62,62,62,62,62,62],"card_choices":[{"not_picked":["Stack","Panic Button","Aggregate"],"picked":"SKIP","floor":1},{"not_picked":["Heatsinks","Conserve Battery"],"picked":"Sunder","floor":8},{"not_picked":["Leap","Hologram"],"picked":"Self Repair","floor":12},{"not_picked":["Sweeping Beam","Stack","Leap"],"picked":"SKIP","floor":13},{"not_picked":["Barrage","Multi-Cast"],"picked":"FIFO Queue","floor":14},{"not_picked":["StSpp:MemoryLeak","StSpp:CopyPaste"],"picked":"Electrodynamics","floor":16},{"not_picked":["Cold Snap","StSpp:Fierceness+1"],"picked":"Glacier","floor":18},{"not_picked":["Coolheaded","Beam Cell"],"picked":"Auto Shields","floor":20},{"not_picked":["Conserve Battery","hubris:DoWhile","Streamline+1"],"picked":"SKIP","floor":24},{"not_picked":["Go for the Eyes+1","Hologram","Barrage"],"picked":"SKIP","floor":29},{"not_picked":["Sweeping Beam+1","Go for the Eyes"],"picked":"ReplayTheSpireMod:Calculation Training","floor":30},{"not_picked":["Aggregate+1","Compile Driver","Ball Lightning"],"picked":"SKIP","floor":31},{"not_picked":["Aggregate+1","Compile Driver"],"picked":"Ball Lightning","floor":31},{"not_picked":["Echo Form","Amplify"],"picked":"StSpp:Saturation","floor":33},{"not_picked":["Cold Snap+1","Blizzard"],"picked":"Ball Lightning+1","floor":35},{"not_picked":["Rebound+1","Fusion+1","Go for the Eyes"],"picked":"SKIP","floor":37}],"player_experience":1775033,"relics_obtained":[{"floor":9,"key":"Bag of Marbles"},{"floor":12,"key":"hubris:BallOfYels"},{"floor":15,"key":"ReplayTheSpireMod:TigerMarble"},{"floor":19,"key":"Enchiridion"},{"floor":26,"key":"Snack Pack"},{"floor":39,"key":"Replay:Antivirus Software"}],"event_choices":[{"damage_healed":0,"gold_gain":0,"player_choice":"Ignored","damage_taken":0,"max_hp_gain":0,"max_hp_loss":0,"event_name":"WeMeetAgain","floor":7,"gold_loss":0},{"damage_healed":0,"gold_gain":0,"player_choice":"Obtained Book","damage_taken":16,"max_hp_gain":0,"max_hp_loss":0,"event_name":"Cursed Tome","floor":19,"gold_loss":0},{"damage_healed":0,"gold_gain":0,"player_choice":"Obtained Relic","damage_taken":0,"relics_obtained":["StSpp:PetrifiedCaterpillar"],"max_hp_gain":0,"max_hp_loss":0,"event_name":"Addict","floor":22,"gold_loss":85},{"damage_healed":0,"gold_gain":0,"player_choice":"Ignored","damage_taken":0,"max_hp_gain":0,"max_hp_loss":0,"event_name":"Transmorgrifier","floor":28,"gold_loss":0},{"damage_healed":0,"gold_gain":0,"player_choice":"Took Portal","damage_taken":0,"max_hp_gain":0,"max_hp_loss":0,"event_name":"SecretPortal","floor":41,"gold_loss":0}],"is_beta":false,"boss_relics":[{"not_picked":["StSpp:Balance","Pandora\u0027s Box"],"picked":"Replay:Drink Me"},{"not_picked":["SlaversCollar","Snecko Eye"],"picked":"StSpp:Magatama"}],"items_purged_floors":[2,21],"is_endless":false,"potions_floor_spawned":[12,13,16,20,30],"ascension_level":0}}