{"host":"l60rmjjsfi0fipmi","time":1611353843,"event":{"mods":["BaseMod","Colored Map","DeckTracker","Highlight Path","Minty Spire (QoL Compilation)","StSLib","The Cursed","The Servant 0.9.4"],"gold_per_floor":[132,149,161,161,172,172,199,213,213,213,25,25,25,35,35,132,132,147,147,161,76,1,1,29,29,52,75,85,103,103,137,137,241,241,251,263,120,120,138,138,138,138],"floor_reached":41,"language":"ENG","playtime":2974,"items_purged":["Defend_P","Defend_P"],"score":523,"play_id":"f6df34a0-ac4d-4a21-b03b-b9dd9d7d296d","local_time":"20210122171723","is_ascension_mode":true,"campfire_choices":[{"data":"Vigilance","floor":6,"key":"SMITH"},{"floor":10,"key":"REST"},{"data":"LikeWater","floor":13,"key":"SMITH"},{"floor":15,"key":"REST"},{"data":"FollowUp","floor":23,"key":"SMITH"},{"floor":25,"key":"REST"},{"floor":30,"key":"REST"},{"floor":32,"key":"REST"},{"floor":40,"key":"REST"}],"circlet_count":0,"master_deck":["Strike_P","Strike_P","Strike_P","Defend_P","Eruption+1","Vigilance+1","Jack Of All Trades","Tantrum","SandsOfTime","LikeWater+1","SpiritShield","Discovery","EmptyBody","Halt","FollowUp+1","MentalFortress","Worship","Judgement","Adaptation+1","Tantrum","MentalFortress","SashWhip","Meditate","TalkToTheHand","LessonLearned","SashWhip"],"relics":["PureWater","Damaru","StrikeDummy","Strawberry","SacredBark","Singing Bowl","Kunai","CeramicFish","Nunchaku","Runic Pyramid"],"acts_visited":["Exordium","TheCity","TheBeyond"],"potions_floor_usage":[7,29],"damage_taken":[{"damage":0,"enemies":"Cultist","floor":1,"turns":3},{"damage":4,"enemies":"Jaw Worm","floor":2,"turns":3},{"damage":16,"enemies":"2 Louse","floor":3,"turns":2},{"damage":1,"enemies":"2 Fungi Beasts","floor":5,"turns":3},{"damage":29,"enemies":"Gremlin Nob","floor":7,"turns":5},{"damage":3,"enemies":"Blue Slaver","floor":8,"turns":3},{"damage":3,"enemies":"Exordium Wildlife","floor":14,"turns":4},{"damage":20,"enemies":"The Guardian","floor":16,"turns":10},{"damage":7,"enemies":"3 Byrds","floor":18,"turns":7},{"damage":14,"enemies":"Shell Parasite","floor":20,"turns":5},{"damage":21,"enemies":"Book of Stabbing","floor":24,"turns":6},{"damage":20,"enemies":"Snecko","floor":27,"turns":5},{"damage":23,"enemies":"Shelled Parasite and Fungi","floor":28,"turns":7},{"damage":2,"enemies":"Chosen and Byrds","floor":29,"turns":6},{"damage":28,"enemies":"Gremlin Leader","floor":31,"turns":7},{"damage":54,"enemies":"Collector","floor":33,"turns":11},{"damage":17,"enemies":"3 Shapes","floor":35,"turns":4},{"damage":39,"enemies":"3 Darklings","floor":36,"turns":6},{"damage":39,"enemies":"Jaw Worm Horde","floor":39,"turns":6},{"damage":45,"enemies":"Nemesis","floor":41,"turns":2}],"seed_played":"8985844062961372961","potions_obtained":[{"floor":1,"key":"DuplicationPotion"},{"floor":3,"key":"FearPotion"},{"floor":7,"key":"ColorlessPotion"},{"floor":16,"key":"Strength Potion"},{"floor":18,"key":"BottledMiracle"},{"floor":29,"key":"Fruit Juice"},{"floor":31,"key":"Ancient Potion"},{"floor":39,"key":"Fruit Juice"}],"is_trial":false,"path_per_floor":["M","M","M","?","M","R","E","M","T","R","$","?","R","M","R","B",null,"M","?","M","?","$","R","E","R","T","M","M","M","R","E","R","B",null,"M","M","$","?","M","R","E"],"character_chosen":"WATCHER","items_purchased":["Strawberry","MentalFortress","SashWhip"],"campfire_rested":6,"item_purchase_floors":[11,11,37],"current_hp_per_floor":[72,68,52,52,51,51,22,19,19,40,47,47,47,44,67,47,79,72,72,58,58,58,58,37,60,60,40,19,29,56,30,58,4,95,80,43,43,43,6,34,0,0],"gold":138,"neow_bonus":"RANDOM_COLORLESS","is_daily":false,"chose_seed":false,"campfire_upgraded":3,"win_rate":0.0,"timestamp":1611353843,"path_taken":["M","M","M","?","M","R","E","?","T","R","?","?","R","?","R","BOSS","M","?","M","?","$","R","E","R","T","M","M","M","R","E","R","BOSS","M","M","$","?","M","R","E"],"items_purchased_type":["Relic","Card","Card"],"build_version":"2020-12-22","purchased_purges":2,"victory":false,"max_hp_per_floor":[72,72,72,72,72,72,72,72,72,72,79,79,79,79,79,79,79,79,79,79,79,79,79,79,79,79,79,81,93,93,95,95,95,95,97,99,99,94,96,96,96,96],"card_choices":[{"not_picked":["Purity","Enlightenment"],"picked":"Jack Of All Trades","floor":0},{"not_picked":["Crescendo","CrushJoints"],"picked":"Tantrum","floor":1},{"not_picked":["WreathOfFlame","Pray"],"picked":"SandsOfTime","floor":2},{"not_picked":["Collect","Consecrate"],"picked":"LikeWater","floor":3},{"not_picked":["FlurryOfBlows","Evaluate"],"picked":"EmptyBody","floor":5},{"not_picked":["SandsOfTime","ReachHeaven"],"picked":"Halt","floor":7},{"not_picked":["Worship","SignatureMove"],"picked":"FollowUp","floor":8},{"not_picked":["Crescendo","DeusExMachina"],"picked":"Worship","floor":14},{"not_picked":["Blasphemy","Alpha"],"picked":"Judgement","floor":16},{"not_picked":["LikeWater","FollowUp+1"],"picked":"Adaptation","floor":18},{"not_picked":["ClearTheMind","DeceiveReality+1"],"picked":"SashWhip","floor":20},{"not_picked":["Worship+1","CrushJoints+1"],"picked":"Meditate","floor":24},{"not_picked":["Evaluate","Meditate"],"picked":"TalkToTheHand","floor":27},{"not_picked":["FlyingSleeves+1","CarveReality","Conclude"],"picked":"Singing Bowl","floor":28},{"not_picked":["CutThroughFate","FlyingSleeves+1","BattleHymn"],"picked":"Singing Bowl","floor":29},{"not_picked":["WindmillStrike+1","EmptyMind","Alpha"],"picked":"Singing Bowl","floor":31},{"not_picked":["SpiritShield","MasterReality"],"picked":"LessonLearned","floor":33},{"not_picked":["Evaluate","EmptyBody+1","JustLucky"],"picked":"Singing Bowl","floor":35},{"not_picked":["BattleHymn","PathToVictory+1","Meditate+1"],"picked":"Singing Bowl","floor":36},{"not_picked":["WaveOfTheHand","Prostrate+1","Protect+1"],"picked":"Singing Bowl","floor":39}],"player_experience":546312,"relics_obtained":[{"floor":7,"key":"Damaru"},{"floor":9,"key":"StrikeDummy"},{"floor":24,"key":"Kunai"},{"floor":26,"key":"CeramicFish"},{"floor":31,"key":"Nunchaku"}],"event_choices":[{"damage_healed":0,"gold_gain":0,"player_choice":"2 cards matched","damage_taken":0,"max_hp_gain":0,"max_hp_loss":0,"event_name":"Match and Keep!","floor":4,"gold_loss":0,"cards_obtained":["SpiritShield","Discovery"]},{"damage_healed":0,"gold_gain":0,"player_choice":"Forge","damage_taken":0,"max_hp_gain":0,"max_hp_loss":0,"event_name":"Accursed Blacksmith","floor":12,"gold_loss":0,"cards_upgraded":["Eruption"]},{"damage_healed":0,"gold_gain":0,"cards_transformed":["Strike_P","Defend_P"],"player_choice":"Became Test Subject","damage_taken":0,"max_hp_gain":0,"max_hp_loss":0,"event_name":"Drug Dealer","floor":19,"gold_loss":0,"cards_obtained":["Tantrum","MentalFortress"]},{"damage_healed":0,"gold_gain":0,"player_choice":"Obtained Relic","damage_taken":0,"relics_obtained":["Singing Bowl"],"max_hp_gain":0,"max_hp_loss":0,"event_name":"Addict","floor":21,"gold_loss":85},{"damage_healed":0,"gold_gain":0,"player_choice":"Max HP","damage_taken":0,"max_hp_gain":0,"max_hp_loss":5,"event_name":"Winding Halls","floor":38,"gold_loss":0}],"is_beta":false,"boss_relics":[{"not_picked":["Philosopher\u0027s Stone","Sozu"],"picked":"SacredBark"},{"not_picked":["Pandora\u0027s Box","Fusion Hammer"],"picked":"Runic Pyramid"}],"items_purged_floors":[22,37],"is_endless":false,"potions_floor_spawned":[1,3,7,16,18,24,29,31,33,39],"killed_by":"Nemesis","ascension_level":3}}