{"host":"tcdxiwht2vajk3tk","time":1611346133,"event":{"mods":["AchievementEnabler","BaseMod","Beaked The Cultist","Conspire","Defuse TimeMaze Blight","Downfall","Halation","Hermit","Hubris","Infinite Spire","Lobotomy","Minty Spire (QoL Compilation)","Shop Mod","StSLib","The Cursed","The Disciple","vexMod"],"gold_per_floor":[99,114,114,132,150,185,234,234,249,8,38,38,66,17,33,131,131,31,48,48,48,71,82,106,142,170,189,232,132,160,201,229,334,334,334,356,376,276,276,301,301,360,360,383,383,383,407,450,475,475,475,475],"floor_reached":50,"language":"ENG","playtime":4461,"items_purged":[],"score":684,"play_id":"3f948854-b497-439d-827e-db220ba46c8e","local_time":"20210122150853","is_ascension_mode":true,"campfire_choices":[{"data":"champ:Taunt","floor":1.0,"key":"SMITH"},{"floor":12.0,"key":"REST"},{"floor":18.0,"key":"RECALL"},{"floor":29.0,"key":"REST"},{"data":"champ:IgnorePain","floor":35.0,"key":"SMITH"},{"floor":46.0,"key":"REST"}],"circlet_count":0,"master_deck":["champ:Strike","champ:Strike","champ:Strike","champ:Strike+1","champ:Defend","champ:Defend","champ:Defend","champ:Defend","champ:Execute","champ:Taunt+1","champ:PerfectedStrike","champ:Duel+1","champ:DefensiveShout","champ:Backstep","champ:Improvising","champ:BringItOn","champ:IronFortress","champ:RapidStrikes","champ:VampiricStrike","champ:FocusedDefense","champ:IronFortress","champ:SetATrap","champ:ShieldThrow","champ:ShieldSigil","champ:ShieldWall","champ:FalseCounter","champ:FocusedBerserking","champ:IgnorePain+1","champ:DefensiveShout","champ:Circumvent","champ:Lariat","champ:DancingMaster+1","champ:BerserkerStyle","champ:BerserkersShout+1","champ:IgnorePain","champ:DefensiveShout","BootSequence+1","champ:RecklessLeap+1"],"relics":["champ:ChampionCrown","hubris:SlimyHat","Bronze Scales","Potion Belt","conspire:Boomerang","hubris:OldNail","vexMod:BigBerry","downfall:HeartBlessingGreen","champ:GladiatorsBookOfMartialProwess","MutagenicStrength","PreservedInsect","CeramicFish","HornCleat","hubris:AstralHammer","downfall:HeartBlessingRed","Red Mask","halation:HeavySnake","halation:EternalFortune","beaked:ShinyBauble","Unceasing Top","SacredBark","PrismaticShard","Ginger","halation:KoshaPiece","conspire:BottledYoYo"],"acts_visited":["Exordium","TheCity","TheBeyond"],"potions_floor_usage":[50,50,50,50,50],"damage_taken":[{"damage":10.0,"enemies":"Small Slimes","floor":2.0,"turns":3.0},{"damage":14.0,"enemies":"infinitespire:Voidling","floor":4.0,"turns":3.0},{"damage":6.0,"enemies":"Jaw Worm","floor":5.0,"turns":3.0},{"damage":24.0,"enemies":"Lagavulin","floor":6.0,"turns":6.0},{"damage":20.0,"enemies":"Exordium Thugs","floor":9.0,"turns":3.0},{"damage":35.0,"enemies":"downfall:FleeingMerchant","floor":10.0,"turns":4.0},{"damage":38.0,"enemies":"3 Sentries","floor":11.0,"turns":9.0},{"damage":26.0,"enemies":"Gremlin Nob","floor":13.0,"turns":4.0},{"damage":0.0,"enemies":"downfall:FleeingMerchant","floor":14.0,"turns":4.0},{"damage":0.0,"enemies":"2 Fungi Beasts","floor":15.0,"turns":2.0},{"damage":27.0,"enemies":"SI_SHIV_ARCHETYPE","floor":16.0,"turns":6.0},{"damage":18.0,"enemies":"conspire:FuzzyDice","floor":19.0,"turns":4.0},{"damage":0.0,"enemies":"Spheric Guardian","floor":23.0,"turns":2.0},{"damage":18.0,"enemies":"conspire:Head Lice","floor":25.0,"turns":6.0},{"damage":17.0,"enemies":"Shelled Parasite and Fungi","floor":26.0,"turns":5.0},{"damage":30.0,"enemies":"Centurion and Healer","floor":27.0,"turns":6.0},{"damage":42.0,"enemies":"Slavers","floor":28.0,"turns":4.0},{"damage":45.0,"enemies":"conspire:HollyBat","floor":30.0,"turns":7.0},{"damage":6.0,"enemies":"Masked Bandits","floor":31.0,"turns":5.0},{"damage":0.0,"enemies":"Snecko","floor":32.0,"turns":3.0},{"damage":66.0,"enemies":"WA_ARCHETYPE_CALM","floor":33.0,"turns":10.0},{"damage":21.0,"enemies":"3 Shapes","floor":36.0,"turns":7.0},{"damage":32.0,"enemies":"3 Darklings","floor":37.0,"turns":9.0},{"damage":28.0,"enemies":"Maw","floor":40.0,"turns":6.0},{"damage":21.0,"enemies":"Maw","floor":42.0,"turns":5.0},{"damage":47.0,"enemies":"Spire Growth","floor":44.0,"turns":6.0},{"damage":51.0,"enemies":"beaked:SuperParasite","floor":48.0,"turns":5.0},{"damage":7.0,"enemies":"4 Shapes","floor":49.0,"turns":4.0},{"damage":57,"enemies":"DF_ARCHETYPE_ORBS","floor":50,"turns":6}],"seed_played":"1895407867230169834","potions_obtained":[{"floor":9.0,"key":"Fire Potion"},{"floor":11.0,"key":"Fire Potion"},{"floor":13.0,"key":"champ:TechniquePotion"},{"floor":16.0,"key":"champ:OpenerPotion"},{"floor":23.0,"key":"BlessingOfTheForge"},{"floor":30.0,"key":"Swift Potion"},{"floor":31.0,"key":"Guardian:BlockOnCardUsePotion"},{"floor":32.0,"key":"Weak Potion"},{"floor":44.0,"key":"SneckoOil"},{"floor":48.0,"key":"Weak Potion"},{"floor":49.0,"key":"Strength Potion"}],"is_trial":false,"path_per_floor":["R","M","?","M","M","E","T","?","M","$","E","R","E","$","M","B",null,"R","M","?","?","T","M","T","E","M","M","E","R","M","?","M","B",null,"R","M","M","NS","?","M","T","?","AVR","M","T","R","T","E","M","B"],"character_chosen":"THE_CHAMP","items_purchased":["champ:IronFortress","Potion Belt","champ:IronFortress"],"campfire_rested":3,"item_purchase_floors":[10,10,14],"current_hp_per_floor":[99,99,99,99,93,79,79,79,69,59,31,60,44,44,44,37,129,129,121,121,121,121,121,121,113,106,86,54,92,92,86,86,45,129,129,108,76,76,79,79,79,79,79,42,42,81,81,50,50,0,0,0],"gold":475,"neow_bonus":"TEN_PERCENT_HP_BONUS","is_daily":false,"chose_seed":false,"campfire_upgraded":2,"win_rate":0.0,"timestamp":1611346133,"path_taken":["R","M","?","?","M","E","T","?","?","$","E","R","E","$","M","BOSS","R","M","?","?","?","M","T","E","M","M","E","R","M","?","M","BOSS","R","M","M","NS","?","M","T","?","AVR","M","?","R","?","E","M","BOSS"],"items_purchased_type":["Card","Relic","Card"],"build_version":"2020-12-22","purchased_purges":0,"victory":false,"max_hp_per_floor":[99,99,99,99,99,99,99,99,99,99,99,99,99,99,99,99,129,129,129,129,129,129,129,129,129,129,129,129,129,129,129,129,129,129,129,129,129,129,132,132,132,132,132,132,132,132,132,132,132,132,132,132],"card_choices":[{"not_picked":["champ:CrownThrow","champ:EnragedBash"],"picked":"champ:PerfectedStrike","floor":2.0},{"not_picked":["champ:AdrenalArmor","champ:GutPunch"],"picked":"champ:Duel","floor":4.0},{"not_picked":["champ:Haymaker","champ:FlashCut"],"picked":"champ:DefensiveShout","floor":5.0},{"not_picked":["champ:GutPunch","champ:Shatter"],"picked":"champ:Backstep","floor":6.0},{"not_picked":["champ:CrookedStrike","champ:PreemptiveStrike"],"picked":"champ:Improvising","floor":9.0},{"not_picked":["champ:CrownThrow","champ:SwordSigil"],"picked":"champ:BringItOn","floor":10.0},{"not_picked":["champ:RisingSlash","champ:Encircle"],"picked":"champ:RapidStrikes","floor":11.0},{"not_picked":["champ:BladeFlurry","champ:RisingSlash"],"picked":"champ:VampiricStrike","floor":13.0},{"not_picked":["champ:PreemptiveStrike","champ:TornadoPunch"],"picked":"champ:FocusedDefense","floor":14.0},{"not_picked":["champ:TornadoPunch","champ:Haymaker"],"picked":"champ:SetATrap","floor":15.0},{"not_picked":["champ:Improvising","champ:SwordThrow"],"picked":"champ:ShieldThrow","floor":16.0},{"not_picked":["champ:SetATrap+1","champ:GutPunch"],"picked":"champ:ShieldSigil","floor":19.0},{"not_picked":["champ:PreciseThrust","champ:ShieldSigil"],"picked":"champ:ShieldWall","floor":23.0},{"not_picked":["champ:Haymaker+1","champ:FocusedDefense"],"picked":"champ:FlashCut","floor":25.0},{"not_picked":["champ:BerserkersShout","champ:CalledShot"],"picked":"champ:FalseCounter","floor":26.0},{"not_picked":["champ:DefensiveShout","champ:Duel"],"picked":"champ:FocusedBerserking","floor":27.0},{"not_picked":["champ:GladiatorStyle+1","champ:PreemptiveStrike"],"picked":"champ:IgnorePain","floor":28.0},{"not_picked":["champ:FalseCounter","champ:ViciousMockery"],"picked":"champ:DefensiveShout","floor":30.0},{"not_picked":["champ:ShieldSlam","champ:Haymaker"],"picked":"champ:Circumvent","floor":31.0},{"not_picked":["champ:FocusedBerserking","champ:Haymaker"],"picked":"champ:Lariat","floor":32.0},{"not_picked":["champ:StrikeOfGenius","champ:SwordThrow"],"picked":"champ:DancingMaster","floor":33.0},{"not_picked":["champ:ShieldSigil+1","champ:FlashCut+1"],"picked":"champ:SkillfulDodge+1","floor":36.0},{"not_picked":["champ:FaceSlap","champ:GladiatorStyle"],"picked":"champ:BerserkerStyle","floor":37.0},{"not_picked":["champ:Haymaker","champ:BladeFlurry"],"picked":"champ:BerserkersShout+1","floor":40.0},{"not_picked":["champ:Circumvent","champ:Backstep"],"picked":"champ:IgnorePain","floor":42.0},{"not_picked":["Shrug It Off","sneckomod:DiceBoulder"],"picked":"champ:DefensiveShout","floor":44.0},{"not_picked":["Slimebound:SplitAcid+1","TheCursedMod:SpreadPlague"],"picked":"BootSequence+1","floor":48.0},{"not_picked":["beaked:TuckingFeathers","hermit:Desperado+1"],"picked":"champ:RecklessLeap+1","floor":49.0}],"player_experience":1608302,"relics_obtained":[{"floor":6.0,"key":"hubris:SlimyHat"},{"floor":7.0,"key":"Bronze Scales"},{"floor":11.0,"key":"conspire:Boomerang"},{"floor":13.0,"key":"hubris:OldNail"},{"floor":22.0,"key":"PreservedInsect"},{"floor":24.0,"key":"CeramicFish"},{"floor":25.0,"key":"HornCleat"},{"floor":28.0,"key":"hubris:AstralHammer"},{"floor":31.0,"key":"Red Mask"},{"floor":41.0,"key":"beaked:ShinyBauble"},{"floor":42.0,"key":"Unceasing Top"},{"floor":45.0,"key":"Ginger"},{"floor":47.0,"key":"halation:KoshaPiece"},{"floor":48.0,"key":"conspire:BottledYoYo"}],"event_choices":[{"damage_healed":0.0,"max_hp_gain":0.0,"max_hp_loss":0.0,"gold_gain":0.0,"event_name":"Drug Dealer","player_choice":"Inject Mutagens","floor":21.0,"gold_loss":0.0,"damage_taken":0.0,"relics_obtained":["MutagenicStrength"]},{"damage_healed":0.0,"max_hp_gain":0.0,"max_hp_loss":0.0,"gold_gain":0.0,"event_name":"Masked Bandits","player_choice":"Fought Bandits","floor":31.0,"gold_loss":0.0,"damage_taken":0.0}],"is_beta":false,"boss_relics":[{"not_picked":["halation:Risk","vexMod:RockOfEvil"],"picked":"vexMod:BigBerry"},{"not_picked":["hubris:GrandSneckoEye","beaked:SacredDeck"],"picked":"halation:HeavySnake"}],"items_purged_floors":[],"is_endless":false,"potions_floor_spawned":[9,11,13,16,23,30,31,32,44,48,49],"killed_by":"DF_ARCHETYPE_ORBS","ascension_level":1}}