{"host":"t7mx8yfj1no5p62f","time":1611296854,"event":{"mods":["BaseMod","Bestiary","Colored Map","Colored Powertips","Minty Spire (QoL Compilation)","Relic Stats","StSLib"],"gold_per_floor":[114,124,140,140,156,156,187,205,205,205,205],"floor_reached":10,"language":"ENG","playtime":263,"items_purged":[],"score":140,"play_id":"0f0492ed-60bb-4f7d-98a1-b1bedd6c91df","local_time":"20210122012734","is_ascension_mode":true,"campfire_choices":[{"data":"Sunder","floor":6.0,"key":"SMITH"}],"circlet_count":0,"master_deck":["AscendersBane","Strike_B","Strike_B","Strike_B","Strike_B","Defend_B","Defend_B","Defend_B","Defend_B","Zap","Dualcast","Gash","Sunder+1","Cold Snap","Go for the Eyes","Compile Driver","Defragment"],"relics":["Black Star","Golden Idol","Symbiotic Virus","TungstenRod","FossilizedHelix"],"acts_visited":["Exordium"],"potions_floor_usage":[],"damage_taken":[{"damage":7.0,"enemies":"Jaw Worm","floor":1.0,"turns":5.0},{"damage":5.0,"enemies":"Small Slimes","floor":2.0,"turns":3.0},{"damage":0.0,"enemies":"2 Louse","floor":3.0,"turns":2.0},{"damage":0.0,"enemies":"2 Fungi Beasts","floor":5.0,"turns":2.0},{"damage":42.0,"enemies":"Lagavulin","floor":7.0,"turns":9.0},{"damage":2,"enemies":"Blue Slaver","floor":8,"turns":3},{"damage":13,"enemies":"3 Sentries","floor":10,"turns":3}],"seed_played":"1923735738616161070","potions_obtained":[{"floor":3.0,"key":"FearPotion"}],"is_trial":false,"path_per_floor":["M","M","M","?","M","R","E","M","T","E"],"character_chosen":"DEFECT","items_purchased":[],"campfire_rested":0,"item_purchase_floors":[],"current_hp_per_floor":[57,52,52,52,52,52,10,8,8,0,0],"gold":205,"neow_bonus":"BOSS_RELIC","is_daily":false,"chose_seed":false,"campfire_upgraded":1,"win_rate":0.0,"timestamp":1611296854,"path_taken":["M","M","M","?","M","R","E","M","T","E"],"items_purchased_type":[],"build_version":"2020-12-22","purchased_purges":0,"victory":false,"max_hp_per_floor":[71,71,71,64,64,64,64,64,64,64,64],"relic_stats":{"counters":[7,27],"Golden Idol":19,"Black Star":1,"obtain_stats":[{"Golden Idol":4,"Black Star":0,"Cracked Core":0,"Symbiotic Virus":7,"TungstenRod":7,"FossilizedHelix":9},{"Golden Idol":3,"Black Star":0,"Cracked Core":0,"Symbiotic Virus":5,"TungstenRod":5,"FossilizedHelix":6},{"Golden Idol":10,"Black Star":0,"Cracked Core":0,"Symbiotic Virus":21,"TungstenRod":21,"FossilizedHelix":24}],"TungstenRod":3},"card_choices":[{"not_picked":["BootSequence","Scrape"],"picked":"Gash","floor":1.0},{"not_picked":["Streamline","Conserve Battery"],"picked":"Sunder","floor":2.0},{"not_picked":["Storm","Leap"],"picked":"Cold Snap","floor":3.0},{"not_picked":["Chill","Fission"],"picked":"Go for the Eyes","floor":5.0},{"not_picked":["Beam Cell","Ball Lightning"],"picked":"Compile Driver","floor":7},{"not_picked":["Coolheaded","Storm"],"picked":"Defragment","floor":8}],"player_experience":1810830,"relics_obtained":[{"floor":7,"key":"Symbiotic Virus"},{"floor":7,"key":"TungstenRod"},{"floor":9,"key":"FossilizedHelix"}],"event_choices":[{"damage_healed":0.0,"max_hp_gain":0.0,"max_hp_loss":7.0,"gold_gain":0.0,"event_name":"Golden Idol","player_choice":"Lose Max HP","floor":4.0,"gold_loss":0.0,"damage_taken":0.0,"relics_obtained":["Golden Idol"]}],"is_beta":false,"boss_relics":[],"items_purged_floors":[],"is_endless":false,"potions_floor_spawned":[3],"killed_by":"3 Sentries","ascension_level":20}}