{"host":"neeznpvpgo0qgfkd","time":1611336956,"event":{"mods":["AchievementEnabler","BaseMod","BetterRewards","Colored Map","Colored Powertips","Exacting","Minty Spire (QoL Compilation)","Permanent Neow","Quick Restart","Shop Mod"],"gold_per_floor":[109,184,184,184,209,209,209,209],"floor_reached":7,"language":"ENG","playtime":313,"items_purged":[],"score":65,"play_id":"2bfe8964-12b0-403c-bb48-224ad205cd3e","local_time":"20210122123556","is_ascension_mode":true,"campfire_choices":[],"circlet_count":0,"master_deck":["AscendersBane","Strike_G","Strike_G","Strike_G","Strike_G","Strike_G","Defend_G","Defend_G","Defend_G","Defend_G","Defend_G","Survivor","Neutralize","Infinite Blades+1","Noxious Fumes+1","Bane","Backflip+1","Regret"],"relics":["Ring of the Snake","Frozen Egg 2","WingedGreaves","Toxic Egg 2","Oddly Smooth Stone","Juzu Bracelet","Incense Burner"],"acts_visited":["Exordium"],"potions_floor_usage":[],"damage_taken":[{"damage":16,"enemies":"Small Slimes","floor":1,"turns":4},{"damage":17,"enemies":"3 Sentries","floor":7,"turns":7}],"seed_played":"-6786445530697577332","potions_obtained":[{"floor":1,"key":"GamblersBrew"}],"is_trial":false,"path_per_floor":["M","?","?","?","T","?","E"],"character_chosen":"THE_SILENT","items_purchased":["Frozen Egg 2","Infinite Blades+1","Toxic Egg 2","Noxious Fumes+1"],"campfire_rested":0,"item_purchase_floors":[0,0,0,0],"current_hp_per_floor":[43,32,32,14,14,14,0,0],"gold":209,"neow_bonus":"","is_daily":false,"chose_seed":false,"campfire_upgraded":0,"win_rate":0.0,"timestamp":1611336956,"path_taken":["M","?","?","?","?","?","E"],"items_purchased_type":["Relic","Card","Relic","Card"],"build_version":"2020-12-22","purchased_purges":0,"victory":false,"max_hp_per_floor":[66,66,66,66,66,66,66,66],"card_choices":[{"not_picked":["Underhanded Strike","Prepared+1"],"picked":"Bane","floor":1},{"not_picked":["Dagger Throw","Flying Knee"],"picked":"Backflip+1","floor":1}],"player_experience":1739033,"relics_obtained":[],"event_choices":[{"damage_healed":0,"gold_gain":75,"player_choice":"Gather Gold","damage_taken":11,"max_hp_gain":0,"max_hp_loss":0,"event_name":"World of Goop","floor":2,"gold_loss":0},{"damage_healed":0,"gold_gain":0,"player_choice":"Box","damage_taken":0,"relics_obtained":["Oddly Smooth Stone"],"max_hp_gain":0,"max_hp_loss":0,"event_name":"Big Fish","floor":3,"gold_loss":0,"cards_obtained":["Regret"]},{"damage_healed":0,"gold_gain":0,"player_choice":"Success","damage_taken":18,"relics_obtained":["Juzu Bracelet"],"max_hp_gain":0,"max_hp_loss":0,"event_name":"Scrap Ooze","floor":4,"gold_loss":0},{"damage_healed":0,"gold_gain":0,"player_choice":"Gave Potion","damage_taken":0,"relics_obtained":["Incense Burner"],"max_hp_gain":0,"max_hp_loss":0,"event_name":"WeMeetAgain","floor":6,"gold_loss":0}],"is_beta":false,"boss_relics":[],"items_purged_floors":[],"is_endless":false,"potions_floor_spawned":[],"killed_by":"3 Sentries","ascension_level":15}}