{"host":"msfr2axb1w9025n0","time":1611310942,"event":{"mods":["BaseMod","Colored Map","DeckTracker","Minty Spire (QoL Compilation)"],"gold_per_floor":[119,48,48,68,82,82,107,107,133,83,158,172,172,197,197,302,302,322,186,186,101,101,101,101,132,132,132,132,162,176,176,176,279,279,298,308,190,202,86,119,119,151,151,151,151,151,167,107,107,107],"floor_reached":51,"language":"ENG","playtime":1634,"items_purged":["Battle Trance"],"score":1252,"play_id":"2a951199-8714-462c-ae1e-0fe4a6feb4d4","local_time":"20210122172222","is_ascension_mode":true,"campfire_choices":[{"data":"Clothesline","floor":6,"key":"SMITH"},{"data":"Fire Breathing","floor":15,"key":"SMITH"},{"floor":23,"key":"REST"},{"floor":32,"key":"REST"},{"data":"Demon Form","floor":41,"key":"SMITH"},{"data":"Heavy Blade","floor":44,"key":"SMITH"},{"data":"Uppercut","floor":49,"key":"SMITH"}],"circlet_count":0,"master_deck":["AscendersBane","Defend_R","Defend_R","Defend_R+1","Defend_R","Bash+1","Clothesline+1","Cleave","Shrug It Off+1","Fire Breathing+1","Parasite","Thunderclap","Uppercut+1","Necronomicurse","RitualDagger","Juggernaut","Demon Form+1","Bite","Bite","Bite","Bite","Bite","Reaper","Heavy Blade+1","Flame Barrier"],"relics":["Burning Blood","Strawberry","Juzu Bracelet","Happy Flower","War Paint","Snecko Eye","Necronomicon","Gambling Chip","Red Skull","The Courier","Lizard Tail","Velvet Choker","Sling","Dead Branch","Eternal Feather","InkBottle"],"acts_visited":["Exordium","TheCity","TheBeyond"],"potions_floor_usage":[33,37],"damage_taken":[{"damage":6,"enemies":"Cultist","floor":1,"turns":3},{"damage":4,"enemies":"2 Louse","floor":4,"turns":3},{"damage":5,"enemies":"Small Slimes","floor":5,"turns":3},{"damage":34,"enemies":"Lagavulin","floor":7,"turns":9},{"damage":8,"enemies":"Looter","floor":12,"turns":4},{"damage":19,"enemies":"Gremlin Nob","floor":14,"turns":4},{"damage":28,"enemies":"Slime Boss","floor":16,"turns":7},{"damage":28,"enemies":"2 Thieves","floor":18,"turns":3},{"damage":22,"enemies":"Slavers","floor":25,"turns":5},{"damage":33,"enemies":"Book of Stabbing","floor":29,"turns":4},{"damage":25,"enemies":"Chosen","floor":30,"turns":5},{"damage":59,"enemies":"Champ","floor":33,"turns":9},{"damage":14,"enemies":"3 Shapes","floor":35,"turns":4},{"damage":35,"enemies":"3 Darklings","floor":36,"turns":6},{"damage":30,"enemies":"Sphere and 2 Shapes","floor":38,"turns":4},{"damage":48,"enemies":"Nemesis","floor":40,"turns":7},{"damage":0,"enemies":"Giant Head","floor":42,"turns":5},{"damage":23,"enemies":"Spire Growth","floor":47,"turns":4},{"damage":69,"enemies":"Time Eater","floor":50,"turns":7}],"seed_played":"-2103699581257902988","potions_obtained":[{"floor":1,"key":"GamblersBrew"},{"floor":5,"key":"SteroidPotion"},{"floor":29,"key":"Energy Potion"},{"floor":42,"key":"SkillPotion"}],"is_trial":false,"path_per_floor":["M","$","?","M","M","R","E","?","T","?","?","M","?","E","R","B",null,"M","$","?","?","?","R","?","E","T","?","?","E","M","?","R","B",null,"M","M","$","M","$","E","R","E","T","R","?","?","M","$","R","B",null],"character_chosen":"IRONCLAD","items_purchased":["Battle Trance","Uppercut","FairyPotion","Heavy Blade","Fruit Juice","Sling"],"campfire_rested":2,"item_purchase_floors":[2,19,19,37,37,39],"current_hp_per_floor":[72,72,72,74,75,75,47,47,47,47,36,34,55,42,42,20,70,48,48,32,32,26,52,52,36,36,36,65,38,19,19,37,14,49,49,50,55,63,63,31,31,49,49,64,62,52,57,57,62,38],"gold":107,"neow_bonus":"THREE_CARDS","is_daily":false,"chose_seed":false,"campfire_upgraded":5,"win_rate":0.0,"timestamp":1611310942,"path_taken":["M","$","?","M","M","R","E","?","T","?","?","M","?","E","R","BOSS","M","$","?","?","?","R","?","E","T","?","?","E","M","?","R","BOSS","M","M","$","M","$","E","R","E","T","R","?","?","M","?","R","BOSS"],"items_purchased_type":["Card","Card","Potion","Card","Potion","Relic"],"build_version":"2020-12-22","purchased_purges":1,"victory":true,"max_hp_per_floor":[80,80,87,87,87,87,87,87,87,87,87,87,87,87,87,87,87,87,87,87,87,87,87,87,87,87,87,87,87,87,60,60,60,60,60,60,65,65,65,65,65,65,65,65,62,62,62,62,62,62],"card_choices":[{"not_picked":["True Grit","Heavy Blade"],"picked":"Clothesline","floor":0},{"not_picked":["Intimidate","Clash"],"picked":"Cleave","floor":1},{"not_picked":["Clash","Second Wind"],"picked":"Shrug It Off","floor":4},{"not_picked":["Wild Strike","Warcry"],"picked":"Fire Breathing","floor":5},{"not_picked":["Feel No Pain","Pummel"],"picked":"Limit Break","floor":7},{"not_picked":["Bloodletting","Body Slam","Perfected Strike"],"picked":"SKIP","floor":12},{"not_picked":["Power Through","Sword Boomerang"],"picked":"Thunderclap","floor":14},{"not_picked":["Rage","Armaments","Iron Wave"],"picked":"SKIP","floor":18},{"not_picked":["Wild Strike","Bloodletting","Metallicize"],"picked":"SKIP","floor":25},{"not_picked":["Havoc","Power Through","Anger"],"picked":"SKIP","floor":29},{"not_picked":["Iron Wave","Second Wind","Shrug It Off"],"picked":"SKIP","floor":30},{"not_picked":["Double Tap","Exhume"],"picked":"Reaper","floor":33},{"not_picked":["Searing Blow+1","Headbutt","Perfected Strike"],"picked":"SKIP","floor":35},{"not_picked":["Combust","Bloodletting","Uppercut+1"],"picked":"SKIP","floor":36},{"not_picked":["Flex+1","Sword Boomerang"],"picked":"Flame Barrier","floor":38},{"not_picked":["Intimidate","Pommel Strike+1","Anger"],"picked":"SKIP","floor":40},{"not_picked":["Wild Strike","Feed","Flame Barrier"],"picked":"SKIP","floor":42},{"not_picked":["Pummel","Body Slam","Pommel Strike+1"],"picked":"SKIP","floor":47}],"player_experience":266572,"relics_obtained":[{"floor":7,"key":"Juzu Bracelet"},{"floor":9,"key":"Happy Flower"},{"floor":14,"key":"War Paint"},{"floor":20,"key":"Necronomicon"},{"floor":25,"key":"Red Skull"},{"floor":26,"key":"The Courier"},{"floor":29,"key":"Lizard Tail"},{"floor":40,"key":"Dead Branch"},{"floor":42,"key":"Eternal Feather"},{"floor":43,"key":"InkBottle"}],"event_choices":[{"damage_healed":0,"gold_gain":0,"player_choice":"Success","damage_taken":7,"relics_obtained":["Strawberry"],"max_hp_gain":0,"max_hp_loss":0,"event_name":"Scrap Ooze","floor":3,"gold_loss":0},{"damage_healed":0,"gold_gain":0,"player_choice":"Upgraded","damage_taken":0,"max_hp_gain":0,"max_hp_loss":0,"event_name":"Upgrade Shrine","floor":8,"gold_loss":0,"cards_upgraded":["Bash"]},{"cards_removed":["Strike_R"],"damage_healed":0,"gold_gain":0,"player_choice":"Card Removal","damage_taken":0,"max_hp_gain":0,"max_hp_loss":0,"event_name":"The Cleric","floor":10,"gold_loss":50},{"damage_healed":0,"gold_gain":75,"player_choice":"Gather Gold","damage_taken":11,"max_hp_gain":0,"max_hp_loss":0,"event_name":"World of Goop","floor":11,"gold_loss":0},{"damage_healed":21,"gold_gain":0,"player_choice":"Healed and dodged fight","damage_taken":0,"max_hp_gain":0,"max_hp_loss":0,"event_name":"Mushrooms","floor":13,"gold_loss":0,"cards_obtained":["Parasite"]},{"damage_healed":0,"gold_gain":0,"player_choice":"Obtained Book","damage_taken":16,"max_hp_gain":0,"max_hp_loss":0,"event_name":"Cursed Tome","floor":20,"gold_loss":0},{"damage_healed":0,"gold_gain":0,"player_choice":"Obtained Relic","damage_taken":0,"relics_obtained":["Gambling Chip"],"max_hp_gain":0,"max_hp_loss":0,"event_name":"Addict","floor":21,"gold_loss":85},{"damage_healed":0,"gold_gain":0,"player_choice":"Joined the Cult","damage_taken":6,"max_hp_gain":0,"max_hp_loss":0,"event_name":"Nest","floor":22,"gold_loss":0,"cards_obtained":["RitualDagger"]},{"damage_healed":0,"gold_gain":0,"player_choice":"Ignored","damage_taken":0,"max_hp_gain":0,"max_hp_loss":0,"event_name":"Ghosts","floor":24,"gold_loss":0},{"damage_healed":0,"gold_gain":0,"cards_transformed":["Limit Break","Strike_R"],"player_choice":"Became Test Subject","damage_taken":0,"max_hp_gain":0,"max_hp_loss":0,"event_name":"Drug Dealer","floor":27,"gold_loss":0,"cards_obtained":["Juggernaut","Demon Form"]},{"damage_healed":29,"gold_gain":0,"player_choice":"Heal","damage_taken":0,"max_hp_gain":0,"max_hp_loss":0,"event_name":"The Library","floor":28,"gold_loss":0},{"damage_healed":0,"gold_gain":0,"player_choice":"Became a vampire","damage_taken":0,"max_hp_gain":0,"max_hp_loss":27,"event_name":"Vampires","floor":31,"gold_loss":0,"cards_obtained":["Bite","Bite","Bite","Bite","Bite"]},{"damage_healed":0,"gold_gain":0,"player_choice":"Max HP","damage_taken":0,"max_hp_gain":0,"max_hp_loss":3,"event_name":"Winding Halls","floor":45,"gold_loss":0},{"damage_healed":0,"gold_gain":0,"player_choice":"Memory 3","damage_taken":10,"max_hp_gain":0,"max_hp_loss":0,"event_name":"SensoryStone","floor":46,"gold_loss":0}],"is_beta":false,"boss_relics":[{"not_picked":["SacredBark","SlaversCollar"],"picked":"Snecko Eye"},{"not_picked":["Runic Cube","Runic Pyramid"],"picked":"Velvet Choker"}],"items_purged_floors":[48],"is_endless":false,"potions_floor_spawned":[1,5,14,25,29,42],"ascension_level":12}}