{"host":"lsq35p0sdkx2xifo","time":1611310598,"event":{"mods":["AchievementEnabler","BaseMod","Highlight Path","Minty Spire (QoL Compilation)","StSLib","The Senshi"],"gold_per_floor":[17,34,34,50,63,106,106,106,132,166,166,207,207,6,6,102,102,116,141,166,166,166],"floor_reached":21,"language":"ENG","playtime":1744,"items_purged":[],"score":348,"play_id":"bb8f7d99-9069-4415-9404-b9a24a06da52","local_time":"20210122021638","is_ascension_mode":true,"campfire_choices":[{"floor":8,"key":"REST"},{"floor":11,"key":"REST"},{"data":"After Image","floor":13,"key":"SMITH"},{"data":"Mayhem","floor":15,"key":"SMITH"}],"circlet_count":0,"master_deck":["AscendersBane","Strike_G","Strike_G","Strike_G","Strike_G","Strike_G","Defend_G","Defend_G","Defend_G","Defend_G","Defend_G","Survivor","Neutralize","After Image+1","Flying Knee","Escape Plan","Backstab","Escape Plan","Unload","Bullet Time","Prepared","Mayhem+1","Footwork","A Thousand Cuts","Sucker Punch","Terror"],"relics":["Ring of the Serpent","Golden Idol","Bag of Marbles","Tiny Chest","Nunchaku","Strawberry"],"acts_visited":["Exordium","TheCity"],"potions_floor_usage":[6,6,10,10,16],"damage_taken":[{"damage":4,"enemies":"Small Slimes","floor":1,"turns":5},{"damage":17,"enemies":"Jaw Worm","floor":2,"turns":7},{"damage":0,"enemies":"Cultist","floor":4,"turns":4},{"damage":8,"enemies":"Lots of Slimes","floor":5,"turns":6},{"damage":14,"enemies":"Lagavulin","floor":6,"turns":9},{"damage":8,"enemies":"Gremlin Nob","floor":10,"turns":3},{"damage":7,"enemies":"3 Sentries","floor":12,"turns":10},{"damage":9,"enemies":"The Guardian","floor":16,"turns":13},{"damage":23,"enemies":"Chosen","floor":18,"turns":6},{"damage":5,"enemies":"Shell Parasite","floor":19,"turns":6},{"damage":18,"enemies":"Snake Plant","floor":20,"turns":5},{"damage":42,"enemies":"Chosen and Byrds","floor":21,"turns":8}],"seed_played":"7664838821834987337","potions_obtained":[{"floor":4,"key":"Block Potion"},{"floor":5,"key":"SkillPotion"},{"floor":6,"key":"LiquidBronze"},{"floor":7,"key":"Regen Potion"},{"floor":12,"key":"FearPotion"},{"floor":16,"key":"BlessingOfTheForge"},{"floor":19,"key":"FairyPotion"}],"is_trial":false,"path_per_floor":["M","M","?","M","M","E","?","R","T","E","R","E","R","$","R","B",null,"M","M","M","M"],"character_chosen":"THE_SILENT","items_purchased":["Mayhem","Footwork"],"campfire_rested":2,"item_purchase_floors":[14,14],"current_hp_per_floor":[55,38,38,38,30,16,16,34,34,35,53,53,53,53,53,44,61,38,33,15,0,0],"gold":166,"neow_bonus":"THREE_RARE_CARDS","is_daily":false,"chose_seed":false,"campfire_upgraded":2,"win_rate":0.0,"timestamp":1611310598,"path_taken":["M","M","?","M","M","E","?","R","T","E","R","E","R","$","R","BOSS","M","?","?","M"],"items_purchased_type":["Card","Card"],"build_version":"2020-12-22","purchased_purges":0,"victory":false,"max_hp_per_floor":[66,66,60,60,60,60,60,60,60,60,60,67,67,67,67,67,67,67,67,67,67,67],"card_choices":[{"not_picked":["Storm of Steel","Bullet Time"],"picked":"After Image","floor":0},{"not_picked":["Quick Slash","PiercingWail"],"picked":"Flying Knee","floor":1},{"not_picked":["Flying Knee","Leg Sweep"],"picked":"Escape Plan","floor":2},{"not_picked":["Dagger Throw","Acrobatics"],"picked":"Backstab","floor":4},{"not_picked":["Backflip","Cloak And Dagger"],"picked":"Escape Plan","floor":5},{"not_picked":["Underhanded Strike","Setup"],"picked":"Unload","floor":6},{"not_picked":["Crippling Poison","Dodge and Roll"],"picked":"Bullet Time","floor":10},{"not_picked":["Expertise","Flechettes"],"picked":"Prepared","floor":12},{"not_picked":["Envenom","After Image"],"picked":"A Thousand Cuts","floor":16},{"not_picked":["Poisoned Stab","Dagger Throw"],"picked":"Sucker Punch","floor":18},{"not_picked":["Prepared","Poisoned Stab"],"picked":"Terror","floor":19},{"not_picked":["Dagger Spray","Poisoned Stab","Finisher"],"picked":"SKIP","floor":20}],"player_experience":1364414,"relics_obtained":[{"floor":6,"key":"Bag of Marbles"},{"floor":9,"key":"Tiny Chest"},{"floor":10,"key":"Nunchaku"},{"floor":12,"key":"Strawberry"}],"event_choices":[{"damage_healed":0,"gold_gain":0,"player_choice":"Lose Max HP","damage_taken":0,"relics_obtained":["Golden Idol"],"max_hp_gain":0,"max_hp_loss":6,"event_name":"Golden Idol","floor":3,"gold_loss":0},{"damage_healed":0,"gold_gain":0,"player_choice":"Got Potions","damage_taken":0,"max_hp_gain":0,"max_hp_loss":0,"event_name":"Lab","floor":7,"gold_loss":0}],"is_beta":false,"boss_relics":[{"not_picked":["Pandora\u0027s Box","Fusion Hammer"],"picked":"Ring of the Serpent"}],"items_purged_floors":[],"is_endless":false,"potions_floor_spawned":[4,5,6,12,16,19,20],"killed_by":"Chosen and Byrds","ascension_level":15}}