{"host":"a5lz0e76zb3fcwkm","time":1611292928,"event":{"mods":["AchievementEnabler","BaseMod","Colored Map","Colored Powertips","Minty Spire (QoL Compilation)","StSLib","SuperFastMode"],"gold_per_floor":[217,217,228,228,2,27,41,41,67,102,102,102,118,158,158,158,158],"floor_reached":16,"language":"KOR","playtime":369,"items_purged":["Defend_G"],"score":286,"play_id":"90467fbe-2514-494d-ba11-e0dcf398dfff","local_time":"20210122142208","is_ascension_mode":true,"campfire_choices":[{"data":"Terror","floor":8.0,"key":"SMITH"},{"floor":15,"key":"REST"}],"circlet_count":0,"master_deck":["AscendersBane","Strike_G","Strike_G","Strike_G","Defend_G","Defend_G","Defend_G","Defend_G","Survivor","Neutralize","Backflip","Blade Dance","Footwork","Finisher","PiercingWail","Terror+1","Storm of Steel","Adrenaline"],"relics":["Ring of the Snake","PreservedInsect","Unceasing Top","Centennial Puzzle","StoneCalendar","Golden Idol","Akabeko"],"acts_visited":["Exordium"],"potions_floor_usage":[16],"damage_taken":[{"damage":6.0,"enemies":"Small Slimes","floor":1.0,"turns":5.0},{"damage":0.0,"enemies":"Cultist","floor":3.0,"turns":4.0},{"damage":20.0,"enemies":"3 Sentries","floor":6.0,"turns":7.0},{"damage":0.0,"enemies":"Jaw Worm","floor":7.0,"turns":3.0},{"damage":6.0,"enemies":"Gremlin Nob","floor":10.0,"turns":3.0},{"damage":5.0,"enemies":"Lots of Slimes","floor":13.0,"turns":3.0},{"damage":0,"enemies":"Lagavulin","floor":14,"turns":3},{"damage":34,"enemies":"The Guardian","floor":16,"turns":12}],"seed_played":"5892369809637126063","potions_obtained":[{"floor":1.0,"key":"Swift Potion"},{"floor":10.0,"key":"CunningPotion"},{"floor":13.0,"key":"Block Potion"}],"is_trial":false,"path_per_floor":["M","?","M","?","$","E","M","R","T","E","?","?","M","E","R","B"],"character_chosen":"THE_SILENT","items_purchased":["Footwork","Finisher"],"campfire_rested":1,"item_purchase_floors":[5,5],"current_hp_per_floor":[53,53,53,46,46,26,26,26,26,20,20,20,15,15,33,0,0],"gold":158,"neow_bonus":"HUNDRED_GOLD","is_daily":false,"chose_seed":false,"campfire_upgraded":1,"win_rate":0.0,"timestamp":1611292928,"path_taken":["M","?","?","?","?","E","?","R","T","E","?","?","M","E","R","BOSS"],"items_purchased_type":["Card","Card"],"build_version":"2020-12-22","purchased_purges":1,"victory":false,"max_hp_per_floor":[66,66,66,66,66,66,66,66,66,66,60,60,60,60,60,60,60],"card_choices":[{"not_picked":["Calculated Gamble","Expertise"],"picked":"Backflip","floor":1.0},{"not_picked":["Flying Knee","Dagger Spray"],"picked":"Blade Dance","floor":3.0},{"not_picked":["Tactician","Outmaneuver"],"picked":"PiercingWail","floor":6.0},{"not_picked":["Caltrops","Deadly Poison"],"picked":"Terror","floor":7.0},{"not_picked":["Poisoned Stab","Dodge and Roll"],"picked":"Storm of Steel","floor":10.0},{"not_picked":["PiercingWail","Acrobatics"],"picked":"Adrenaline","floor":13.0},{"not_picked":["Distraction","Finisher","Leg Sweep"],"picked":"SKIP","floor":14}],"player_experience":1780895,"relics_obtained":[{"floor":6.0,"key":"Unceasing Top"},{"floor":9.0,"key":"Centennial Puzzle"},{"floor":10.0,"key":"StoneCalendar"},{"floor":14,"key":"Akabeko"}],"event_choices":[{"damage_healed":0.0,"max_hp_gain":0.0,"max_hp_loss":0.0,"gold_gain":0.0,"event_name":"WeMeetAgain","player_choice":"Gave Potion","floor":2.0,"gold_loss":0.0,"damage_taken":0.0,"relics_obtained":["PreservedInsect"]},{"cards_removed":["Strike_G"],"damage_healed":0.0,"max_hp_gain":0.0,"max_hp_loss":0.0,"gold_gain":0.0,"event_name":"Golden Wing","player_choice":"Card Removal","floor":4.0,"gold_loss":0.0,"damage_taken":7.0},{"damage_healed":0.0,"max_hp_gain":0.0,"max_hp_loss":6.0,"gold_gain":0.0,"event_name":"Golden Idol","player_choice":"Lose Max HP","floor":11.0,"gold_loss":0.0,"damage_taken":0.0,"relics_obtained":["Golden Idol"]},{"cards_removed":["Strike_G"],"damage_healed":0.0,"max_hp_gain":0.0,"max_hp_loss":0.0,"gold_gain":0.0,"event_name":"Living Wall","player_choice":"Forget","floor":12.0,"gold_loss":0.0,"damage_taken":0.0}],"is_beta":false,"boss_relics":[],"items_purged_floors":[5],"is_endless":false,"potions_floor_spawned":[1,10,13],"killed_by":"The Guardian","ascension_level":20}}