{"host":"zaewvcigpm0efuvp","time":1611331395,"event":{"mods":["2.2 Compatiblity","AchievementEnabler","Act Like it!","Aspiration","Astrologer","Bard","BaseMod","Beaked The Cultist","Better Altar","Better Match","Better Note","Better Sensory Stone","Better Skull","Better Third Choice","BetterRewards","CCEM","Chen","Clawfect","Colored Map","Conspire","Decade(???)","Dota2Spire","Downfall","Friendly Minions","GifTheSpireLib","Googly Eyes","GungeonMod","Halation","Hallownest","Hermit","Hero for Fun","Highlight Path","HololiveMod","Hubris","Hunter ??","Infinite Spire","Jedi Mod","Jorbs\u0027s Wanderer Trilogy","Koishi","Luminous","Mad Scientist","Marisa????????","Mimic Mod","Minty Spire (QoL Compilation)","Permanent Neow","Prisma Mod","Reimu??????","Remilia_Scarlet Moed?????·?????3.3.5","Replay The Spire","Robot Space Explorer","Shade Mod","Shop Mod","Spicy Shops","StSLib","Stuff the Spire","Td1madao Mod","The Administrix","The Alterego","The Blackbeard","The Bladedancer","The Bug Knight","The Construct","The Cursed","The Disciple","The Dragon Tamer","The Exalted","The Gatherer","The Hayseed","The Hierophant","The IronCluck","The Jungle","The Mystic","The Necromancer","The Poker Player","The Problem Sleuth","The Runesmith","The Senshi","The Servant 0.9.4","The Spell Scribe","The Vixen","The Wild Card","The Witch","TheBandit","TheSwordswoman","Unceasing Turn Reminder","WarShipGirlsR/????R mod","Yakumo Yukari mod","Yuri Mod","Yuyuko","[IsaacMod]????","everything is the same but u backflip on backflip","slay the spire mod where everything is the same but ironclad has a cowboy hat","??????REMEMod"],"gold_per_floor":[99,115,0,17,2,15,42,42,42,60,77,103,3,3,15,115,115,15,15,0,14,30,49,79,94,114,148,48,67,67,84,100,199,199,199,215,230,230,247,247,247,162,162,162,177,211,223,395,420,432,432,432],"floor_reached":50,"language":"ENG","playtime":4267,"items_purged":["Riddle With Holes"],"score":613,"play_id":"d75ae3ea-ad4d-4ea8-b472-9108bca06122","local_time":"20210122170315","is_ascension_mode":false,"campfire_choices":[{"floor":1,"key":"RECALL"},{"data":"Bromod:ToxicBarrage","floor":9,"key":"SMITH"},{"data":"Guardian:Planning","floor":13,"key":"SMITH"},{"floor":28,"key":"REST"},{"data":"infinitespire:NeuralNetwork","floor":30,"key":"SMITH"},{"data":"Guardian:ConstructionForm","floor":35,"key":"SMITH"},{"data":"Madness","floor":40,"key":"SMITH"},{"data":"Hallownest:skillKingdomsEdgeMap","floor":43,"key":"SMITH"},{"data":"infinitespire:Punishment","floor":47,"key":"SMITH"}],"circlet_count":0,"master_deck":["Guardian:Strike_Guardian","Guardian:Defend_Guardian","Guardian:Defend_Guardian","Guardian:Defend_Guardian","Guardian:Defend_Guardian","Guardian:CurlUp","Guardian:TwinSlam","Guardian:PiercingHide","Bromod:ToxicBarrage+1","Guardian:BaubleBeam+1","Guardian:Planning+1","Guardian:ShieldCharger","Guardian:MultiBeam","Guardian:TimeBomb","Guardian:TemporalStrike","Guardian:SentryBeam","Guardian:ConstructionForm+1","Guardian:FloatingOrbs","Guardian:RollAttack+1","Guardian:TimeCapacitor","infinitespire:NeuralNetwork+1","Guardian:MultiBeam+1","Guardian:Suspension","Guardian:RollAttack","Guardian:TimeSifter","Madness+1","Guardian:PrismaticBarrier+1","Guardian:Incinerate","Bane","Grand Finale","Guardian:RollAttack","Hallownest:skillKingdomsEdgeMap+1","infinitespire:Punishment+1","infinitespire:FutureSight","Guardian:PrimingBeam+1","Guardian:TimeCapacitor+1"],"relics":["Guardian:ModeShifter","HushsDoor","REME_ComplimentaryCards","REME_HandOfSuture","SatanicBible","Potion Belt","downfall:HeartBlessingRed","hubris:ScarierMask","downfall:HeartBlessingBlue","yuri:PortableGlitches","hubris:TenFootPole","downfall:HeartBlessingGreen","jedi:paperlyon","Iron Hammer","conspire:SlowCooker","Dota2Spire:UrnOfShadows","MawBank","Hallownest:GodTamersBeastRelic"],"acts_visited":["Exordium","TheCity","Hallownest:KingdomsEdge"],"potions_floor_usage":[4,20,20,27,27,27,27,33,33,46,46,48,48,50],"damage_taken":[{"damage":11,"enemies":"Jaw Worm","floor":2,"turns":2},{"damage":0,"enemies":"downfall:FleeingMerchant","floor":3,"turns":4},{"damage":0,"enemies":"Cultist","floor":4,"turns":1},{"damage":13,"enemies":"downfall:FleeingMerchant","floor":5,"turns":4},{"damage":0,"enemies":"2 Louse","floor":6,"turns":2},{"damage":0,"enemies":"Lots of Slimes","floor":10,"turns":1},{"damage":0,"enemies":"2 Fungi Beasts","floor":11,"turns":3},{"damage":0,"enemies":"Large Slime","floor":15,"turns":2},{"damage":34,"enemies":"SI_SHIV_ARCHETYPE","floor":16,"turns":6},{"damage":0,"enemies":"downfall:FleeingMerchant","floor":20,"turns":4},{"damage":17,"enemies":"Spheric Guardian","floor":21,"turns":4},{"damage":19,"enemies":"Shelled Parasite and Fungi","floor":22,"turns":4},{"damage":12,"enemies":"Centurion and Healer","floor":23,"turns":4},{"damage":0,"enemies":"conspire:HollyBat","floor":24,"turns":7},{"damage":0,"enemies":"conspire:HollyBat","floor":25,"turns":10},{"damage":10,"enemies":"Snake Plant","floor":26,"turns":4},{"damage":0,"enemies":"Nightmare","floor":27,"turns":6},{"damage":0,"enemies":"Sentry and Sphere","floor":29,"turns":2},{"damage":0,"enemies":"Snecko","floor":31,"turns":3},{"damage":25,"enemies":"conspire:HollyBat","floor":32,"turns":8},{"damage":0,"enemies":"WA_ARCHETYPE_CALM","floor":33,"turns":7},{"damage":0,"enemies":"Hallownest:Shield_Heavy","floor":36,"turns":4},{"damage":0,"enemies":"Hallownest:3_Siblings","floor":37,"turns":5},{"damage":0,"enemies":"Hallownest:2_Wing_and_1_Kings","floor":39,"turns":4},{"damage":0,"enemies":"Hallownest:2_Wandering_and_1_Horned","floor":45,"turns":1},{"damage":10,"enemies":"Nightmare","floor":46,"turns":6},{"damage":9,"enemies":"Nightmare","floor":48,"turns":2},{"damage":0,"enemies":"Nightmare","floor":48,"turns":4},{"damage":16,"enemies":"Nightmare","floor":48,"turns":4},{"damage":0,"enemies":"Nightmare","floor":48,"turns":2},{"damage":15,"enemies":"Hallownest:2_Soldiers_and_1_Guardian","floor":49,"turns":4},{"damage":69,"enemies":"IC_BLOCK_ARCHETYPE","floor":50,"turns":4}],"seed_played":"469362086528032130","potions_obtained":[{"floor":2,"key":"PowerPotion"},{"floor":4,"key":"Fruit Juice"},{"floor":6,"key":"Strength Potion"},{"floor":15,"key":"ColorlessPotion"},{"floor":16,"key":"Dexterity Potion"},{"floor":18,"key":"infinitespire:BlackPotion"},{"floor":21,"key":"sneckomod:MuddlingPotion"},{"floor":22,"key":"Strength Potion"},{"floor":23,"key":"BlessingOfTheForge"},{"floor":27,"key":"bronze:BurnAndBuffPotion"},{"floor":29,"key":"SpeedPotion"},{"floor":33,"key":"SkillPotion"},{"floor":37,"key":"champ:CounterPotion"},{"floor":45,"key":"Regen Potion"},{"floor":46,"key":"SpeedPotion"}],"is_trial":false,"path_per_floor":["R","M","$","M","$","M","T","?","R","M","M","T","R","?","M","B",null,"R_BF","?","$","M","M","M","MIM","M","M","NM","R","M","R","M","M","B",null,"R","M","M","?","M","R","T","?","R","AVR","M","NM","R","?","M","B"],"character_chosen":"GUARDIAN","items_purchased":["Guardian:Planning","Guardian:TemporalStrike","Madness"],"campfire_rested":1,"item_purchase_floors":[3,3,34],"current_hp_per_floor":[80,69,69,74,61,61,61,61,61,61,61,61,61,66,66,32,85,95,87,87,70,51,39,39,39,29,29,57,57,57,57,32,32,93,93,93,93,93,93,93,93,93,93,93,93,83,83,58,43,0,0,0],"gold":432,"neow_bonus":"RANDOM_COMMON_RELIC","is_daily":false,"chose_seed":false,"campfire_upgraded":7,"win_rate":0.0,"timestamp":1611331395,"path_taken":["R","M","$","M","$","M","T","?","R","M","?","?","R","?","M","BOSS","R_BF","?","$","M","M","M","MIM","M","M","NM","R","M","R","M","M","BOSS","R","M","M","?","M","R","T","?","R","AVR","M","NM","R","?","M","BOSS"],"items_purchased_type":["Card","Card","Card"],"build_version":"2020-12-22","purchased_purges":1,"victory":false,"max_hp_per_floor":[80,80,80,85,85,85,85,85,85,85,85,85,85,85,85,85,85,95,95,95,95,95,95,95,95,95,95,95,95,95,95,95,95,93,93,93,93,93,93,93,93,93,93,93,93,93,93,93,93,93,93,93],"card_choices":[{"not_picked":[],"picked":"ChaosCard","floor":0},{"not_picked":["Guardian:Gem_Green","Guardian:StasisStrike"],"picked":"Guardian:PiercingHide","floor":2},{"not_picked":["Guardian:PrimingBeam","Guardian:MultiBeam"],"picked":"Guardian:BaubleBeam","floor":3},{"not_picked":["Guardian:Gem_Red","Guardian:VentSteam"],"picked":"Guardian:ShieldCharger","floor":4},{"not_picked":["Guardian:Repulse","Guardian:Preprogram"],"picked":"Guardian:MultiBeam","floor":5},{"not_picked":["Guardian:BronzeOrb","Guardian:Clone"],"picked":"Guardian:TimeBomb","floor":6},{"not_picked":["Guardian:Reroute","Bomb"],"picked":"Guardian:TemporalStrike","floor":10},{"not_picked":["Guardian:BodySlam","Guardian:Reroute"],"picked":"Guardian:SentryBeam","floor":11},{"not_picked":["Guardian:RefractedBeam","Guardian:Gem_Red"],"picked":"Guardian:Gem_Fragmented","floor":15},{"not_picked":["Guardian:Gem_Synthetic","Guardian:BaubleBeam"],"picked":"Guardian:ConstructionForm","floor":16},{"not_picked":["Guardian:PrimingBeam","Guardian:WalkerClaw"],"picked":"Guardian:FloatingOrbs","floor":20},{"not_picked":["Guardian:Repulse","Guardian:WalkerClaw"],"picked":"Guardian:Gem_Crimson","floor":21},{"not_picked":["Guardian:PrimingBeam","Guardian:Suspension"],"picked":"Guardian:RollAttack+1","floor":22},{"not_picked":["Guardian:Planning","Guardian:PrimingBeam"],"picked":"Guardian:Gem_Red","floor":23},{"not_picked":["Guardian:Gem_Green","Guardian:SpikerProtocol"],"picked":"Guardian:TimeCapacitor","floor":24},{"not_picked":["Guardian:PolyBeam+1","Guardian:Gem_White"],"picked":"Guardian:Gem_Cyan","floor":25},{"not_picked":["Guardian:FloatingOrbs","Guardian:Gem_Lightblue"],"picked":"Guardian:Gem_Crimson","floor":26},{"not_picked":["infinitespire:UltimateForm","infinitespire:TheBestDefense"],"picked":"infinitespire:NeuralNetwork","floor":27},{"not_picked":["Guardian:Gem_Green","Guardian:PolyBeam"],"picked":"Guardian:MultiBeam+1","floor":27},{"not_picked":["Guardian:PrimingBeam","Guardian:TemporalShield"],"picked":"Guardian:Suspension","floor":29},{"not_picked":["Guardian:BaubleBeam","Guardian:BronzeOrb+1"],"picked":"Guardian:Gem_Lightblue","floor":31},{"not_picked":["Guardian:RefractedBeam+1","Guardian:Recover"],"picked":"Guardian:RollAttack","floor":32},{"not_picked":["Guardian:BaubleBeam","Guardian:ConstructionForm"],"picked":"Guardian:TimeSifter","floor":33},{"not_picked":["Guardian:Gem_Cyan","Guardian:PrismaticBeam+1"],"picked":"Guardian:PrismaticBarrier+1","floor":36},{"not_picked":["Guardian:BronzeArmor+1","Guardian:SentryBeam"],"picked":"Guardian:Incinerate","floor":37},{"not_picked":["Guardian:RollAttack+1","Guardian:RefractedBeam+1"],"picked":"Guardian:Gem_Red","floor":39},{"not_picked":["Guardian:PrimingBeam+1","Guardian:FastForward"],"picked":"Guardian:Gem_Red","floor":45},{"not_picked":["Guardian:RollAttack+1","Guardian:Planning"],"picked":"Guardian:PrimingBeam+1","floor":46},{"not_picked":["Guardian:Planning","Guardian:PiercingHide+1"],"picked":"Guardian:TimeCapacitor+1","floor":49}],"player_experience":108564,"relics_obtained":[{"floor":12,"key":"Potion Belt"},{"floor":24,"key":"yuri:PortableGlitches"},{"floor":27,"key":"hubris:TenFootPole"},{"floor":41,"key":"Iron Hammer"},{"floor":46,"key":"MawBank"}],"event_choices":[{"damage_healed":5,"gold_gain":0,"player_choice":"LEAVE ","damage_taken":0,"relics_obtained":[],"max_hp_gain":0,"max_hp_loss":0,"event_name":"betterSkull:BetterSkull","floor":14,"gold_loss":0,"cards_upgraded":[]}],"is_beta":false,"boss_relics":[{"not_picked":["Guardian:StasisSlotReductionRelic","Velvet Choker"],"picked":"hubris:ScarierMask"},{"not_picked":[]},{"not_picked":["hubris:BlackHole","Runic Pyramid"],"picked":"jedi:paperlyon"},{"not_picked":[]}],"items_purged_floors":[44],"is_endless":true,"potions_floor_spawned":[2,4,6,15,16,21,22,23,27,29,33,37,45,46,48],"killed_by":"IC_BLOCK_ARCHETYPE","ascension_level":0}}