{"host":"a5lz0e76zb3fcwkm","time":1611306775,"event":{"mods":["AchievementEnabler","BaseMod","Colored Map","Colored Powertips","Minty Spire (QoL Compilation)","StSLib","SuperFastMode"],"gold_per_floor":[18,30,49,61,74,74,349,359,410,422,422,458,458,502,502,502,502],"floor_reached":16,"language":"KOR","playtime":343,"items_purged":[],"score":208,"play_id":"8daad513-4797-4401-bcdd-95a49695820f","local_time":"20210122181255","is_ascension_mode":true,"campfire_choices":[{"data":"Accuracy","floor":6,"key":"SMITH"},{"data":"Venomology","floor":15,"key":"SMITH"}],"circlet_count":0,"master_deck":["AscendersBane","Strike_G","Strike_G+1","Strike_G","Strike_G","Defend_G","Defend_G","Defend_G","Defend_G","Survivor","Neutralize+1","Dagger Spray","Accuracy+1","Noxious Fumes","Blade Dance","Regret","PiercingWail","Footwork","Venomology+1"],"relics":["Ring of the Snake","PreservedInsect","Golden Idol","Odd Mushroom","Whetstone"],"acts_visited":["Exordium"],"potions_floor_usage":[5,8,12,14,16],"damage_taken":[{"damage":0,"enemies":"2 Louse","floor":1,"turns":5},{"damage":1,"enemies":"Cultist","floor":2,"turns":4},{"damage":9,"enemies":"Small Slimes","floor":3,"turns":4},{"damage":10,"enemies":"3 Louse","floor":4,"turns":5},{"damage":0,"enemies":"2 Fungi Beasts","floor":5,"turns":4},{"damage":3,"enemies":"Gremlin Gang","floor":8,"turns":3},{"damage":9,"enemies":"Red Slaver","floor":10,"turns":4},{"damage":13,"enemies":"The Mushroom Lair","floor":12,"turns":5},{"damage":3,"enemies":"Gremlin Nob","floor":14,"turns":3},{"damage":13,"enemies":"Hexaghost","floor":16,"turns":11}],"seed_played":"-5265072053497930984","potions_obtained":[{"floor":1,"key":"SkillPotion"},{"floor":3,"key":"SpeedPotion"},{"floor":8,"key":"Poison Potion"},{"floor":10,"key":"ColorlessPotion"}],"is_trial":false,"path_per_floor":["M","M","M","M","M","R","?","M","T","M","?","?","?","E","R","B"],"character_chosen":"THE_SILENT","items_purchased":[],"campfire_rested":0,"item_purchase_floors":[],"current_hp_per_floor":[59,58,49,39,39,39,39,36,36,27,27,14,14,11,11,0,0],"gold":502,"neow_bonus":"REMOVE_TWO","is_daily":false,"chose_seed":false,"campfire_upgraded":2,"win_rate":0.0,"timestamp":1611306775,"path_taken":["M","M","M","M","M","R","?","?","T","M","?","?","?","E","R","BOSS"],"items_purchased_type":[],"build_version":"2020-12-22","purchased_purges":0,"victory":false,"max_hp_per_floor":[66,66,66,66,66,66,66,66,66,66,60,60,60,60,60,60,60],"card_choices":[{"not_picked":["Escape Plan","Dodge and Roll"],"picked":"Dagger Spray","floor":1},{"not_picked":["Poisoned Stab","Underhanded Strike"],"picked":"Accuracy","floor":2},{"not_picked":["Slice","Eviscerate","Underhanded Strike"],"picked":"SKIP","floor":3},{"not_picked":["Expertise","Bane"],"picked":"Noxious Fumes","floor":4},{"not_picked":["All Out Attack","Deflect"],"picked":"Blade Dance","floor":5},{"not_picked":["Escape Plan","Quick Slash"],"picked":"PiercingWail","floor":8},{"not_picked":["Quick Slash","Bane","Dodge and Roll"],"picked":"SKIP","floor":10},{"not_picked":["Deadly Poison","Flying Knee"],"picked":"Footwork","floor":12},{"not_picked":["Underhanded Strike","Sucker Punch","Distraction"],"picked":"SKIP","floor":14}],"player_experience":1781698,"relics_obtained":[{"floor":9,"key":"PreservedInsect"},{"floor":12,"key":"Odd Mushroom"},{"floor":14,"key":"Whetstone"}],"event_choices":[{"damage_healed":0,"gold_gain":275,"player_choice":"Desecrate","damage_taken":0,"max_hp_gain":0,"max_hp_loss":0,"event_name":"Golden Shrine","floor":7,"gold_loss":0,"cards_obtained":["Regret"]},{"damage_healed":0,"gold_gain":0,"player_choice":"Lose Max HP","damage_taken":0,"relics_obtained":["Golden Idol"],"max_hp_gain":0,"max_hp_loss":6,"event_name":"Golden Idol","floor":11,"gold_loss":0},{"damage_healed":0,"gold_gain":0,"player_choice":"Fought Mushrooms","damage_taken":0,"max_hp_gain":0,"max_hp_loss":0,"event_name":"Mushrooms","floor":12,"gold_loss":0},{"damage_healed":0,"gold_gain":0,"player_choice":"1 cards matched","damage_taken":0,"max_hp_gain":0,"max_hp_loss":0,"event_name":"Match and Keep!","floor":13,"gold_loss":0,"cards_obtained":["Venomology"]}],"is_beta":false,"boss_relics":[],"items_purged_floors":[],"is_endless":false,"potions_floor_spawned":[1,3,8,10],"killed_by":"Hexaghost","ascension_level":20}}