{"host":"dzc8cchcquikqbpv","time":1611336207,"event":{"mods":["BaseMod","BetterRewards","Block Reminder","Colored Map","Colored Powertips","Dark Map","Downfall","Fox Events","Good Game Mod","Highlight Path","Infinite Spire","Minty Spire (QoL Compilation)","Permanent Neow","Quick Restart","Rare Cards Sparkle","Shop Mod","Spire Arcade","StSLib"],"gold_per_floor":[111,61,61,77,77,102,102,112,159,170,195,59,79,27,27,125,125,140,63,83,83,83,111,111,121,121,121,155,173,193,211,211,313,313,325,92,92,0,11,45,45,45,45,45,145,195,212,122,122,224,224,230,232,277,277,277,300,300,300,300,300,299,299,294,292,292,362,362,362,354,1,1,18,26,26,28,28,28,28,28,28,12,12,99,99,92,75,75,54,54,54,53,45,45,45,45,267,273,256,256,288,288,297,472,464,475,475,481,477,477,477,482,494,490,490,491,491,559,559,561,611,611,606,692,694,698,700,727,721,366,362,369,353,353,413,413,419,157,150,87,103,124,184,184,233,258,258,258,240,241,241,164,164],"floor_reached":152,"language":"ENG","playtime":11455,"items_purged":["Regret","Parasite","Doubt","Strike_B+1","Madness+1","Strike_B+1"],"score":3578,"play_id":"05c70eb8-278e-458b-8088-1718615711c9","local_time":"20210122172327","is_ascension_mode":false,"campfire_choices":[{"floor":7.0,"key":"REST"},{"data":"Echo Form","floor":15.0,"key":"SMITH"},{"floor":24.0,"key":"REST"},{"floor":32.0,"key":"REST"},{"data":"1","floor":42.0,"key":"LIFT"},{"floor":44.0,"key":"REST"},{"floor":49.0,"key":"REST"},{"data":"Seek","floor":58.0,"key":"SMITH"},{"data":"infinitespire:UltimateForm","floor":61.0,"key":"SMITH"},{"floor":66.0,"key":"REST"},{"data":"Seek","floor":75.0,"key":"SMITH"},{"data":"Hello World","floor":81.0,"key":"SMITH"},{"floor":83.0,"key":"REST"},{"data":"BootSequence","floor":91.0,"key":"SMITH"},{"floor":100.0,"key":"REST"},{"data":"Heatsinks","floor":117.0,"key":"SMITH"},{"data":"Defragment","floor":134.0,"key":"SMITH"},{"data":"Thunder Strike","floor":144.0,"key":"SMITH"},{"data":"Storm","floor":151,"key":"SMITH"}],"circlet_count":0,"master_deck":["Defend_B+1","Defend_B+1","Defend_B+1","Defend_B+1","Zap","Dualcast+1","Burst+1","Madness+1","Rebound","Double Energy","Cold Snap","Redo","Auto Shields","Echo Form+1","Conserve Battery","Turbo","Electrodynamics","Leap","Defragment+1","Tempest+1","Glacier","infinitespire:UltimateForm+1","Seek+1","Static Discharge+1","BootSequence+1","Self Repair","Seek+1","Barrage","Loop","Madness","Aggregate+1","Blizzard","infinitespire:FutureSight+1","Capacitor","Storm","Barrage+1","Hello World+1","Turbo+1","Rainbow+1","Chaos+1","Cold Snap","Chill+1","Heatsinks+1","infinitespire:Collect+1","Capacitor","Doom and Gloom","Seek+1","infinitespire:Collect+1","Coolheaded+1","Seek+1","Hologram+1","Storm+1","Darkness+1","Defragment+1","White Noise+1","Madness+1","Melter+1","Meteor Strike","CurseOfTheBell","Thunder Strike+1","Heatsinks+1","Steam Power+1","Amplify+1","Seek+1","Machine Learning+1","Turbo+1","All For One+1","Consume+1","Enlightenment+1","Mayhem+1","Hologram+1","infinitespire:SealOfDarkness+","BootSequence+1"],"relics":["FrozenCore","REME:ComplimentaryCards","Bag of Preparation","infinitespire:Beetle Shell","Mummified Hand","Nloth\u0027s Gift","Toy Ornithopter","infinitespire:Joker Card","Girya","Mango","Happy Flower","Red Mask","HornCleat","infinitespire:CheckeredPen","Toxic Egg 2","Girya","Calipers","Bag of Marbles","Ice Cream","Runic Pyramid","Question Card","Centennial Puzzle","infinitespire:WardingShard","Nuclear Battery","MerchantsRug","infinitespire:Bottled Soul","Frozen Egg 2","infinitespire:BottledMercury","Busted Crown","Nunchaku","infinitespire:Freezer","Potion Belt","Anchor","infinitespire:SolderingIron","FossilizedHelix","Dream Catcher","Torii","White Beast Statue","Dream Catcher","Astrolabe","Cables","infinitespire:Midas Blood","Ancient Tea Set","Membership Card","War Paint","Mercury Hourglass","infinitespire:PuzzleCube","SacredBark","Bottled Flame","Lantern","Bronze Scales","WingedGreaves","Pocketwatch","StoneCalendar"],"acts_visited":["Exordium","TheCity","TheBeyond","Exordium","TheCity","TheBeyond","Exordium","TheCity","TheBeyond"],"potions_floor_usage":[149,152],"damage_taken":[{"damage":1.0,"enemies":"Jaw Worm","floor":1.0,"turns":3.0},{"damage":9.0,"enemies":"2 Louse","floor":4.0,"turns":3.0},{"damage":20.0,"enemies":"3 Sentries","floor":6.0,"turns":8.0},{"damage":0.0,"enemies":"Cultist","floor":8.0,"turns":3.0},{"damage":10.0,"enemies":"Red Slaver","floor":10.0,"turns":4.0},{"damage":9.0,"enemies":"Lagavulin","floor":11.0,"turns":8.0},{"damage":0.0,"enemies":"3 Louse","floor":13.0,"turns":1.0},{"damage":25.0,"enemies":"Hexaghost","floor":16.0,"turns":9.0},{"damage":20.0,"enemies":"Shell Parasite","floor":18.0,"turns":5.0},{"damage":18.0,"enemies":"Spheric Guardian","floor":20.0,"turns":4.0},{"damage":34.0,"enemies":"Nightmare","floor":23.0,"turns":11.0},{"damage":10.0,"enemies":"Cultist and Chosen","floor":25.0,"turns":3.0},{"damage":0.0,"enemies":"Gremlin Leader","floor":28.0,"turns":6.0},{"damage":10.0,"enemies":"Chosen and Byrds","floor":29.0,"turns":4.0},{"damage":0.0,"enemies":"Snecko","floor":30.0,"turns":3.0},{"damage":6.0,"enemies":"Snake Plant","floor":31.0,"turns":3.0},{"damage":21.0,"enemies":"Collector","floor":33.0,"turns":5.0},{"damage":2.0,"enemies":"Orb Walker","floor":35.0,"turns":3.0},{"damage":2.0,"enemies":"3 Darklings","floor":39.0,"turns":6.0},{"damage":76.0,"enemies":"Reptomancer","floor":40.0,"turns":7.0},{"damage":14.0,"enemies":"infinitespire:Three Voidlings","floor":45.0,"turns":6.0},{"damage":0.0,"enemies":"Nightmare_Alpha","floor":45.0,"turns":1.0},{"damage":0.0,"enemies":"Mind Bloom Boss Battle","floor":46.0,"turns":4.0},{"damage":0.0,"enemies":"Maw","floor":47.0,"turns":6.0},{"damage":0.0,"enemies":"Donu and Deca","floor":50.0,"turns":6.0},{"damage":0.0,"enemies":"2 Louse","floor":52.0,"turns":2.0},{"damage":0.0,"enemies":"Cultist","floor":53.0,"turns":4.0},{"damage":30.0,"enemies":"Gremlin Nob","floor":54.0,"turns":6.0},{"damage":0.0,"enemies":"Lagavulin","floor":57.0,"turns":3.0},{"damage":0.0,"enemies":"Small Slimes","floor":62.0,"turns":4.0},{"damage":0.0,"enemies":"2 Fungi Beasts","floor":64.0,"turns":3.0},{"damage":0.0,"enemies":"Large Slime","floor":65.0,"turns":4.0},{"damage":0.0,"enemies":"Hexaghost","floor":67.0,"turns":5.0},{"damage":0.0,"enemies":"Shell Parasite","floor":69.0,"turns":2.0},{"damage":4.0,"enemies":"Chosen","floor":70.0,"turns":4.0},{"damage":24.0,"enemies":"3 Cultists","floor":73.0,"turns":3.0},{"damage":24.0,"enemies":"Gremlin Leader","floor":74.0,"turns":4.0},{"damage":0.0,"enemies":"Cultist and Chosen","floor":76.0,"turns":3.0},{"damage":0.0,"enemies":"Snake Plant","floor":78.0,"turns":2.0},{"damage":16.0,"enemies":"Centurion and Healer","floor":82.0,"turns":4.0},{"damage":13.0,"enemies":"Collector","floor":84.0,"turns":3.0},{"damage":0.0,"enemies":"Orb Walker","floor":86.0,"turns":2.0},{"damage":6.0,"enemies":"3 Darklings","floor":87.0,"turns":3.0},{"damage":15.0,"enemies":"Writhing Mass","floor":89.0,"turns":5.0},{"damage":0.0,"enemies":"Spire Growth","floor":92.0,"turns":3.0},{"damage":52.0,"enemies":"Nightmare","floor":93.0,"turns":6.0},{"damage":0.0,"enemies":"Transient","floor":98.0,"turns":1.0},{"damage":0.0,"enemies":"4 Shapes","floor":99.0,"turns":2.0},{"damage":49.0,"enemies":"Time Eater","floor":101.0,"turns":7.0},{"damage":0.0,"enemies":"Small Slimes","floor":103.0,"turns":1.0},{"damage":0.0,"enemies":"Cultist","floor":105.0,"turns":3.0},{"damage":0.0,"enemies":"Jaw Worm","floor":106.0,"turns":2.0},{"damage":0.0,"enemies":"3 Sentries","floor":108.0,"turns":3.0},{"damage":0.0,"enemies":"Gremlin Gang","floor":109.0,"turns":2.0},{"damage":0.0,"enemies":"2 Fungi Beasts","floor":112.0,"turns":1.0},{"damage":0.0,"enemies":"Lagavulin","floor":113.0,"turns":2.0},{"damage":0.0,"enemies":"Exordium Wildlife","floor":114.0,"turns":2.0},{"damage":0.0,"enemies":"Large Slime","floor":116.0,"turns":1.0},{"damage":0.0,"enemies":"The Guardian","floor":118.0,"turns":3.0},{"damage":0.0,"enemies":"3 Byrds","floor":120.0,"turns":2.0},{"damage":0.0,"enemies":"Chosen","floor":123.0,"turns":2.0},{"damage":0.0,"enemies":"Sentry and Sphere","floor":125.0,"turns":1.0},{"damage":0.0,"enemies":"Gremlin Leader","floor":126.0,"turns":2.0},{"damage":0.0,"enemies":"Shelled Parasite and Fungi","floor":127.0,"turns":1.0},{"damage":0.0,"enemies":"Snecko","floor":129.0,"turns":2.0},{"damage":0.0,"enemies":"Centurion and Healer","floor":131.0,"turns":2.0},{"damage":0.0,"enemies":"Book of Stabbing","floor":132.0,"turns":2.0},{"damage":0.0,"enemies":"Snake Plant","floor":133.0,"turns":3.0},{"damage":0.0,"enemies":"Collector","floor":135.0,"turns":4.0},{"damage":0.0,"enemies":"Orb Walker","floor":137.0,"turns":1.0},{"damage":0.0,"enemies":"3 Shapes","floor":139.0,"turns":2.0},{"damage":0.0,"enemies":"Transient","floor":141.0,"turns":1.0},{"damage":0.0,"enemies":"Nemesis","floor":142.0,"turns":1.0},{"damage":0.0,"enemies":"2 Orb Walkers","floor":146.0,"turns":3.0},{"damage":0,"enemies":"3 Darklings","floor":149,"turns":3},{"damage":11,"enemies":"Nightmare","floor":150,"turns":4},{"damage":204,"enemies":"infinitespire:LordOfFortification","floor":152,"turns":9}],"seed_played":"338329587450041596","potions_obtained":[{"floor":1.0,"key":"PotionOfCapacity"},{"floor":10.0,"key":"Block Potion"},{"floor":13.0,"key":"LiquidBronze"},{"floor":20.0,"key":"Regen Potion"},{"floor":29.0,"key":"hexamod:SoulburnPotion"},{"floor":30.0,"key":"SteroidPotion"},{"floor":31.0,"key":"DistilledChaos"},{"floor":39.0,"key":"LiquidBronze"},{"floor":40.0,"key":"SpeedPotion"},{"floor":45.0,"key":"SkillPotion"},{"floor":53.0,"key":"SkillPotion"},{"floor":57.0,"key":"Regen Potion"},{"floor":62.0,"key":"LiquidMemories"},{"floor":64.0,"key":"infinitespire:BlackPotion"},{"floor":70.0,"key":"Guardian:BlockOnCardUsePotion"},{"floor":74.0,"key":"AttackPotion"},{"floor":99.0,"key":"FocusPotion"},{"floor":101.0,"key":"DuplicationPotion"},{"floor":103.0,"key":"SpeedPotion"},{"floor":106.0,"key":"PotionOfCapacity"},{"floor":108.0,"key":"Energy Potion"},{"floor":112.0,"key":"PowerPotion"},{"floor":114.0,"key":"sneckomod:MuddlingPotion"},{"floor":118.0,"key":"Ancient Potion"},{"floor":132.0,"key":"Fruit Juice"},{"floor":133.0,"key":"DuplicationPotion"},{"floor":137.0,"key":"DistilledChaos"},{"floor":143.0,"key":"FairyPotion"},{"floor":149,"key":"GamblersBrew"}],"is_trial":false,"path_per_floor":["M","?","?","M","$","E","R","M","T","M","E","$","M","$","R","B",null,"M","$","M","?","?","NM","R","M","T","AVR","E","M","M","M","R","B",null,"M","$","?","?","M","E","AVR","R","T","R","?","?","M","$","R","B",null,"M","M","?","?","AVR","E","R","?","T","R","M","?","M","M","R","B",null,"M","M","$","?","M","E","R","M","T","M","?","?","R","M","R","B",null,"M","M","?","M","AVR","R","M","NM","T","?","?","?","M","M","R","B",null,"M","?","M","M","AVR","E","M","?","T","M","E","M","$","M","R","B",null,"M","?","AVR","M","$","M","E","M","T","M","$","M","E","M","R","B",null,"M","$","M","$","M","E","?","R","T","?","AVR","?","M","NM","R","B"],"character_chosen":"DEFECT","items_purchased":["Echo Form","Turbo","Defragment","Loop","Happy Flower","Hello World","Turbo+1","MerchantsRug","infinitespire:Bottled Soul","Enlightenment+1","Membership Card","War Paint","Mercury Hourglass","Bottled Flame","Mayhem+1"],"campfire_rested":8,"item_purchase_floors":[12,14,19,36,36,48,48,71,71,124,130,130,130,138,138],"current_hp_per_floor":[74,74,74,65,65,45,67,67,67,57,48,48,48,48,48,23,75,55,55,37,37,37,18,40,30,30,30,44,34,39,33,59,50,89,89,89,89,89,89,27,27,27,27,53,43,50,57,57,83,88,89,89,89,64,52,52,52,52,52,52,52,52,31,31,31,57,69,89,89,89,89,89,75,58,58,58,58,68,68,68,68,59,75,62,75,75,75,66,51,51,51,58,6,6,6,6,6,6,6,27,36,72,72,72,72,72,72,72,72,72,72,72,72,72,72,72,72,72,72,72,72,72,72,72,72,72,72,72,72,72,72,77,77,77,77,77,77,77,77,77,77,77,77,77,77,77,77,87,87,76,76,0,0],"gold":164,"neow_bonus":"RANDOM_COLORLESS","is_daily":false,"chose_seed":false,"campfire_upgraded":10,"win_rate":0.0,"timestamp":1611336207,"path_taken":["M","?","?","M","$","E","R","?","T","M","E","?","M","$","R","BOSS","M","$","M","?","?","NM","R","?","T","AVR","E","M","?","M","R","BOSS","M","$","?","?","M","E","AVR","R","T","R","?","?","?","?","R","BOSS","M","M","?","?","AVR","E","R","?","T","R","M","?","?","M","R","BOSS","BOSS","M","M","$","?","M","E","R","M","T","M","?","?","R","?","R","BOSS","M","M","?","M","AVR","R","M","NM","T","?","?","?","M","M","R","BOSS","M","?","M","M","AVR","E","M","?","T","M","E","?","$","M","R","BOSS","M","?","AVR","M","$","M","E","?","T","M","?","M","E","M","R","BOSS","M","$","M","$","?","E","?","R","T","?","AVR","?","M","NM","R","BOSS"],"items_purchased_type":["Card","Card","Card","Card","Relic","Card","Card","Relic","Relic","Card","Relic","Relic","Relic","Relic","Card"],"build_version":"2020-12-22","purchased_purges":6,"victory":false,"max_hp_per_floor":[75,75,75,75,75,75,75,75,75,75,75,75,75,75,75,75,75,75,75,75,75,75,75,75,75,75,75,89,89,89,89,89,89,89,89,89,89,89,89,89,89,89,89,89,89,89,89,89,89,89,89,89,89,89,89,89,89,89,89,89,89,89,89,89,89,89,89,89,89,89,89,89,89,89,89,89,89,89,75,75,75,75,75,75,75,75,75,75,75,72,72,72,72,72,72,72,72,72,72,72,72,72,72,72,72,72,72,72,72,72,72,72,72,72,72,72,72,72,72,72,72,72,72,72,72,72,72,72,72,72,72,77,77,77,77,77,77,77,77,77,77,77,77,77,77,77,77,87,87,87,87,87,87],"card_choices":[{"not_picked":["Deep Breath","Finesse"],"picked":"Madness","floor":0.0},{"not_picked":["Steam","FTL"],"picked":"Rebound","floor":1.0},{"not_picked":["FTL","Barrage"],"picked":"Double Energy","floor":4.0},{"not_picked":["Steam","Recycle"],"picked":"Cold Snap","floor":6.0},{"not_picked":["Cold Snap","Stack"],"picked":"Redo","floor":8.0},{"not_picked":["Compile Driver","Barrage"],"picked":"Auto Shields","floor":10.0},{"not_picked":["Streamline","Hologram"],"picked":"Electrodynamics","floor":11.0},{"not_picked":["Ball Lightning","Auto Shields"],"picked":"Conserve Battery","floor":13.0},{"not_picked":["Multi-Cast","Machine Learning"],"picked":"Electrodynamics","floor":16.0},{"not_picked":["Coolheaded+1","Streamline"],"picked":"Leap","floor":18.0},{"not_picked":["Redo","Scrape"],"picked":"Auto Shields","floor":20.0},{"not_picked":["Redo","Reprogram+1"],"picked":"Tempest+1","floor":23.0},{"not_picked":["Redo","Barrage"],"picked":"Glacier","floor":25.0},{"not_picked":["All For One","Conserve Battery"],"picked":"Seek","floor":28.0},{"not_picked":["Streamline+1","Genetic Algorithm"],"picked":"Static Discharge+1","floor":29.0},{"not_picked":["Steam Power","Redo+1"],"picked":"BootSequence","floor":30.0},{"not_picked":["Skim","Barrage"],"picked":"Self Repair","floor":31.0},{"not_picked":["Buffer","Multi-Cast"],"picked":"Seek","floor":33.0},{"not_picked":["Coolheaded","BootSequence+1"],"picked":"Barrage","floor":35.0},{"not_picked":["Purity","Dark Shackles"],"picked":"Madness","floor":37.0},{"not_picked":["BootSequence","Hologram"],"picked":"Aggregate+1","floor":39.0},{"not_picked":["Leap","Auto Shields"],"picked":"Blizzard","floor":40.0},{"not_picked":["infinitespire:Menacing","infinitespire:Execution"],"picked":"infinitespire:FutureSight","floor":45.0},{"not_picked":["Hologram+1","Melter+1"],"picked":"Capacitor","floor":45.0},{"not_picked":["Beam Cell","Aggregate+1"],"picked":"Storm","floor":46.0},{"not_picked":["Rip and Tear+1","Recycle+1"],"picked":"Barrage+1","floor":47.0},{"not_picked":["Reboot+1","All For One"],"picked":"Rainbow+1","floor":50.0},{"not_picked":["Rebound","Aggregate+1"],"picked":"Chaos+1","floor":52.0},{"not_picked":["Barrage","Stack+1"],"picked":"Cold Snap","floor":53.0},{"not_picked":["Reprogram+1","Creative AI"],"picked":"Chill+1","floor":54.0},{"not_picked":["Steam Power+1","Auto Shields+1","Self Repair"],"picked":"SKIP","floor":57.0},{"not_picked":["Leap+1","Lockon","Reprogram+1"],"picked":"Heatsinks","floor":62.0},{"not_picked":["infinitespire:FinalStrike","infinitespire:FutureSight"],"picked":"infinitespire:Collect","floor":63.0},{"not_picked":["Barrage","Chill+1","Chaos+1"],"picked":"Capacitor","floor":64.0},{"not_picked":["Glacier+1","Barrage","Coolheaded+1"],"picked":"Doom and Gloom","floor":65.0},{"not_picked":["Rainbow+1","All For One","Thunder Strike"],"picked":"Seek+1","floor":67.0},{"not_picked":["infinitespire:Fortify","infinitespire:DeathsTouch"],"picked":"infinitespire:Collect","floor":69.0},{"not_picked":["Rebound","Gash+1","Sunder+1"],"picked":"Coolheaded+1","floor":69.0},{"not_picked":["Leap+1","Rebound","Coolheaded+1"],"picked":"Seek+1","floor":70.0},{"not_picked":["Blizzard+1","Chill+1","Doom and Gloom"],"picked":"Hologram+1","floor":73.0},{"not_picked":["Cold Snap+1","Barrage","Chill+1"],"picked":"Storm","floor":74.0},{"not_picked":["Stack+1","Coolheaded+1","Beam Cell"],"picked":"Darkness+1","floor":76.0},{"not_picked":["Force Field+1","Go for the Eyes+1","Thunder Strike"],"picked":"Defragment+1","floor":78.0},{"not_picked":["Recycle+1","Conserve Battery+1","Go for the Eyes"],"picked":"White Noise+1","floor":82.0},{"not_picked":["Rainbow+1","Hyperbeam","Biased Cognition+1"],"picked":"Machine Learning+1","floor":84.0},{"not_picked":["Steam+1","Barrage+1"],"picked":"SKIP","floor":86.0},{"not_picked":["Stack+1","Coolheaded+1"],"picked":"SKIP","floor":87.0},{"not_picked":["Stack+1","Coolheaded+1"],"picked":"SKIP","floor":87.0},{"not_picked":["Recycle+1"],"picked":"Beam Cell","floor":89.0},{"not_picked":["Barrage","Conserve Battery+1"],"picked":"SKIP","floor":92.0},{"not_picked":["Multi-Cast+1"],"picked":"Melter+1","floor":93.0},{"not_picked":["Self Repair+1","Barrage"],"picked":"SKIP","floor":98.0},{"not_picked":["Stack+1","Hello World+1"],"picked":"SKIP","floor":99.0},{"not_picked":["Seek+1"],"picked":"Meteor Strike","floor":101.0},{"not_picked":["Doom and Gloom","Rebound"],"picked":"SKIP","floor":103.0},{"not_picked":["Compile Driver","Leap+1"],"picked":"SKIP","floor":105.0},{"not_picked":["Hologram+1","Melter"],"picked":"SKIP","floor":106.0},{"not_picked":["Redo+1"],"picked":"Thunder Strike","floor":108.0},{"not_picked":["Go for the Eyes"],"picked":"Heatsinks+1","floor":109.0},{"not_picked":["Turbo+1","Beam Cell"],"picked":"SKIP","floor":112.0},{"not_picked":["Steam+1"],"picked":"Amplify+1","floor":113.0},{"not_picked":["White Noise+1"],"picked":"Seek+1","floor":114.0},{"not_picked":["Tempest+1","Turbo+1"],"picked":"SKIP","floor":116.0},{"not_picked":["Recycle+1"],"picked":"Consume+1","floor":120.0},{"not_picked":["White Noise+1","Glacier+1"],"picked":"SKIP","floor":123.0},{"not_picked":["Force Field+1","Darkness+1"],"picked":"SKIP","floor":125.0},{"not_picked":["Chill+1","Fusion+1"],"picked":"SKIP","floor":126.0},{"not_picked":["Fusion+1","Doom and Gloom+1"],"picked":"SKIP","floor":127.0},{"not_picked":["Storm+1","Chill+1"],"picked":"SKIP","floor":129.0},{"not_picked":["Echo Form+1","Compile Driver"],"picked":"SKIP","floor":131.0},{"not_picked":["Reprogram+1","Leap+1"],"picked":"SKIP","floor":132.0},{"not_picked":["Turbo+1","Barrage"],"picked":"SKIP","floor":133.0},{"not_picked":["Cold Snap","Coolheaded+1"],"picked":"SKIP","floor":137.0},{"not_picked":["Steam+1"],"picked":"Hologram+1","floor":139.0},{"not_picked":["Force Field+1","Darkness+1"],"picked":"SKIP","floor":141.0},{"not_picked":["Creative AI+1","Fission+1"],"picked":"SKIP","floor":142.0},{"not_picked":["Hyperbeam"],"picked":"BootSequence+1","floor":149}],"player_experience":29716,"relics_obtained":[{"floor":6.0,"key":"Bag of Preparation"},{"floor":9.0,"key":"infinitespire:Beetle Shell"},{"floor":11.0,"key":"Mummified Hand"},{"floor":23.0,"key":"Toy Ornithopter"},{"floor":26.0,"key":"infinitespire:Joker Card"},{"floor":28.0,"key":"Mango"},{"floor":40.0,"key":"HornCleat"},{"floor":43.0,"key":"Toxic Egg 2"},{"floor":45.0,"key":"Girya"},{"floor":46.0,"key":"Calipers"},{"floor":54.0,"key":"Bag of Marbles"},{"floor":57.0,"key":"Question Card"},{"floor":60.0,"key":"infinitespire:WardingShard"},{"floor":74.0,"key":"Matryoshka"},{"floor":77.0,"key":"Frozen Egg 2"},{"floor":77.0,"key":"infinitespire:BottledMercury"},{"floor":93.0,"key":"infinitespire:Freezer"},{"floor":94.0,"key":"Potion Belt"},{"floor":94.0,"key":"Lizard Tail"},{"floor":102.0,"key":"Anchor"},{"floor":102.0,"key":"infinitespire:SolderingIron"},{"floor":102.0,"key":"FossilizedHelix"},{"floor":108.0,"key":"Torii"},{"floor":111.0,"key":"White Beast Statue"},{"floor":113.0,"key":"Dream Catcher"},{"floor":126.0,"key":"infinitespire:Midas Blood"},{"floor":128.0,"key":"Ancient Tea Set"},{"floor":132.0,"key":"infinitespire:PuzzleCube"},{"floor":142.0,"key":"Lantern"},{"floor":145.0,"key":"Bronze Scales"},{"floor":146.0,"key":"WingedGreaves"},{"floor":150,"key":"StoneCalendar"}],"event_choices":[{"cards_removed":["Strike_B"],"damage_healed":0.0,"max_hp_gain":0.0,"max_hp_loss":0.0,"gold_gain":0.0,"event_name":"The Cleric","player_choice":"Card Removal","floor":2.0,"gold_loss":50.0,"damage_taken":0.0},{"damage_healed":0.0,"max_hp_gain":0.0,"max_hp_loss":0.0,"gold_gain":0.0,"event_name":"Accursed Blacksmith","player_choice":"Forge","floor":3.0,"gold_loss":0.0,"damage_taken":0.0,"cards_upgraded":["Burst"]},{"damage_healed":0.0,"max_hp_gain":0.0,"max_hp_loss":0.0,"gold_gain":0.0,"event_name":"Ghosts","player_choice":"Ignored","floor":21.0,"gold_loss":0.0,"damage_taken":0.0},{"damage_healed":0.0,"max_hp_gain":0.0,"max_hp_loss":0.0,"gold_gain":0.0,"event_name":"N\u0027loth","player_choice":"Traded Relic","floor":22.0,"relics_lost":["Philosopher\u0027s Stone"],"gold_loss":0.0,"damage_taken":0.0,"relics_obtained":["Nloth\u0027s Gift"]},{"damage_healed":0.0,"max_hp_gain":0.0,"max_hp_loss":0.0,"gold_gain":0.0,"event_name":"SensoryStone","player_choice":"Memory 1","floor":37.0,"gold_loss":0.0,"damage_taken":0.0},{"damage_healed":0.0,"max_hp_gain":0.0,"max_hp_loss":0.0,"gold_gain":0.0,"event_name":"Tomb of Lord Red Mask","player_choice":"Paid","floor":38.0,"gold_loss":92.0,"damage_taken":0.0,"relics_obtained":["Red Mask"]},{"damage_healed":0.0,"max_hp_gain":0.0,"max_hp_loss":0.0,"gold_gain":0.0,"event_name":"MindBloom","player_choice":"Fight","floor":46.0,"gold_loss":0.0,"damage_taken":0.0},{"damage_healed":0.0,"max_hp_gain":0.0,"max_hp_loss":0.0,"gold_gain":0.0,"event_name":"Dead Adventurer","player_choice":"Searched \u00271\u0027 times","floor":54.0,"gold_loss":0.0,"damage_taken":0.0},{"damage_healed":0.0,"max_hp_gain":0.0,"max_hp_loss":0.0,"gold_gain":0.0,"event_name":"Scrap Ooze","player_choice":"Success","floor":55.0,"gold_loss":0.0,"damage_taken":12.0,"relics_obtained":["Ice Cream"]},{"damage_healed":0.0,"max_hp_gain":0.0,"max_hp_loss":0.0,"gold_gain":0.0,"event_name":"Big Fish","player_choice":"Box","floor":59.0,"gold_loss":0.0,"damage_taken":0.0,"relics_obtained":["Centennial Puzzle"],"cards_obtained":["Regret"]},{"damage_healed":0.0,"max_hp_gain":0.0,"max_hp_loss":0.0,"gold_gain":0.0,"event_name":"Back to Basics","player_choice":"Simplicity","floor":72.0,"gold_loss":0.0,"damage_taken":0.0,"cards_upgraded":["Strike_B","Strike_B","Strike_B","Defend_B","Defend_B","Defend_B","Defend_B"]},{"damage_healed":0.0,"max_hp_gain":0.0,"max_hp_loss":0.0,"gold_gain":0.0,"event_name":"Ghosts","player_choice":"Ignored","floor":80.0,"gold_loss":0.0,"damage_taken":0.0},{"damage_healed":0.0,"max_hp_gain":0.0,"max_hp_loss":0.0,"gold_gain":0.0,"event_name":"Winding Halls","player_choice":"Embrace Madness","floor":88.0,"gold_loss":0.0,"damage_taken":9.0,"cards_obtained":["Madness","Madness"]},{"damage_healed":0.0,"max_hp_gain":0.0,"max_hp_loss":0.0,"gold_gain":0.0,"event_name":"SensoryStone","player_choice":"Memory 1","floor":96.0,"gold_loss":0.0,"damage_taken":0.0},{"damage_healed":0.0,"max_hp_gain":0.0,"max_hp_loss":0.0,"gold_gain":222.0,"event_name":"Tomb of Lord Red Mask","player_choice":"Wore Mask","floor":97.0,"gold_loss":0.0,"damage_taken":0.0},{"damage_healed":0.0,"max_hp_gain":0.0,"max_hp_loss":0.0,"gold_gain":175.0,"event_name":"Liars Game","player_choice":"AGREE","floor":104.0,"gold_loss":0.0,"damage_taken":0.0,"cards_obtained":["Doubt"]},{"damage_healed":0.0,"max_hp_gain":0.0,"max_hp_loss":0.0,"gold_gain":0.0,"cards_transformed":["Electrodynamics"],"event_name":"Transmorgrifier","player_choice":"Transformed","floor":110.0,"gold_loss":0.0,"damage_taken":0.0,"cards_obtained":["Steam Power"]},{"damage_healed":0.0,"max_hp_gain":0.0,"max_hp_loss":0.0,"gold_gain":100.0,"event_name":"The Joust","player_choice":"Bet on Murderer","floor":121.0,"gold_loss":50.0,"damage_taken":0.0},{"damage_healed":0.0,"max_hp_gain":0.0,"max_hp_loss":0.0,"gold_gain":0.0,"event_name":"Mysterious Sphere","player_choice":"Fight","floor":146.0,"gold_loss":0.0,"damage_taken":0.0},{"cards_removed":["Machine Learning"],"damage_healed":0.0,"max_hp_gain":10.0,"max_hp_loss":0.0,"gold_gain":0.0,"event_name":"Bonfire Elementals","player_choice":"Offered Rare","floor":148.0,"gold_loss":0.0,"damage_taken":0.0}],"is_beta":false,"boss_relics":[{"not_picked":["SlaversCollar","Sozu"],"picked":"Philosopher\u0027s Stone"},{"not_picked":["Tiny House","bronze:MakeshiftBattery"],"picked":"FrozenCore"},{"not_picked":["Snecko Eye","Runic Dome"],"picked":"Velvet Choker"},{"not_picked":["Tiny House","infinitespire:Cupcake"],"picked":"Nuclear Battery"},{"not_picked":["Runic Dome","Cursed Key"],"picked":"Busted Crown"},{"not_picked":["SlaversCollar","Sozu"],"picked":"Calling Bell"},{"not_picked":["Tiny House","infinitespire:Cupcake"],"picked":"Astrolabe"},{"not_picked":["Runic Dome","Velvet Choker"],"picked":"SacredBark"}],"items_purged_floors":[71,90,107,138,140,147],"is_endless":true,"potions_floor_spawned":[1,10,13,20,29,30,31,39,40,45,53,57,62,64,70,74,76,87,89,93,99,101,103,106,108,112,113,114,116,118,120,123,125,126,127,129,131,132,133,135,137,139,141,142,146,149,150],"killed_by":"infinitespire:LordOfFortification","ascension_level":0}}