{"host":"ws1rigs6jhqnf67d","time":1611336722,"event":{"mods":["BaseMod","Friendly Minions","KinomotoSakuraMod(ƒæ÷Æ±æ”£)","Kiyohime£®«Âºß£©","Lobotomy","LobotomyExtend","Marisa£®ÏF”Í°°ƒß¿Ì…≥£©","Minty Spire (QoL Compilation)","Remilia£®¿Ÿ√◊¿Ú—«£©","StSLib","The Bug Knight","Youmu£®ªÍ∆«—˝√Œ£©","[IsaacMod]“‘»ˆº‚À˛"],"gold_per_floor":[216,63,81,81,92,92,102,137,137,168,188,188,206,224,224,326,326,326,338,348,24,39,39,68,68,93,104,104,115,149,161,161,260,260,275,294,312,332,332,357,357,385,385,256,274,284,317,333,333,333,333],"floor_reached":52,"language":"ZHS","playtime":1994,"items_purged":[],"score":1350,"play_id":"e01dfda1-55c9-4169-8b7e-c4223ad6588b","local_time":"20210123013202","is_ascension_mode":true,"campfire_choices":[{"data":"Infinite Blades","floor":6,"key":"SMITH"},{"data":"Noxious Fumes","floor":12,"key":"SMITH"},{"data":"Terror","floor":15,"key":"SMITH"},{"data":"Venomology","floor":23,"key":"SMITH"},{"data":"Catalyst","floor":25,"key":"SMITH"},{"data":"Bouncing Flask","floor":28,"key":"SMITH"},{"data":"Neutralize","floor":32,"key":"SMITH"},{"floor":41,"key":"REST"},{"floor":49,"key":"REST"}],"circlet_count":0,"master_deck":["Strike_G","Strike_G","Strike_G","Strike_G","Strike_G","Defend_G","Defend_G+1","Defend_G","Defend_G","Defend_G+1","Survivor","Neutralize+1","EpicFetus","Noxious Fumes+1","Catalyst+1","Infinite Blades+1","Leg Sweep","Bouncing Flask+1","Terror+1","Venomology+1","Deadly Poison","Envenom","Deadly Poison+1","Catalyst+1","Catalyst+1","Poisoned Stab+1","Parasite"],"relics":["Ring of the Snake","HushsDoor","SteamSale","LetterFromLob","TheBean","War Paint","PreservedInsect","Vajra","Potion Belt","SlaversCollar","HollowMod:JonisBlessing","StrikeDummy","White Beast Statue","Bag of Preparation","Bronze Scales","Akabeko","Black Star","Blood Vial","Leech","AnarchistCookbook","Toy Ornithopter","Lantern","Pantograph","Shuriken","HornCleat"],"acts_visited":["Exordium","TheCity","TheBeyond"],"potions_floor_usage":[14,19,20,22,22,27,29,31,31,33,33,33,36,37,38,40,42,47,48,50,50,50,50,50,50,50,50,50],"damage_taken":[{"damage":1,"enemies":"Cultist","floor":1,"turns":3},{"damage":1,"enemies":"2 Louse","floor":3,"turns":3},{"damage":0,"enemies":"Small Slimes","floor":5,"turns":2},{"damage":1,"enemies":"Blue Slaver","floor":7,"turns":3},{"damage":21,"enemies":"Gremlin Nob","floor":8,"turns":4},{"damage":0,"enemies":"Lagavulin","floor":10,"turns":4},{"damage":0,"enemies":"Looter","floor":11,"turns":3},{"damage":2,"enemies":"Gremlin Gang","floor":13,"turns":3},{"damage":10,"enemies":"Large Slime","floor":14,"turns":4},{"damage":0,"enemies":"Slime Boss","floor":16,"turns":6},{"damage":4,"enemies":"Spheric Guardian","floor":19,"turns":5},{"damage":8,"enemies":"2 Thieves","floor":20,"turns":4},{"damage":3,"enemies":"Centurion and Healer","floor":22,"turns":4},{"damage":0,"enemies":"Gremlin Leader","floor":24,"turns":4},{"damage":0,"enemies":"3 Cultists","floor":27,"turns":2},{"damage":1,"enemies":"Snecko","floor":29,"turns":5},{"damage":0,"enemies":"Book of Stabbing","floor":30,"turns":3},{"damage":0,"enemies":"Shelled Parasite and Fungi","floor":31,"turns":3},{"damage":15,"enemies":"Automaton","floor":33,"turns":5},{"damage":0,"enemies":"3 Shapes","floor":35,"turns":3},{"damage":20,"enemies":"3 Darklings","floor":36,"turns":4},{"damage":0,"enemies":"4 Shapes","floor":37,"turns":6},{"damage":7,"enemies":"Sphere and 2 Shapes","floor":38,"turns":5},{"damage":15,"enemies":"Nemesis","floor":40,"turns":3},{"damage":0,"enemies":"Giant Head","floor":42,"turns":5},{"damage":0,"enemies":"Jaw Worm Horde","floor":45,"turns":3},{"damage":0,"enemies":"Transient","floor":46,"turns":5},{"damage":0,"enemies":"Nemesis","floor":47,"turns":3},{"damage":0,"enemies":"Writhing Mass","floor":48,"turns":3},{"damage":0,"enemies":"Donu and Deca","floor":50,"turns":5}],"seed_played":"638443235115047581","potions_obtained":[{"floor":3,"key":"SteroidPotion"},{"floor":7,"key":"SkillPotion"},{"floor":8,"key":"SkillPotion"},{"floor":13,"key":"Poison Potion"},{"floor":16,"key":"Regen Potion"},{"floor":22,"key":"DistilledChaos"},{"floor":24,"key":"ColorlessPotion"},{"floor":27,"key":"EssenceOfSteel"},{"floor":29,"key":"AttackPotion"},{"floor":31,"key":"SkillPotion"},{"floor":33,"key":"Energy Potion"},{"floor":35,"key":"Poison Potion"},{"floor":37,"key":"CunningPotion"},{"floor":40,"key":"Fire Potion"}],"is_trial":false,"path_per_floor":["M","$","M","?","M","R","M","E","T","E","M","R","M","M","R","B",null,"M","M","M","$","M","R","E","R","T","M","R","M","E","M","R","B",null,"M","M","M","M","?","E","R","E","T","$","M","M","E","M","R","B",null,null],"character_chosen":"THE_SILENT","items_purchased":["TheBean","War Paint","HollowMod:JonisBlessing","StrikeDummy","White Beast Statue","Pantograph"],"campfire_rested":2,"item_purchase_floors":[2,2,21,21,21,44],"current_hp_per_floor":[69,69,68,68,68,68,67,46,46,46,46,46,44,34,34,34,61,61,57,49,49,46,46,46,46,46,46,46,45,45,45,45,30,60,60,40,40,33,33,18,39,39,39,39,39,39,39,39,60,60,60],"gold":333,"neow_bonus":"HUNDRED_GOLD","is_daily":false,"chose_seed":false,"campfire_upgraded":7,"win_rate":0.0,"timestamp":1611336722,"path_taken":["M","$","M","?","M","R","M","E","T","E","M","R","M","M","R","BOSS","M","M","M","$","M","R","E","R","T","M","R","M","E","M","R","BOSS","M","M","M","M","?","E","R","E","T","$","M","?","E","M","R","BOSS"],"items_purchased_type":["Relic","Relic","Relic","Relic","Relic","Relic"],"build_version":"2020-12-22","purchased_purges":0,"victory":true,"max_hp_per_floor":[70,70,70,70,70,70,70,70,70,70,70,70,70,70,70,70,70,70,70,70,70,70,70,70,70,70,70,70,70,70,70,70,70,70,70,70,70,70,70,70,70,70,70,70,70,70,70,70,70,70,70],"card_choices":[{"not_picked":[],"picked":"EpicFetus","floor":0},{"not_picked":["Deflect","Underhanded Strike"],"picked":"Noxious Fumes","floor":1},{"not_picked":["Bane","Setup"],"picked":"Catalyst","floor":3},{"not_picked":["Prepared","Terror"],"picked":"Infinite Blades","floor":5},{"not_picked":["Dagger Spray","Dagger Throw"],"picked":"Leg Sweep","floor":7},{"not_picked":["Bullet Time","Distraction","Caltrops"],"picked":"SKIP","floor":8},{"not_picked":["Dodge and Roll","Cloak And Dagger"],"picked":"Bouncing Flask","floor":10},{"not_picked":["Cloak And Dagger","Sucker Punch"],"picked":"Bomb","floor":11},{"not_picked":["Poisoned Stab","Deflect"],"picked":"Bomb","floor":13},{"not_picked":["Caltrops","Cloak And Dagger"],"picked":"Terror","floor":14},{"not_picked":["Doppelganger","Glass Knife"],"picked":"Venomology","floor":16},{"not_picked":["Terror+1","Quick Slash","Cloak And Dagger"],"picked":"SKIP","floor":19},{"not_picked":["Underhanded Strike","Prepared+1","Backflip+1"],"picked":"SKIP","floor":20},{"not_picked":["Bane","Terror","Masterful Stab+1"],"picked":"SKIP","floor":22},{"not_picked":["Masterful Stab","Acrobatics","Blur"],"picked":"SKIP","floor":24},{"not_picked":["Noxious Fumes","Grand Finale"],"picked":"Deadly Poison","floor":27},{"not_picked":["Blade Dance+1","Deadly Poison","Setup"],"picked":"SKIP","floor":29},{"not_picked":["Noxious Fumes","Accuracy","Outmaneuver"],"picked":"SKIP","floor":30},{"not_picked":["Outmaneuver","Acrobatics","Underhanded Strike"],"picked":"SKIP","floor":31},{"not_picked":["Storm of Steel","Doppelganger"],"picked":"Envenom","floor":33},{"not_picked":["Backflip","Flechettes","All Out Attack"],"picked":"SKIP","floor":35},{"not_picked":["Slice","Prepared"],"picked":"Deadly Poison+1","floor":36},{"not_picked":["Backflip","Accuracy","Calculated Gamble+1"],"picked":"SKIP","floor":37},{"not_picked":["Quick Slash+1","Reflex","Underhanded Strike+1"],"picked":"SKIP","floor":38},{"not_picked":["Deadly Poison","Distraction"],"picked":"Catalyst+1","floor":40},{"not_picked":["Deadly Poison","Setup"],"picked":"Catalyst+1","floor":42},{"not_picked":["Heel Hook","Well Laid Plans+1","Dagger Spray+1"],"picked":"SKIP","floor":45},{"not_picked":["Riddle With Holes","Dodge and Roll+1","Dagger Throw+1"],"picked":"SKIP","floor":46},{"not_picked":["Masterful Stab","Tools of the Trade"],"picked":"Poisoned Stab+1","floor":47},{"not_picked":["Well Laid Plans+1","Terror","Tactician"],"picked":"SKIP","floor":48}],"player_experience":823477,"relics_obtained":[{"floor":1,"key":"LetterFromLob"},{"floor":8,"key":"PreservedInsect"},{"floor":9,"key":"Vajra"},{"floor":10,"key":"Potion Belt"},{"floor":24,"key":"Bag of Preparation"},{"floor":26,"key":"Bronze Scales"},{"floor":30,"key":"Akabeko"},{"floor":40,"key":"Blood Vial"},{"floor":40,"key":"Leech"},{"floor":42,"key":"AnarchistCookbook"},{"floor":42,"key":"Toy Ornithopter"},{"floor":43,"key":"Lantern"},{"floor":47,"key":"Shuriken"},{"floor":47,"key":"HornCleat"}],"event_choices":[{"damage_healed":0,"gold_gain":0,"player_choice":"Leave","damage_taken":0,"max_hp_gain":0,"max_hp_loss":0,"event_name":"The Cleric","floor":4,"gold_loss":0}],"is_beta":false,"boss_relics":[{"not_picked":["Tiny House","Velvet Choker"],"picked":"SlaversCollar"},{"not_picked":[]},{"not_picked":["Fusion Hammer","Empty Cage"],"picked":"Black Star"},{"not_picked":[]}],"items_purged_floors":[],"is_endless":false,"potions_floor_spawned":[3,7,8,13,16,22,24,27,29,30,31,33,35,36,37,38,40,42,45,46,47,48],"ascension_level":5}}