{"host":"egwexuw5uvnxf11j","time":1611290567,"event":{"mods":["2.2 Compatiblity","Aspiration","BaseMod","Better Altar","Better Note","Better Sensory Stone","Better Third Choice","Displayed Cursed Tome","Downfall","Hermit","Key Reminder","Koishi","Marisa????????","Minty Spire (QoL Compilation)","Quick Restart","Shade Mod","Spicy Shops","StSLib","The Construct","The Cursed","The Hierophant","The Runesmith","The Senshi","The Servant 0.9.4","Transform Curses"],"gold_per_floor":[212,212,212,11,26,53,64,64,64,74,109,123,123,136,136,240,240,256,256,266,266,123,123,149,201,254,70,70,70,99,109,109,109,109],"floor_reached":33,"language":"ENG","playtime":1368,"items_purged":[],"score":308,"play_id":"2d9653db-96a2-495e-acfd-6abdfd695017","local_time":"20210121234247","is_ascension_mode":true,"campfire_choices":[{"data":"Apotheosis","floor":8,"key":"SMITH"},{"floor":15,"key":"REST"},{"data":"hermit:TakeAim","floor":23,"key":"SMITH"},{"floor":29,"key":"REST"},{"floor":32,"key":"REST"}],"circlet_count":0,"master_deck":["hermit:Strike_Hermit","hermit:Strike_Hermit+1","hermit:Defend_Hermit","hermit:Defend_Hermit+1","hermit:Defend_Hermit","hermit:Defend_Hermit","hermit:Snapshot","hermit:Covet","hermit:SprayPray","Apotheosis+1","hermit:Headshot+1","hermit:FlashPowder","hermit:Enervate+1","hermit:Ricochet+1","hermit:Snipe","hermit:Enervate+1","hermit:Vantage","hermit:Manifest","hermit:Roughhouse+1","hermit:Ricochet+1","hermit:TrackingShot+1","hermit:Dive+1","hermit:PistolWhip+1","hermit:LowProfile","hermit:TakeAim+1","hermit:Deadeye+1","hermit:Malice+1","hermit:Grudge+1","hermit:BigShot","Decay","hermit:Ricochet+1","hermit:TrackingShot+1"],"relics":["hermit:Momento","Molten Egg 2","aspiration:HatOfInfinitePower","keyreminder:keyreminder","Nunchaku","Regal Pillow","Runesmith:UraniumAnvil","Strange Spoon","Toy Ornithopter","Centennial Puzzle","construct:BoolHorns"],"acts_visited":["Exordium","TheCity"],"potions_floor_usage":[11,11,16,20,24,33,33],"damage_taken":[{"damage":0.0,"enemies":"Small Slimes","floor":1.0,"turns":3.0},{"damage":0,"enemies":"2 Louse","floor":5,"turns":2},{"damage":16,"enemies":"Lagavulin","floor":6,"turns":7},{"damage":0,"enemies":"Cultist","floor":7,"turns":2},{"damage":0,"enemies":"2 Fungi Beasts","floor":10,"turns":3},{"damage":16,"enemies":"3 Sentries","floor":11,"turns":6},{"damage":6,"enemies":"3 Louse","floor":12,"turns":2},{"damage":0,"enemies":"Blue Slaver","floor":14,"turns":1},{"damage":22,"enemies":"Slime Boss","floor":16,"turns":8},{"damage":0,"enemies":"Spheric Guardian","floor":18,"turns":3},{"damage":5,"enemies":"Shell Parasite","floor":20,"turns":3},{"damage":19,"enemies":"Slavers","floor":24,"turns":4},{"damage":26,"enemies":"Book of Stabbing","floor":30,"turns":5},{"damage":7,"enemies":"3 Cultists","floor":31,"turns":4},{"damage":104,"enemies":"Champ","floor":33,"turns":10}],"seed_played":"8662043523399288219","potions_obtained":[{"floor":5,"key":"SpeedPotion"},{"floor":7,"key":"hexamod:SoulburnPotion"},{"floor":10,"key":"SkillPotion"},{"floor":14,"key":"Swift Potion"},{"floor":16,"key":"hexamod:SoulburnPotion"},{"floor":18,"key":"SkillPotion"},{"floor":30,"key":"Regen Potion"},{"floor":31,"key":"Weak Potion"}],"is_trial":false,"path_per_floor":["M","?","?","$","M","E","M","R","T","M","E","M","?","M","R","B",null,"M","?","M","?","$","R","E","T","T","$","?","R","E","M","R","B"],"character_chosen":"HERMIT","items_purchased":["Apotheosis","hermit:Headshot+1","Strange Spoon","hermit:TakeAim","hermit:Malice+1","hermit:Grudge+1","hermit:BigShot"],"campfire_rested":3,"item_purchase_floors":[4,4,22,22,27,27,27],"current_hp_per_floor":[75,75,75,75,75,59,59,59,59,59,43,37,22,22,59,37,75,75,75,70,70,70,70,51,51,51,51,51,75,49,42,75,0,0],"gold":109,"neow_bonus":"HUNDRED_GOLD","is_daily":false,"chose_seed":false,"campfire_upgraded":2,"win_rate":0.0,"timestamp":1611290567,"path_taken":["M","?","?","$","M","E","?","R","T","M","E","M","?","M","R","BOSS","M","?","M","?","$","R","E","?","T","$","?","R","E","M","R","BOSS"],"items_purchased_type":["Card","Card","Relic","Card","Card","Card","Card"],"build_version":"2020-12-22","purchased_purges":0,"victory":false,"max_hp_per_floor":[75,75,75,75,75,75,75,75,75,75,75,75,75,75,75,75,75,75,75,75,75,75,75,75,75,75,75,75,75,75,75,75,75,75],"card_choices":[{"not_picked":["hermit:HoleUp","hermit:Cheat"],"picked":"hermit:SprayPray","floor":1.0},{"not_picked":["hermit:DeadMansHand","hermit:Glare"],"picked":"hermit:FlashPowder","floor":5},{"not_picked":["hermit:HighCaliber+1","hermit:PistolWhip+1"],"picked":"hermit:Enervate+1","floor":6},{"not_picked":["hermit:TrackingShot+1","hermit:EyeOfTheStorm"],"picked":"hermit:Ricochet+1","floor":7},{"not_picked":["hermit:EyeOfTheStorm","hermit:Headshot+1"],"picked":"hermit:Snipe","floor":10},{"not_picked":["hermit:HighCaliber+1","hermit:Coalescence"],"picked":"hermit:Enervate+1","floor":11},{"not_picked":["hermit:Manifest","hermit:LoneWolf"],"picked":"hermit:Vantage","floor":12},{"not_picked":["hermit:Grudge+1","hermit:Gambit"],"picked":"hermit:Manifest","floor":14},{"not_picked":["hermit:Magnum+1","hermit:Reprieve"],"picked":"hermit:Roughhouse+1","floor":16},{"not_picked":["hermit:Scavenge+1","hermit:Coalescence"],"picked":"hermit:Ricochet+1","floor":18},{"not_picked":["hermit:Headshot+1","hermit:BigShot"],"picked":"hermit:Dive+1","floor":20},{"not_picked":["hermit:Dive","hermit:Enervate+1"],"picked":"hermit:Deadeye+1","floor":24},{"not_picked":["hermit:Headshot+1","hermit:Maintenance"],"picked":"hermit:Ricochet+1","floor":30},{"not_picked":["hermit:CursedWeapon+1","hermit:FullyLoaded+1"],"picked":"hermit:TrackingShot+1","floor":31}],"player_experience":2300952,"relics_obtained":[{"floor":6,"key":"aspiration:HatOfInfinitePower"},{"floor":9,"key":"Nunchaku"},{"floor":11,"key":"Regal Pillow"},{"floor":24,"key":"Toy Ornithopter"},{"floor":26,"key":"Centennial Puzzle"},{"floor":30,"key":"construct:BoolHorns"}],"event_choices":[{"cards_removed":["Injury"],"damage_healed":0.0,"max_hp_gain":0.0,"max_hp_loss":0.0,"gold_gain":0.0,"event_name":"Fountain of Cleansing","player_choice":"Removed Curses","floor":3.0,"gold_loss":0.0,"damage_taken":0.0},{"damage_healed":37,"gold_gain":0,"player_choice":"Upgrade","damage_taken":15,"max_hp_gain":0,"max_hp_loss":75,"event_name":"betterThird:BetterShining","floor":13,"gold_loss":0,"cards_upgraded":["hermit:Strike_Hermit","hermit:Defend_Hermit"]},{"damage_healed":0,"gold_gain":0,"player_choice":"Read","damage_taken":0,"max_hp_gain":0,"max_hp_loss":0,"event_name":"The Library","floor":19,"gold_loss":0,"cards_obtained":["hermit:TrackingShot"]},{"damage_healed":0,"gold_gain":0,"cards_transformed":["hermit:Strike_Hermit","hermit:Strike_Hermit"],"player_choice":"Became Test Subject","damage_taken":0,"max_hp_gain":0,"max_hp_loss":0,"event_name":"Drug Dealer","floor":21,"gold_loss":0,"cards_obtained":["hermit:PistolWhip","hermit:LowProfile"]},{"damage_healed":0,"gold_gain":0,"player_choice":" Defy","damage_taken":0,"max_hp_gain":0,"max_hp_loss":0,"event_name":"betterAltar:BetterAltar","floor":28,"gold_loss":0,"cards_obtained":["Decay"]}],"is_beta":false,"boss_relics":[{"not_picked":["aspiration:RunicSpoon","Busted Crown"],"picked":"Runesmith:UraniumAnvil"}],"items_purged_floors":[],"is_endless":false,"potions_floor_spawned":[5,7,10,14,16,18,30,31],"killed_by":"Champ","ascension_level":1}}