{"host":"359hz4210ybch7ku","time":1611298128,"event":{"mods":["BaseMod","Block Reminder","Colored Map","Colored Powertips","Highlight Path","Minty Spire (QoL Compilation)","Slay the Relics Exporter","StSLib"],"gold_per_floor":[114,39,54,64,64,90,90,100,100,100,100,100,100,100,100,197,197,215,228,228,228],"floor_reached":20,"language":"ENG","playtime":874,"items_purged":["Defend_G"],"score":198,"play_id":"c95515d0-aa34-470a-aaa6-33bee0af5421","local_time":"20210121224848","is_ascension_mode":true,"campfire_choices":[{"floor":7,"key":"REST"},{"floor":10,"key":"REST"},{"floor":13,"key":"REST"},{"floor":15,"key":"REST"}],"circlet_count":0,"master_deck":["Strike_G","Strike_G","Strike_G","Strike_G","Strike_G","Defend_G","Defend_G","Defend_G","Defend_G","Survivor","Neutralize","Terror+1","Accuracy+1","Deflect","Acrobatics","Noxious Fumes","Storm of Steel+1","Acrobatics+1","Bouncing Flask+1"],"relics":["Fusion Hammer","Ice Cream","Toxic Egg 2","Black Star"],"acts_visited":["Exordium","TheCity"],"potions_floor_usage":[16,16,16],"damage_taken":[{"damage":2,"enemies":"Jaw Worm","floor":1,"turns":5},{"damage":4,"enemies":"Small Slimes","floor":3,"turns":4},{"damage":1,"enemies":"Cultist","floor":4,"turns":3},{"damage":45,"enemies":"Gremlin Nob","floor":6,"turns":6},{"damage":22,"enemies":"Large Slime","floor":8,"turns":9},{"damage":52,"enemies":"Slime Boss","floor":16,"turns":12},{"damage":33,"enemies":"Spheric Guardian","floor":18,"turns":7},{"damage":12,"enemies":"Chosen","floor":19,"turns":4},{"damage":27,"enemies":"Shelled Parasite and Fungi","floor":20,"turns":3}],"seed_played":"-6293643461539788249","potions_obtained":[{"floor":1,"key":"LiquidBronze"},{"floor":4,"key":"SkillPotion"},{"floor":8,"key":"Fire Potion"},{"floor":18,"key":"Block Potion"}],"is_trial":false,"path_per_floor":["M","$","M","M","$","E","R","M","T","R","?","?","R","?","R","B",null,"M","M","M"],"character_chosen":"THE_SILENT","items_purchased":[],"campfire_rested":4,"item_purchase_floors":[],"current_hp_per_floor":[68,68,64,63,63,18,39,17,17,38,61,47,68,68,70,18,70,37,25,0,0],"gold":228,"neow_bonus":"BOSS_RELIC","is_daily":false,"chose_seed":false,"campfire_upgraded":0,"win_rate":0.0,"timestamp":1611298128,"path_taken":["M","$","M","M","$","E","R","M","T","R","?","?","R","?","R","BOSS","M","?","M"],"items_purchased_type":[],"build_version":"2020-12-22","purchased_purges":1,"victory":false,"max_hp_per_floor":[70,70,70,70,70,70,70,70,70,70,70,70,70,70,70,70,70,70,70,70,70],"card_choices":[{"not_picked":["Poisoned Stab","Bane"],"picked":"Terror","floor":1},{"not_picked":["Slice","Escape Plan"],"picked":"Accuracy","floor":3},{"not_picked":["Heel Hook","Setup"],"picked":"Deflect","floor":4},{"not_picked":["Leg Sweep","Quick Slash"],"picked":"Acrobatics","floor":6},{"not_picked":["Catalyst","Dash"],"picked":"Noxious Fumes","floor":8},{"not_picked":["Envenom","Corpse Explosion+1"],"picked":"Storm of Steel+1","floor":16},{"not_picked":["Outmaneuver+1","Underhanded Strike+1"],"picked":"Acrobatics+1","floor":18},{"not_picked":["Flechettes+1","Eviscerate"],"picked":"Bouncing Flask+1","floor":19}],"player_experience":257191,"relics_obtained":[{"floor":6,"key":"Ice Cream"},{"floor":9,"key":"Toxic Egg 2"}],"event_choices":[{"damage_healed":23,"gold_gain":0,"player_choice":"Banana","damage_taken":0,"max_hp_gain":0,"max_hp_loss":0,"event_name":"Big Fish","floor":11,"gold_loss":0},{"damage_healed":0,"gold_gain":0,"player_choice":"Entered Light","damage_taken":14,"max_hp_gain":0,"max_hp_loss":0,"event_name":"Shining Light","floor":12,"gold_loss":0,"cards_upgraded":["Accuracy","Terror"]},{"damage_healed":0,"gold_gain":0,"player_choice":"Got Potions","damage_taken":0,"max_hp_gain":0,"max_hp_loss":0,"event_name":"Lab","floor":14,"gold_loss":0}],"is_beta":false,"boss_relics":[{"not_picked":["Runic Pyramid","Philosopher\u0027s Stone"],"picked":"Black Star"}],"items_purged_floors":[2],"is_endless":false,"potions_floor_spawned":[1,4,8,18],"killed_by":"Shelled Parasite and Fungi","ascension_level":3}}