{"host":"0ricjaa7rfq9v76t","time":1611306271,"event":{"mods":["AchievementEnabler","Aspiration","BaseMod","Better Vampires","BetterRewards","Colored Powertips","Highlight Path","Hubris","Infinite Spire","Minty Spire (QoL Compilation)","Quick Restart","Rare Cards Sparkle","Relic Sorter","Replay The Spire","StSLib","SuperFastMode","Synergy Search","The Cursed","The Disciple","The Jungle","The Marked","The Runesmith","Uncapped"],"gold_per_floor":[114,129,129,129,149,183,193,269,292,314,86,86,96,116,116,211,261,272,272,272,272,283,283,293,293,293,304,304,304],"floor_reached":28,"language":"ENG","playtime":1200,"items_purged":["Strike_B"],"score":320,"play_id":"779c3662-3a4b-418a-8649-99bbed8851bc","local_time":"20210122170431","is_ascension_mode":false,"campfire_choices":[{"floor":12,"key":"REST"},{"floor":15,"key":"REST"},{"floor":25,"key":"REST"}],"circlet_count":0,"master_deck":["Strike_B","Strike_B","Defend_B","Defend_B","Defend_B","Defend_B","Zap","Dualcast","Apotheosis","Turbo","Streamline+1","Turbo","Time Bomb","hubris:SpecializedCircuitry","Double Energy","Mirror Shield+1","Biased Cognition","Rebound","White Noise","Storm+1"],"relics":["Cracked Core","hubris:Icosahedron","Darkstone Periapt","Potion Belt","Toy Ornithopter","Odd Mushroom","Orrery","Tiny House","Enchiridion","Replay:Mystery Machine","Bag of Marbles","ReplayTheSpireMod:Ninjato"],"acts_visited":["Exordium","TheCity"],"potions_floor_usage":[6,16,22,28,28],"damage_taken":[{"damage":0,"enemies":"Jaw Worm","floor":1,"turns":3},{"damage":0,"enemies":"Cultist","floor":2,"turns":2},{"damage":0,"enemies":"2 Louse","floor":5,"turns":1},{"damage":25,"enemies":"3 Sentries","floor":6,"turns":6},{"damage":12,"enemies":"Large Slime","floor":7,"turns":5},{"damage":6,"enemies":"The Mushroom Lair","floor":10,"turns":3},{"damage":4,"enemies":"3 Louse","floor":13,"turns":4},{"damage":12,"enemies":"Blue Slaver","floor":14,"turns":2},{"damage":16,"enemies":"The Guardian","floor":16,"turns":8},{"damage":2,"enemies":"Chosen","floor":18,"turns":4},{"damage":5,"enemies":"Spheric Guardian","floor":22,"turns":3},{"damage":15,"enemies":"Shelled Parasite and Fungi","floor":24,"turns":4},{"damage":43,"enemies":"Sentry and Sphere","floor":27,"turns":6},{"damage":49,"enemies":"Masked Bandits","floor":28,"turns":3}],"seed_played":"3050628036362682101","potions_obtained":[{"floor":1,"key":"PowerPotion"},{"floor":2,"key":"SteroidPotion"},{"floor":5,"key":"FearPotion"},{"floor":13,"key":"Ancient Potion"},{"floor":16,"key":"SteroidPotion"},{"floor":17,"key":"Fruit Juice"},{"floor":22,"key":"Ancient Potion"},{"floor":24,"key":"Reflective Coating"}],"is_trial":false,"path_per_floor":["M","M","?","T","M","E","M","?","T","?","$","R","M","M","R","B",null,"M","?","?","T","M","T","M","R","T","M","?"],"character_chosen":"DEFECT","items_purchased":["Apotheosis","Turbo","Streamline+1","Orrery"],"campfire_rested":3,"item_purchase_floors":[0,0,0,11],"current_hp_per_floor":[68,68,68,68,68,43,31,31,31,25,25,47,43,31,53,42,80,78,78,62,62,67,67,52,77,77,34,0,0],"gold":304,"neow_bonus":"","is_daily":false,"chose_seed":false,"campfire_upgraded":0,"win_rate":0.0,"timestamp":1611306271,"path_taken":["M","M","?","?","?","E","M","?","T","?","$","R","M","M","R","BOSS","M","?","?","?","M","?","?","R","T","M","?"],"items_purchased_type":["Card","Card","Card","Relic"],"build_version":"2020-12-22","purchased_purges":1,"victory":false,"max_hp_per_floor":[75,75,75,75,75,75,75,75,75,75,75,75,75,75,75,75,80,80,80,80,80,85,85,85,85,85,85,85,85],"card_choices":[{"not_picked":["Compile Driver","Steam"],"picked":"Turbo","floor":1},{"not_picked":["Beam Cell","Hologram","Cold Snap"],"picked":"SKIP","floor":2},{"not_picked":["Chill","Redo","Conserve Battery"],"picked":"SKIP","floor":5},{"not_picked":["Compile Driver","Redo","Beam Cell"],"picked":"SKIP","floor":6},{"not_picked":["Compile Driver","Beam Cell","Panic Button"],"picked":"SKIP","floor":7},{"not_picked":["Sweeping Beam","Reboot"],"picked":"Time Bomb","floor":10},{"not_picked":["Panic Button","Conserve Battery"],"picked":"hubris:SpecializedCircuitry","floor":11},{"not_picked":["Glacier","Beam Cell"],"picked":"Double Energy","floor":11},{"not_picked":["ReplaySort","Stack"],"picked":"Mirror Shield","floor":11},{"not_picked":["ReplaySort","ReplayTheSpireMod:System Scan","Turbo"],"picked":"SKIP","floor":13},{"not_picked":["Leap","Steam","Compile Driver"],"picked":"SKIP","floor":14},{"not_picked":["hubris:Prefetch","Mirror Shield"],"picked":"Biased Cognition","floor":16},{"not_picked":["Turbo","Steam"],"picked":"Rebound","floor":17},{"not_picked":["FTL","Conserve Battery","Turbo"],"picked":"SKIP","floor":18},{"not_picked":["ReplaySort","Redo"],"picked":"White Noise","floor":22},{"not_picked":["Genetic Algorithm","Panic Button"],"picked":"Storm+1","floor":24},{"not_picked":["Ball Lightning","Panic Button","aspiration:Polymerization"],"picked":"SKIP","floor":27}],"player_experience":195401,"relics_obtained":[{"floor":4,"key":"Darkstone Periapt"},{"floor":6,"key":"Potion Belt"},{"floor":9,"key":"Toy Ornithopter"},{"floor":10,"key":"Odd Mushroom"},{"floor":20,"key":"Enchiridion"},{"floor":21,"key":"Replay:Mystery Machine"},{"floor":23,"key":"Bag of Marbles"},{"floor":26,"key":"ReplayTheSpireMod:Ninjato"}],"event_choices":[{"damage_healed":0,"gold_gain":76,"player_choice":"Gained Gold","damage_taken":0,"max_hp_gain":0,"max_hp_loss":0,"event_name":"Golden Wing","floor":8,"gold_loss":0},{"damage_healed":0,"gold_gain":0,"player_choice":"Fought Mushrooms","damage_taken":0,"max_hp_gain":0,"max_hp_loss":0,"event_name":"Mushrooms","floor":10,"gold_loss":0},{"damage_healed":0,"gold_gain":0,"player_choice":"Obtained Book","damage_taken":16,"max_hp_gain":0,"max_hp_loss":0,"event_name":"Cursed Tome","floor":20,"gold_loss":0},{"damage_healed":0,"gold_gain":0,"player_choice":"Fought Bandits","damage_taken":0,"max_hp_gain":0,"max_hp_loss":0,"event_name":"Masked Bandits","floor":28,"gold_loss":0}],"is_beta":false,"boss_relics":[{"not_picked":["Replay:Ancient Bell","Philosopher\u0027s Stone"],"picked":"Tiny House"}],"items_purged_floors":[11],"is_endless":false,"potions_floor_spawned":[1,2,5,13,16,22,24],"killed_by":"Masked Bandits","ascension_level":0}}