{"host":"4u4xibnmtqpdl4qa","time":1611281597,"event":{"mods":["2.2 Compatiblity","AchievementEnabler","BaseMod","Colored Map","Colored Powertips","Curses Come First","DeckTracker","Downfall","Highlight Path","Minty Spire (QoL Compilation)","Quick Restart","Rare Cards Sparkle","Relic Stats","Shop Mod","StSLib","SuperFastMode","The Senshi","The Vixen","TheHero","Waifu the Spire"],"gold_per_floor":[99,116,116,116,26,41,67,85,118,118,128,138,151,176,191,296,296,296,396,396,408,508,526,597,639,660,660,660,680,680,106,133,133,133,133],"floor_reached":33,"language":"ENG","playtime":3765,"items_purged":["downfall:Malfunctioning","hexamod:Defend"],"score":304,"play_id":"2f5b367c-e912-4953-8431-ed66f7527aba","local_time":"20210122031317","is_ascension_mode":false,"campfire_choices":[{"data":"hexamod:Sear","floor":1.0,"key":"SMITH"},{"data":"hexamod:HeatShield","floor":10.0,"key":"SMITH"},{"data":"hexamod:ParanormalForm","floor":18,"key":"SMITH"},{"data":"hexamod:GhostOfSpirePresent","floor":27,"key":"SMITH"},{"floor":30,"key":"REST"}],"circlet_count":0,"master_deck":["hexamod:Strike+1","hexamod:Strike","hexamod:Defend","hexamod:Defend+1","hexamod:Defend+1","hexamod:Sear+1","hexamod:Float","hexamod:FirstSeal","hexamod:Hexaguard","hexamod:DynamicBlow+1","hexamod:ChargedBarrage","hexamod:HeatShield+1","hexamod:RadiantFlame","hexamod:GhostLash","hexamod:ThermalTransfer","hexamod:HeatCrush","hexamod:ParanormalForm+1","hexamod:ThirdSeal","hexamod:VolcanoVisage","hexamod:NightmareGuise+1","hexamod:SecondSeal","hexamod:GhostOfSpirePresent+1","hexamod:SoulSteal","hexamod:ExtraCrispy+1","hexamod:EmpoweredFlame+1","hexamod:SkipABeat+1","hexamod:SixthSeal","hexamod:FourthSeal","hexamod:GhostShield"],"relics":["hexamod:SpiritBrand","Dream Catcher","Oddly Smooth Stone","hexamod:SoulConsumer","bronze:MakeshiftBattery","Mango","Blue Candle","Enchiridion","MutagenicStrength","Sundial","Torii","Medical Kit","Meat on the Bone"],"acts_visited":["Exordium","TheCity"],"potions_floor_usage":[16,19,21,22,22,22,25,31,33,33],"damage_taken":[{"damage":0.0,"enemies":"Jaw Worm","floor":2.0,"turns":4.0},{"damage":0.0,"enemies":"downfall:FleeingMerchant","floor":5.0,"turns":4.0},{"damage":0.0,"enemies":"Small Slimes","floor":6.0,"turns":4.0},{"damage":0.0,"enemies":"Cultist","floor":8.0,"turns":3.0},{"damage":17.0,"enemies":"Lagavulin","floor":9.0,"turns":8.0},{"damage":7,"enemies":"Exordium Thugs","floor":11,"turns":5},{"damage":0,"enemies":"Large Slime","floor":12,"turns":4},{"damage":7,"enemies":"3 Louse","floor":13,"turns":4},{"damage":10,"enemies":"3 Sentries","floor":14,"turns":10},{"damage":2,"enemies":"Red Slaver","floor":15,"turns":3},{"damage":60,"enemies":"DF_ARCHETYPE_STREAMLINE","floor":16,"turns":14},{"damage":12,"enemies":"Colosseum Nobs","floor":19,"turns":5},{"damage":0,"enemies":"Shell Parasite","floor":21,"turns":5},{"damage":27,"enemies":"downfall:Augmenter","floor":22,"turns":6},{"damage":9,"enemies":"Spheric Guardian","floor":23,"turns":5},{"damage":36,"enemies":"Gremlin Leader","floor":25,"turns":7},{"damage":10,"enemies":"Centurion and Healer","floor":26,"turns":5},{"damage":15,"enemies":"Snake Plant","floor":29,"turns":3},{"damage":5,"enemies":"downfall:FleeingMerchant","floor":31,"turns":4},{"damage":2,"enemies":"Shelled Parasite and Fungi","floor":32,"turns":6},{"damage":75,"enemies":"SI_MIRROR_ARCHETYPE","floor":33,"turns":12}],"seed_played":"6792501948400039125","potions_obtained":[{"floor":2.0,"key":"Block Potion"},{"floor":4.0,"key":"Fruit Juice"},{"floor":4.0,"key":"Block Potion"},{"floor":4.0,"key":"ColorlessPotion"},{"floor":6.0,"key":"Fire Potion"},{"floor":16,"key":"EntropicBrew"},{"floor":19,"key":"champ:CounterPotion"},{"floor":22,"key":"Ancient Potion"},{"floor":26,"key":"champ:CounterPotion"},{"floor":32,"key":"SmokeBomb"},{"floor":32,"key":"ColorlessPotion"}],"is_trial":false,"path_per_floor":["R","M","?","?","$","M","T","M","E","R","M","M","M","E","M","B",null,"R","?","?","M","?","M","T","E","M","R","?","M","R","$","M","B"],"character_chosen":"THE_SPIRIT","items_purchased":["hexamod:FourthSeal","Medical Kit","Meat on the Bone"],"campfire_rested":1,"item_purchase_floors":[31,31,31],"current_hp_per_floor":[77,77,77,82,82,82,82,82,72,72,72,79,79,76,82,26,82,82,95,79,90,67,65,65,40,41,41,41,30,58,60,69,0,0,0],"gold":133,"neow_bonus":"TEN_PERCENT_HP_BONUS","is_daily":false,"chose_seed":false,"campfire_upgraded":4,"win_rate":0.0,"timestamp":1611281597,"path_taken":["R","M","?","?","$","M","T","M","E","R","?","M","M","E","M","BOSS","R","?","?","M","?","M","T","E","M","R","?","M","R","$","M","BOSS"],"items_purchased_type":["Card","Relic","Relic"],"build_version":"2020-12-22","purchased_purges":2,"victory":false,"max_hp_per_floor":[77,77,77,82,82,82,82,82,82,82,82,82,82,82,82,82,82,82,96,96,96,96,96,96,96,96,96,96,96,96,96,96,96,96,96],"relic_stats":{"Dream Catcher":1,"Torii":37,"counters":[21,121],"Sundial":[2],"Blue Candle":[0],"Medical Kit":[2],"obtain_stats":[{"Torii":25,"Blue Candle":19,"Oddly Smooth Stone":9,"Enchiridion":20,"Mango":19,"Medical Kit":31,"Dream Catcher":7,"Sundial":24,"MutagenicStrength":22,"hexamod:SoulConsumer":14,"hexamod:SpiritBrand":0,"bronze:MakeshiftBattery":17,"Meat on the Bone":31},{"Torii":16,"Blue Candle":12,"Oddly Smooth Stone":5,"Enchiridion":12,"Mango":12,"Medical Kit":19,"Dream Catcher":3,"Sundial":15,"MutagenicStrength":14,"hexamod:SoulConsumer":9,"hexamod:SpiritBrand":0,"bronze:MakeshiftBattery":11,"Meat on the Bone":19},{"Torii":91,"Blue Candle":68,"Oddly Smooth Stone":23,"Enchiridion":68,"Mango":68,"Medical Kit":103,"Dream Catcher":12,"Sundial":84,"MutagenicStrength":79,"hexamod:SoulConsumer":46,"hexamod:SpiritBrand":0,"bronze:MakeshiftBattery":63,"Meat on the Bone":103}],"Meat on the Bone":0},"card_choices":[{"not_picked":["hexamod:GhostOfSpireFuture","hexamod:RetreatToShadows"],"picked":"hexamod:FirstSeal","floor":2.0},{"not_picked":["hexamod:Firestarter","hexamod:BurningTouch"],"picked":"hexamod:Hexaguard","floor":5.0},{"not_picked":["hexamod:Rewind","hexamod:SpectersWail"],"picked":"hexamod:DynamicBlow","floor":6.0},{"not_picked":["hexamod:SkipABeat","hexamod:Firestarter"],"picked":"hexamod:ChargedBarrage","floor":8.0},{"not_picked":["hexamod:TurnItUp","hexamod:HauntingEcho"],"picked":"hexamod:HeatShield","floor":9.0},{"not_picked":["hexamod:SkipABeat","hexamod:BurningTouch"],"picked":"hexamod:RadiantFlame","floor":11},{"not_picked":["hexamod:NightmareStrike","hexamod:BacktrackSmack"],"picked":"hexamod:GhostLash","floor":12},{"not_picked":["hexamod:Incineration","hexamod:Hexaguard"],"picked":"hexamod:ThermalTransfer","floor":13},{"not_picked":["hexamod:EtherealExpedition","hexamod:Firestarter","hexamod:BacktrackSmack"],"picked":"SKIP","floor":14},{"not_picked":["hexamod:HauntingEcho","hexamod:ChargedBarrage"],"picked":"hexamod:HeatCrush","floor":15},{"not_picked":["hexamod:GhostflameInferno","hexamod:TurnItUp"],"picked":"hexamod:ParanormalForm","floor":16},{"not_picked":["hexamod:BacktrackSmack","hexamod:FastForward"],"picked":"hexamod:ThirdSeal","floor":19},{"not_picked":["hexamod:HeatCrush+1","hexamod:FirstSeal"],"picked":"hexamod:VolcanoVisage","floor":21},{"not_picked":["hexamod:ThermalTransfer","hexamod:SpectersWail","hexamod:RadiantFlame+1"],"picked":"SKIP","floor":21},{"not_picked":["hexamod:ShieldOfDarkness","hexamod:SkipABeat"],"picked":"hexamod:NightmareGuise+1","floor":22},{"not_picked":["hexamod:GhostLash+1","hexamod:HeatMetal+1"],"picked":"hexamod:SecondSeal","floor":22},{"not_picked":["hexamod:ShieldOfDarkness","hexamod:SoulSteal"],"picked":"hexamod:ExtraCrispy+1","floor":23},{"not_picked":["hexamod:Incineration","hexamod:SpectralAdrenaline","hexamod:NightmareStrike"],"picked":"SKIP","floor":23},{"not_picked":["hexamod:RadiantFlame","hexamod:RetreatToShadows"],"picked":"hexamod:EmpoweredFlame","floor":25},{"not_picked":["hexamod:SpectersWail","hexamod:FlameSwitch","hexamod:Firestarter"],"picked":"SKIP","floor":25},{"not_picked":["hexamod:HauntingEcho","hexamod:HeatMetal"],"picked":"hexamod:SkipABeat+1","floor":26},{"not_picked":["hexamod:BacktrackSmack","hexamod:GhostShield","hexamod:GhostOfSpirePast+1"],"picked":"SKIP","floor":26},{"not_picked":["hexamod:ThermalTransfer","hexamod:FastForward","hexamod:SwordOfDarkness+1"],"picked":"SKIP","floor":29},{"not_picked":["hexamod:GhostShield","hexamod:NecessarySacrifice+1"],"picked":"hexamod:SixthSeal","floor":30},{"not_picked":["hexamod:InspiringFlames","hexamod:SwordOfDarkness+1","hexamod:HauntingEcho"],"picked":"SKIP","floor":31},{"not_picked":["hexamod:SwordOfDarkness","hexamod:RetreatToShadows"],"picked":"hexamod:GhostShield","floor":32},{"not_picked":["hexamod:HauntingEcho+1","hexamod:RadiantFlame+1","hexamod:ThermalTransfer+1"],"picked":"SKIP","floor":32}],"player_experience":200869,"relics_obtained":[{"floor":7.0,"key":"Dream Catcher"},{"floor":9.0,"key":"Oddly Smooth Stone"},{"floor":14,"key":"hexamod:SoulConsumer"},{"floor":19,"key":"Mango"},{"floor":19,"key":"Blue Candle"},{"floor":20,"key":"Enchiridion"},{"floor":22,"key":"MutagenicStrength"},{"floor":24,"key":"Sundial"},{"floor":25,"key":"Torii"}],"event_choices":[{"damage_healed":0.0,"max_hp_gain":0.0,"max_hp_loss":0.0,"gold_gain":0.0,"event_name":"Lab","player_choice":"Got Potions","floor":4.0,"gold_loss":0.0,"damage_taken":0.0}],"is_beta":false,"boss_relics":[{"not_picked":["Sozu","Coffee Dripper"],"picked":"bronze:MakeshiftBattery"}],"items_purged_floors":[5,31],"is_endless":false,"potions_floor_spawned":[2,6,8,11,14,16,19,22,26,32],"killed_by":"SI_MIRROR_ARCHETYPE","ascension_level":0}}