{"host":"t5h83eruwt5lxl3o","time":1611296569,"event":{"mods":["AchievementEnabler","Act Like it!","BaseMod","CapriCore","Colored Map","DeckTracker","Hermit","Highlight Path","Koishi","Marisa£¨Ùöéë¡¡Øª×âÞÞ£©","Minty Spire (QoL Compilation)","Permanent Neow","Quick Restart","StSLib","SuperFastMode","The Cursed","The Immortal","everything is the same but u backflip on backflip"],"gold_per_floor":[115,26,43,62,27,58,86,86,111,124,155,175,250,250,250,326,326,346,358,358,4,23,23,54,4,4,4,34,34,34,34,34,108,108,126,45,57,57,57],"floor_reached":38,"language":"KOR","playtime":1089,"items_purged":["Strike_R","Defend_R"],"score":893,"play_id":"4459e21c-d208-4abe-8b06-7380c3508edf","local_time":"20210122152249","is_ascension_mode":true,"campfire_choices":[{"data":"Whirlwind","floor":8.0,"key":"SMITH"},{"data":"Disarm","floor":15.0,"key":"SMITH"},{"data":"Inflame","floor":23.0,"key":"SMITH"},{"data":"Heavy Blade","floor":27.0,"key":"SMITH"},{"data":"Disarm","floor":29.0,"key":"SMITH"},{"data":"Reaper","floor":32.0,"key":"SMITH"}],"circlet_count":0,"master_deck":["AscendersBane","Strike_R+1","Strike_R","Defend_R","Defend_R","Defend_R","Bash+1","Inflame+1","Whirlwind+1","Twin Strike","Inflame","Pummel","Heavy Blade+1","Spot Weakness","Disarm+1","Shrug It Off","Reaper+1","Bloodletting+1","Demon Form","Disarm+1","Exhume","Offering","Inflame+1"],"relics":["Burning Blood","Blood Vial","Odd Mushroom","Lantern","Red Skull","Coffee Dripper","Vajra","Membership Card","Strawberry","Darkstone Periapt","StoneCalendar","Whetstone","Velvet Choker","Bag of Preparation"],"acts_visited":["Exordium","TheCity","TheBeyond"],"potions_floor_usage":[38],"damage_taken":[{"damage":11.0,"enemies":"Small Slimes","floor":1.0,"turns":5.0},{"damage":6.0,"enemies":"2 Louse","floor":3.0,"turns":2.0},{"damage":1.0,"enemies":"Cultist","floor":4.0,"turns":3.0},{"damage":56.0,"enemies":"Gremlin Nob","floor":6.0,"turns":5.0},{"damage":9.0,"enemies":"The Mushroom Lair","floor":7.0,"turns":4.0},{"damage":8.0,"enemies":"Blue Slaver","floor":10.0,"turns":2.0},{"damage":0.0,"enemies":"3 Sentries","floor":11.0,"turns":1.0},{"damage":0.0,"enemies":"3 Louse","floor":12.0,"turns":1.0},{"damage":26.0,"enemies":"The Guardian","floor":16.0,"turns":8.0},{"damage":0.0,"enemies":"Spheric Guardian","floor":18.0,"turns":3.0},{"damage":52.0,"enemies":"2 Thieves","floor":19.0,"turns":4.0},{"damage":24.0,"enemies":"Snake Plant","floor":22.0,"turns":2.0},{"damage":25.0,"enemies":"Book of Stabbing","floor":24.0,"turns":2.0},{"damage":18.0,"enemies":"Gremlin Leader","floor":28.0,"turns":4.0},{"damage":46.0,"enemies":"Automaton","floor":33.0,"turns":5.0},{"damage":28.0,"enemies":"3 Shapes","floor":35.0,"turns":2.0},{"damage":31,"enemies":"3 Darklings","floor":37,"turns":3},{"damage":3,"enemies":"2 Orb Walkers","floor":38,"turns":1}],"seed_played":"-551393968989417408","potions_obtained":[{"floor":6.0,"key":"HeartOfIron"},{"floor":10.0,"key":"DuplicationPotion"},{"floor":11.0,"key":"BloodPotion"},{"floor":12.0,"key":"Fire Potion"},{"floor":16.0,"key":"Explosive Potion"},{"floor":18.0,"key":"SkillPotion"},{"floor":33.0,"key":"ColorlessPotion"},{"floor":37,"key":"SneckoOil"}],"is_trial":false,"path_per_floor":["M","$","M","M","?","E","?","R","T","M","E","M","?","?","R","B",null,"M","M","?","$","M","R","E","$","T","R","E","R","?","?","R","B",null,"M","$","M","?"],"character_chosen":"IRONCLAD","items_purchased":["Whirlwind","Membership Card","Strawberry","Demon Form","Bag of Preparation"],"campfire_rested":0,"item_purchase_floors":[2,21,21,21,36],"current_hp_per_floor":[63,63,63,68,75,25,24,24,24,24,32,40,29,22,22,19,61,69,40,40,47,31,31,14,14,14,14,26,26,26,26,26,18,66,52,52,47,46,46],"gold":57,"neow_bonus":"REMOVE_CARD","is_daily":false,"chose_seed":false,"campfire_upgraded":6,"win_rate":0.0,"timestamp":1611296569,"path_taken":["M","$","M","M","?","E","?","R","T","M","E","M","?","?","R","BOSS","M","M","?","$","M","R","E","?","T","R","E","R","?","?","R","BOSS","M","$","M","?"],"items_purchased_type":["Card","Relic","Relic","Card","Relic"],"build_version":"2020-12-22","purchased_purges":2,"victory":false,"max_hp_per_floor":[75,75,75,75,75,75,75,75,75,75,75,75,75,75,75,75,75,75,75,75,82,82,82,82,82,82,82,82,82,82,82,82,82,82,82,82,82,82,82],"card_choices":[{"not_picked":["Cleave","Twin Strike"],"picked":"Inflame","floor":1.0},{"not_picked":["Flex","Perfected Strike"],"picked":"Twin Strike","floor":3.0},{"not_picked":["Thunderclap","Intimidate"],"picked":"Inflame","floor":4.0},{"not_picked":["Searing Blow","Exhume"],"picked":"Pummel","floor":6.0},{"not_picked":["Havoc","Clothesline"],"picked":"Heavy Blade","floor":7.0},{"not_picked":["Clothesline","Barricade"],"picked":"Spot Weakness","floor":10.0},{"not_picked":["Cleave","Metallicize"],"picked":"Disarm","floor":11.0},{"not_picked":["Flex","Iron Wave"],"picked":"Shrug It Off","floor":12.0},{"not_picked":["Bludgeon","Juggernaut"],"picked":"Reaper","floor":16.0},{"not_picked":["Cleave","Armaments","Pommel Strike"],"picked":"SKIP","floor":18.0},{"not_picked":["Armaments","True Grit"],"picked":"Bloodletting+1","floor":19.0},{"not_picked":["Cleave","Evolve"],"picked":"Disarm","floor":22.0},{"not_picked":["Power Through","Wild Strike"],"picked":"Exhume","floor":24.0},{"not_picked":["Anger","Inflame","Brutality"],"picked":"SKIP","floor":28.0},{"not_picked":["Brutality","Barricade"],"picked":"Offering","floor":33.0},{"not_picked":["Power Through","Thunderclap"],"picked":"Inflame+1","floor":35.0},{"not_picked":["Shrug It Off","Anger","Fire Breathing"],"picked":"SKIP","floor":37}],"player_experience":456988,"relics_obtained":[{"floor":6.0,"key":"Blood Vial"},{"floor":7.0,"key":"Odd Mushroom"},{"floor":9.0,"key":"Lantern"},{"floor":11.0,"key":"Red Skull"},{"floor":24.0,"key":"Darkstone Periapt"},{"floor":26.0,"key":"StoneCalendar"},{"floor":28.0,"key":"Whetstone"}],"event_choices":[{"damage_healed":18.0,"max_hp_gain":0.0,"max_hp_loss":0.0,"gold_gain":0.0,"event_name":"The Cleric","player_choice":"Healed","floor":5.0,"gold_loss":35.0,"damage_taken":0.0},{"damage_healed":0.0,"max_hp_gain":0.0,"max_hp_loss":0.0,"gold_gain":0.0,"event_name":"Mushrooms","player_choice":"Fought Mushrooms","floor":7.0,"gold_loss":0.0,"damage_taken":0.0},{"damage_healed":0.0,"max_hp_gain":0.0,"max_hp_loss":0.0,"gold_gain":75.0,"event_name":"World of Goop","player_choice":"Gather Gold","floor":13.0,"gold_loss":0.0,"damage_taken":11.0},{"cards_removed":["Strike_R"],"damage_healed":0.0,"max_hp_gain":0.0,"max_hp_loss":0.0,"gold_gain":0.0,"event_name":"Golden Wing","player_choice":"Card Removal","floor":14.0,"gold_loss":0.0,"damage_taken":7.0},{"damage_healed":0.0,"max_hp_gain":0.0,"max_hp_loss":0.0,"gold_gain":0.0,"event_name":"WeMeetAgain","player_choice":"Gave Potion","floor":20.0,"gold_loss":0.0,"damage_taken":0.0,"relics_obtained":["Vajra"]},{"damage_healed":0.0,"max_hp_gain":0.0,"max_hp_loss":0.0,"gold_gain":0.0,"event_name":"Ghosts","player_choice":"Ignored","floor":30.0,"gold_loss":0.0,"damage_taken":0.0},{"damage_healed":0.0,"max_hp_gain":0.0,"max_hp_loss":0.0,"gold_gain":0.0,"event_name":"Vampires","player_choice":"Ignored","floor":31.0,"gold_loss":0.0,"damage_taken":0.0},{"damage_healed":0,"gold_gain":0,"player_choice":"Fight","damage_taken":0,"max_hp_gain":0,"max_hp_loss":0,"event_name":"Mysterious Sphere","floor":38,"gold_loss":0}],"is_beta":false,"boss_relics":[{"not_picked":["Cursed Key","Runic Dome"],"picked":"Coffee Dripper"},{"not_picked":["Fusion Hammer","Snecko Eye"],"picked":"Velvet Choker"}],"items_purged_floors":[21,25],"is_endless":false,"potions_floor_spawned":[6,10,11,12,16,18,33,37],"killed_by":"2 Orb Walkers","ascension_level":18}}