{"host":"1mv6gj0zv8k9e9tz","time":1611337247,"event":{"mods":["AchievementEnabler","BaseMod","Better Third Choice","Colored Map","KOR Keyword Fix","Minty Spire (QoL Compilation)","Permanent Neow","Rare Cards Sparkle","StSLib"],"gold_per_floor":[112,123,134,145,158,158,72,72,72,101,120,120,139,158,158,232,232,242,259,275,287,47,47,47,47,47],"floor_reached":25,"language":"KOR","playtime":997,"items_purged":[],"score":408,"play_id":"aa9cd3df-bdbb-4a96-8fcc-5edf096d14aa","local_time":"20210123024047","is_ascension_mode":true,"campfire_choices":[{"data":"Bouncing Flask","floor":6,"key":"SMITH"},{"data":"Malaise","floor":8,"key":"SMITH"},{"floor":12,"key":"REST"},{"floor":15,"key":"REST"},{"data":"Catalyst","floor":23,"key":"SMITH"}],"circlet_count":0,"master_deck":["AscendersBane","Strike_G","Strike_G","Strike_G","Strike_G","Strike_G","Defend_G","Defend_G","Defend_G","Defend_G","Defend_G","Survivor","Neutralize","Calculated Gamble","Catalyst+1","Malaise+1","Bouncing Flask+1","Backflip","Caltrops+1","After Image+1","Dodge and Roll","Die Die Die","Caltrops+1","Noxious Fumes+1"],"relics":["Ring of the Snake","Orichalcum","Boot","Frozen Egg 2","Pocketwatch","Coffee Dripper","PreservedInsect"],"acts_visited":["Exordium","TheCity"],"potions_floor_usage":[5,5,14,20,21],"damage_taken":[{"damage":3.0,"enemies":"Jaw Worm","floor":1.0,"turns":7.0},{"damage":5.0,"enemies":"Cultist","floor":2.0,"turns":4.0},{"damage":5.0,"enemies":"Small Slimes","floor":3.0,"turns":4.0},{"damage":12.0,"enemies":"Exordium Thugs","floor":4.0,"turns":7.0},{"damage":4,"enemies":"Gremlin Gang","floor":5,"turns":3},{"damage":24,"enemies":"Gremlin Nob","floor":10,"turns":4},{"damage":0,"enemies":"3 Louse","floor":11,"turns":3},{"damage":4,"enemies":"Looter","floor":13,"turns":3},{"damage":10,"enemies":"Lots of Slimes","floor":14,"turns":2},{"damage":1,"enemies":"Hexaghost","floor":16,"turns":6},{"damage":0,"enemies":"3 Byrds","floor":18,"turns":2},{"damage":16,"enemies":"Shell Parasite","floor":19,"turns":4},{"damage":38,"enemies":"3 Cultists","floor":20,"turns":7},{"damage":1,"enemies":"Snecko","floor":21,"turns":6},{"damage":2,"enemies":"Chosen and Byrds","floor":25,"turns":2}],"seed_played":"1741954845271420249","potions_obtained":[{"floor":1.0,"key":"AttackPotion"},{"floor":2.0,"key":"ColorlessPotion"},{"floor":4.0,"key":"BlessingOfTheForge"},{"floor":10,"key":"SneckoOil"},{"floor":19,"key":"Block Potion"},{"floor":20,"key":"DuplicationPotion"}],"is_trial":false,"path_per_floor":["M","M","M","M","M","R","?","R","T","E","M","R","M","M","R","B",null,"M","M","M","M","$","R","$","M"],"character_chosen":"THE_SILENT","items_purchased":["PreservedInsect","Noxious Fumes+1"],"campfire_rested":2,"item_purchase_floors":[22,22],"current_hp_per_floor":[56,51,46,34,30,30,30,30,30,6,6,25,21,11,30,29,57,57,41,3,2,2,2,2,0,0],"gold":47,"neow_bonus":"RANDOM_COMMON_RELIC","is_daily":false,"chose_seed":false,"campfire_upgraded":3,"win_rate":0.0,"timestamp":1611337247,"path_taken":["M","M","M","M","M","R","?","R","T","E","M","R","M","M","R","BOSS","M","M","?","M","$","R","?","M"],"items_purchased_type":["Relic","Card"],"build_version":"2020-12-22","purchased_purges":0,"victory":false,"max_hp_per_floor":[66,66,66,66,66,66,66,66,66,66,66,66,66,66,66,66,66,66,66,66,66,66,66,66,66,66],"card_choices":[{"not_picked":["Bane","Caltrops"],"picked":"Calculated Gamble","floor":1.0},{"not_picked":["Reflex","Underhanded Strike"],"picked":"Catalyst","floor":2.0},{"not_picked":["Cloak And Dagger","Acrobatics"],"picked":"Malaise","floor":3.0},{"not_picked":["Tactician","Quick Slash"],"picked":"Bouncing Flask","floor":4.0},{"not_picked":["Dagger Throw","Heel Hook","Bane"],"picked":"SKIP","floor":5},{"not_picked":["Underhanded Strike","Dash"],"picked":"Backflip","floor":10},{"not_picked":["Cloak And Dagger","Flying Knee"],"picked":"Caltrops+1","floor":11},{"not_picked":["Endless Agony","Masterful Stab","Cloak And Dagger"],"picked":"SKIP","floor":13},{"not_picked":["Expertise","Acrobatics","Flying Knee"],"picked":"SKIP","floor":14},{"not_picked":["Bullet Time","Night Terror"],"picked":"After Image+1","floor":16},{"not_picked":["Poisoned Stab","Finisher+1"],"picked":"Dodge and Roll","floor":18},{"not_picked":["Prepared","Cloak And Dagger","Poisoned Stab"],"picked":"SKIP","floor":19},{"not_picked":["Flying Knee","Prepared"],"picked":"Die Die Die","floor":20},{"not_picked":["Infinite Blades+1","All Out Attack"],"picked":"Caltrops+1","floor":21}],"player_experience":544232,"relics_obtained":[{"floor":9,"key":"Frozen Egg 2"},{"floor":10,"key":"Pocketwatch"}],"event_choices":[{"damage_healed":0,"gold_gain":0,"player_choice":"Paid Gold","damage_taken":0,"relics_obtained":["Boot"],"max_hp_gain":0,"max_hp_loss":0,"event_name":"WeMeetAgain","floor":7,"gold_loss":86}],"is_beta":false,"boss_relics":[{"not_picked":["WristBlade","Cursed Key"],"picked":"Coffee Dripper"}],"items_purged_floors":[],"is_endless":false,"potions_floor_spawned":[1,2,4,10,19,20],"killed_by":"Chosen and Byrds","ascension_level":19}}