{"host":"u7y9frlpoazak2mn","time":1611289600,"event":{"mods":["AchievementEnabler","Act Like it!","Alarm Clock","Aspiration","Astrologer","BaseMod","Beaked The Cultist","Better Altar","Better Match","Better Note","Better Sensory Stone","Better Skull","Better Third Choice","CCEM","Chen","Colored Map","Colored Powertips","Conspire","Curses Come First","Displayed Cursed Tome","Energized Spire","Fox Events","Friendly Minions","Gensokyo","GifTheSpireLib","Glutton Mod","Halation","Hallownest","Hermit","Hubris","Infinite Spire","Jedi Mod","KinomotoSakuraMod(????)","Koishi","Marisa????????","Mimic Mod","Minty Spire (QoL Compilation)","Pale of the Ancients","Prisma Mod","Quarter Circle Forward PUNCH!","Quick Restart","Random Character Button","Rare Cards Sparkle","Relic Stats","Remilia??????","Replay The Spire","Retaliation","Spicy Shops","Spikes Relics","StS++","StSLib","Stuff the Spire","TestMod","The Administrix","The Blue Laboratory","The Bug Knight","The Construct","The Cursed","The Factory","The Forsaken","The Juggle","The Jungle","The Marked","The Servant 0.9.4","Trackpad","Waifu the Spire","Wandering Minibosses","Wide Potions","Yuri Mod","vexMod"],"gold_per_floor":[111,111,28,28,28,45,45,77,152,152,164,181,198,186,186,287,287,301,328,218,235,11,38,38,38,76,1,1,97,117,117,117],"floor_reached":31,"language":"ENG","playtime":1468,"items_purged":[],"score":245,"play_id":"7f4f70a0-2010-48ee-8f14-5c929669cf1f","local_time":"20210121232640","is_ascension_mode":false,"campfire_choices":[{"data":"jedi:fear","floor":7,"key":"SMITH"},{"data":"Anger","floor":10,"key":"SMITH"},{"data":"jedi:MakeshiftSword","floor":15,"key":"SMITH"},{"floor":24,"key":"REST"}],"circlet_count":0,"master_deck":["Strike_R","Strike_R","Strike_R","Strike_R","Strike_R","Defend_R","Defend_R","jedi:fear+1","infinitespire:FutureSight","Dark Embrace","Anger+1","Anger","jedi:MakeshiftSword+1","jedi:MakeshiftSword","DDmod:EasePowerCard+1","StuffTheSpire:Incantation","jedi:acidrain","hubris:Counter"],"relics":["testmod-TestBox","NeowsBlessing","testmod-CasingShield","DDmod:BarbedSlagRelic","Happy Flower","HollowMod:StagPassRelic","trackpad:Coffee","Red Mask","Magic Flower","Ice Cream","Eternal Feather","jedi:zontanonomicon","Snack Pack","wanderingMiniBosses:ThiefScarf","CCEMRelics:DerglesHeadphones","Burning Blood","testmod-EnergyCheck","testmod-HeartOfStrike"],"acts_visited":["Exordium","TheCity"],"potions_floor_usage":[14,30,31,31],"damage_taken":[{"damage":0,"enemies":"Gensokyo:3_Fairies","floor":1,"turns":2},{"damage":0,"enemies":"Gensokyo:Python","floor":6,"turns":1},{"damage":0,"enemies":"conspire:MimicChest","floor":8,"turns":2},{"damage":4,"enemies":"Gensokyo:2_Kodama","floor":11,"turns":2},{"damage":0,"enemies":"Gensokyo:LivingMonolith","floor":12,"turns":2},{"damage":9,"enemies":"Gensokyo:Kitsune","floor":13,"turns":3},{"damage":14,"enemies":"Gensokyo:3_Kodama","floor":14,"turns":6},{"damage":43,"enemies":"Gensokyo:Kokoro","floor":16,"turns":9},{"damage":0,"enemies":"Chosen","floor":18,"turns":4},{"damage":0,"enemies":"Masked Bandits","floor":19,"turns":2},{"damage":28,"enemies":"2 Thieves","floor":20,"turns":6},{"damage":28,"enemies":"Centurion and Healer","floor":21,"turns":6},{"damage":11,"enemies":"conspire:Head Lice","floor":23,"turns":5},{"damage":16,"enemies":"Snecko","floor":26,"turns":5},{"damage":33,"enemies":"Snecko","floor":29,"turns":4},{"damage":26,"enemies":"Chosen and Byrds","floor":30,"turns":4},{"damage":35,"enemies":"Snake Plant","floor":31,"turns":3}],"seed_played":"-1583366299211347470","potions_obtained":[{"floor":1,"key":"blueLaboratory:SavagePotion"},{"floor":8,"key":"blueLaboratory:BottleOfRum"},{"floor":12,"key":"blueLaboratory:ForbiddenFruitJuice"},{"floor":16,"key":"Death Potion"},{"floor":30,"key":"blueLaboratory:FruitPunch"}],"is_trial":false,"path_per_floor":["M","?","$","?","?","M","R","?","T","R","M","M","M","M","R","B",null,"M","?","M","M","$","E","R","?","MIM","?","?","M","M","M"],"character_chosen":"IRONCLAD","items_purchased":["jedi:fear","Magic Flower","Ice Cream"],"campfire_rested":1,"item_purchase_floors":[3,22,22],"current_hp_per_floor":[80,80,80,80,60,66,66,72,72,80,80,80,77,69,69,32,80,80,80,64,40,40,32,65,49,48,48,48,27,13,0,0],"gold":117,"neow_bonus":"THREE_ENEMY_KILL","is_daily":false,"chose_seed":false,"campfire_upgraded":3,"win_rate":0.0,"timestamp":1611289600,"path_taken":["M","?","$","?","?","M","R","?","T","R","M","M","?","M","R","BOSS","M","?","M","M","$","E","R","?","MIM","?","?","M","M","?"],"items_purchased_type":["Card","Relic","Relic"],"build_version":"2020-12-22","purchased_purges":0,"victory":false,"max_hp_per_floor":[80,80,80,80,80,80,80,80,80,80,80,80,80,80,80,80,80,80,80,80,80,80,80,80,80,80,80,80,80,80,82,82],"relic_stats":{"Happy Flower":[21],"counters":[17,65],"Magic Flower":[21],"Eternal Feather":9,"obtain_stats":[{"Ice Cream":22,"testmod-HeartOfStrike":31,"testmod-TestBox":0,"NeowsBlessing":0,"Happy Flower":4,"wanderingMiniBosses:ThiefScarf":29,"jedi:zontanonomicon":25,"Magic Flower":22,"Eternal Feather":23,"testmod-BloodSacrificeSpiritualization":30,"HollowMod:StagPassRelic":8,"Burning Blood":0,"testmod-CasingShield":0,"CCEMRelics:DerglesHeadphones":9,"trackpad:Coffee":17,"testmod-Acrobat":30,"Red Mask":19,"Snack Pack":26,"DDmod:BarbedSlagRelic":2,"testmod-EnergyCheck":31},{"Ice Cream":12,"testmod-HeartOfStrike":16,"testmod-TestBox":0,"NeowsBlessing":0,"Happy Flower":1,"wanderingMiniBosses:ThiefScarf":15,"jedi:zontanonomicon":13,"Magic Flower":12,"Eternal Feather":13,"testmod-BloodSacrificeSpiritualization":15,"HollowMod:StagPassRelic":3,"Burning Blood":0,"testmod-CasingShield":0,"CCEMRelics:DerglesHeadphones":3,"trackpad:Coffee":8,"testmod-Acrobat":15,"Red Mask":10,"Snack Pack":14,"DDmod:BarbedSlagRelic":1,"testmod-EnergyCheck":16},{"Ice Cream":44,"testmod-HeartOfStrike":62,"testmod-TestBox":0,"NeowsBlessing":0,"Happy Flower":2,"wanderingMiniBosses:ThiefScarf":58,"jedi:zontanonomicon":49,"Magic Flower":44,"Eternal Feather":49,"testmod-BloodSacrificeSpiritualization":58,"HollowMod:StagPassRelic":5,"Burning Blood":0,"testmod-CasingShield":0,"CCEMRelics:DerglesHeadphones":5,"trackpad:Coffee":27,"testmod-Acrobat":58,"Red Mask":32,"Snack Pack":54,"DDmod:BarbedSlagRelic":2,"testmod-EnergyCheck":62}],"Burning Blood":43},"card_choices":[{"not_picked":["StuffTheSpire:Slingshot","hubris:ReadiedAction"],"picked":"Wild Strike","floor":1},{"not_picked":["infinitespire:SealOfDarkness+","infinitespire:Execution"],"picked":"infinitespire:FutureSight","floor":5},{"not_picked":["Headbutt","StuffTheSpire:Incineration"],"picked":"Dark Embrace","floor":6},{"not_picked":["Twin Strike","Body Slam"],"picked":"Anger","floor":8},{"not_picked":["DDmod:CallousedSkill","hubris:StunningStrike","Warcry"],"picked":"SKIP","floor":11},{"not_picked":["Thunderclap","Shrug It Off","DDmod:UnstoppableAttack"],"picked":"SKIP","floor":12},{"not_picked":["Carnage","Sword Boomerang"],"picked":"Anger","floor":13},{"not_picked":["jedi:suffering","jedi:fear"],"picked":"jedi:MakeshiftSword","floor":14},{"not_picked":["Exhume","jedi:unlimitedpower"],"picked":"DDmod:PlatedThornsSkill","floor":16},{"not_picked":["Evolve","DDmod:PokeAttack"],"picked":"jedi:MakeshiftSword","floor":18},{"not_picked":["Havoc","Wild Strike"],"picked":"DDmod:EasePowerCard+1","floor":19},{"not_picked":["Rupture+1","Clothesline","DDmod:SpikedSkill+1"],"picked":"SKIP","floor":20},{"not_picked":["True Grit","Body Slam","Iron Wave"],"picked":"SKIP","floor":21},{"not_picked":["Evolve","StSpp:Sprint","Thunderclap"],"picked":"SKIP","floor":23},{"not_picked":["jedi:collectorstrike","Second Wind","Burning Pact"],"picked":"SKIP","floor":29},{"not_picked":["Feel No Pain+1","StSpp:Succumb","Clash"],"picked":"SKIP","floor":30}],"player_experience":348266,"relics_obtained":[{"floor":8,"key":"HollowMod:StagPassRelic"},{"floor":9,"key":"CCEMRelics:DerglesHeadphones"},{"floor":19,"key":"Red Mask"},{"floor":23,"key":"Eternal Feather"},{"floor":26,"key":"Snack Pack"},{"floor":29,"key":"wanderingMiniBosses:ThiefScarf"},{"floor":29,"key":"CCEMRelics:DerglesHeadphones"},{"floor":29,"key":"Burning Blood"}],"event_choices":[{"damage_healed":0,"gold_gain":0,"player_choice":"Fought Bandits","damage_taken":0,"max_hp_gain":0,"max_hp_loss":0,"event_name":"Masked Bandits","floor":19,"gold_loss":0},{"damage_healed":0,"gold_gain":0,"player_choice":"Obtained Book","damage_taken":16,"max_hp_gain":0,"max_hp_loss":0,"event_name":"Cursed Tome","floor":25,"gold_loss":0},{"cards_removed":["DDmod:PlatedThornsSkill"],"damage_healed":0,"gold_gain":0,"player_choice":"Gave Gold","damage_taken":0,"max_hp_gain":0,"max_hp_loss":0,"event_name":"Beggar","floor":27,"gold_loss":75}],"is_beta":false,"boss_relics":[{"not_picked":["hubris:TerracottaHorce","Calling Bell"],"picked":"trackpad:Coffee"}],"items_purged_floors":[],"is_endless":false,"potions_floor_spawned":[1,8,12,13,16,18,21,29,30],"killed_by":"Snake Plant","ascension_level":0}}