{"host":"nlowmoq7gy18n72d","time":1611338731,"event":{"mods":["BaseMod","Colored Powertips","Conspire","Downfall","Hermit","Highlight Path","Infinite Spire","Jorbs\u0027s Wanderer Trilogy","Minty Spire (QoL Compilation)","Rare Cards Sparkle","Replay The Spire","StSLib","The Cursed","The Hierophant"],"gold_per_floor":[364,379,379,399,448,448,448],"floor_reached":6,"language":"ENG","playtime":193,"items_purged":[],"score":36,"play_id":"b9316114-808c-466e-ac26-c9dbc0714d47","local_time":"20210122210531","is_ascension_mode":false,"campfire_choices":[],"circlet_count":0,"master_deck":["hermit:Strike_Hermit","hermit:Strike_Hermit","hermit:Strike_Hermit","hermit:Strike_Hermit","hermit:Defend_Hermit","hermit:Defend_Hermit","hermit:Defend_Hermit","hermit:Defend_Hermit","hermit:Snapshot","hermit:Covet","Pain","hermit:Glare","hermit:Misfire","hermit:FinalCanter","hermit:FlashPowder","hermit:Quickdraw"],"relics":["hermit:Momento","Ancient Tea Set","Darkstone Periapt"],"acts_visited":["Exordium"],"potions_floor_usage":[6],"damage_taken":[{"damage":4,"enemies":"Small Slimes","floor":1,"turns":6},{"damage":2,"enemies":"conspire:RoseBush","floor":2,"turns":3},{"damage":0,"enemies":"2 Louse","floor":4,"turns":2},{"damage":9,"enemies":"3 Sentries","floor":6,"turns":2}],"seed_played":"-2531481124972543187","potions_obtained":[{"floor":2,"key":"Energy Potion"},{"floor":4,"key":"Guardian:BlockOnCardUsePotion"}],"is_trial":false,"path_per_floor":["M","M","?","M","?","E"],"character_chosen":"HERMIT","items_purchased":[],"campfire_rested":0,"item_purchase_floors":[],"current_hp_per_floor":[71,69,36,36,6,0,0],"gold":448,"neow_bonus":"TWO_FIFTY_GOLD","is_daily":false,"chose_seed":false,"campfire_upgraded":0,"win_rate":0.0,"timestamp":1611338731,"path_taken":["M","M","?","M","?","E"],"items_purchased_type":[],"build_version":"2020-12-22","purchased_purges":0,"victory":false,"max_hp_per_floor":[75,75,75,75,75,75,75],"card_choices":[{"not_picked":["hermit:BodyArmor","hermit:Feint"],"picked":"hermit:Glare","floor":1},{"not_picked":["hermit:Coalescence","hermit:Ricochet"],"picked":"hermit:Misfire","floor":2},{"not_picked":["hermit:Misfire","hermit:HoleUp"],"picked":"hermit:FinalCanter","floor":4},{"not_picked":["hermit:SprayPray","hermit:Grudge"],"picked":"hermit:FlashPowder","floor":5},{"not_picked":["hermit:HighCaliber","hermit:FlashPowder"],"picked":"hermit:Quickdraw","floor":5}],"player_experience":712145,"relics_obtained":[{"floor":5,"key":"Darkstone Periapt"}],"event_choices":[{"damage_healed":0,"gold_gain":0,"player_choice":"Success","damage_taken":33,"relics_obtained":["Ancient Tea Set"],"max_hp_gain":0,"max_hp_loss":0,"event_name":"Scrap Ooze","floor":3,"gold_loss":0}],"is_beta":false,"boss_relics":[],"items_purged_floors":[],"is_endless":false,"potions_floor_spawned":[2,4],"killed_by":"3 Sentries","ascension_level":0}}