{"host":"c52z9ixzgdjttcmx","time":1611348449,"event":{"mods":["BaseMod","Colored Powertips","Minty Spire (QoL Compilation)","Rare Cards Sparkle","Relic Stats"],"gold_per_floor":[114,114,189,154,55,55,84,84,109,121,140,150,168,5,5,79,79,90,90,103,115,115,115,115],"floor_reached":23,"language":"ENG","playtime":925,"items_purged":["Strike_R"],"score":378,"play_id":"8d49246e-6b4b-42ca-9c52-fb28498f5db3","local_time":"20210122144729","is_ascension_mode":true,"campfire_choices":[{"data":"Iron Wave","floor":6,"key":"SMITH"},{"data":"True Grit","floor":8,"key":"SMITH"},{"data":"Barricade","floor":15,"key":"SMITH"}],"circlet_count":0,"master_deck":["AscendersBane","Strike_R","Strike_R","Strike_R","Strike_R+1","Defend_R","Defend_R","Defend_R+1","Defend_R","Bash","Iron Wave+1","Shrug It Off","True Grit+1","Power Through","Sentinel","Thunderclap","Cleave","Barricade+1","Demon Form","Pommel Strike","Intimidate","True Grit+1"],"relics":["Burning Blood","NeowsBlessing","MealTicket","Fusion Hammer","Nloth\u0027s Gift","Nilry\u0027s Codex"],"acts_visited":["Exordium","TheCity"],"potions_floor_usage":[23,23],"damage_taken":[{"damage":0,"enemies":"Jaw Worm","floor":1,"turns":1},{"damage":0,"enemies":"Gremlin Nob","floor":7,"turns":1},{"damage":0,"enemies":"2 Louse","floor":10,"turns":2},{"damage":5,"enemies":"Small Slimes","floor":11,"turns":4},{"damage":4,"enemies":"Blue Slaver","floor":12,"turns":4},{"damage":13,"enemies":"Lots of Slimes","floor":13,"turns":6},{"damage":35,"enemies":"The Guardian","floor":16,"turns":22},{"damage":17,"enemies":"Spheric Guardian","floor":18,"turns":6},{"damage":0,"enemies":"Chosen","floor":20,"turns":5},{"damage":34,"enemies":"Snake Plant","floor":21,"turns":7},{"damage":18,"enemies":"Gremlin Leader","floor":23,"turns":6}],"seed_played":"8462417632393532484","potions_obtained":[{"floor":1,"key":"Strength Potion"},{"floor":16,"key":"SteroidPotion"},{"floor":20,"key":"Weak Potion"}],"is_trial":false,"path_per_floor":["M","?","?","?","$","R","E","R","T","M","M","M","M","$","R","B",null,"M","?","M","M","?","E"],"character_chosen":"IRONCLAD","items_purchased":["Shrug It Off","Barricade"],"campfire_rested":0,"item_purchase_floors":[5,14],"current_hp_per_floor":[74,51,40,58,58,58,64,64,64,70,71,73,66,75,75,46,68,57,57,63,35,14,0,0],"gold":115,"neow_bonus":"THREE_ENEMY_KILL","is_daily":false,"chose_seed":false,"campfire_upgraded":3,"win_rate":0.0,"timestamp":1611348449,"path_taken":["M","?","?","?","?","R","E","R","T","?","M","M","M","?","R","BOSS","M","?","?","M","?","E"],"items_purchased_type":["Card","Card"],"build_version":"2020-12-22","purchased_purges":1,"victory":false,"max_hp_per_floor":[75,75,75,75,75,75,75,75,75,75,75,75,75,75,75,75,75,75,75,75,75,75,75,75],"relic_stats":{"counters":[11,64],"MealTicket":9,"Nloth\u0027s Gift":0,"obtain_stats":[{"NeowsBlessing":0,"Nilry\u0027s Codex":22,"MealTicket":9,"Fusion Hammer":17,"Omamori":7,"Nloth\u0027s Gift":19,"Burning Blood":0},{"NeowsBlessing":0,"Nilry\u0027s Codex":10,"MealTicket":2,"Fusion Hammer":7,"Omamori":2,"Nloth\u0027s Gift":8,"Burning Blood":0},{"NeowsBlessing":0,"Nilry\u0027s Codex":58,"MealTicket":2,"Fusion Hammer":40,"Omamori":2,"Nloth\u0027s Gift":46,"Burning Blood":0}],"Burning Blood":60},"card_choices":[{"not_picked":["Rupture","Metallicize"],"picked":"Iron Wave","floor":1},{"not_picked":["Rupture","Combust"],"picked":"True Grit","floor":7},{"not_picked":["Warcry","True Grit"],"picked":"Power Through","floor":10},{"not_picked":["Power Through","Combust"],"picked":"Sentinel","floor":11},{"not_picked":["Perfected Strike","Seeing Red"],"picked":"Thunderclap","floor":12},{"not_picked":["Body Slam","Second Wind"],"picked":"Cleave","floor":13},{"not_picked":["Impervious","Limit Break"],"picked":"Demon Form","floor":16},{"not_picked":["Sever Soul","Sword Boomerang"],"picked":"Pommel Strike","floor":18},{"not_picked":["Flex+1","Combust"],"picked":"Intimidate","floor":20},{"not_picked":["Evolve","Body Slam"],"picked":"True Grit+1","floor":21}],"player_experience":3307378,"relics_obtained":[{"floor":7,"key":"Omamori"},{"floor":9,"key":"MealTicket"},{"floor":22,"key":"Nilry\u0027s Codex"}],"event_choices":[{"damage_healed":0,"gold_gain":0,"player_choice":"Entered Light","damage_taken":23,"max_hp_gain":0,"max_hp_loss":0,"event_name":"Shining Light","floor":2,"gold_loss":0,"cards_upgraded":["Strike_R","Defend_R"]},{"damage_healed":0,"gold_gain":75,"player_choice":"Gather Gold","damage_taken":11,"max_hp_gain":0,"max_hp_loss":0,"event_name":"World of Goop","floor":3,"gold_loss":0},{"damage_healed":18,"gold_gain":0,"player_choice":"Healed","damage_taken":0,"max_hp_gain":0,"max_hp_loss":0,"event_name":"The Cleric","floor":4,"gold_loss":35},{"damage_healed":0,"gold_gain":0,"player_choice":"Traded Relic","damage_taken":0,"relics_obtained":["Nloth\u0027s Gift"],"max_hp_gain":0,"max_hp_loss":0,"event_name":"N\u0027loth","floor":19,"relics_lost":["Omamori"],"gold_loss":0},{"damage_healed":0,"gold_gain":0,"player_choice":"Obtained Book","damage_taken":21,"max_hp_gain":0,"max_hp_loss":0,"event_name":"Cursed Tome","floor":22,"gold_loss":0}],"is_beta":false,"boss_relics":[{"not_picked":["Snecko Eye","Astrolabe"],"picked":"Fusion Hammer"}],"items_purged_floors":[5],"is_endless":false,"potions_floor_spawned":[1,16,20],"killed_by":"Gremlin Leader","ascension_level":15}}