{"host":"niswhwhgsjiy5edg","time":1611344087,"event":{"mods":["AchievementEnabler","BaseMod","Downfall","Minty Spire (QoL Compilation)","Shop Mod","StSLib"],"gold_per_floor":[119,138,138,138,40,71,71,88,88,117,135,135,10,29,29,134,184,150,150,14,14,34,34,49,49,49],"floor_reached":25,"language":"ENG","playtime":1702,"items_purged":["Strike_R","Strike_R"],"score":271,"play_id":"a8cf3540-4853-4b20-9436-9ab8189ca0b2","local_time":"20210122193447","is_ascension_mode":true,"campfire_choices":[{"data":"Armaments","floor":7.0,"key":"SMITH"},{"floor":15.0,"key":"REST"},{"floor":23.0,"key":"REST"}],"circlet_count":0,"master_deck":["Strike_R","Strike_R","Defend_R","Defend_R","Defend_R","Defend_R","Bash","Flex","Headbutt","Offering","Panacea+1","Armaments+1","Rage+1","Demon Form","Barricade","Flame Barrier","J.A.X.","Battle Trance","Fire Breathing","Wild Strike"],"relics":["Burning Blood","NeowsBlessing","Shovel","Bird Faced Urn","Juzu Bracelet","Tiny House"],"acts_visited":["TheCity"],"potions_floor_usage":[24,25],"damage_taken":[{"damage":0.0,"enemies":"Jaw Worm","floor":1.0,"turns":1.0},{"damage":0.0,"enemies":"2 Louse","floor":2.0,"turns":1.0},{"damage":0.0,"enemies":"Lagavulin","floor":6.0,"turns":1.0},{"damage":6.0,"enemies":"Cultist","floor":8.0,"turns":3.0},{"damage":60.0,"enemies":"Gremlin Nob","floor":10.0,"turns":7.0},{"damage":23.0,"enemies":"Exordium Thugs","floor":11.0,"turns":5.0},{"damage":0.0,"enemies":"Looter","floor":14.0,"turns":3.0},{"damage":35.0,"enemies":"Slime Boss","floor":16.0,"turns":8.0},{"damage":34.0,"enemies":"2 Thieves","floor":18.0,"turns":5.0},{"damage":19.0,"enemies":"Shell Parasite","floor":22.0,"turns":7.0},{"damage":60,"enemies":"3 Cultists","floor":24,"turns":6},{"damage":26,"enemies":"Chosen and Byrds","floor":25,"turns":6}],"seed_played":"7217156292518342814","potions_obtained":[{"floor":8.0,"key":"SneckoOil"},{"floor":10.0,"key":"bronze:BurnAndBuffPotion"},{"floor":11.0,"key":"SteroidPotion"},{"floor":14.0,"key":"hexamod:SoulburnPotion"},{"floor":17.0,"key":"LiquidMemories"},{"floor":22.0,"key":"Guardian:BlockOnCardUsePotion"}],"is_trial":false,"path_per_floor":["M","M","?","?","$","E","R","M","T","E","M","?","$","M","R","B",null,"M","?","$","?","M","R","M","M"],"character_chosen":"IRONCLAD","items_purchased":["Armaments","Demon Form","Fire Potion","Battle Trance"],"campfire_rested":2,"item_purchase_floors":[5,13,13,20],"current_hp_per_floor":[80,80,73,73,73,79,79,79,79,25,8,8,8,14,38,11,85,57,57,57,57,46,71,19,0,0],"gold":49,"neow_bonus":"THREE_ENEMY_KILL","is_daily":false,"chose_seed":false,"campfire_upgraded":1,"win_rate":0.0,"timestamp":1611344087,"path_taken":["M","M","?","?","$","E","R","M","T","E","M","?","?","M","R","BOSS","M","?","$","?","M","R","M","M"],"items_purchased_type":["Card","Card","Potion","Card"],"build_version":"2020-12-22","purchased_purges":2,"victory":false,"max_hp_per_floor":[80,80,80,80,80,80,80,80,80,80,80,80,80,80,80,80,85,85,85,85,85,85,85,85,85,85],"card_choices":[{"not_picked":["Clash","Sword Boomerang"],"picked":"Flex","floor":1.0},{"not_picked":["True Grit","Evolve"],"picked":"Headbutt","floor":2.0},{"not_picked":["Metallicize","Clothesline"],"picked":"Rage","floor":6.0},{"not_picked":["Clothesline","Havoc","Anger"],"picked":"SKIP","floor":8.0},{"not_picked":["Sword Boomerang","Dual Wield","Anger"],"picked":"SKIP","floor":10.0},{"not_picked":["Sword Boomerang","Anger","Rage"],"picked":"SKIP","floor":11.0},{"not_picked":["Juggernaut","Shrug It Off","Anger"],"picked":"SKIP","floor":14.0},{"not_picked":["Brutality","Corruption"],"picked":"Barricade","floor":16.0},{"not_picked":["Shrug It Off","Shockwave"],"picked":"Flame Barrier","floor":17.0},{"not_picked":["Flex+1","Iron Wave+1","Clash"],"picked":"SKIP","floor":18.0},{"not_picked":["Heavy Blade+1","Headbutt"],"picked":"Fire Breathing","floor":22.0},{"not_picked":["Pommel Strike","Flex+1"],"picked":"Wild Strike","floor":24}],"player_experience":766366,"relics_obtained":[{"floor":6.0,"key":"Shovel"},{"floor":9.0,"key":"Bird Faced Urn"},{"floor":10.0,"key":"Juzu Bracelet"}],"event_choices":[{"cards_removed":["Strike_R"],"damage_healed":0.0,"max_hp_gain":0.0,"max_hp_loss":0.0,"gold_gain":0.0,"event_name":"Golden Wing","player_choice":"Card Removal","floor":3.0,"gold_loss":0.0,"damage_taken":7.0},{"damage_healed":0.0,"max_hp_gain":0.0,"max_hp_loss":0.0,"gold_gain":0.0,"event_name":"Match and Keep!","player_choice":"2 cards matched","floor":4.0,"gold_loss":0.0,"damage_taken":0.0,"cards_obtained":["Offering","Panacea"]},{"damage_healed":0.0,"max_hp_gain":0.0,"max_hp_loss":0.0,"gold_gain":0.0,"event_name":"Accursed Blacksmith","player_choice":"Forge","floor":12.0,"gold_loss":0.0,"damage_taken":0.0,"cards_upgraded":["Rage"]},{"damage_healed":0.0,"max_hp_gain":0.0,"max_hp_loss":0.0,"gold_gain":0.0,"event_name":"Drug Dealer","player_choice":"Obtain J.A.X.","floor":19.0,"gold_loss":0.0,"damage_taken":0.0,"cards_obtained":["J.A.X."]},{"damage_healed":0.0,"max_hp_gain":0.0,"max_hp_loss":0.0,"gold_gain":0.0,"event_name":"Vampires","player_choice":"Ignored","floor":21.0,"gold_loss":0.0,"damage_taken":0.0}],"is_beta":false,"boss_relics":[{"not_picked":["Runic Dome","bronze:MakeshiftBattery"],"picked":"Tiny House"}],"items_purged_floors":[5,20],"is_endless":false,"potions_floor_spawned":[8,10,11,14,22],"killed_by":"Chosen and Byrds","ascension_level":3}}