{"host":"xx5zt3jtdyh8iun7","time":1611342698,"event":{"mods":["AchievementEnabler","Act Like it!","BaseMod","Downfall","Minty Spire (QoL Compilation)","StSLib","The Marked"],"gold_per_floor":[99,116,116,133,1,36,48,60,85,150,147,259,271,316,340,454,466,378,401,413,439,19,32,32,61,79,79,79,79],"floor_reached":27,"language":"ENG","playtime":2667,"items_purged":["downfall:Bewildered"],"score":391,"play_id":"3f46edae-bd65-4e8d-8ed9-5e9ebc3e4fed","local_time":"20210122201138","is_ascension_mode":false,"campfire_choices":[{"data":"bronze:Goto","floor":1,"key":"SMITH"},{"data":"bronze:Return","floor":13,"key":"SMITH"},{"data":"bronze:ItsAFeature","floor":18,"key":"SMITH"}],"circlet_count":0,"master_deck":["bronze:Strike","bronze:Strike","bronze:Strike","bronze:Defend","bronze:Defend","bronze:Defend","bronze:Defend","bronze:Replicate","bronze:Goto+1","bronze:Branch","bronze:Allocate+1","bronze:Return+1","bronze:ItsAFeature+1","bronze:Shield","bronze:CutThrough","Regret","bronze:BugBarrage","bronze:Mutator","Regret","bronze:HyperBeam","downfall:Icky","Clumsy","bronze:Break","bronze:Fortify+1","bronze:Verify","bronze:ChildClass","bronze:Shell+1","bronze:Optimize","expansioncontent:StudyTheSpire","bronze:BugBarrage+1","Regret","Clumsy","bronze:BronzeOrb+1"],"relics":["bronze:PlatinumCore","MawBank","Blue Candle","Darkstone Periapt","Pen Nib","downfall:ExtraCursedKey","Bag of Preparation","downfall:HeartBlessingGreen","Membership Card","bronze:CableSpool","Matryoshka","Omamori"],"acts_visited":["Exordium","TheCity"],"potions_floor_usage":[16,22,25],"damage_taken":[{"damage":1,"enemies":"2 Louse","floor":2,"turns":3},{"damage":0,"enemies":"Cultist","floor":4,"turns":3},{"damage":0,"enemies":"downfall:FleeingMerchant","floor":5,"turns":4},{"damage":2,"enemies":"Lagavulin","floor":6,"turns":8},{"damage":0,"enemies":"Small Slimes","floor":9,"turns":3},{"damage":1,"enemies":"downfall:FleeingMerchant","floor":11,"turns":4},{"damage":15,"enemies":"3 Sentries","floor":14,"turns":4},{"damage":7,"enemies":"2 Fungi Beasts","floor":15,"turns":3},{"damage":26,"enemies":"SI_SHIV_ARCHETYPE","floor":16,"turns":5},{"damage":4,"enemies":"Chosen","floor":19,"turns":3},{"damage":15,"enemies":"Spheric Guardian","floor":21,"turns":4},{"damage":12,"enemies":"downfall:FleeingMerchant","floor":22,"turns":4},{"damage":3,"enemies":"Chosen and Byrds","floor":23,"turns":5},{"damage":51,"enemies":"Slavers","floor":25,"turns":5},{"damage":44,"enemies":"Snecko","floor":26,"turns":5},{"damage":2,"enemies":"Snake Plant","floor":27,"turns":2}],"seed_played":"-7693211448965674755","potions_obtained":[{"floor":0,"key":"DuplicationPotion"},{"floor":0,"key":"Regen Potion"},{"floor":0,"key":"Ancient Potion"},{"floor":19,"key":"Dexterity Potion"},{"floor":23,"key":"Dexterity Potion"}],"is_trial":false,"path_per_floor":["R","M","?","M","$","E","T","?","M","T","$","?","R","E","M","B",null,"R","M","?","M","$","M","T","E","M","M"],"character_chosen":"THE_AUTOMATON","items_purchased":["bronze:ItsAFeature","bronze:Shield","Membership Card","bronze:Optimize","bronze:CableSpool","expansioncontent:StudyTheSpire"],"campfire_rested":0,"item_purchase_floors":[5,5,22,22,22,22],"current_hp_per_floor":[70,69,69,69,69,67,67,73,73,73,72,95,95,80,73,47,99,99,95,101,86,74,71,83,46,2,0,0,0],"gold":79,"neow_bonus":"THREE_SMALL_POTIONS","is_daily":false,"chose_seed":false,"campfire_upgraded":3,"win_rate":0.0,"timestamp":1611342698,"path_taken":["R","M","?","M","?","E","T","?","M","?","$","?","R","E","M","BOSS","R","M","?","M","$","?","T","E","M","?"],"items_purchased_type":["Card","Card","Relic","Card","Relic","Card"],"build_version":"2020-12-22","purchased_purges":1,"victory":false,"max_hp_per_floor":[70,70,70,70,70,70,70,76,76,76,76,99,99,99,99,99,99,99,99,105,105,105,105,117,117,117,117,117,117],"card_choices":[{"not_picked":["bronze:BitShift","bronze:Philosophize"],"picked":"bronze:Branch","floor":2},{"not_picked":["bronze:OilSpill","bronze:Overheat"],"picked":"bronze:Allocate","floor":4},{"not_picked":["bronze:Repulsor","bronze:Overheat"],"picked":"bronze:Return","floor":5},{"not_picked":["bronze:Backtrace","bronze:Frontload"],"picked":"bronze:CutThrough","floor":6},{"not_picked":["bronze:Iterate","bronze:Deprecate"],"picked":"bronze:BugBarrage","floor":9},{"not_picked":["bronze:Turbo","bronze:Separator"],"picked":"bronze:Mutator","floor":11},{"not_picked":["bronze:Frontload","bronze:Return"],"picked":"bronze:Break","floor":14},{"not_picked":["bronze:Safeguard","bronze:BitShift"],"picked":"bronze:Fortify","floor":15},{"not_picked":["bronze:Break","bronze:HardenedForm"],"picked":"bronze:Verify","floor":16},{"not_picked":["bronze:Separator","bronze:WildBeam","bronze:DarkDash"],"picked":"SKIP","floor":19},{"not_picked":["bronze:BronzeOrb","bronze:BitShift"],"picked":"bronze:ChildClass","floor":21},{"not_picked":["bronze:Invalidate+1","bronze:Verify"],"picked":"bronze:Shell+1","floor":22},{"not_picked":["bronze:BitShift","bronze:FineTuning"],"picked":"bronze:BugBarrage+1","floor":23},{"not_picked":["bronze:WildBeam","bronze:Constructor+1"],"picked":"bronze:BronzeOrb+1","floor":25},{"not_picked":["bronze:Terminator","bronze:Turbo","bronze:Shell+1"],"picked":"SKIP","floor":26}],"player_experience":855333,"relics_obtained":[{"floor":6,"key":"MawBank"},{"floor":7,"key":"Blue Candle"},{"floor":10,"key":"Pen Nib"},{"floor":14,"key":"Bag of Preparation"},{"floor":24,"key":"Matryoshka"},{"floor":25,"key":"Omamori"}],"event_choices":[{"cards_removed":["bronze:Strike"],"damage_healed":0,"gold_gain":0,"player_choice":"Offered Basic","damage_taken":0,"max_hp_gain":0,"max_hp_loss":0,"event_name":"Bonfire Elementals","floor":3,"gold_loss":0},{"damage_healed":0,"gold_gain":0,"player_choice":"Box","damage_taken":0,"relics_obtained":["Darkstone Periapt"],"max_hp_gain":0,"max_hp_loss":0,"event_name":"Big Fish","floor":8,"gold_loss":0,"cards_obtained":["Regret"]}],"is_beta":false,"boss_relics":[{"not_picked":["Tiny House","Velvet Choker"],"picked":"bronze:PlatinumCore"}],"items_purged_floors":[22],"is_endless":false,"potions_floor_spawned":[6,9,15,19,23],"killed_by":"Snake Plant","ascension_level":0}}