{"host":"neeznpvpgo0qgfkd","time":1611338764,"event":{"mods":["AchievementEnabler","BaseMod","BetterRewards","Colored Map","Colored Powertips","Exacting","Minty Spire (QoL Compilation)","Permanent Neow","Quick Restart","Shop Mod"],"gold_per_floor":[116,126,126,136,170,170,170],"floor_reached":6,"language":"ENG","playtime":349,"items_purged":[],"score":67,"play_id":"0e53c3bf-4f6a-423a-9afc-9634a7c2750e","local_time":"20210122130604","is_ascension_mode":true,"campfire_choices":[],"circlet_count":0,"master_deck":["AscendersBane","Strike_G","Strike_G","Strike_G","Strike_G","Strike_G","Defend_G","Defend_G","Defend_G","Defend_G","Defend_G","Survivor","Neutralize","Footwork","Swift Strike","Blade Dance","Cloak And Dagger","Distraction","Malaise"],"relics":["Ring of the Snake","OrangePellets","FaceOfCleric"],"acts_visited":["Exordium"],"potions_floor_usage":[6,6],"damage_taken":[{"damage":9,"enemies":"Jaw Worm","floor":1,"turns":5},{"damage":0,"enemies":"Cultist","floor":2,"turns":4},{"damage":8,"enemies":"Small Slimes","floor":4,"turns":3},{"damage":15,"enemies":"3 Louse","floor":5,"turns":5},{"damage":45,"enemies":"Gremlin Nob","floor":6,"turns":4}],"seed_played":"7355815580908453316","potions_obtained":[{"floor":2,"key":"SteroidPotion"},{"floor":5,"key":"DistilledChaos"}],"is_trial":false,"path_per_floor":["M","M","?","M","M","E"],"character_chosen":"THE_SILENT","items_purchased":["OrangePellets","Footwork","Swift Strike"],"campfire_rested":0,"item_purchase_floors":[0,0,0],"current_hp_per_floor":[50,50,50,52,38,0,0],"gold":170,"neow_bonus":"","is_daily":false,"chose_seed":false,"campfire_upgraded":0,"win_rate":0.0,"timestamp":1611338764,"path_taken":["M","M","?","M","?","E"],"items_purchased_type":["Relic","Card","Card"],"build_version":"2020-12-22","purchased_purges":0,"victory":false,"max_hp_per_floor":[66,66,66,67,68,68,68],"card_choices":[{"not_picked":["Predator","Sucker Punch"],"picked":"Blade Dance","floor":1},{"not_picked":["Eviscerate","Acrobatics"],"picked":"Cloak And Dagger","floor":2},{"not_picked":["Slice","Poisoned Stab"],"picked":"Distraction","floor":4},{"not_picked":["Deflect","Quick Slash"],"picked":"Malaise","floor":5}],"player_experience":1739033,"relics_obtained":[],"event_choices":[{"damage_healed":0,"gold_gain":0,"player_choice":"Trade","damage_taken":0,"relics_obtained":["FaceOfCleric"],"max_hp_gain":0,"max_hp_loss":0,"event_name":"FaceTrader","floor":3,"gold_loss":0}],"is_beta":false,"boss_relics":[],"items_purged_floors":[],"is_endless":false,"potions_floor_spawned":[2,5],"killed_by":"Gremlin Nob","ascension_level":15}}