{"host":"c3lc60y5x60jlt1y","time":1611348776,"event":{"mods":["AchievementEnabler","BaseMod","Bestiary","Colored Map","Minty Spire (QoL Compilation)","Quick Restart","StSLib","ojb\u0027s Info Mod"],"gold_per_floor":[118,118,118,137,152,187,187,219,219,238,250,276,287,59,59,59,59],"floor_reached":16,"language":"ENG","playtime":703,"items_purged":[],"score":112,"play_id":"0effff02-f211-411f-85fa-fca191d27552","local_time":"20210122225256","is_ascension_mode":false,"campfire_choices":[{"data":"Coolheaded","floor":7,"key":"SMITH"},{"data":"Buffer","floor":15,"key":"SMITH"}],"circlet_count":0,"master_deck":["Strike_B","Strike_B","Strike_B","Defend_B","Defend_B","Defend_B","Defend_B","Zap","Dualcast+1","Coolheaded+1","Strike_R","Conserve Battery","Leap+1","FTL","Defragment","Capacitor","Buffer+1","Ball Lightning","Amplify","Sunder"],"relics":["Cracked Core","Ornamental Fan","InkBottle","War Paint","Singing Bowl","Odd Mushroom"],"acts_visited":["Exordium"],"potions_floor_usage":[6,8,16,16],"damage_taken":[{"damage":6,"enemies":"Jaw Worm","floor":1,"turns":3},{"damage":5,"enemies":"2 Louse","floor":4,"turns":4},{"damage":5,"enemies":"Cultist","floor":5,"turns":4},{"damage":4,"enemies":"Lagavulin","floor":6,"turns":11},{"damage":20,"enemies":"Gremlin Nob","floor":8,"turns":4},{"damage":1,"enemies":"Looter","floor":10,"turns":3},{"damage":4,"enemies":"Exordium Wildlife","floor":11,"turns":5},{"damage":8,"enemies":"The Mushroom Lair","floor":12,"turns":5},{"damage":4,"enemies":"Blue Slaver","floor":13,"turns":4},{"damage":16,"enemies":"Hexaghost","floor":16,"turns":9}],"seed_played":"5006668837502049380","potions_obtained":[{"floor":0,"key":"Swift Potion"},{"floor":0,"key":"Ancient Potion"},{"floor":0,"key":"SteroidPotion"},{"floor":4,"key":"DuplicationPotion"},{"floor":10,"key":"LiquidMemories"},{"floor":12,"key":"Explosive Potion"}],"is_trial":false,"path_per_floor":["M","?","?","M","M","E","R","E","T","M","M","?","M","$","R","B"],"character_chosen":"DEFECT","items_purchased":["Amplify","Sunder"],"campfire_rested":0,"item_purchase_floors":[14,14],"current_hp_per_floor":[69,62,62,57,52,48,48,28,28,27,25,17,13,13,13,0,0],"gold":59,"neow_bonus":"THREE_SMALL_POTIONS","is_daily":false,"chose_seed":false,"campfire_upgraded":2,"win_rate":0.0,"timestamp":1611348776,"path_taken":["M","?","?","M","M","E","R","E","T","?","M","?","M","$","R","BOSS"],"items_purchased_type":["Card","Card"],"build_version":"2020-12-22","purchased_purges":0,"victory":false,"max_hp_per_floor":[75,75,75,75,75,75,75,75,75,75,77,77,77,77,77,77,77],"card_choices":[{"not_picked":["Sweeping Beam","Hologram"],"picked":"Coolheaded","floor":1},{"not_picked":["Hologram","Barrage"],"picked":"Conserve Battery","floor":4},{"not_picked":["Conserve Battery","Redo"],"picked":"Leap","floor":5},{"not_picked":["Conserve Battery","Scrape"],"picked":"FTL","floor":6},{"not_picked":["Compile Driver","Force Field"],"picked":"Defragment","floor":8},{"not_picked":["Turbo","Skim"],"picked":"Capacitor","floor":10},{"not_picked":["Steam Power","Redo","Cold Snap"],"picked":"Singing Bowl","floor":11},{"not_picked":["Recycle","Go for the Eyes"],"picked":"Buffer","floor":12},{"not_picked":["Force Field","Redo"],"picked":"Ball Lightning","floor":13}],"player_experience":8374019,"relics_obtained":[{"floor":6,"key":"InkBottle"},{"floor":8,"key":"War Paint"},{"floor":9,"key":"Singing Bowl"},{"floor":12,"key":"Odd Mushroom"}],"event_choices":[{"damage_healed":0,"gold_gain":0,"player_choice":"Success","damage_taken":7,"relics_obtained":["Ornamental Fan"],"max_hp_gain":0,"max_hp_loss":0,"event_name":"Scrap Ooze","floor":2,"gold_loss":0},{"cards_removed":["Strike_B"],"damage_healed":0,"gold_gain":0,"player_choice":"Took Card","damage_taken":0,"max_hp_gain":0,"max_hp_loss":0,"event_name":"NoteForYourself","floor":3,"gold_loss":0,"cards_obtained":["Strike_R"]},{"damage_healed":0,"gold_gain":0,"player_choice":"Fought Mushrooms","damage_taken":0,"max_hp_gain":0,"max_hp_loss":0,"event_name":"Mushrooms","floor":12,"gold_loss":0}],"is_beta":false,"boss_relics":[],"items_purged_floors":[],"is_endless":false,"potions_floor_spawned":[1,4,10,12],"killed_by":"Hexaghost","ascension_level":0}}