{"host":"iz3c9fhlsuknuus5","time":1611311420,"event":{"mods":["BaseMod","Better Third Choice","Colored Map","Colored Powertips","Downfall","GifTheSpireLib","Minty Spire (QoL Compilation)","Quick Restart","StSLib"],"gold_per_floor":[149,164,164,164,181,15,39,56,69,69,69,102,102,87,98,198,198,198,210,224,56,56,72,98,98,170,170,185,185,185,201,201,302,302,302,318,338,354,354,229,254,273,289,334,384,402,75,75,92,92],"floor_reached":51,"language":"ENG","playtime":2741,"items_purged":["Regret","hexamod:Strike+1","hexamod:Strike+1"],"score":801,"play_id":"c2af6879-2e9e-4cfe-91fe-744c55118f53","local_time":"20210122103020","is_ascension_mode":false,"campfire_choices":[{"data":"hexamod:Sear","floor":1.0,"key":"SMITH"},{"data":"hexamod:GhostflameBarrier","floor":13.0,"key":"SMITH"},{"data":"hexamod:VolcanoVisage","floor":18.0,"key":"SMITH"},{"floor":27.0,"key":"REST"},{"data":"expansioncontent:StudyTheSpire","floor":35.0,"key":"SMITH"}],"circlet_count":0,"master_deck":["hexamod:Defend","hexamod:Defend","hexamod:Defend","hexamod:Sear+1","hexamod:Float","hexamod:FourthSeal","hexamod:RainOfEmbers+1","hexamod:GhostflameBarrier+1","hexamod:VolcanoVisage+1","Necronomicurse","expansioncontent:StudyTheSpire+1","hexamod:Incineration+1","expansioncontent:InvincibleStrength"],"relics":["Tiny House","Dream Catcher","Bag of Preparation","Pen Nib","hexamod:IceCube","Juzu Bracelet","Nunchaku","Necronomicon","WarpedTongs","Busted Crown","Akabeko","Mango","Shovel","Pantograph"],"acts_visited":["Exordium","TheCity","TheBeyond"],"potions_floor_usage":[50,50],"damage_taken":[{"damage":1.0,"enemies":"Jaw Worm","floor":2.0,"turns":3.0},{"damage":2.0,"enemies":"Small Slimes","floor":5.0,"turns":3.0},{"damage":7.0,"enemies":"downfall:FleeingMerchant","floor":6.0,"turns":4.0},{"damage":4.0,"enemies":"2 Louse","floor":8.0,"turns":3.0},{"damage":0.0,"enemies":"Large Slime","floor":9.0,"turns":3.0},{"damage":1.0,"enemies":"Lagavulin","floor":12.0,"turns":4.0},{"damage":5.0,"enemies":"downfall:FleeingMerchant","floor":14.0,"turns":4.0},{"damage":4.0,"enemies":"Exordium Thugs","floor":15.0,"turns":5.0},{"damage":2.0,"enemies":"SI_SHIV_ARCHETYPE","floor":16.0,"turns":5.0},{"damage":7.0,"enemies":"Shell Parasite","floor":19.0,"turns":4.0},{"damage":4.0,"enemies":"Spheric Guardian","floor":20.0,"turns":4.0},{"damage":0.0,"enemies":"downfall:FleeingMerchant","floor":21.0,"turns":4.0},{"damage":0.0,"enemies":"Snake Plant","floor":23.0,"turns":2.0},{"damage":0.0,"enemies":"downfall:FleeingMerchant","floor":26.0,"turns":1.0},{"damage":0.0,"enemies":"Centurion and Healer","floor":28.0,"turns":3.0},{"damage":0.0,"enemies":"Cultist and Chosen","floor":31.0,"turns":3.0},{"damage":0.0,"enemies":"3 Cultists","floor":32.0,"turns":1.0},{"damage":26.0,"enemies":"DF_ARCHETYPE_CLAW","floor":33.0,"turns":4.0},{"damage":0.0,"enemies":"3 Shapes","floor":36.0,"turns":1.0},{"damage":0.0,"enemies":"Orb Walker","floor":37.0,"turns":1.0},{"damage":6.0,"enemies":"Spire Growth","floor":38.0,"turns":3.0},{"damage":2.0,"enemies":"Jaw Worm Horde","floor":42.0,"turns":2.0},{"damage":0.0,"enemies":"Transient","floor":43.0,"turns":5.0},{"damage":17.0,"enemies":"2 Orb Walkers","floor":44.0,"turns":4.0},{"damage":3.0,"enemies":"2 Orb Walkers","floor":45.0,"turns":4.0},{"damage":16.0,"enemies":"Spire Growth","floor":46.0,"turns":4.0},{"damage":19.0,"enemies":"Sphere and 2 Shapes","floor":49.0,"turns":4.0},{"damage":55,"enemies":"IC_BLOCK_ARCHETYPE","floor":50,"turns":8}],"seed_played":"9136489994588298825","potions_obtained":[{"floor":0.0,"key":"Swift Potion"},{"floor":5.0,"key":"Ancient Potion"},{"floor":5.0,"key":"hexamod:EctoCoolerPotion"},{"floor":9.0,"key":"Swift Potion"},{"floor":12.0,"key":"DuplicationPotion"},{"floor":12.0,"key":"AttackPotion"},{"floor":14.0,"key":"EssenceOfSteel"},{"floor":16.0,"key":"Slimebound:ThreeZeroPotion"},{"floor":19.0,"key":"sneckomod:MuddlingPotion"},{"floor":19.0,"key":"champ:CounterPotion"},{"floor":20.0,"key":"SkillPotion"},{"floor":21.0,"key":"SteroidPotion"},{"floor":28.0,"key":"SmokeBomb"},{"floor":33.0,"key":"Ancient Potion"},{"floor":38.0,"key":"BlessingOfTheForge"},{"floor":42.0,"key":"hexamod:DoubleChargePotion"},{"floor":43.0,"key":"Weak Potion"},{"floor":45.0,"key":"Fruit Juice"},{"floor":46.0,"key":"PowerPotion"},{"floor":49.0,"key":"hexamod:SoulburnPotion"}],"is_trial":false,"path_per_floor":["R","M","?","?","M","$","T","M","M","?","?","E","R","$","M","B",null,"R","M","M","$","?","M","T","?","$","R","M","?","?","M","M","B",null,"R","M","M","M","?","$","T","M","M","?","?","M","$","?","M","B",null],"character_chosen":"THE_SPIRIT","items_purchased":["hexamod:GhostflameBarrier","Juzu Bracelet","expansioncontent:StudyTheSpire","Pantograph","expansioncontent:InvincibleStrength"],"campfire_rested":1,"item_purchase_floors":[6,21,26,47,47],"current_hp_per_floor":[75,74,74,74,72,65,65,61,61,61,61,60,60,55,51,49,75,75,68,64,64,56,56,56,40,40,62,62,62,62,62,62,36,75,75,75,75,69,69,69,69,67,67,64,61,50,50,50,31,1],"gold":92,"neow_bonus":"BOSS_RELIC","is_daily":false,"chose_seed":false,"campfire_upgraded":4,"win_rate":0.0,"timestamp":1611311420,"path_taken":["R","M","?","?","M","$","T","M","M","?","?","E","R","$","M","BOSS","R","M","M","$","?","M","T","?","$","R","M","?","?","M","M","BOSS","R","M","M","M","?","$","T","M","M","?","?","M","?","?","M","BOSS"],"items_purchased_type":["Card","Relic","Card","Relic","Card"],"build_version":"2020-12-22","purchased_purges":3,"victory":true,"max_hp_per_floor":[75,75,75,75,75,75,75,75,75,75,75,75,75,75,75,75,75,75,75,75,75,75,75,75,75,75,75,75,75,75,75,75,75,75,75,75,75,75,75,75,75,75,75,89,89,94,94,94,94,94],"card_choices":[{"not_picked":["hexamod:GhostShield","hexamod:SpectersWail"],"picked":"hexamod:FourthSeal","floor":2.0},{"not_picked":["hexamod:SpectersWail","hexamod:NecessarySacrifice"],"picked":"hexamod:RainOfEmbers","floor":5.0},{"not_picked":["hexamod:ThermalTransfer","hexamod:HeatMetal","hexamod:SkipABeat"],"picked":"SKIP","floor":6.0},{"not_picked":["hexamod:Again","hexamod:Firestarter","hexamod:NightmareGuise"],"picked":"SKIP","floor":8.0},{"not_picked":["hexamod:InspiringFlames","hexamod:GhostShield","hexamod:HauntingEcho"],"picked":"SKIP","floor":9.0},{"not_picked":["hexamod:FifthSeal","hexamod:SwordOfDarkness","hexamod:NightmareStrike"],"picked":"SKIP","floor":12.0},{"not_picked":["hexamod:FifthSeal","hexamod:HeatShield","hexamod:InspiringFlames"],"picked":"SKIP","floor":14.0},{"not_picked":["hexamod:NightmareStrike","hexamod:FirstSeal","hexamod:GhostShield"],"picked":"SKIP","floor":15.0},{"not_picked":["hexamod:TurnItUp","hexamod:TimeOfNeed"],"picked":"hexamod:VolcanoVisage","floor":16.0},{"not_picked":["hexamod:GhostLash","hexamod:SoulSteal","hexamod:HeatMetal"],"picked":"SKIP","floor":19.0},{"not_picked":["hexamod:RadiantFlame","hexamod:ThirdSeal","hexamod:GhostOfSpireFuture"],"picked":"SKIP","floor":20.0},{"not_picked":["hexamod:InspiringFlames","hexamod:BurningTouch+1","hexamod:ShieldOfDarkness"],"picked":"SKIP","floor":21.0},{"not_picked":["hexamod:GhostflameBarrier+1","hexamod:Hexaguard","hexamod:FirstSeal"],"picked":"SKIP","floor":23.0},{"not_picked":["hexamod:ThermalTransfer","hexamod:ExtraCrispy","hexamod:NecessarySacrifice"],"picked":"SKIP","floor":26.0},{"not_picked":["hexamod:ShieldOfDarkness","hexamod:EtherealExpedition","hexamod:CatchUp+1"],"picked":"SKIP","floor":28.0},{"not_picked":["hexamod:Hexaguard","hexamod:FirstSeal","hexamod:ThermalTransfer"],"picked":"SKIP","floor":31.0},{"not_picked":["hexamod:SwordOfDarkness+1"],"picked":"SKIP","floor":36.0},{"not_picked":["hexamod:SkipABeat"],"picked":"SKIP","floor":37.0},{"not_picked":["hexamod:SpectersWail"],"picked":"SKIP","floor":38.0},{"not_picked":["hexamod:SkipABeat"],"picked":"SKIP","floor":42.0},{"not_picked":["hexamod:NightmareGuise"],"picked":"SKIP","floor":43.0},{"not_picked":[],"picked":"hexamod:Incineration+1","floor":45.0},{"not_picked":["hexamod:Firestarter"],"picked":"SKIP","floor":46.0},{"not_picked":["hexamod:RetreatToShadows"],"picked":"SKIP","floor":49.0}],"player_experience":227715,"relics_obtained":[{"floor":7.0,"key":"Bag of Preparation"},{"floor":12.0,"key":"Pen Nib"},{"floor":24.0,"key":"Nunchaku"},{"floor":25.0,"key":"Necronomicon"},{"floor":41.0,"key":"Akabeko"},{"floor":44.0,"key":"Mango"},{"floor":45.0,"key":"Shovel"}],"event_choices":[{"damage_healed":0.0,"max_hp_gain":0.0,"max_hp_loss":0.0,"gold_gain":0.0,"event_name":"Big Fish","player_choice":"Box","floor":4.0,"gold_loss":0.0,"damage_taken":0.0,"relics_obtained":["Dream Catcher"],"cards_obtained":["Regret"]},{"damage_healed":0.0,"max_hp_gain":0.0,"max_hp_loss":0.0,"gold_gain":0.0,"event_name":"Living Wall","player_choice":"Grow","floor":10.0,"gold_loss":0.0,"damage_taken":0.0,"cards_upgraded":["hexamod:RainOfEmbers"]},{"damage_healed":0.0,"max_hp_gain":0.0,"max_hp_loss":0.0,"gold_gain":0.0,"event_name":"Accursed Blacksmith","player_choice":"Rummage","floor":29.0,"gold_loss":0.0,"damage_taken":0.0,"relics_obtained":["WarpedTongs"],"cards_obtained":["Pain"]},{"damage_healed":0.0,"max_hp_gain":0.0,"max_hp_loss":0.0,"gold_gain":0.0,"event_name":"Mysterious Sphere","player_choice":"Fight","floor":44.0,"gold_loss":0.0,"damage_taken":0.0}],"is_beta":false,"boss_relics":[{"not_picked":["Astrolabe","Snecko Eye"],"picked":"hexamod:IceCube"},{"not_picked":["Coffee Dripper","Sozu"],"picked":"Busted Crown"}],"items_purged_floors":[6,26,40],"is_endless":false,"potions_floor_spawned":[5,12,15,16,19,20,28,33,38,42,43,46,49],"ascension_level":0}}