{"host":"r53pw7z744tg3fxg","time":1611352437,"event":{"mods":["AchievementEnabler","BaseMod","Colored Map","Colored Powertips","Highlight Path","Minty Spire (QoL Compilation)","Quick Restart","Transform Curses"],"gold_per_floor":[111,111,186,186,186,219,229,229,252,268,282,312,13,23,23,99,99,119,69,89,89,89],"floor_reached":21,"language":"ENG","playtime":2766,"items_purged":[],"score":396,"play_id":"188da195-b910-45d1-bf99-f666a8eb50a4","local_time":"20210122145357","is_ascension_mode":true,"campfire_choices":[{"floor":8.0,"key":"REST"},{"floor":15.0,"key":"REST"}],"circlet_count":0,"master_deck":["AscendersBane","Strike_P","Strike_P","Strike_P","Strike_P","Defend_P","Defend_P+1","Defend_P","Defend_P","Eruption","Vigilance+1","ForeignInfluence","BattleHymn","CutThroughFate","TalkToTheHand","Worship","SpiritShield+1","Devotion","Wallop","CarveReality","Protect+1","DeusExMachina+1","EmptyBody+1"],"relics":["PureWater","NeowsBlessing","Nunchaku","InkBottle","Regal Pillow","Toxic Egg 2","Black Star"],"acts_visited":["Exordium","TheCity"],"potions_floor_usage":[],"damage_taken":[{"damage":0.0,"enemies":"2 Louse","floor":1.0,"turns":1.0},{"damage":0.0,"enemies":"Gremlin Nob","floor":6.0,"turns":1.0},{"damage":0.0,"enemies":"Jaw Worm","floor":7.0,"turns":1.0},{"damage":0.0,"enemies":"Small Slimes","floor":10.0,"turns":4.0},{"damage":2.0,"enemies":"3 Louse","floor":11.0,"turns":5.0},{"damage":13.0,"enemies":"Lagavulin","floor":12.0,"turns":6.0},{"damage":11.0,"enemies":"Gremlin Gang","floor":14.0,"turns":5.0},{"damage":26,"enemies":"Slime Boss","floor":16,"turns":4},{"damage":22,"enemies":"Spheric Guardian","floor":18,"turns":5},{"damage":16,"enemies":"Shell Parasite","floor":20,"turns":6},{"damage":25,"enemies":"Shelled Parasite and Fungi","floor":21,"turns":2}],"seed_played":"-2053914615821650881","potions_obtained":[{"floor":6.0,"key":"SkillPotion"},{"floor":10.0,"key":"LiquidBronze"},{"floor":12.0,"key":"SkillPotion"},{"floor":16,"key":"Dexterity Potion"},{"floor":20,"key":"Energy Potion"}],"is_trial":false,"path_per_floor":["M","?","?","?","?","E","M","R","T","M","M","E","$","M","R","B",null,"M","?","M","M"],"character_chosen":"WATCHER","items_purchased":["Devotion","Wallop","CarveReality"],"campfire_rested":2,"item_purchase_floors":[13,13,13],"current_hp_per_floor":[61,41,30,25,25,25,25,45,45,45,43,30,30,19,54,28,58,36,36,20,0,0],"gold":89,"neow_bonus":"THREE_ENEMY_KILL","is_daily":false,"chose_seed":false,"campfire_upgraded":0,"win_rate":0.0,"timestamp":1611352437,"path_taken":["M","?","?","?","?","E","M","R","T","M","M","E","$","M","R","BOSS","M","?","M","?"],"items_purchased_type":["Card","Card","Card"],"build_version":"2020-12-22","purchased_purges":0,"victory":false,"max_hp_per_floor":[68,68,68,68,68,68,68,68,68,68,68,68,68,68,68,68,68,68,68,68,68,68],"card_choices":[{"not_picked":["Protect","CrushJoints"],"picked":"ForeignInfluence","floor":1.0},{"not_picked":["SignatureMove","CarveReality"],"picked":"BattleHymn","floor":6.0},{"not_picked":["EmptyFist","SandsOfTime"],"picked":"CutThroughFate","floor":7.0},{"not_picked":["Crescendo","PathToVictory"],"picked":"TalkToTheHand","floor":10.0},{"not_picked":["Nirvana","Protect"],"picked":"Worship","floor":11.0},{"not_picked":["FollowUp","Worship+1"],"picked":"SpiritShield+1","floor":12.0},{"not_picked":["JustLucky","Adaptation"],"picked":"Protect+1","floor":14.0},{"not_picked":["Vault+1","DevaForm"],"picked":"DeusExMachina+1","floor":16},{"not_picked":["Meditate+1","FlyingSleeves","Nirvana"],"picked":"SKIP","floor":18},{"not_picked":["FollowUp","Evaluate+1"],"picked":"EmptyBody+1","floor":20}],"player_experience":1337496,"relics_obtained":[{"floor":6.0,"key":"InkBottle"},{"floor":9.0,"key":"Regal Pillow"},{"floor":12.0,"key":"Toxic Egg 2"}],"event_choices":[{"damage_healed":0.0,"max_hp_gain":0.0,"max_hp_loss":0.0,"gold_gain":0.0,"event_name":"Shining Light","player_choice":"Entered Light","floor":2.0,"gold_loss":0.0,"damage_taken":20.0,"cards_upgraded":["Vigilance","Defend_P"]},{"damage_healed":0.0,"max_hp_gain":0.0,"max_hp_loss":0.0,"gold_gain":75.0,"event_name":"World of Goop","player_choice":"Gather Gold","floor":3.0,"gold_loss":0.0,"damage_taken":11.0},{"damage_healed":0.0,"max_hp_gain":0.0,"max_hp_loss":0.0,"gold_gain":0.0,"event_name":"Scrap Ooze","player_choice":"Success","floor":4.0,"gold_loss":0.0,"damage_taken":5.0,"relics_obtained":["Nunchaku"]},{"damage_healed":0.0,"max_hp_gain":0.0,"max_hp_loss":0.0,"gold_gain":0.0,"event_name":"Liars Game","player_choice":"Ignored","floor":5.0,"gold_loss":0.0,"damage_taken":0.0},{"damage_healed":0,"gold_gain":0,"player_choice":"Bet on Owner","damage_taken":0,"max_hp_gain":0,"max_hp_loss":0,"event_name":"The Joust","floor":19,"gold_loss":50}],"is_beta":false,"boss_relics":[{"not_picked":["Tiny House","Astrolabe"],"picked":"Black Star"}],"items_purged_floors":[],"is_endless":false,"potions_floor_spawned":[6,10,12,16,20],"killed_by":"Shelled Parasite and Fungi","ascension_level":17}}