{"host":"42xf941fomyavgzy","time":1611283282,"event":{"mods":["BaseMod","Colored Map","KinomotoSakuraMod(–Ø”V–{?)","Minty Spire (QoL Compilation)","Shop Mod","StSLib","SuperFastMode","The Cursed"],"gold_per_floor":[114,130,130,143,143,143,158,158,158,191,206,232,232,252,252,355,355,374,394,394,413,290,319,45,77,77,77,88,88,104,136,136,233,233,251,251,251,251,269,298,113,140,166,182,182,196,223,236,236,236,236,236,83,111,111,111],"floor_reached":55,"language":"JPN","playtime":4674,"items_purged":["Defend_B","Defend_B"],"score":1234,"play_id":"05af682f-79b0-42b9-aca1-954942b536e7","local_time":"20210122114122","is_ascension_mode":true,"campfire_choices":[{"data":"Zap","floor":6,"key":"SMITH"},{"data":"Genetic Algorithm","floor":8,"key":"SMITH"},{"data":"Biased Cognition","floor":15,"key":"SMITH"},{"data":"Capacitor","floor":27,"key":"SMITH"},{"data":"Conserve Battery","floor":29,"key":"SMITH"},{"data":"Go for the Eyes","floor":32,"key":"SMITH"},{"floor":45,"key":"RECALL"},{"data":"Capacitor","floor":49,"key":"SMITH"},{"data":"Hologram","floor":52,"key":"SMITH"}],"circlet_count":0,"master_deck":["Defend_B","Zap+1","Dualcast","Biased Cognition+1","BootSequence","Hologram+1","Sunder+1","Genetic Algorithm+1","Go for the Eyes+1","Conserve Battery+1","Multi-Cast","Undo","Glacier","Amplify","Capacitor+1","Consume+1","Loop+1","Cold Snap","Chaos+1","Skim","Rebound","Sweeping Beam+1","Turbo+1","Aggregate","Electrodynamics","Amplify+1","Hologram+1","Multi-Cast+1","Skim+1","Panacea","Panacea","Double Energy+1","Capacitor+1","Coolheaded","Lockon+1","Tempest","White Noise"],"relics":["Cracked Core","Ice Cream","Mango","Eternal Feather","Nuclear Battery","Boot","Blood Vial","Regal Pillow","The Courier","Ornamental Fan","Astrolabe","Singing Bowl","Happy Flower","Anchor","Lantern","StrikeDummy"],"acts_visited":["Exordium","TheCity","TheBeyond","TheEnding"],"potions_floor_usage":[10,12,16,23,40,42,50,54,55],"damage_taken":[{"damage":7,"enemies":"Jaw Worm","floor":1,"turns":2},{"damage":0,"enemies":"Small Slimes","floor":2,"turns":3},{"damage":1,"enemies":"Cultist","floor":4,"turns":3},{"damage":0,"enemies":"Red Slaver","floor":7,"turns":2},{"damage":12,"enemies":"3 Sentries","floor":10,"turns":6},{"damage":7,"enemies":"Gremlin Gang","floor":11,"turns":4},{"damage":8,"enemies":"Lagavulin","floor":12,"turns":5},{"damage":0,"enemies":"Large Slime","floor":14,"turns":5},{"damage":1,"enemies":"Hexaghost","floor":16,"turns":10},{"damage":11,"enemies":"2 Thieves","floor":18,"turns":4},{"damage":0,"enemies":"Chosen","floor":19,"turns":4},{"damage":7,"enemies":"Snake Plant","floor":21,"turns":4},{"damage":6,"enemies":"Slavers","floor":23,"turns":7},{"damage":29,"enemies":"Gremlin Leader","floor":25,"turns":8},{"damage":0,"enemies":"Snecko","floor":28,"turns":5},{"damage":0,"enemies":"Centurion and Healer","floor":30,"turns":5},{"damage":18,"enemies":"Slavers","floor":31,"turns":9},{"damage":49,"enemies":"Automaton","floor":33,"turns":10},{"damage":8,"enemies":"3 Darklings","floor":35,"turns":4},{"damage":0,"enemies":"3 Shapes","floor":39,"turns":6},{"damage":0,"enemies":"Giant Head","floor":40,"turns":5},{"damage":0,"enemies":"Reptomancer","floor":42,"turns":6},{"damage":16,"enemies":"Sphere and 2 Shapes","floor":44,"turns":4},{"damage":0,"enemies":"4 Shapes","floor":46,"turns":3},{"damage":0,"enemies":"Nemesis","floor":47,"turns":6},{"damage":0,"enemies":"Spire Growth","floor":48,"turns":4},{"damage":40,"enemies":"Time Eater","floor":50,"turns":4},{"damage":2,"enemies":"Shield and Spear","floor":54,"turns":5},{"damage":97,"enemies":"The Heart","floor":55,"turns":3}],"seed_played":"8336428981547982761","potions_obtained":[{"floor":1,"key":"Block Potion"},{"floor":11,"key":"Weak Potion"},{"floor":14,"key":"ColorlessPotion"},{"floor":21,"key":"BlessingOfTheForge"},{"floor":30,"key":"FearPotion"},{"floor":33,"key":"Fire Potion"},{"floor":35,"key":"Swift Potion"},{"floor":40,"key":"AttackPotion"},{"floor":47,"key":"Ancient Potion"}],"is_trial":false,"path_per_floor":["M","M","?","M","?","R","M","R","T","E","M","E","?","M","R","B",null,"M","M","?","M","$","E","$","E","T","R","M","R","M","E","R","B",null,"M","?","?","?","M","E","$","E","T","M","R","M","E","M","R","B",null,"R","$","E","B"],"character_chosen":"DEFECT","items_purchased":["Cold Snap","Blood Vial","Skim","Rebound","Capacitor","Coolheaded","Lantern","Block Potion"],"campfire_rested":0,"item_purchase_floors":[22,24,24,24,41,41,53,53],"current_hp_per_floor":[61,61,54,53,53,53,53,53,53,55,48,40,40,40,49,48,79,68,68,68,61,61,55,55,28,28,43,45,60,62,46,61,14,70,64,64,64,64,66,70,70,72,72,60,81,85,87,89,95,55,85,95,95,95,0,0],"gold":111,"neow_bonus":"ONE_RANDOM_RARE_CARD","is_daily":false,"chose_seed":false,"campfire_upgraded":8,"win_rate":0.0,"timestamp":1611283282,"path_taken":["M","M","?","M","?","R","M","R","T","E","M","E","?","M","R","BOSS","M","M","?","?","?","E","$","E","T","R","?","R","M","E","R","BOSS","M","?","?","?","M","E","$","E","T","?","R","M","E","M","R","BOSS","R","$","E","BOSS"],"items_purchased_type":["Card","Relic","Card","Card","Card","Card","Relic","Potion"],"build_version":"2020-12-22","purchased_purges":2,"victory":false,"max_hp_per_floor":[75,75,75,75,75,75,75,75,75,89,89,89,89,89,89,89,89,89,89,89,89,89,89,89,89,89,89,89,89,89,89,89,89,89,89,89,89,89,89,91,91,91,91,93,93,95,95,95,95,95,95,95,95,97,97,97],"card_choices":[{"not_picked":["Blizzard","Barrage"],"picked":"BootSequence","floor":1},{"not_picked":["Barrage","Reprogram"],"picked":"Hologram","floor":2},{"not_picked":["Reinforced Body","Blizzard"],"picked":"Sunder","floor":4},{"not_picked":["Steam","Streamline"],"picked":"Genetic Algorithm","floor":7},{"not_picked":["Double Energy","Thunder Strike"],"picked":"Go for the Eyes","floor":10},{"not_picked":["Barrage","Hologram"],"picked":"Conserve Battery","floor":11},{"not_picked":["Gash","Fusion"],"picked":"Multi-Cast","floor":12},{"not_picked":["BootSequence","Gash"],"picked":"Glacier","floor":14},{"not_picked":["Hyperbeam","Electrodynamics"],"picked":"Amplify","floor":16},{"not_picked":["Sweeping Beam","Storm"],"picked":"Capacitor","floor":18},{"not_picked":["Coolheaded","Cold Snap"],"picked":"Consume","floor":19},{"not_picked":["White Noise","Stack"],"picked":"Loop+1","floor":21},{"not_picked":["Coolheaded","Heatsinks"],"picked":"Chaos+1","floor":23},{"not_picked":["Go for the Eyes","Recycle"],"picked":"Sweeping Beam+1","floor":25},{"not_picked":["Conserve Battery","Compile Driver+1"],"picked":"Turbo+1","floor":28},{"not_picked":["Sunder+1","Beam Cell","Turbo+1"],"picked":"SKIP","floor":30},{"not_picked":["Reprogram","Recycle"],"picked":"Aggregate","floor":31},{"not_picked":["Hyperbeam","Meteor Strike"],"picked":"Electrodynamics","floor":33},{"not_picked":["Leap+1","Blizzard+1"],"picked":"Skim+1","floor":35},{"not_picked":["The Bomb","PanicButton"],"picked":"Panacea","floor":37},{"not_picked":["Gash+1","Barrage"],"picked":"Double Energy+1","floor":39},{"not_picked":["Aggregate","Reprogram","Stack"],"picked":"Singing Bowl","floor":40},{"not_picked":["Scrape","Compile Driver"],"picked":"Lockon+1","floor":42},{"not_picked":["Coolheaded","Beam Cell+1","Steam+1"],"picked":"Singing Bowl","floor":44},{"not_picked":["Darkness","Barrage","Reprogram"],"picked":"Singing Bowl","floor":46},{"not_picked":["Conserve Battery","Fusion+1"],"picked":"Tempest","floor":47},{"not_picked":["Defragment","Rip and Tear"],"picked":"White Noise","floor":48},{"not_picked":["Turbo+1","Loop+1","Static Discharge+1"],"picked":"Singing Bowl","floor":54}],"player_experience":410072,"relics_obtained":[{"floor":9,"key":"Ice Cream"},{"floor":10,"key":"Mango"},{"floor":12,"key":"Eternal Feather"},{"floor":23,"key":"Boot"},{"floor":25,"key":"Regal Pillow"},{"floor":26,"key":"The Courier"},{"floor":31,"key":"Ornamental Fan"},{"floor":40,"key":"Singing Bowl"},{"floor":42,"key":"Happy Flower"},{"floor":47,"key":"Anchor"},{"floor":54,"key":"StrikeDummy"}],"event_choices":[{"cards_removed":["Strike_B"],"damage_healed":0,"gold_gain":0,"player_choice":"Card Removal","damage_taken":7,"max_hp_gain":0,"max_hp_loss":0,"event_name":"Golden Wing","floor":3,"gold_loss":0},{"damage_healed":0,"gold_gain":0,"player_choice":"Grow","damage_taken":0,"max_hp_gain":0,"max_hp_loss":0,"event_name":"Living Wall","floor":5,"gold_loss":0,"cards_upgraded":["Sunder"]},{"damage_healed":0,"gold_gain":0,"cards_transformed":["Strike_B"],"player_choice":"Transformed","damage_taken":0,"max_hp_gain":0,"max_hp_loss":0,"event_name":"Transmorgrifier","floor":13,"gold_loss":0,"cards_obtained":["Undo"]},{"damage_healed":0,"gold_gain":0,"player_choice":"Upgraded","damage_taken":0,"max_hp_gain":0,"max_hp_loss":0,"event_name":"Upgrade Shrine","floor":20,"gold_loss":0,"cards_upgraded":["Consume"]},{"damage_healed":0,"gold_gain":0,"player_choice":"Ignored","damage_taken":0,"max_hp_gain":0,"max_hp_loss":0,"event_name":"Tomb of Lord Red Mask","floor":36,"gold_loss":0},{"damage_healed":0,"gold_gain":0,"player_choice":"Memory 1","damage_taken":0,"max_hp_gain":0,"max_hp_loss":0,"event_name":"SensoryStone","floor":37,"gold_loss":0},{"damage_healed":0,"gold_gain":0,"player_choice":"Copied","damage_taken":0,"max_hp_gain":0,"max_hp_loss":0,"event_name":"Duplicator","floor":38,"gold_loss":0,"cards_obtained":["Panacea"]}],"is_beta":false,"boss_relics":[{"not_picked":["SacredBark","Sozu"],"picked":"Nuclear Battery"},{"not_picked":["Coffee Dripper","Busted Crown"],"picked":"Astrolabe"}],"items_purged_floors":[22,41],"is_endless":false,"potions_floor_spawned":[1,11,14,21,30,33,35,40,47],"killed_by":"The Heart","ascension_level":7}}