{"host":"p090fjik2phvjstn","time":1611282779,"event":{"mods":["AchievementEnabler","BaseMod","Block Reminder","Colored Powertips","Minty Spire (QoL Compilation)","Quick Restart","Synergy Search"],"gold_per_floor":[366,40,40,55,68,68,58,58,112,126,126,158,158,177,177,278,278,298,328,29,47,47,47,60,85,153,1,1,11,31,65,65,167,167,178,189,116,116,132,159,159,159,159,159,159,179,197,226,226,226],"floor_reached":51,"language":"ENG","playtime":2990,"items_purged":["Expertise","Writhe"],"score":1054,"play_id":"0630b1ae-07f0-437d-bbad-b084c8e84b21","local_time":"20210122023259","is_ascension_mode":true,"campfire_choices":[{"data":"Underhanded Strike","floor":6,"key":"SMITH"},{"data":"Footwork","floor":8,"key":"SMITH"},{"data":"Survivor","floor":11,"key":"SMITH"},{"data":"Backflip","floor":15,"key":"SMITH"},{"data":"Dodge and Roll","floor":23,"key":"SMITH"},{"floor":28,"key":"REST"},{"floor":32,"key":"REST"},{"floor":41,"key":"REST"},{"data":"Catalyst","floor":45,"key":"SMITH"},{"floor":49,"key":"REST"}],"circlet_count":0,"master_deck":["Strike_G","Defend_G","Defend_G","Defend_G","Defend_G","Defend_G","Survivor+1","Neutralize+1","Dagger Throw","Footwork+1","Backflip+1","Underhanded Strike+1","Sucker Punch","Noxious Fumes+1","PiercingWail","Die Die Die+1","Dodge and Roll+1","Blur","PiercingWail","Crippling Poison+1","Cloak And Dagger+1","Terror+1","Malaise","Tactician+1","Dodge and Roll+1","Envenom+1","Dash+1","Bane+1","Noxious Fumes+1","Leg Sweep+1","Catalyst+1","Well Laid Plans","Caltrops+1","Well Laid Plans"],"relics":["Ring of the Snake","Matryoshka","Lantern","Boot","Molten Egg 2","WristBlade","Red Mask","Snake Skull","Pantograph","HornCleat","PreservedInsect","Letter Opener","Art of War","Astrolabe","White Beast Statue","Regal Pillow","Dead Branch","Bag of Preparation"],"acts_visited":["Exordium","TheCity","TheBeyond"],"potions_floor_usage":[16,18,19,19,19,19,24,24,25,25,33,35,46,50],"damage_taken":[{"damage":1,"enemies":"2 Louse","floor":1,"turns":3},{"damage":0,"enemies":"Cultist","floor":4,"turns":5},{"damage":0,"enemies":"Jaw Worm","floor":5,"turns":5},{"damage":4,"enemies":"Exordium Thugs","floor":7,"turns":4},{"damage":0,"enemies":"2 Fungi Beasts","floor":10,"turns":3},{"damage":8,"enemies":"Gremlin Nob","floor":12,"turns":5},{"damage":0,"enemies":"Red Slaver","floor":14,"turns":4},{"damage":0,"enemies":"The Guardian","floor":16,"turns":11},{"damage":0,"enemies":"Spheric Guardian","floor":18,"turns":7},{"damage":0,"enemies":"Masked Bandits","floor":19,"turns":4},{"damage":0,"enemies":"Chosen","floor":21,"turns":5},{"damage":0,"enemies":"Centurion and Healer","floor":24,"turns":6},{"damage":24,"enemies":"Book of Stabbing","floor":25,"turns":8},{"damage":1,"enemies":"Snake Plant","floor":29,"turns":6},{"damage":0,"enemies":"Chosen and Byrds","floor":30,"turns":5},{"damage":12,"enemies":"Gremlin Leader","floor":31,"turns":4},{"damage":26,"enemies":"Collector","floor":33,"turns":11},{"damage":6,"enemies":"3 Darklings","floor":35,"turns":4},{"damage":0,"enemies":"Orb Walker","floor":36,"turns":3},{"damage":18,"enemies":"Transient","floor":39,"turns":5},{"damage":4,"enemies":"Giant Head","floor":40,"turns":8},{"damage":4,"enemies":"4 Shapes","floor":46,"turns":5},{"damage":7,"enemies":"3 Darklings","floor":47,"turns":4},{"damage":9,"enemies":"Nemesis","floor":48,"turns":7},{"damage":49,"enemies":"Time Eater","floor":50,"turns":12}],"seed_played":"-5288218468362520339","potions_obtained":[{"floor":5,"key":"EntropicBrew"},{"floor":10,"key":"Block Potion"},{"floor":14,"key":"Block Potion"},{"floor":16,"key":"Swift Potion"},{"floor":21,"key":"BlessingOfTheForge"},{"floor":29,"key":"Weak Potion"},{"floor":30,"key":"SteroidPotion"},{"floor":33,"key":"LiquidBronze"},{"floor":46,"key":"Fruit Juice"},{"floor":47,"key":"SmokeBomb"},{"floor":48,"key":"Block Potion"}],"is_trial":false,"path_per_floor":["M","$","?","M","M","R","M","R","T","M","R","E","?","M","R","B",null,"M","?","$","M","?","R","M","E","T","$","R","M","M","E","R","B",null,"M","M","$","?","M","E","R","T","T","?","R","M","M","E","R","B",null],"character_chosen":"THE_SILENT","items_purchased":["Footwork","Matryoshka","Snake Skull","Blur","PiercingWail","Noxious Fumes"],"campfire_rested":4,"item_purchase_floors":[2,2,20,20,27,37],"current_hp_per_floor":[62,62,62,62,62,62,58,58,58,58,58,50,50,50,50,50,60,60,60,60,60,60,60,60,36,36,36,54,53,53,41,59,37,57,51,51,51,51,33,29,47,47,47,47,47,48,41,32,67,19],"gold":226,"neow_bonus":"TWO_FIFTY_GOLD","is_daily":false,"chose_seed":false,"campfire_upgraded":6,"win_rate":0.0,"timestamp":1611282779,"path_taken":["M","$","?","M","M","R","M","R","T","M","R","E","?","?","R","BOSS","M","?","$","M","?","R","M","E","T","$","R","?","M","E","R","BOSS","M","M","$","?","?","E","R","?","T","?","R","M","M","E","R","BOSS"],"items_purchased_type":["Card","Relic","Relic","Card","Card","Card"],"build_version":"2020-12-22","purchased_purges":2,"victory":true,"max_hp_per_floor":[63,63,63,63,63,63,63,63,63,63,63,63,63,63,63,63,63,63,63,63,63,63,63,63,63,63,63,63,63,63,63,63,63,63,63,63,63,63,63,63,63,63,63,63,63,68,68,68,68,68],"card_choices":[{"not_picked":["Slice","Deadly Poison"],"picked":"Dagger Throw","floor":1},{"not_picked":["Accuracy","Deflect"],"picked":"Backflip","floor":4},{"not_picked":["Catalyst","Quick Slash"],"picked":"Underhanded Strike","floor":5},{"not_picked":["Underhanded Strike","Terror"],"picked":"Expertise","floor":7},{"not_picked":["Concentrate","Acrobatics"],"picked":"Sucker Punch","floor":10},{"not_picked":["Flechettes+1","Distraction"],"picked":"Noxious Fumes","floor":12},{"not_picked":["Concentrate","Outmaneuver"],"picked":"PiercingWail","floor":14},{"not_picked":["Bullet Time","Storm of Steel"],"picked":"Die Die Die+1","floor":16},{"not_picked":["Slice+1","Underhanded Strike+1"],"picked":"Dodge and Roll","floor":18},{"not_picked":["All Out Attack+1","Reflex","Deadly Poison"],"picked":"SKIP","floor":21},{"not_picked":["Setup","Flechettes+1","Slice+1"],"picked":"SKIP","floor":24},{"not_picked":["Outmaneuver","Dagger Spray+1","Calculated Gamble"],"picked":"SKIP","floor":25},{"not_picked":["Tactician","Deflect"],"picked":"Crippling Poison+1","floor":29},{"not_picked":["Flying Knee+1","Sucker Punch+1"],"picked":"Cloak And Dagger+1","floor":30},{"not_picked":["Flechettes+1","Tactician"],"picked":"Terror+1","floor":31},{"not_picked":["Doppelganger","Unload+1"],"picked":"Malaise","floor":33},{"not_picked":["Dagger Throw+1","Cloak And Dagger+1"],"picked":"Dash+1","floor":35},{"not_picked":["Concentrate+1","Distraction+1"],"picked":"Bane+1","floor":36},{"not_picked":["Slice+1","Poisoned Stab+1"],"picked":"Leg Sweep+1","floor":39},{"not_picked":["Setup+1","Heel Hook+1"],"picked":"Catalyst","floor":40},{"not_picked":["Poisoned Stab+1","Footwork+1"],"picked":"Caltrops+1","floor":46},{"not_picked":["Heel Hook+1","Dodge and Roll+1"],"picked":"Well Laid Plans","floor":47},{"not_picked":["Terror","Bane+1","Outmaneuver"],"picked":"SKIP","floor":48}],"player_experience":516720,"relics_obtained":[{"floor":9,"key":"Lantern"},{"floor":9,"key":"Boot"},{"floor":12,"key":"Molten Egg 2"},{"floor":19,"key":"Red Mask"},{"floor":25,"key":"HornCleat"},{"floor":26,"key":"PreservedInsect"},{"floor":26,"key":"Letter Opener"},{"floor":31,"key":"Art of War"},{"floor":40,"key":"White Beast Statue"},{"floor":42,"key":"Regal Pillow"},{"floor":43,"key":"Dead Branch"},{"floor":48,"key":"Bag of Preparation"}],"event_choices":[{"damage_healed":0,"gold_gain":0,"player_choice":"Grow","damage_taken":0,"max_hp_gain":0,"max_hp_loss":0,"event_name":"Living Wall","floor":3,"gold_loss":0,"cards_upgraded":["Neutralize"]},{"damage_healed":0,"gold_gain":0,"player_choice":"Upgraded","damage_taken":0,"max_hp_gain":0,"max_hp_loss":0,"event_name":"Upgrade Shrine","floor":13,"gold_loss":0,"cards_upgraded":["Noxious Fumes"]},{"damage_healed":0,"gold_gain":0,"player_choice":"Fought Bandits","damage_taken":0,"max_hp_gain":0,"max_hp_loss":0,"event_name":"Masked Bandits","floor":19,"gold_loss":0},{"damage_healed":0,"gold_gain":0,"player_choice":"Opened","damage_taken":0,"relics_obtained":["Pantograph"],"max_hp_gain":0,"max_hp_loss":0,"event_name":"The Mausoleum","floor":22,"gold_loss":0,"cards_obtained":["Writhe"]},{"damage_healed":0,"gold_gain":0,"player_choice":"Upgraded","damage_taken":0,"max_hp_gain":0,"max_hp_loss":0,"event_name":"Upgrade Shrine","floor":38,"gold_loss":0,"cards_upgraded":["Noxious Fumes"]},{"damage_healed":0,"gold_gain":0,"cards_transformed":["Strike_G"],"player_choice":"Transformed","damage_taken":0,"max_hp_gain":0,"max_hp_loss":0,"event_name":"Transmorgrifier","floor":44,"gold_loss":0,"cards_obtained":["Well Laid Plans"]}],"is_beta":false,"boss_relics":[{"not_picked":["Tiny House","Black Star"],"picked":"WristBlade"},{"not_picked":["Pandora\u0027s Box","Sozu"],"picked":"Astrolabe"}],"items_purged_floors":[20,27],"is_endless":false,"potions_floor_spawned":[5,10,14,16,21,29,30,33,46,47,48],"ascension_level":6}}