{"host":"rl5ku05escnl5kxo","time":1611299882,"event":{"mods":["Act Like it!","BaseMod","Hallownest","Minty Spire (QoL Compilation)","StSLib","The Bug Knight"],"gold_per_floor":[117,117,117,42,67,82,102,135,183,206,206,230,230,266,266,392,392,411,426,351,371,371,402,402,402,452,452,452,452],"floor_reached":28,"language":"ENG","playtime":2137,"items_purged":["Pain"],"score":273,"play_id":"2dc6ff16-61bb-42c7-9c84-8e5b5ce39418","local_time":"20210121231802","is_ascension_mode":false,"campfire_choices":[{"data":"HollowMod:HornetsHelp","floor":11,"key":"SMITH"},{"data":"HollowMod:QuirrelsAssistance","floor":13,"key":"SMITH"},{"floor":15,"key":"REST"},{"floor":24,"key":"REST"},{"floor":27,"key":"RECALL"}],"circlet_count":0,"master_deck":["HollowMod:NailStrikeStart","HollowMod:NailStrikeStart","HollowMod:NailStrikeStart","HollowMod:QuickDashStart","HollowMod:QuickDashStart","HollowMod:QuickDashStart","HollowMod:FocusHealStart","HollowMod:PogoStrike","HollowMod:QuirrelsAssistance+1","HollowMod:LifebloodCocoon","HollowMod:HornetsHelp+1","HollowMod:SiblingsShadow+1","HollowMod:HerrahsAnger+1","HollowMod:SiblingsShadow+1","HollowMod:PerfectDash","HollowMod:LifebloodCocoon","HollowMod:HuntersJournal"],"relics":["HollowMod:VesselMask","Golden Idol","Bottled Lightning","Anchor","HollowMod:MillibellesNoteRelic","Astrolabe","Red Mask","Blue Candle"],"acts_visited":["Exordium","Exordium"],"potions_floor_usage":[8,14,14,28],"damage_taken":[{"damage":0,"enemies":"2 Louse","floor":1,"turns":3},{"damage":2,"enemies":"Small Slimes","floor":5,"turns":4},{"damage":7,"enemies":"Jaw Worm","floor":6,"turns":4},{"damage":0,"enemies":"Exordium Wildlife","floor":7,"turns":4},{"damage":50,"enemies":"Lagavulin","floor":8,"turns":11},{"damage":0,"enemies":"Looter","floor":10,"turns":4},{"damage":6,"enemies":"3 Louse","floor":12,"turns":5},{"damage":24,"enemies":"3 Sentries","floor":14,"turns":6},{"damage":46,"enemies":"The Guardian","floor":16,"turns":19},{"damage":53,"enemies":"Hallownest:Flukemon_and_Top","floor":18,"turns":7},{"damage":39,"enemies":"Hallownest:3_Youths","floor":19,"turns":12},{"damage":5,"enemies":"Hallownest:Warrior_and_Youth","floor":21,"turns":7},{"damage":0,"enemies":"Hallownest:Nosk","floor":23,"turns":23},{"damage":67,"enemies":"Hallownest:2_Flukemon","floor":28,"turns":8}],"seed_played":"2562335093346834610","potions_obtained":[{"floor":6,"key":"SpeedPotion"},{"floor":8,"key":"AttackPotion"},{"floor":12,"key":"LiquidBronze"},{"floor":16,"key":"FearPotion"},{"floor":19,"key":"SmokeBomb"},{"floor":23,"key":"Block Potion"}],"is_trial":false,"path_per_floor":["M","$","?","?","M","M","M","E","T","M","R","M","R","E","R","B",null,"M","M","$","M","?","E","R","?","T","R","M"],"character_chosen":"THE_BUGKNIGHT","items_purchased":[],"campfire_rested":2,"item_purchase_floors":[],"current_hp_per_floor":[82,82,82,87,87,80,80,40,40,40,40,34,34,16,42,8,87,40,13,13,18,18,30,56,56,56,56,0,0],"gold":452,"neow_bonus":"TEN_PERCENT_HP_BONUS","is_daily":false,"chose_seed":false,"campfire_upgraded":2,"win_rate":0.0,"timestamp":1611299882,"path_taken":["M","$","?","?","M","M","M","E","T","M","R","M","R","E","R","BOSS","M","M","$","M","?","E","R","?","T","R","M"],"items_purchased_type":[],"build_version":"2020-12-22","purchased_purges":1,"victory":false,"max_hp_per_floor":[82,82,82,87,87,87,87,87,87,87,87,87,87,87,87,87,87,87,87,87,87,87,87,87,87,87,87,87,87],"card_choices":[{"not_picked":["HollowMod:GoodIntentions","HollowMod:VengefulVoid"],"picked":"HollowMod:QuirrelsAssistance","floor":1},{"not_picked":["HollowMod:InfectedCysts","HollowMod:ChannelNail"],"picked":"HollowMod:LifebloodCocoon","floor":5},{"not_picked":["HollowMod:CloakDash","HollowMod:MawleksShell","HollowMod:ChannelNail"],"picked":"SKIP","floor":6},{"not_picked":["HollowMod:SharpenedNail","HollowMod:NewGlowingWomb","HollowMod:DreamGate"],"picked":"SKIP","floor":7},{"not_picked":["HollowMod:BlackTendrils","HollowMod:RecoilStrike","HollowMod:VengefulVoid"],"picked":"SKIP","floor":8},{"not_picked":["HollowMod:BlackTendrils","HollowMod:RecoilStrike","HollowMod:VengefulVoid"],"picked":"SKIP","floor":8},{"not_picked":["HollowMod:HowlingWraiths","HollowMod:MantisMark"],"picked":"HollowMod:HornetsHelp","floor":10},{"not_picked":["HollowMod:RecoilStrike","HollowMod:MawleksShell","HollowMod:SharpenedShadows"],"picked":"SKIP","floor":12},{"not_picked":["HollowMod:LifebloodCocoon","HollowMod:MothsMistake","HollowMod:SiblingsShadow"],"picked":"SKIP","floor":14},{"not_picked":["HollowMod:SoulSplash","HollowMod:GoodIntentions","HollowMod:ShapeofUnn+1"],"picked":"SKIP","floor":18},{"not_picked":["HollowMod:CloakDash","HollowMod:ChannelNail"],"picked":"HollowMod:SiblingsShadow+1","floor":19},{"not_picked":["HollowMod:SiblingsSouls","HollowMod:ChannelNail"],"picked":"HollowMod:PerfectDash","floor":21},{"not_picked":["HollowMod:BlackTendrils","HollowMod:SoulVessel"],"picked":"HollowMod:LifebloodCocoon","floor":23},{"not_picked":["HollowMod:PureNailStrike+1","HollowMod:DashSlash"],"picked":"HollowMod:HuntersJournal","floor":25}],"player_experience":516628,"relics_obtained":[{"floor":8,"key":"Bottled Lightning"},{"floor":9,"key":"Anchor"},{"floor":14,"key":"HollowMod:MillibellesNoteRelic"},{"floor":23,"key":"Blue Candle"}],"event_choices":[{"damage_healed":0,"gold_gain":0,"player_choice":"Take Wound","damage_taken":0,"relics_obtained":["Golden Idol"],"max_hp_gain":0,"max_hp_loss":0,"event_name":"Golden Idol","floor":3,"gold_loss":0,"cards_obtained":["Injury"]}],"is_beta":false,"boss_relics":[{"not_picked":["Snecko Eye","SlaversCollar"],"picked":"Astrolabe"}],"items_purged_floors":[20],"is_endless":false,"potions_floor_spawned":[6,8,12,16,19,23],"killed_by":"Hallownest:2_Flukemon","ascension_level":0}}