{"host":"v67gr4iepfhi0qby","time":1611308568,"event":{"mods":["BaseMod","Downfall","Minty Spire (QoL Compilation)","StSLib"],"gold_per_floor":[99,117,17,77,77,77,77,92,103,103,103,17,17,17,29,127,127,127,146,246,265,265,265,292,311,311,311,324,338,338,353,365,462,462,462,476,476,8,8,8,22,22],"floor_reached":43,"language":"ENG","playtime":3725,"items_purged":[],"score":616,"play_id":"0af44ba6-7192-4a69-ae9f-80f6d10a1b56","local_time":"20210122024248","is_ascension_mode":false,"campfire_choices":[{"data":"Guardian:GatlingBeam","floor":11,"key":"SMITH"},{"data":"hexamod:RainOfEmbers","floor":18,"key":"SMITH"},{"floor":26,"key":"REST"},{"floor":30,"key":"REST"},{"data":"expansioncontent:HyperBeam","floor":35,"key":"SMITH"}],"circlet_count":0,"master_deck":["sneckomod:Strike","sneckomod:Strike+1","sneckomod:Strike","sneckomod:Defend","sneckomod:Defend+1","sneckomod:Defend+1","sneckomod:TailWhip+1","sneckomod:SnekBite","hexamod:ThirdSeal","sneckomod:UnknownCommonAttack","sneckomod:SnakeSap","sneckomod:ImprovisedGuard+1","expansioncontent:HyperBeam+1","sneckomod:UnknownExhaust+1","sneckomod:SerpentIdol","FlyingSleeves+1","Guardian:GatlingBeam+1","sneckomod:UnknownUncommonSkill","sneckomod:MorePower","hexamod:RainOfEmbers+1","sneckomod:Restock","hexamod:ThirdSeal","sneckomod:UnknownClassPURPLE+1","sneckomod:UnknownWeak+1","sneckomod:UnknownWeak","sneckomod:UnknownClassGUARDIAN+1","sneckomod:UnknownClassCrowbot+1","sneckomod:SoulDraw+1","sneckomod:UnknownColorless+1","sneckomod:TrashToTreasure+1","sneckomod:IronFang+1","sneckomod:UnknownColorless+1","Guardian:HyperBeam_Guardian+1","hexamod:RetreatToShadows+1","sneckomod:UnknownRareAttack","sneckomod:UnknownClassCrowbot+1","hexamod:SixthSeal","sneckomod:UnknownClassCrowbot","sneckomod:UnknownClassBLUE+1","sneckomod:UnknownRarePower","Guardian:HyperBeam_Guardian+1","sneckomod:UnknownRareSkill+1"],"relics":["sneckomod:SuperSneckoSoul","War Paint","Pear","Lizard Tail","Pantograph","Whetstone","Snecko Eye","downfall:TeleportStone","Thread and Needle","Lee\u0027s Waffle","Matryoshka","downfall:ExtraCursedKey"],"acts_visited":["Exordium","TheCity","TheBeyond"],"potions_floor_usage":[16,25,29,33,33,33,42],"damage_taken":[{"damage":5,"enemies":"2 Louse","floor":2,"turns":3},{"damage":0,"enemies":"downfall:FleeingMerchant","floor":3,"turns":4},{"damage":10,"enemies":"3 Sentries","floor":4,"turns":4},{"damage":3,"enemies":"Jaw Worm","floor":8,"turns":3},{"damage":4,"enemies":"Cultist","floor":9,"turns":3},{"damage":7,"enemies":"downfall:FleeingMerchant","floor":12,"turns":4},{"damage":17,"enemies":"3 Louse","floor":15,"turns":3},{"damage":28,"enemies":"SI_SHIV_ARCHETYPE","floor":16,"turns":7},{"damage":30,"enemies":"Spheric Guardian","floor":19,"turns":4},{"damage":40,"enemies":"WA_ARCHETYPE_RETAIN","floor":20,"turns":11},{"damage":21,"enemies":"Shell Parasite","floor":21,"turns":5},{"damage":8,"enemies":"Chosen and Byrds","floor":25,"turns":5},{"damage":32,"enemies":"Snake Plant","floor":28,"turns":4},{"damage":36,"enemies":"Centurion and Healer","floor":29,"turns":5},{"damage":4,"enemies":"Cultist and Chosen","floor":31,"turns":4},{"damage":37,"enemies":"3 Cultists","floor":32,"turns":6},{"damage":87,"enemies":"IC_MUSHROOM_ARCHETYPE","floor":33,"turns":10},{"damage":7,"enemies":"3 Shapes","floor":36,"turns":3},{"damage":7,"enemies":"downfall:FleeingMerchant","floor":38,"turns":4},{"damage":14,"enemies":"Orb Walker","floor":41,"turns":3},{"damage":63,"enemies":"WA_ARCHETYPE_DIVINITY","floor":42,"turns":15}],"seed_played":"-720273681014496562","potions_obtained":[{"floor":2,"key":"Block Potion"},{"floor":9,"key":"EssenceOfSteel"},{"floor":15,"key":"Strength Potion"},{"floor":19,"key":"Guardian:BlockOnCardUsePotion"},{"floor":25,"key":"Strength Potion"},{"floor":29,"key":"Strength Potion"},{"floor":33,"key":"PowerPotion"}],"is_trial":false,"path_per_floor":["R","M","$","?","?","R","T","M","M","?","R","$","R","?","M","B",null,"R","M","?","M","?","?","T","M","R","?","M","M","R","M","M","B",null,"R","M","?","$","T","?","M","B",null],"character_chosen":"THE_SNECKO","items_purchased":["expansioncontent:HyperBeam","sneckomod:MorePower","Thread and Needle","Lee\u0027s Waffle"],"campfire_rested":2,"item_purchase_floors":[3,12,38,38],"current_hp_per_floor":[99,94,94,84,84,84,94,91,87,87,87,80,80,80,63,35,109,109,79,39,18,18,18,18,10,42,119,87,51,86,82,45,49,119,119,112,112,126,126,126,112,63],"gold":22,"neow_bonus":"TEN_PERCENT_HP_BONUS","is_daily":false,"chose_seed":false,"campfire_upgraded":3,"win_rate":0.0,"timestamp":1611308568,"path_taken":["R","M","$","?","?","R","T","?","M","?","R","$","R","?","M","BOSS","R","M","?","M","?","?","T","M","R","?","M","?","R","M","M","BOSS","R","M","?","$","?","?","M","BOSS"],"items_purchased_type":["Card","Card","Relic","Relic"],"build_version":"2020-12-22","purchased_purges":0,"victory":true,"max_hp_per_floor":[99,99,99,99,99,99,109,109,109,109,109,109,109,109,109,109,109,109,109,109,109,109,109,109,109,109,119,119,119,119,119,119,119,119,119,119,119,126,126,126,126,126],"card_choices":[{"not_picked":["sneckomod:QuickBite","sneckomod:DefensiveFlair"],"picked":"sneckomod:UnknownCommonAttack","floor":2},{"not_picked":["sneckomod:QuickMove","sneckomod:RainOfDice"],"picked":"sneckomod:SnakeSap","floor":2},{"not_picked":["sneckomod:Nope","sneckomod:UnknownCommonSkill"],"picked":"sneckomod:ImprovisedGuard","floor":3},{"not_picked":["sneckomod:QuickMove","sneckomod:UnknownCommonSkill"],"picked":"sneckomod:UnknownX","floor":3},{"not_picked":["sneckomod:SoulRoll","sneckomod:RainOfDice"],"picked":"sneckomod:UnknownExhaust","floor":4},{"not_picked":["sneckomod:UnknownWeak","sneckomod:Unknown2Cost"],"picked":"sneckomod:SerpentIdol","floor":4},{"not_picked":["sneckomod:SnekBeam","sneckomod:RainOfDice","sneckomod:MasterEye"],"picked":"SKIP","floor":8},{"not_picked":["sneckomod:UnknownBlock","sneckomod:UnknownCommonSkill"],"picked":"sneckomod:UnknownUncommonSkill","floor":9},{"not_picked":["sneckomod:UnknownCommonAttack","sneckomod:Nope","sneckomod:UnknownVulnerable"],"picked":"SKIP","floor":9},{"not_picked":["sneckomod:UnknownUncommonAttack","sneckomod:DiceBlock","sneckomod:DefensiveFlair"],"picked":"SKIP","floor":9},{"not_picked":["sneckomod:SerpentMind","sneckomod:IronFang","sneckomod:UnknownUncommonAttack"],"picked":"SKIP","floor":12},{"not_picked":["sneckomod:UnknownUncommonPower","sneckomod:SerpentIdol","sneckomod:UnknownDraw"],"picked":"SKIP","floor":12},{"not_picked":["sneckomod:CheapStock","sneckomod:UnknownCommonSkill","sneckomod:UnendingSupply"],"picked":"SKIP","floor":15},{"not_picked":["sneckomod:UnknownVulnerable+1","sneckomod:Unknown+1"],"picked":"sneckomod:UnknownRareAttack+1","floor":16},{"not_picked":["sneckomod:Restock","sneckomod:UnknownRareSkill"],"picked":"sneckomod:Cheat","floor":16},{"not_picked":["sneckomod:SerpentMind","sneckomod:UnlimitedRolls"],"picked":"sneckomod:Restock","floor":16},{"not_picked":["sneckomod:Unknown+1","sneckomod:UnknownBlock+1"],"picked":"sneckomod:UnknownClassPURPLE+1","floor":19},{"not_picked":["sneckomod:UnendingSupply","sneckomod:UnknownDraw"],"picked":"sneckomod:UnknownWeak","floor":19},{"not_picked":["sneckomod:SoulCleanse","sneckomod:Unknown1Cost"],"picked":"sneckomod:UnknownWeak","floor":19},{"not_picked":["sneckomod:UnknownBlock","sneckomod:UnknownUncommonAttack"],"picked":"sneckomod:UnknownClassGUARDIAN+1","floor":19},{"not_picked":["sneckomod:UnknownCommonAttack+1","sneckomod:Unknown+1"],"picked":"sneckomod:Unknown0Cost+1","floor":20},{"not_picked":["sneckomod:IronFang","sneckomod:DiceBlock+1"],"picked":"sneckomod:UnknownClassCrowbot+1","floor":20},{"not_picked":["sneckomod:ImprovisedGuard+1","sneckomod:SnekBeam"],"picked":"sneckomod:SoulDraw+1","floor":20},{"not_picked":["sneckomod:UnknownStrike+1","sneckomod:UnknownClassGREEN+1"],"picked":"sneckomod:UnknownColorless+1","floor":21},{"not_picked":["sneckomod:IronFang","sneckomod:SoulRoll"],"picked":"sneckomod:TrashToTreasure+1","floor":21},{"not_picked":["sneckomod:UnknownStrike","sneckomod:UnknownExhaust"],"picked":"sneckomod:IronFang+1","floor":21},{"not_picked":["sneckomod:Unknown0Cost+1","sneckomod:UnknownUncommonSkill+1"],"picked":"sneckomod:UnknownColorless+1","floor":25},{"not_picked":["sneckomod:UnknownWeak","sneckomod:UnknownDraw","sneckomod:IronFang"],"picked":"SKIP","floor":25},{"not_picked":["sneckomod:UnknownStrength+1","sneckomod:UnknownBlock+1"],"picked":"sneckomod:Unknown3Cost+1","floor":28},{"not_picked":["sneckomod:CheapStock","sneckomod:WideSting","sneckomod:SoulDraw"],"picked":"SKIP","floor":28},{"not_picked":["sneckomod:RainOfDice","sneckomod:UnendingSupply","sneckomod:Nope"],"picked":"SKIP","floor":29},{"not_picked":["sneckomod:UnknownClassHEXA_GHOST_PURPLE+1","sneckomod:Nope+1","sneckomod:DiceCrush+1"],"picked":"SKIP","floor":31},{"not_picked":["sneckomod:DiceCrush","sneckomod:MasterEye"],"picked":"sneckomod:UnknownRareAttack","floor":32},{"not_picked":["sneckomod:UnknownClassHEXA_GHOST_PURPLE+1","sneckomod:UnknownDraw+1"],"picked":"sneckomod:UnknownClassCrowbot+1","floor":32},{"not_picked":["hexamod:FirstSeal","hexamod:FourthSeal"],"picked":"hexamod:SixthSeal","floor":32},{"not_picked":["sneckomod:UnknownDraw","sneckomod:SnakeSap"],"picked":"sneckomod:UnknownClassCrowbot","floor":32},{"not_picked":["sneckomod:SoulCleanse","sneckomod:SoulRoll+1","sneckomod:ImprovisedGuard+1"],"picked":"SKIP","floor":32},{"not_picked":["sneckomod:UnknownExhaust+1","sneckomod:UnknownClassCrowbot+1"],"picked":"sneckomod:UnknownClassBLUE+1","floor":33},{"not_picked":["sneckomod:UnlimitedRolls","sneckomod:UnknownRareAttack"],"picked":"sneckomod:UnknownRarePower","floor":33},{"not_picked":["sneckomod:RainOfDice+1","sneckomod:UnknownUncommonPower","sneckomod:WideSting+1"],"picked":"SKIP","floor":36},{"not_picked":["sneckomod:SlitherStrike","sneckomod:WideSting+1","sneckomod:SoulRoll"],"picked":"SKIP","floor":36},{"not_picked":["sneckomod:UnknownClassPURPLE+1","sneckomod:UnknownWeak+1","sneckomod:UnknownUncommonSkill+1"],"picked":"SKIP","floor":38},{"not_picked":["sneckomod:DiceCrush","sneckomod:WideSting+1","sneckomod:UnknownUncommonSkill"],"picked":"SKIP","floor":38},{"not_picked":["sneckomod:UnknownClassTHE_CHAMP_GRAY+1","sneckomod:UnknownStrike+1"],"picked":"sneckomod:UnknownRareSkill+1","floor":41},{"not_picked":["sneckomod:DiceCrush","sneckomod:QuickBite+1","sneckomod:SerpentIdol"],"picked":"SKIP","floor":41},{"not_picked":["sneckomod:Unknown1Cost","sneckomod:Nope+1","sneckomod:UnknownClassGUARDIAN+1"],"picked":"SKIP","floor":41}],"player_experience":13494,"relics_obtained":[{"floor":4,"key":"War Paint"},{"floor":7,"key":"Pear"},{"floor":20,"key":"Lizard Tail"},{"floor":20,"key":"Pantograph"},{"floor":24,"key":"Whetstone"},{"floor":39,"key":"Matryoshka"}],"event_choices":[{"cards_removed":["sneckomod:Cheat"],"damage_healed":67,"gold_gain":0,"player_choice":"Offered Rare","damage_taken":0,"max_hp_gain":10,"max_hp_loss":0,"event_name":"Bonfire Elementals","floor":27,"gold_loss":0}],"is_beta":false,"boss_relics":[{"not_picked":["Tiny House","Black Star"],"picked":"sneckomod:SuperSneckoSoul"},{"not_picked":["Coffee Dripper","Empty Cage"],"picked":"Snecko Eye"}],"items_purged_floors":[],"is_endless":false,"potions_floor_spawned":[2,9,15,19,25,28,29,31,33],"ascension_level":0}}