{"host":"ni5mix2lh3q94rpg","time":1611337217,"event":{"mods":["AchievementEnabler","Act Like it!","BaseMod","Better Altar","Better Note","Better Silent Start","Better Skull","Better Third Choice","Better Vampires","Card Forge","Colored Map","Colored Powertips","Custom Start","Displayed Cursed Tome","Gensokyo","GifTheSpireLib","Hermit","Highlight Path","Marisa????????","Minty Spire (QoL Compilation)","Remilia??????","Shop Mod","StSLib","The Cursed","The Servant 0.9.4","Transform Curses","everything is the same but u backflip on backflip","slay the spire mod where everything is the same but ironclad has a cowboy hat"],"gold_per_floor":[117,11,22,3,185,185,202,202,229,262,262,262,274,274,274,274,274],"floor_reached":16,"language":"ENG","playtime":771,"items_purged":[],"score":177,"play_id":"e5c96340-4aa7-41db-b192-734c56995a36","local_time":"20210122204017","is_ascension_mode":true,"campfire_choices":[{"floor":6.0,"key":"REST"},{"data":"True Grit","floor":8.0,"key":"SMITH"},{"data":"Whirlwind","floor":12.0,"key":"SMITH"},{"floor":15.0,"key":"REST"}],"circlet_count":0,"master_deck":["AscendersBane","Strike_R","Strike_R","Strike_R","Strike_R","Defend_R","Defend_R","Defend_R","Defend_R","Bash","Sever Soul","Whirlwind+1","Gensokyo:RustyChest","Shrug It Off","Exhume","Shrug It Off"],"relics":["Burning Blood","Hammer of Thor","Seething Fire","Anvil of the Gods","NeowsBlessing","Toy Ornithopter","Strawberry","Juzu Bracelet","InkBottle","Gensokyo:Justice"],"acts_visited":["Exordium"],"potions_floor_usage":[16],"damage_taken":[{"damage":0.0,"enemies":"Gensokyo:Python","floor":1.0,"turns":1.0},{"damage":0.0,"enemies":"Gensokyo:Gryphon","floor":3.0,"turns":1.0},{"damage":0.0,"enemies":"Gensokyo:2_Kodama","floor":7.0,"turns":2.0},{"damage":45.0,"enemies":"Gensokyo:Cirno","floor":10.0,"turns":8.0},{"damage":0.0,"enemies":"Gensokyo:LivingMonolith","floor":13.0,"turns":3.0},{"damage":93,"enemies":"Gensokyo:Reimu","floor":16,"turns":19}],"seed_played":"-6563520106381701205","potions_obtained":[{"floor":1.0,"key":"Fire Potion"},{"floor":13.0,"key":"BloodPotion"}],"is_trial":false,"path_per_floor":["M","$","M","COS","?","R","M","R","T","E","?","R","M","?","R","B"],"character_chosen":"IRONCLAD","items_purchased":["Whirlwind","True Grit"],"campfire_rested":2,"item_purchase_floors":[2,2],"current_hp_per_floor":[74,74,75,75,34,58,64,64,64,30,30,30,36,36,60,0,0],"gold":274,"neow_bonus":"THREE_ENEMY_KILL","is_daily":false,"chose_seed":false,"campfire_upgraded":2,"win_rate":0.0,"timestamp":1611337217,"path_taken":["M","$","M","COS","?","R","?","R","T","E","?","R","M","?","R","BOSS"],"items_purchased_type":["Card","Card"],"build_version":"2020-12-22","purchased_purges":0,"victory":false,"max_hp_per_floor":[75,75,75,75,82,82,82,82,82,82,82,82,82,82,82,82,82],"card_choices":[{"not_picked":["Rage","Perfected Strike"],"picked":"Sever Soul","floor":1.0},{"not_picked":["Clash","Wild Strike","Havoc"],"picked":"SKIP","floor":3.0},{"not_picked":["Sentinel","Armaments"],"picked":"Shrug It Off","floor":7.0},{"not_picked":["Heavy Blade","Feel No Pain"],"picked":"Exhume","floor":10.0},{"not_picked":["True Grit","Anger"],"picked":"Shrug It Off","floor":13.0}],"player_experience":866092,"relics_obtained":[{"floor":9.0,"key":"Juzu Bracelet"},{"floor":10.0,"key":"InkBottle"}],"event_choices":[{"damage_healed":0.0,"max_hp_gain":0.0,"max_hp_loss":0.0,"gold_gain":182.0,"event_name":"betterSkull:BetterSkull","player_choice":"RE RE GO GO ","floor":5.0,"gold_loss":0.0,"damage_taken":54.0,"cards_upgraded":[],"relics_obtained":["Toy Ornithopter","Strawberry"]}],"is_beta":false,"boss_relics":[],"items_purged_floors":[],"is_endless":false,"potions_floor_spawned":[1,13],"killed_by":"Gensokyo:Reimu","ascension_level":18}}