{"host":"rx4dvj46as2nh7wl","time":1611321580,"event":{"mods":["100% Spire Juice","ATMod(阿瑾Mod)","Act Like it!","BaseMod","BetterRewards","Defective Defect","Dota2Spire","Friendly Minions","Gensokyo","GifTheSpireLib","Hermit","HololiveMod","Hubris","JesterMod","Library of Ruina","Minty Spire (QoL Compilation)","Permanent Neow","Relic Stats","Replay The Spire","Spicy Shops","Spire Birthday Party","StSLib","WarShipGirlsR/战舰少女R mod","Yakumo Yukari mod","vexMod","【遗物Mod】死灵法师NEW"],"gold_per_floor":[116,116,134,146,157,189,83,97,121,56,76,0,0,31,31,132,12,224,237,151,151,167,167,183,183,183],"floor_reached":25,"language":"ZHS","playtime":2020,"items_purged":[],"score":217,"play_id":"a047635e-fed2-48d2-baf4-b9671ea7641a","local_time":"20210122211940","is_ascension_mode":false,"campfire_choices":[{"floor":13,"key":"REST"},{"data":"Moonworks:RedAndBlue","floor":15,"key":"SMITH"},{"data":"Moonworks:LuckyCharm","floor":23,"key":"SMITH"}],"circlet_count":0,"master_deck":["Moonworks:Strike","Moonworks:Strike","Moonworks:Strike","Moonworks:Strike","Moonworks:Defend","Moonworks:Defend","Moonworks:Defend","Moonworks:Ambush","Moonworks:LongDistanceShot","AT_OneInchPunch","Moonworks:RedAndBlue+1","Moonworks:Flamethrower","Moonworks:EvilSpyWorkPreparation","Moonworks:LuckyCharm+1","Moonworks:Poppoformation","Moonworks:EvilSpyWorkPreparation","Moonworks:DeployBits","Moonworks:BigBangBell","Moonworks:SakisCookie","Moonworks:Bloodlust","Moonworks:WeAreWaruda","Moonworks:ShieldCounter","Moonworks:JonathanRush+1","Moonworks:SakisCookie","Gensokyo:BlemishedSteel","Moonworks:Wanted","Moonworks:CloudOfSeagulls+1","Moonworks:RocketCannon"],"relics":["Moonworks:BrokenBomb","Moonworks:Homemark","AT_ATBox","hubris:Towel","ZombieArmy","Dota2Spire:LotusOrb","Meat on the Bone","PageOfScorchedGirl","Sozu","Frozen Eye"],"acts_visited":["Gensokyo:Gensokyo","Gensokyo:Gensokyoer"],"potions_floor_usage":[22],"damage_taken":[{"damage":3,"enemies":"Gensokyo:3_Fairies","floor":1,"turns":3},{"damage":0,"enemies":"Gensokyo:Python","floor":3,"turns":2},{"damage":0,"enemies":"Gensokyo:Gryphon","floor":4,"turns":2},{"damage":0,"enemies":"Gensokyo:2_Rabbits","floor":5,"turns":2},{"damage":19,"enemies":"Gensokyo:Mamizou","floor":6,"turns":10},{"damage":0,"enemies":"Gensokyo:LivingMonolith","floor":7,"turns":2},{"damage":6,"enemies":"Gensokyo:Kitsune","floor":8,"turns":2},{"damage":2,"enemies":"Gensokyo:VengefulSpirit","floor":11,"turns":4},{"damage":4,"enemies":"Gensokyo:Cirno","floor":14,"turns":4},{"damage":39,"enemies":"Gensokyo:Yukari","floor":16,"turns":7},{"damage":23,"enemies":"Gensokyo:Chomper","floor":18,"turns":4},{"damage":14,"enemies":"Gensokyo:AngelMirror","floor":19,"turns":3},{"damage":16,"enemies":"Gensokyo:Slime_Group","floor":22,"turns":4},{"damage":17,"enemies":"Gensokyo:Chomper_and_Gloop","floor":24,"turns":5},{"damage":50,"enemies":"Gensokyo:Koishi","floor":25,"turns":5}],"seed_played":"-3849593163391354495","potions_obtained":[{"floor":3,"key":"PowerPotion"},{"floor":5,"key":"Weak Potion"},{"floor":6,"key":"Dota2Spire:Clarity"},{"floor":14,"key":"Block Potion"}],"is_trial":false,"path_per_floor":["M","?","M","M","M","E","M","M","T","?","M","COS","R","E","R","B",null,"M","M","COS","?","M","R","M","E"],"character_chosen":"THE_STARBREAKER","items_purchased":[],"campfire_rested":1,"item_purchase_floors":[],"current_hp_per_floor":[57,57,57,57,57,38,38,32,32,17,29,29,47,45,45,34,60,45,31,31,31,41,41,38,0,0],"gold":183,"neow_bonus":"REMOVE_CARD","is_daily":false,"chose_seed":false,"campfire_upgraded":2,"win_rate":0.0,"timestamp":1611321580,"path_taken":["M","?","M","?","M","E","M","?","T","?","M","COS","R","E","R","BOSS","M","M","COS","?","M","R","M","E"],"items_purchased_type":[],"build_version":"2020-12-22","purchased_purges":0,"victory":false,"max_hp_per_floor":[60,60,60,60,60,60,60,60,60,60,60,60,60,60,60,60,60,60,60,60,60,60,60,60,60,60],"relic_stats":{"Sozu":0,"counters":[15,58],"obtain_stats":[{"Sozu":17,"Frozen Eye":25,"AT_ATBox":0,"Moonworks:Homemark":0,"PageOfScorchedGirl":14,"hubris:Towel":2,"Dota2Spire:LotusOrb":9,"Moonworks:BrokenBomb":0,"ZombieArmy":6,"Meat on the Bone":10},{"Sozu":10,"Frozen Eye":14,"AT_ATBox":0,"Moonworks:Homemark":0,"PageOfScorchedGirl":9,"hubris:Towel":1,"Dota2Spire:LotusOrb":7,"Moonworks:BrokenBomb":0,"ZombieArmy":5,"Meat on the Bone":7},{"Sozu":38,"Frozen Eye":54,"AT_ATBox":0,"Moonworks:Homemark":0,"PageOfScorchedGirl":31,"hubris:Towel":3,"Dota2Spire:LotusOrb":23,"Moonworks:BrokenBomb":0,"ZombieArmy":19,"Meat on the Bone":23}],"Meat on the Bone":36},"card_choices":[{"not_picked":["Moonworks:BigMagnum","Moonworks:JonathanRush"],"picked":"Moonworks:RedAndBlue","floor":1},{"not_picked":["Moonworks:Assault","Moonworks:Poppoformation"],"picked":"Moonworks:Flamethrower","floor":3},{"not_picked":["Moonworks:PlushieMaster","Moonworks:FinalSurgery"],"picked":"Moonworks:EvilSpyWorkPreparation","floor":4},{"not_picked":["Moonworks:ImOnFire","Moonworks:UnpaidWork"],"picked":"Moonworks:LuckyCharm","floor":5},{"not_picked":["Moonworks:CloudOfSeagulls","Moonworks:JonathanRush"],"picked":"Moonworks:Poppoformation","floor":6},{"not_picked":["Moonworks:CloudOfSeagulls","Moonworks:RagingMadness"],"picked":"Moonworks:SakisCookie","floor":7},{"not_picked":["Moonworks:ReproductionOfRecords","Moonworks:ImOnFire"],"picked":"Moonworks:EvilSpyWorkPreparation","floor":8},{"not_picked":["Moonworks:UnluckyCharm","Moonworks:StiffCrystal"],"picked":"Moonworks:DeployBits","floor":10},{"not_picked":["Moonworks:ImOnFire","Moonworks:TacticalRetreat"],"picked":"Moonworks:BigBangBell","floor":10},{"not_picked":["Moonworks:NicePresent","Moonworks:EvilSpyWorkPreparation"],"picked":"Moonworks:SakisCookie","floor":11},{"not_picked":["Moonworks:DeployBits","Moonworks:DevilHand"],"picked":"Moonworks:Bloodlust","floor":14},{"not_picked":["Moonworks:GoAway","Moonworks:OutOfAmmo"],"picked":"Moonworks:WeAreWaruda","floor":16},{"not_picked":["Moonworks:Encore","Moonworks:Accelerator"],"picked":"Moonworks:ShieldCounter","floor":16},{"not_picked":["Moonworks:Assault","Moonworks:ImOnFire"],"picked":"Moonworks:JonathanRush+1","floor":18},{"not_picked":["Moonworks:BackdoorTrade","Moonworks:LulusLuckyEgg"],"picked":"Moonworks:SakisCookie","floor":19},{"not_picked":["Moonworks:CookingTime","Moonworks:EvilSpyWorkPreparation+1"],"picked":"Moonworks:CloudOfSeagulls+1","floor":22},{"not_picked":["Moonworks:EvilSpyWorkPreparation","Moonworks:DeployBits+1"],"picked":"Moonworks:RocketCannon","floor":24}],"player_experience":151787,"relics_obtained":[{"floor":6,"key":"ZombieArmy"},{"floor":9,"key":"Dota2Spire:LotusOrb"},{"floor":10,"key":"Meat on the Bone"},{"floor":14,"key":"PageOfScorchedGirl"}],"event_choices":[],"is_beta":false,"boss_relics":[{"not_picked":["Velvet Choker","Busted Crown"],"picked":"Sozu"}],"items_purged_floors":[],"is_endless":false,"potions_floor_spawned":[3,5,6,14,16,19],"killed_by":"Gensokyo:Koishi","ascension_level":0}}