{"host":"mai03x2ekbjy4059","time":1611284418,"event":{"mods":["2.2 Compatiblity","BaseMod","Colored Map","DeckTracker","Keyboard Shortcuts","Minty Spire (QoL Compilation)","Permanent Neow","Quick Restart","SuperFastMode","everything is the same but u backflip on backflip"],"gold_per_floor":[116,41,41,41,55,90,104,143,143,183,183,203,233,272,272,395,395,414,414,190,289,303,342,342,376,376,376,397,420,420,456,456,582,609,627,960,960,687,687,719,719,731,731,771,780,780,822,848,848,848,848,848,111,137,137],"floor_reached":56,"language":"KOR","playtime":4382,"items_purged":["Strike_G","Bouncing Flask","Defend_G","Defend_G"],"score":1577,"play_id":"078ec2a5-340a-4909-aad0-fcbf85ad62db","local_time":"20210122120018","is_ascension_mode":true,"campfire_choices":[{"data":"Blade Dance","floor":11.0,"key":"SMITH"},{"floor":15.0,"key":"DIG"},{"floor":24.0,"key":"DIG"},{"floor":27.0,"key":"DIG"},{"floor":32.0,"key":"DIG"},{"floor":41.0,"key":"DIG"},{"floor":49.0,"key":"RECALL"},{"floor":52,"key":"DIG"}],"circlet_count":0,"master_deck":["Defend_G","Neutralize","After Image","Backstab","Blade Dance+1","Blur","Deflect","Adrenaline","Terror+1","Footwork","Accuracy","Blade Dance","Cloak And Dagger","Die Die Die+1","Leg Sweep+1","Distraction+1","Footwork","Masterful Stab+1","Magnetism","Escape Plan+1","Finisher+1","Footwork","Flash of Steel+1","Cloak And Dagger"],"relics":["Ring of the Snake","Pear","Bronze Scales","FossilizedHelix","Gremlin Horn","Shovel","Bottled Lightning","Black Star","Eternal Feather","Oddly Smooth Stone","Smiling Mask","Bottled Flame","Molten Egg 2","Ornamental Fan","Paper Crane","Calipers","CeramicFish","Centennial Puzzle","Juzu Bracelet","Astrolabe","Pen Nib","Turnip","Bird Faced Urn","Sundial","Tough Bandages","PreservedInsect","Akabeko","Du-Vu Doll","Ice Cream","StrikeDummy","Boot","Art of War","Lee\u0027s Waffle","Lantern","HornCleat"],"acts_visited":["Exordium","TheCity","TheBeyond","TheEnding"],"potions_floor_usage":[50,55,55,55],"damage_taken":[{"damage":0.0,"enemies":"2 Louse","floor":1.0,"turns":3.0},{"damage":0.0,"enemies":"Small Slimes","floor":5.0,"turns":3.0},{"damage":5.0,"enemies":"Lagavulin","floor":6.0,"turns":9.0},{"damage":0.0,"enemies":"Cultist","floor":7.0,"turns":3.0},{"damage":17.0,"enemies":"Gremlin Nob","floor":8.0,"turns":5.0},{"damage":9.0,"enemies":"3 Sentries","floor":10.0,"turns":9.0},{"damage":0.0,"enemies":"2 Fungi Beasts","floor":12.0,"turns":2.0},{"damage":9.0,"enemies":"Lagavulin","floor":14.0,"turns":6.0},{"damage":9.0,"enemies":"Hexaghost","floor":16.0,"turns":13.0},{"damage":0.0,"enemies":"Spheric Guardian","floor":18.0,"turns":4.0},{"damage":0.0,"enemies":"3 Byrds","floor":22.0,"turns":4.0},{"damage":0.0,"enemies":"Slavers","floor":23.0,"turns":4.0},{"damage":0.0,"enemies":"Gremlin Leader","floor":25.0,"turns":5.0},{"damage":4.0,"enemies":"Snake Plant","floor":28.0,"turns":5.0},{"damage":0.0,"enemies":"3 Cultists","floor":29.0,"turns":4.0},{"damage":0.0,"enemies":"Book of Stabbing","floor":31.0,"turns":5.0},{"damage":30.0,"enemies":"Champ","floor":33.0,"turns":10.0},{"damage":0.0,"enemies":"3 Shapes","floor":35.0,"turns":4.0},{"damage":0.0,"enemies":"Giant Head","floor":40.0,"turns":8.0},{"damage":0.0,"enemies":"3 Darklings","floor":42.0,"turns":3.0},{"damage":0.0,"enemies":"Reptomancer","floor":44.0,"turns":6.0},{"damage":0.0,"enemies":"Giant Head","floor":47.0,"turns":5.0},{"damage":3.0,"enemies":"4 Shapes","floor":48.0,"turns":3.0},{"damage":14,"enemies":"Donu and Deca","floor":50,"turns":4},{"damage":0,"enemies":"Shield and Spear","floor":54,"turns":4},{"damage":2,"enemies":"The Heart","floor":55,"turns":7}],"seed_played":"-4600636746983335626","potions_obtained":[{"floor":7.0,"key":"BlessingOfTheForge"},{"floor":12.0,"key":"Fire Potion"},{"floor":14.0,"key":"BlessingOfTheForge"},{"floor":18.0,"key":"GhostInAJar"},{"floor":29.0,"key":"Weak Potion"},{"floor":33.0,"key":"AttackPotion"},{"floor":42.0,"key":"DuplicationPotion"},{"floor":47.0,"key":"Block Potion"}],"is_trial":false,"path_per_floor":["M","$","?","?","M","E","M","E","T","E","R","M","?","E","R","B",null,"M","?","$","?","M","E","R","E","T","R","M","M","?","E","R","B",null,"M","?","?","$","?","E","R","M","T","E","?","?","E","M","R","B",null,"R","$","E","B",null],"character_chosen":"THE_SILENT","items_purchased":["Accuracy","Cloak And Dagger","Pen Nib","Footwork","Boot","Art of War","Footwork","Flash of Steel+1","Lee\u0027s Waffle","Cloak And Dagger","PowerPotion"],"campfire_rested":0,"item_purchase_floors":[20,20,38,38,53,53,53,53,53,53,53],"current_hp_per_floor":[63,63,48,63,63,68,68,51,51,42,42,42,42,33,33,24,73,73,73,73,73,73,73,73,73,73,73,69,69,69,69,73,43,73,73,73,73,73,73,73,73,73,73,73,73,69,69,69,69,57,69,69,76,76,74],"gold":137,"neow_bonus":"TRANSFORM_TWO_CARDS","is_daily":false,"chose_seed":false,"campfire_upgraded":1,"win_rate":0.0,"timestamp":1611284418,"path_taken":["M","$","?","?","?","E","M","E","T","E","R","M","?","E","R","BOSS","M","?","$","?","M","E","R","E","T","R","M","M","?","E","R","BOSS","M","?","?","$","?","E","R","M","T","E","?","?","E","M","R","BOSS","R","$","E","BOSS"],"items_purchased_type":["Card","Card","Relic","Card","Relic","Relic","Card","Card","Relic","Card","Potion"],"build_version":"2020-12-22","purchased_purges":4,"victory":true,"max_hp_per_floor":[63,63,63,63,63,73,73,73,73,73,73,73,73,73,73,73,73,73,73,73,73,73,73,73,73,73,73,73,73,73,73,73,73,73,73,73,73,73,73,73,73,73,73,73,73,69,69,69,69,69,69,69,76,76,76],"card_choices":[{"not_picked":["Backflip","Slice"],"picked":"Backstab","floor":1.0},{"not_picked":["Acrobatics","Footwork"],"picked":"Blade Dance","floor":5.0},{"not_picked":["Dagger Spray","Well Laid Plans"],"picked":"Blur","floor":6.0},{"not_picked":["Acrobatics","Well Laid Plans"],"picked":"Deflect","floor":7.0},{"not_picked":["Predator","Expertise","Flying Knee"],"picked":"SKIP","floor":8.0},{"not_picked":["Deflect","Riddle With Holes","Quick Slash"],"picked":"SKIP","floor":10.0},{"not_picked":["Tools of the Trade","Dagger Spray","PiercingWail"],"picked":"SKIP","floor":12.0},{"not_picked":["Tools of the Trade","Dagger Spray","PiercingWail"],"picked":"SKIP","floor":12.0},{"not_picked":["Riddle With Holes","Prepared","Acrobatics"],"picked":"SKIP","floor":14.0},{"not_picked":["Glass Knife","After Image"],"picked":"Adrenaline","floor":16.0},{"not_picked":["Masterful Stab","Deadly Poison+1"],"picked":"Terror+1","floor":18.0},{"not_picked":["Infinite Blades","Sucker Punch"],"picked":"Blade Dance","floor":22.0},{"not_picked":["Dash","Slice","Night Terror"],"picked":"SKIP","floor":23.0},{"not_picked":["Poisoned Stab+1","Bane+1","Flying Knee+1"],"picked":"SKIP","floor":25.0},{"not_picked":["Predator+1","Slice+1"],"picked":"Cloak And Dagger","floor":28.0},{"not_picked":["Dodge and Roll+1","Riddle With Holes+1","Acrobatics"],"picked":"SKIP","floor":29.0},{"not_picked":["Bouncing Flask","Leg Sweep","Outmaneuver+1"],"picked":"SKIP","floor":31.0},{"not_picked":["Outmaneuver+1","Distraction","Sucker Punch+1"],"picked":"SKIP","floor":35.0},{"not_picked":["Heel Hook+1","Dash+1","Calculated Gamble+1"],"picked":"SKIP","floor":40.0},{"not_picked":["Underhanded Strike+1","Deflect","Dash+1"],"picked":"SKIP","floor":42.0},{"not_picked":["Expertise","Venomology"],"picked":"Masterful Stab+1","floor":44.0},{"not_picked":["Swift Strike+1","Dark Shackles"],"picked":"Magnetism","floor":45.0},{"not_picked":["PiercingWail","Acrobatics+1"],"picked":"Escape Plan+1","floor":47.0},{"not_picked":["Dagger Throw+1","Bane+1"],"picked":"Finisher+1","floor":48.0},{"not_picked":["Crippling Poison+1","Finisher+1","PiercingWail"],"picked":"SKIP","floor":54}],"player_experience":1131108,"relics_obtained":[{"floor":6.0,"key":"Pear"},{"floor":8.0,"key":"Bronze Scales"},{"floor":10.0,"key":"FossilizedHelix"},{"floor":14.0,"key":"Shovel"},{"floor":15.0,"key":"Bottled Lightning"},{"floor":23.0,"key":"Eternal Feather"},{"floor":23.0,"key":"Oddly Smooth Stone"},{"floor":24.0,"key":"Smiling Mask"},{"floor":25.0,"key":"Bottled Flame"},{"floor":25.0,"key":"Molten Egg 2"},{"floor":26.0,"key":"Ornamental Fan"},{"floor":27.0,"key":"Paper Crane"},{"floor":30.0,"key":"Calipers"},{"floor":31.0,"key":"CeramicFish"},{"floor":31.0,"key":"Centennial Puzzle"},{"floor":32.0,"key":"Juzu Bracelet"},{"floor":40.0,"key":"Turnip"},{"floor":40.0,"key":"Bird Faced Urn"},{"floor":41.0,"key":"Sundial"},{"floor":43.0,"key":"Tough Bandages"},{"floor":44.0,"key":"PreservedInsect"},{"floor":44.0,"key":"Akabeko"},{"floor":47.0,"key":"Du-Vu Doll"},{"floor":47.0,"key":"Ice Cream"},{"floor":52,"key":"StrikeDummy"},{"floor":54,"key":"Lantern"},{"floor":54,"key":"HornCleat"}],"event_choices":[{"damage_healed":0.0,"max_hp_gain":0.0,"max_hp_loss":0.0,"gold_gain":0.0,"event_name":"Golden Idol","player_choice":"Take Damage","floor":3.0,"gold_loss":0.0,"damage_taken":15.0,"relics_obtained":["Golden Idol"]},{"damage_healed":15.0,"max_hp_gain":0.0,"max_hp_loss":0.0,"gold_gain":0.0,"event_name":"Wheel of Change","player_choice":"Full Heal","floor":4.0,"gold_loss":0.0,"damage_taken":0.0},{"damage_healed":0.0,"max_hp_gain":0.0,"max_hp_loss":0.0,"gold_gain":30.0,"event_name":"Dead Adventurer","player_choice":"Searched \u00273\u0027 times","floor":13.0,"gold_loss":0.0,"damage_taken":0.0,"relics_obtained":["Gremlin Horn"]},{"damage_healed":0.0,"max_hp_gain":0.0,"max_hp_loss":0.0,"gold_gain":0.0,"cards_transformed":["Strike_G","Strike_G"],"event_name":"Drug Dealer","player_choice":"Became Test Subject","floor":19.0,"gold_loss":0.0,"damage_taken":0.0,"cards_obtained":["Bouncing Flask","Footwork"]},{"damage_healed":0.0,"max_hp_gain":0.0,"max_hp_loss":0.0,"gold_gain":99.0,"event_name":"Nest","player_choice":"Stole From Cult","floor":21.0,"gold_loss":0.0,"damage_taken":0.0},{"damage_healed":0.0,"max_hp_gain":0.0,"max_hp_loss":0.0,"gold_gain":0.0,"event_name":"Wheel of Change","player_choice":"Relic","floor":30.0,"gold_loss":0.0,"damage_taken":0.0},{"damage_healed":0.0,"max_hp_gain":0.0,"max_hp_loss":0.0,"gold_gain":333.0,"event_name":"The Moai Head","player_choice":"Gave Idol","floor":36.0,"relics_lost":["Golden Idol"],"gold_loss":0.0,"damage_taken":0.0},{"cards_removed":["Defend_G"],"damage_healed":0.0,"max_hp_gain":0.0,"max_hp_loss":0.0,"gold_gain":0.0,"event_name":"Purifier","player_choice":"Purged","floor":37.0,"gold_loss":0.0,"damage_taken":0.0},{"cards_removed":["Cloak And Dagger"],"damage_healed":0.0,"max_hp_gain":0.0,"max_hp_loss":0.0,"gold_gain":0.0,"event_name":"Falling","player_choice":"Removed Skill","floor":39.0,"gold_loss":0.0,"damage_taken":0.0},{"damage_healed":0.0,"max_hp_gain":0.0,"max_hp_loss":0.0,"gold_gain":0.0,"event_name":"SensoryStone","player_choice":"Memory 1","floor":45.0,"gold_loss":0.0,"damage_taken":0.0},{"damage_healed":0.0,"max_hp_gain":0.0,"max_hp_loss":4.0,"gold_gain":0.0,"event_name":"Winding Halls","player_choice":"Max HP","floor":46.0,"gold_loss":0.0,"damage_taken":0.0}],"is_beta":false,"boss_relics":[{"not_picked":["Snecko Eye","Runic Dome"],"picked":"Black Star"},{"not_picked":["Empty Cage","Fusion Hammer"],"picked":"Astrolabe"}],"items_purged_floors":[2,20,38,53],"is_endless":false,"potions_floor_spawned":[7,12,14,18,29,33,42,47],"ascension_level":1}}