{"host":"isy2gwbfe91wqj1j","time":1611276535,"event":{"mods":["AchievementEnabler","BaseMod","Better Altar","Better Match","Better Note","Better Sensory Stone","Better Skull","Better Third Choice","BetterRewards","Minty Spire (QoL Compilation)","StSLib"],"gold_per_floor":[116,116,116,42,42,42,59,71,94,94,94,106,6,38,38,138,138,149,74,74,24,43,43,71,71,71,21,21,47,59,77,77,175,175,187,187,198,209,17,17,44,44,44],"floor_reached":44,"language":"ENG","playtime":2246,"items_purged":["Strike_B","Strike_B","Defend_B"],"score":886,"play_id":"746df9ec-d677-4699-bf92-577dd3df1baf","local_time":"20210121174855","is_ascension_mode":true,"campfire_choices":[{"data":"Defragment","floor":6,"key":"SMITH"},{"data":"Blizzard","floor":11,"key":"SMITH"},{"data":"Capacitor","floor":15,"key":"SMITH"},{"data":"Cold Snap","floor":23,"key":"SMITH"},{"data":"Bandage Up","floor":25,"key":"SMITH"},{"floor":28,"key":"REST"},{"floor":32,"key":"DIG"},{"floor":40,"key":"REST"}],"circlet_count":0,"master_deck":["Defend_B","Defend_B","Zap","Defragment+1","Coolheaded","Blizzard+1","Capacitor+1","Bandage Up+1","Machine Learning","Loop","Cold Snap+1","Cold Snap+1","Coolheaded","Heatsinks","White Noise","White Noise"],"relics":["Cracked Core","DataDisk","ClockworkSouvenir","Bird Faced Urn","Strawberry","Bottled Flame","Black Star","Smiling Mask","Orichalcum","Blue Candle","Shovel","Art of War","Bronze Scales","SacredBark","Oddly Smooth Stone","Bottled Tornado","Question Card"],"acts_visited":["Exordium","TheCity","TheBeyond"],"potions_floor_usage":[43,43,43,43],"damage_taken":[{"damage":5,"enemies":"Small Slimes","floor":1,"turns":4},{"damage":1,"enemies":"Jaw Worm","floor":7,"turns":4},{"damage":3,"enemies":"2 Louse","floor":8,"turns":2},{"damage":5,"enemies":"2 Fungi Beasts","floor":12,"turns":4},{"damage":0,"enemies":"Lagavulin","floor":14,"turns":7},{"damage":22,"enemies":"The Guardian","floor":16,"turns":11},{"damage":24,"enemies":"3 Byrds","floor":18,"turns":5},{"damage":4,"enemies":"Chosen","floor":22,"turns":6},{"damage":21,"enemies":"Book of Stabbing","floor":24,"turns":10},{"damage":35,"enemies":"Slavers","floor":29,"turns":7},{"damage":12,"enemies":"Centurion and Healer","floor":30,"turns":7},{"damage":14,"enemies":"Snake Plant","floor":31,"turns":6},{"damage":42,"enemies":"Automaton","floor":33,"turns":14},{"damage":5,"enemies":"Orb Walker","floor":35,"turns":4},{"damage":19,"enemies":"3 Darklings","floor":37,"turns":7},{"damage":55,"enemies":"Jaw Worm Horde","floor":38,"turns":5},{"damage":16,"enemies":"Giant Head","floor":41,"turns":12},{"damage":0,"enemies":"Donu and Deca","floor":43,"turns":10}],"seed_played":"-6530027496288881304","potions_obtained":[{"floor":8,"key":"SpeedPotion"},{"floor":12,"key":"Block Potion"},{"floor":30,"key":"EntropicBrew"},{"floor":37,"key":"SteroidPotion"}],"is_trial":false,"path_per_floor":["M","?","?","$","$","R","M","M","T","?","R","M","$","E","R","B",null,"M","?","?","$","M","R","E","R","T","$","R","E","M","M","R","B",null,"M","?","M","M","$","R","E","?","B",null],"character_chosen":"DEFECT","items_purchased":["DataDisk","ClockworkSouvenir","Defragment","Coolheaded","Blizzard","Capacitor","Cold Snap","Oddly Smooth Stone","White Noise"],"campfire_rested":2,"item_purchase_floors":[0,0,0,0,0,4,21,39,39],"current_hp_per_floor":[72,65,65,65,65,65,68,67,74,74,74,77,77,82,82,64,82,64,64,64,64,72,72,63,63,63,63,82,59,61,61,61,35,82,81,81,67,20,20,44,58,58,78],"gold":44,"neow_bonus":"","is_daily":false,"chose_seed":false,"campfire_upgraded":5,"win_rate":0.0,"timestamp":1611276535,"path_taken":["M","?","?","?","$","R","M","M","T","?","R","?","$","E","R","BOSS","M","?","?","$","M","R","E","R","T","?","R","E","?","M","R","BOSS","M","?","M","M","$","R","E","?","BOSS"],"items_purchased_type":["Relic","Relic","Card","Card","Card","Card","Card","Relic","Card"],"build_version":"2020-12-22","purchased_purges":3,"victory":true,"max_hp_per_floor":[75,75,75,75,75,75,75,75,82,82,82,82,82,82,82,82,82,82,82,82,82,82,82,82,82,82,82,82,82,82,82,82,82,82,82,82,82,82,82,82,82,82,82],"card_choices":[{"not_picked":["Beam Cell","Stack","Auto Shields"],"picked":"SKIP","floor":1},{"not_picked":["Rebound","Turbo","Consume"],"picked":"SKIP","floor":7},{"not_picked":["Genetic Algorithm","Compile Driver","Stack"],"picked":"SKIP","floor":8},{"not_picked":["PanicButton","Finesse"],"picked":"Bandage Up","floor":10},{"not_picked":["Ball Lightning","Storm","Sweeping Beam"],"picked":"SKIP","floor":12},{"not_picked":["Go for the Eyes","Amplify","Gash"],"picked":"SKIP","floor":14},{"not_picked":["Seek","Core Surge"],"picked":"Machine Learning","floor":16},{"not_picked":["Compile Driver","Force Field"],"picked":"Loop","floor":18},{"not_picked":["Doom and Gloom","Darkness+1"],"picked":"Cold Snap+1","floor":22},{"not_picked":["Steam Power","Gash","Rip and Tear"],"picked":"SKIP","floor":24},{"not_picked":["Buffer","Multi-Cast","FTL"],"picked":"SKIP","floor":29},{"not_picked":["Heatsinks","Turbo"],"picked":"Coolheaded","floor":30},{"not_picked":["Stack","Blizzard+1"],"picked":"Heatsinks","floor":31},{"not_picked":["Doom and Gloom+1","Conserve Battery","Stack"],"picked":"SKIP","floor":35},{"not_picked":["Barrage+1","Coolheaded+1"],"picked":"White Noise","floor":37},{"not_picked":["Seek","Redo+1","Rip and Tear"],"picked":"SKIP","floor":38},{"not_picked":["Rebound","Redo","Loop+1"],"picked":"SKIP","floor":41}],"player_experience":185112,"relics_obtained":[{"floor":9,"key":"Strawberry"},{"floor":14,"key":"Bottled Flame"},{"floor":24,"key":"Smiling Mask"},{"floor":24,"key":"Orichalcum"},{"floor":26,"key":"Blue Candle"},{"floor":29,"key":"Shovel"},{"floor":29,"key":"Art of War"},{"floor":32,"key":"Bronze Scales"},{"floor":41,"key":"Bottled Tornado"},{"floor":41,"key":"Question Card"}],"event_choices":[{"cards_removed":["Strike_B"],"damage_healed":0,"gold_gain":0,"player_choice":"Card Removal","damage_taken":7,"max_hp_gain":0,"max_hp_loss":0,"event_name":"Golden Wing","floor":2,"gold_loss":0},{"cards_removed":["Strike_B"],"damage_healed":0,"gold_gain":0,"player_choice":"Forget","damage_taken":0,"max_hp_gain":0,"max_hp_loss":0,"event_name":"Living Wall","floor":3,"gold_loss":0},{"damage_healed":0,"gold_gain":1,"player_choice":"1","damage_taken":0,"max_hp_gain":0,"max_hp_loss":0,"event_name":"betterStone:BetterStone","floor":10,"gold_loss":0},{"cards_removed":["Dualcast"],"damage_healed":0,"gold_gain":0,"player_choice":"Gave Gold","damage_taken":0,"max_hp_gain":0,"max_hp_loss":0,"event_name":"Beggar","floor":19,"gold_loss":75},{"damage_healed":0,"gold_gain":0,"player_choice":"Ignored","damage_taken":0,"max_hp_gain":0,"max_hp_loss":0,"event_name":"Vampires","floor":20,"gold_loss":0},{"cards_removed":["Defend_B"],"damage_healed":0,"gold_gain":0,"player_choice":"Removed Skill","damage_taken":0,"max_hp_gain":0,"max_hp_loss":0,"event_name":"Falling","floor":36,"gold_loss":0},{"damage_healed":0,"gold_gain":0,"player_choice":"Portal","damage_taken":0,"max_hp_gain":0,"max_hp_loss":0,"event_name":"betterThird:BetterPortal","floor":42,"gold_loss":0}],"is_beta":false,"boss_relics":[{"not_picked":["Tiny House","Astrolabe"],"picked":"Black Star"},{"not_picked":["Empty Cage","Nuclear Battery"],"picked":"SacredBark"}],"items_purged_floors":[0,13,27],"is_endless":false,"potions_floor_spawned":[8,12,30,31,33,37],"ascension_level":4}}