{"host":"rb2p2z6v6vieend5","time":1611350204,"event":{"mods":["BaseMod","Block Reminder","Colored Map","DeckTracker","Highlight Path","Minty Spire (QoL Compilation)","Random Character Button","Relic Stats"],"gold_per_floor":[116,39,51,51,51,85,98,131,131,131,147,165,181,31,31,125,125,149,149,149,149,149,149,168,183,183,197,41,61,61,74,74,74,74],"floor_reached":33,"language":"ENG","playtime":1098,"items_purged":[],"score":469,"play_id":"7ee6375a-d115-481e-bfa8-504eb9abc6c1","local_time":"20210122221644","is_ascension_mode":true,"campfire_choices":[{"data":"Perfected Strike","floor":10,"key":"SMITH"},{"data":"Pommel Strike","floor":15,"key":"SMITH"},{"data":"Double Tap","floor":23,"key":"SMITH"},{"data":"Battle Trance","floor":30,"key":"SMITH"},{"floor":32,"key":"REST"}],"circlet_count":0,"master_deck":["AscendersBane","Strike_R","Strike_R","Strike_R","Strike_R","Strike_R","Defend_R","Defend_R","Bash","Uppercut+1","Perfected Strike+1","Shrug It Off","Burning Pact","Shrug It Off","Carnage","Pommel Strike","Pommel Strike+1","Double Tap+1","Ghostly Armor","RitualDagger","Necronomicurse","Clash","Battle Trance+1","Perfected Strike+1"],"relics":["Burning Blood","NeowsBlessing","Golden Idol","Matryoshka","Question Card","Mercury Hourglass","White Beast Statue","Bag of Marbles","Empty Cage","Necronomicon","MutagenicStrength","Vajra","Bottled Lightning","DollysMirror"],"acts_visited":["Exordium","TheCity"],"potions_floor_usage":[8,8,16,18,24,33,33],"damage_taken":[{"damage":0,"enemies":"Small Slimes","floor":1,"turns":1},{"damage":0,"enemies":"Cultist","floor":3,"turns":1},{"damage":0,"enemies":"Gremlin Nob","floor":6,"turns":1},{"damage":2,"enemies":"Jaw Worm","floor":7,"turns":3},{"damage":22,"enemies":"3 Sentries","floor":8,"turns":7},{"damage":3,"enemies":"Looter","floor":11,"turns":3},{"damage":0,"enemies":"2 Fungi Beasts","floor":12,"turns":2},{"damage":5,"enemies":"Exordium Wildlife","floor":13,"turns":4},{"damage":42,"enemies":"Hexaghost","floor":16,"turns":12},{"damage":16,"enemies":"2 Thieves","floor":18,"turns":4},{"damage":21,"enemies":"3 Byrds","floor":24,"turns":2},{"damage":0,"enemies":"Centurion and Healer","floor":25,"turns":3},{"damage":0,"enemies":"Sentry and Sphere","floor":27,"turns":3},{"damage":6,"enemies":"3 Cultists","floor":29,"turns":3},{"damage":12,"enemies":"Chosen and Byrds","floor":31,"turns":3},{"damage":100,"enemies":"Automaton","floor":33,"turns":6}],"seed_played":"-7597162409835032844","potions_obtained":[{"floor":6,"key":"AttackPotion"},{"floor":7,"key":"PowerPotion"},{"floor":11,"key":"Dexterity Potion"},{"floor":12,"key":"Fruit Juice"},{"floor":16,"key":"SmokeBomb"},{"floor":18,"key":"LiquidBronze"},{"floor":24,"key":"Dexterity Potion"},{"floor":25,"key":"LiquidBronze"},{"floor":29,"key":"PowerPotion"}],"is_trial":false,"path_per_floor":["M","$","M","?","?","E","M","E","T","R","M","M","M","$","R","B",null,"M","?","?","?","?","R","M","M","T","M","$","M","R","M","R","B"],"character_chosen":"IRONCLAD","items_purchased":["Perfected Strike","Shrug It Off","Bag of Marbles","DollysMirror"],"campfire_rested":1,"item_purchase_floors":[2,2,14,28],"current_hp_per_floor":[78,78,80,60,60,66,70,54,54,54,57,63,64,64,64,28,67,62,56,40,40,40,40,25,31,31,37,37,37,37,31,56,0,0],"gold":74,"neow_bonus":"THREE_ENEMY_KILL","is_daily":false,"chose_seed":false,"campfire_upgraded":4,"win_rate":0.0,"timestamp":1611350204,"path_taken":["M","$","M","?","?","E","M","E","T","R","M","?","M","?","R","BOSS","M","?","?","?","?","R","M","M","T","?","?","M","R","?","R","BOSS"],"items_purchased_type":["Card","Card","Relic","Relic"],"build_version":"2020-12-22","purchased_purges":0,"victory":false,"max_hp_per_floor":[80,80,80,80,80,80,80,80,80,80,80,80,80,80,80,80,80,85,85,85,85,85,85,85,85,85,85,85,85,85,85,85,85,85],"relic_stats":{"counters":[16,58],"Golden Idol":68,"Necronomicon":[16],"Question Card":10,"obtain_stats":[{"NeowsBlessing":0,"Golden Idol":4,"Vajra":26,"Question Card":8,"Empty Cage":17,"Burning Blood":0,"White Beast Statue":9,"Mercury Hourglass":9,"Matryoshka":6,"DollysMirror":28,"MutagenicStrength":22,"Bag of Marbles":14,"Necronomicon":20,"Bottled Lightning":26},{"NeowsBlessing":0,"Golden Idol":2,"Vajra":12,"Question Card":5,"Empty Cage":9,"Burning Blood":0,"White Beast Statue":5,"Mercury Hourglass":5,"Matryoshka":3,"DollysMirror":13,"MutagenicStrength":10,"Bag of Marbles":8,"Necronomicon":10,"Bottled Lightning":12},{"NeowsBlessing":0,"Golden Idol":2,"Vajra":43,"Question Card":13,"Empty Cage":34,"Burning Blood":0,"White Beast Statue":13,"Mercury Hourglass":13,"Matryoshka":3,"DollysMirror":46,"MutagenicStrength":38,"Bag of Marbles":22,"Necronomicon":38,"Bottled Lightning":43}],"Burning Blood":86,"Mercury Hourglass":[169]},"card_choices":[{"not_picked":["Clash","Infernal Blade"],"picked":"Uppercut","floor":1},{"not_picked":["Blood for Blood","Evolve"],"picked":"Burning Pact","floor":3},{"not_picked":["Body Slam","Second Wind","Brutality"],"picked":"SKIP","floor":6},{"not_picked":["Havoc","Wild Strike","Evolve"],"picked":"SKIP","floor":7},{"not_picked":["Infernal Blade","Iron Wave"],"picked":"Shrug It Off","floor":8},{"not_picked":["Immolate","Havoc","Sever Soul"],"picked":"Carnage","floor":11},{"not_picked":["Thunderclap","Heavy Blade","Carnage"],"picked":"Pommel Strike","floor":12},{"not_picked":["Sword Boomerang","Thunderclap","Rampage"],"picked":"Pommel Strike","floor":13},{"not_picked":["Limit Break","Barricade","Demon Form"],"picked":"Double Tap","floor":16},{"not_picked":["Thunderclap","Inflame","Iron Wave"],"picked":"Ghostly Armor","floor":18},{"not_picked":["Uppercut","True Grit","Thunderclap"],"picked":"Clash","floor":24},{"not_picked":["Infernal Blade","Power Through","Clothesline"],"picked":"Battle Trance","floor":25},{"not_picked":["Uppercut","Body Slam","True Grit","Headbutt"],"picked":"SKIP","floor":27},{"not_picked":["Shrug It Off","Second Wind","Wild Strike+1","Headbutt+1"],"picked":"SKIP","floor":29},{"not_picked":["Bloodletting","Armaments","Thunderclap","Exhume"],"picked":"SKIP","floor":31}],"player_experience":589878,"relics_obtained":[{"floor":6,"key":"Matryoshka"},{"floor":8,"key":"Question Card"},{"floor":9,"key":"Mercury Hourglass"},{"floor":9,"key":"White Beast Statue"},{"floor":20,"key":"Necronomicon"},{"floor":26,"key":"Vajra"},{"floor":26,"key":"Bottled Lightning"}],"event_choices":[{"damage_healed":0,"gold_gain":0,"player_choice":"Take Damage","damage_taken":20,"relics_obtained":["Golden Idol"],"max_hp_gain":0,"max_hp_loss":0,"event_name":"Golden Idol","floor":4,"gold_loss":0},{"damage_healed":0,"gold_gain":0,"player_choice":"Upgraded","damage_taken":0,"max_hp_gain":0,"max_hp_loss":0,"event_name":"Upgrade Shrine","floor":5,"gold_loss":0,"cards_upgraded":["Uppercut"]},{"damage_healed":0,"gold_gain":0,"player_choice":"Joined the Cult","damage_taken":6,"max_hp_gain":0,"max_hp_loss":0,"event_name":"Nest","floor":19,"gold_loss":0,"cards_obtained":["RitualDagger"]},{"damage_healed":0,"gold_gain":0,"player_choice":"Obtained Book","damage_taken":16,"max_hp_gain":0,"max_hp_loss":0,"event_name":"Cursed Tome","floor":20,"gold_loss":0},{"damage_healed":0,"gold_gain":0,"player_choice":"Ignored","damage_taken":0,"max_hp_gain":0,"max_hp_loss":0,"event_name":"Vampires","floor":21,"gold_loss":0},{"damage_healed":0,"gold_gain":0,"player_choice":"Inject Mutagens","damage_taken":0,"relics_obtained":["MutagenicStrength"],"max_hp_gain":0,"max_hp_loss":0,"event_name":"Drug Dealer","floor":22,"gold_loss":0}],"is_beta":false,"boss_relics":[{"not_picked":["Cursed Key","Philosopher\u0027s Stone"],"picked":"Empty Cage"}],"items_purged_floors":[],"is_endless":false,"potions_floor_spawned":[6,7,11,12,13,16,18,24,25,27,29,31],"killed_by":"Automaton","ascension_level":13}}