{"host":"dc8qbvtevpsm94lj","time":1611328022,"event":{"mods":["BaseMod","Downfall","Minty Spire (QoL Compilation)","StSLib"],"gold_per_floor":[199,218,218,210,310,330,356,390,436,143,168,168,16,32,60,156,156,156,177,177,197,305,324,324,351,351,383,383,53,53,53,80,80,80,80],"floor_reached":33,"language":"ENG","playtime":3514,"items_purged":["hexamod:Strike","hexamod:Strike"],"score":342,"play_id":"9985b48a-b204-4f0b-8ca3-7df07c90533b","local_time":"20210122160702","is_ascension_mode":false,"campfire_choices":[{"data":"hexamod:Sear","floor":1,"key":"SMITH"},{"data":"hexamod:VolcanoVisage","floor":12,"key":"SMITH"},{"data":"hexamod:ParanormalForm","floor":18,"key":"SMITH"},{"data":"hexamod:UnleashSpirits","floor":26,"key":"SMITH"},{"data":"hexamod:UnlimitedPower","floor":28,"key":"SMITH"},{"data":"Apotheosis","floor":30,"key":"SMITH"}],"circlet_count":0,"master_deck":["hexamod:Defend","hexamod:Defend","hexamod:Defend","hexamod:Defend","hexamod:Sear+1","hexamod:Float","hexamod:HeatCrush+1","hexamod:FirstSeal","hexamod:SecondSeal","hexamod:FlamesFromBeyond","hexamod:ThermalTransfer","hexamod:ThermalTransfer","hexamod:HauntingEcho","hexamod:NightmareStrike","hexamod:NightmareGuise","hexamod:GhostShield","hexamod:NightmareGuise","hexamod:VolcanoVisage+1","hexamod:NightmareStrike","hexamod:SpectersWail","hexamod:NightmareGuise","hexamod:GhostShield","hexamod:ThirdSeal","hexamod:ParanormalForm+1","hexamod:UnleashSpirits+1","hexamod:UnlimitedPower+1","hexamod:FourthSeal","hexamod:FirstSeal","hexamod:BurningTouch","hexamod:PowerFromBeyond","hexamod:RainOfEmbers+1","hexamod:NightmareGuise","hexamod:GhostOfSpirePast+1","hexamod:FourthSeal","hexamod:CatchUp+1","Apotheosis+1","expansioncontent:AwakenDeath","hexamod:FourthSeal","hexamod:UnleashSpirits","hexamod:ShieldOfDarkness+1"],"relics":["hexamod:SpiritBrand","MawBank","Bag of Marbles","Orrery","hexamod:IceCube","Toy Ornithopter","Bottled Tornado","Incense Burner"],"acts_visited":["Exordium","TheCity"],"potions_floor_usage":[9,11,22,22,22,23,27,27,27,33,33,33],"damage_taken":[{"damage":0,"enemies":"Small Slimes","floor":2,"turns":3},{"damage":17,"enemies":"downfall:Heads","floor":5,"turns":7},{"damage":1,"enemies":"Jaw Worm","floor":6,"turns":3},{"damage":8,"enemies":"2 Louse","floor":8,"turns":4},{"damage":0,"enemies":"Gremlin Nob","floor":9,"turns":3},{"damage":0,"enemies":"downfall:FleeingMerchant","floor":10,"turns":4},{"damage":0,"enemies":"Large Slime","floor":11,"turns":5},{"damage":10,"enemies":"downfall:FleeingMerchant","floor":13,"turns":4},{"damage":0,"enemies":"Gremlin Gang","floor":14,"turns":4},{"damage":0,"enemies":"3 Louse","floor":15,"turns":5},{"damage":30,"enemies":"DF_ARCHETYPE_STREAMLINE","floor":16,"turns":11},{"damage":5,"enemies":"Spheric Guardian","floor":19,"turns":4},{"damage":12,"enemies":"Shell Parasite","floor":21,"turns":8},{"damage":12,"enemies":"downfall:LadyInBlue","floor":22,"turns":11},{"damage":30,"enemies":"Snake Plant","floor":23,"turns":6},{"damage":37,"enemies":"3 Cultists","floor":25,"turns":6},{"damage":30,"enemies":"Slavers","floor":27,"turns":5},{"damage":0,"enemies":"downfall:FleeingMerchant","floor":29,"turns":4},{"damage":35,"enemies":"Centurion and Healer","floor":32,"turns":5},{"damage":33,"enemies":"WA_ARCHETYPE_CALM","floor":33,"turns":5}],"seed_played":"-342905695907055142","potions_obtained":[{"floor":5,"key":"Strength Potion"},{"floor":11,"key":"Fruit Juice"},{"floor":14,"key":"Swift Potion"},{"floor":16,"key":"SteroidPotion"},{"floor":21,"key":"PowerPotion"},{"floor":21,"key":"hexamod:InfernoChargePotion"},{"floor":22,"key":"ColorlessPotion"},{"floor":22,"key":"AttackPotion"},{"floor":22,"key":"Weak Potion"},{"floor":22,"key":"hexamod:DoubleChargePotion"},{"floor":22,"key":"Swift Potion"},{"floor":23,"key":"FearPotion"},{"floor":25,"key":"Energy Potion"},{"floor":25,"key":"LiquidMemories"},{"floor":27,"key":"AttackPotion"},{"floor":27,"key":"FearPotion"},{"floor":29,"key":"FairyPotion"},{"floor":32,"key":"DuplicationPotion"}],"is_trial":false,"path_per_floor":["R","M","?","?","?","M","T","M","E","$","M","R","$","M","M","B",null,"R","M","?","M","?","M","T","M","R","E","R","$","R","?","M","B"],"character_chosen":"THE_SPIRIT","items_purchased":["Orrery","DuplicationPotion","hexamod:GhostShield","Apotheosis","expansioncontent:AwakenDeath","hexamod:FourthSeal"],"campfire_rested":0,"item_purchase_floors":[10,10,13,29,29,29],"current_hp_per_floor":[70,70,70,63,53,59,59,58,65,70,75,75,72,75,75,45,75,75,70,70,72,74,63,63,40,40,32,32,39,39,39,18,0,0,0],"gold":80,"neow_bonus":"HUNDRED_GOLD","is_daily":false,"chose_seed":false,"campfire_upgraded":6,"win_rate":0.0,"timestamp":1611328022,"path_taken":["R","M","?","?","?","M","T","M","E","$","M","R","$","M","M","BOSS","R","M","?","M","?","M","T","?","R","E","R","$","R","?","M","BOSS"],"items_purchased_type":["Relic","Potion","Card","Card","Card","Card"],"build_version":"2020-12-22","purchased_purges":2,"victory":false,"max_hp_per_floor":[70,70,70,70,70,70,70,70,70,70,75,75,75,75,75,75,75,75,75,75,75,75,75,75,75,75,75,75,75,75,75,75,75,75,75],"card_choices":[{"not_picked":["hexamod:ShieldOfDarkness","hexamod:DynamicBlow"],"picked":"hexamod:HeatCrush","floor":2},{"not_picked":["hexamod:HeatMetal","hexamod:Firestarter"],"picked":"hexamod:ThermalTransfer","floor":5},{"not_picked":["hexamod:ChargedBarrage","hexamod:Rewind"],"picked":"hexamod:ThermalTransfer","floor":6},{"not_picked":["hexamod:ThermalTransfer","hexamod:GiftsFromTheDead"],"picked":"hexamod:HauntingEcho","floor":8},{"not_picked":["hexamod:Again","hexamod:RadiantFlame"],"picked":"hexamod:NightmareStrike","floor":9},{"not_picked":["hexamod:ChargedBarrage","hexamod:RainOfEmbers","hexamod:HeatCrush"],"picked":"SKIP","floor":10},{"not_picked":["hexamod:HauntingEcho","hexamod:Again"],"picked":"hexamod:NightmareGuise","floor":10},{"not_picked":["hexamod:TimeOfNeed","hexamod:SecondSeal"],"picked":"hexamod:GhostShield","floor":10},{"not_picked":["hexamod:FifthSeal","hexamod:AdvancingGuard"],"picked":"hexamod:NightmareGuise","floor":10},{"not_picked":["hexamod:Firestarter","hexamod:FourthSeal"],"picked":"hexamod:VolcanoVisage","floor":10},{"not_picked":["hexamod:RainOfEmbers","hexamod:RadiantFlame"],"picked":"hexamod:NightmareStrike","floor":10},{"not_picked":["hexamod:GhostShield","hexamod:InspiringFlames"],"picked":"hexamod:SpectersWail","floor":11},{"not_picked":["hexamod:SpectersWail","hexamod:InspiringFlames"],"picked":"hexamod:NightmareGuise","floor":13},{"not_picked":["hexamod:Hexaguard","hexamod:NightmareGuise"],"picked":"hexamod:ThirdSeal","floor":14},{"not_picked":["hexamod:PowerFromBeyond","hexamod:GhostShield"],"picked":"hexamod:ParanormalForm","floor":15},{"not_picked":["hexamod:GhostOfSpirePresent","hexamod:TurnItUp"],"picked":"hexamod:UnleashSpirits","floor":16},{"not_picked":["hexamod:SearingWound","hexamod:TurnItUp"],"picked":"hexamod:UnlimitedPower","floor":16},{"not_picked":["hexamod:ThirdSeal","hexamod:SpectersWail"],"picked":"hexamod:FourthSeal","floor":19},{"not_picked":["hexamod:NightmareGuise","hexamod:BacktrackSmack"],"picked":"hexamod:BurningTouch","floor":21},{"not_picked":["hexamod:ShieldOfDarkness","hexamod:InspiringFlames+1","hexamod:PhantomCloak"],"picked":"SKIP","floor":21},{"not_picked":["hexamod:ThirdSeal","hexamod:InspiringFlames"],"picked":"hexamod:PowerFromBeyond","floor":22},{"not_picked":["hexamod:Firestarter","hexamod:HeatMetal"],"picked":"hexamod:RainOfEmbers+1","floor":23},{"not_picked":["hexamod:BacktrackSmack","hexamod:SpectersWail","hexamod:SwordOfDarkness"],"picked":"SKIP","floor":23},{"not_picked":["hexamod:NightmareStrike","hexamod:FlamesFromBeyond"],"picked":"hexamod:NightmareGuise","floor":25},{"not_picked":["hexamod:PhantomCloak","hexamod:SpectersWail"],"picked":"hexamod:GhostOfSpirePast+1","floor":27},{"not_picked":["hexamod:ShieldOfDarkness","hexamod:SwordOfDarkness"],"picked":"hexamod:FourthSeal","floor":27},{"not_picked":["hexamod:EmpoweredFlame","hexamod:EtherealExpedition"],"picked":"hexamod:CatchUp+1","floor":29},{"not_picked":["hexamod:BurningTouch","hexamod:SwordOfDarkness"],"picked":"hexamod:UnleashSpirits","floor":32},{"not_picked":["hexamod:ThermalTransfer","hexamod:GhostLash"],"picked":"hexamod:ShieldOfDarkness+1","floor":32}],"player_experience":2093443,"relics_obtained":[{"floor":7,"key":"MawBank"},{"floor":9,"key":"Bag of Marbles"},{"floor":22,"key":"Toy Ornithopter"},{"floor":24,"key":"Bottled Tornado"},{"floor":27,"key":"Incense Burner"}],"event_choices":[{"damage_healed":0,"gold_gain":0,"player_choice":"Read","damage_taken":0,"max_hp_gain":0,"max_hp_loss":0,"event_name":"The Library","floor":20,"gold_loss":0,"cards_obtained":["hexamod:FirstSeal"]}],"is_beta":false,"boss_relics":[{"not_picked":["Tiny House","Philosopher\u0027s Stone"],"picked":"hexamod:IceCube"}],"items_purged_floors":[10,13],"is_endless":false,"potions_floor_spawned":[5,11,14,16,21,22,25,27],"killed_by":"WA_ARCHETYPE_CALM","ascension_level":0}}