{"host":"1bf4lopb4xlrny0j","time":1611318321,"event":{"mods":["100% Spire Juice","Act Like it!","Astrologer","Bard","BaseMod","CapriCore","Chen","Colored Powertips","Gensokyo","Hubris","Koishi","Marisa£®ÏF”Í°°ƒß¿Ì…≥£©","Minty Spire (QoL Compilation)","Pale of the Ancients","Reimu£®≤©¿ˆ¡È√Œ£©","Remilia£®¿Ÿ√◊¿Ú—«£©","Spicy Shops","StSLib","The Administrix","The Gatherer","The Immortal","The Mystic","The Runesmith","The Servant 0.9.4","Yakumo Yukari mod","Youmu£®ªÍ∆«—˝√Œ£©","Yuyuko"],"gold_per_floor":[111,121,138,148,4,4,4],"floor_reached":6,"language":"ZHS","playtime":513,"items_purged":[],"score":38,"play_id":"9a670f19-9527-4f0d-ad62-07e2c8dc27db","local_time":"20210122202521","is_ascension_mode":false,"campfire_choices":[],"circlet_count":0,"master_deck":["astrologer:Strike","astrologer:Strike","astrologer:Strike","astrologer:Strike","astrologer:Defend","astrologer:Defend","astrologer:Defend","astrologer:Defend","astrologer:NorthStar","astrologer:TheFool","astrologer:ReadTheStars","astrologer:TheEmpress","astrologer:TheStar"],"relics":["astrologer:SkyMirror","Strawberry","Membership Card"],"acts_visited":["Exordium"],"potions_floor_usage":[],"damage_taken":[{"damage":0,"enemies":"Small Slimes","floor":1,"turns":4},{"damage":1,"enemies":"Cultist","floor":2,"turns":4},{"damage":0,"enemies":"2 Louse","floor":3,"turns":3},{"damage":20,"enemies":"Exordium Thugs","floor":4,"turns":6},{"damage":58,"enemies":"Lagavulin","floor":6,"turns":10}],"seed_played":"1757975170807270348","potions_obtained":[{"floor":1,"key":"LiquidBronze"}],"is_trial":false,"path_per_floor":["M","M","M","M","$","E"],"character_chosen":"ASTROLOGER","items_purchased":["Membership Card"],"campfire_rested":0,"item_purchase_floors":[5],"current_hp_per_floor":[77,76,76,56,56,0,0],"gold":4,"neow_bonus":"RANDOM_COMMON_RELIC","is_daily":false,"chose_seed":false,"campfire_upgraded":0,"win_rate":0.0,"timestamp":1611318321,"path_taken":["M","M","M","M","$","E"],"items_purchased_type":["Relic"],"build_version":"2020-12-22","purchased_purges":0,"victory":false,"max_hp_per_floor":[77,77,77,77,77,77,77],"card_choices":[{"not_picked":["astrologer:Divination","astrologer:Opposition"],"picked":"astrologer:ReadTheStars","floor":1},{"not_picked":["astrologer:Moonlight","astrologer:TheEmperor"],"picked":"astrologer:TheEmpress","floor":2},{"not_picked":["astrologer:TheDevil","astrologer:Stardust"],"picked":"astrologer:TheStar","floor":3},{"not_picked":["astrologer:TheHermit","astrologer:Still","astrologer:TheHighPriestess"],"picked":"SKIP","floor":4}],"player_experience":275692,"relics_obtained":[],"event_choices":[],"is_beta":false,"boss_relics":[],"items_purged_floors":[],"is_endless":false,"potions_floor_spawned":[1],"killed_by":"Lagavulin","ascension_level":0}}