{"host":"i0avyit1s6jb1siw","time":1611354710,"event":{"mods":["BaseMod","DeckTracker","Dota2Spire","Highlight Path","Minty Spire (QoL Compilation)","Quick Restart","StSLib","SuperFastMode"],"gold_per_floor":[114,134,134,134,147,147,175,191,241,241,275,285,298,318,318,389,389,408,424,452,377,390,390,421,1,51,83,83,102,102,118,118,195,195,210,224,29,43,43,70,89,117,117,117,151,176,205,205,205,205,205,205,205,125,159,159],"floor_reached":57,"language":"ENG","playtime":2518,"items_purged":["Strike_G","Strike_G"],"score":2794,"play_id":"f5b3cc7b-c59e-4738-a0be-22fe6491c139","local_time":"20210122233150","is_ascension_mode":true,"campfire_choices":[{"data":"Noxious Fumes","floor":6.0,"key":"SMITH"},{"data":"Wraith Form v2","floor":10.0,"key":"SMITH"},{"floor":15.0,"key":"REST"},{"floor":23.0,"key":"REST"},{"data":"Wraith Form v2","floor":30.0,"key":"SMITH"},{"data":"Crippling Poison","floor":32.0,"key":"SMITH"},{"floor":44.0,"key":"RECALL"},{"data":"Wraith Form v2","floor":49.0,"key":"SMITH"},{"data":"Malaise","floor":53.0,"key":"SMITH"}],"circlet_count":0,"master_deck":["AscendersBane","Defend_G","Defend_G","Defend_G","Defend_G","Defend_G","Survivor","Neutralize","Predator+1","Flying Knee","Noxious Fumes+1","Dagger Throw","Wraith Form v2+1","Backstab","Blur","Malaise+1","Predator+1","Crippling Poison+1","Wraith Form v2+1","Wraith Form v2+1","Choke","Caltrops","Backflip+1"],"relics":["Dota2Spire:RefresherOrb","The Courier","Art of War","Bronze Scales","Snecko Eye","Red Mask","Blue Candle","Sundial","Pantograph","Singing Bowl","Dota2Spire:Bloodstone","Dota2Spire:BladeMail","Juzu Bracelet","Frozen Egg 2","Torii","Dota2Spire:Mjollnir","PreservedInsect","Pocketwatch"],"acts_visited":["Exordium","TheCity","TheBeyond","TheEnding"],"potions_floor_usage":[],"damage_taken":[{"damage":4.0,"enemies":"Jaw Worm","floor":1.0,"turns":7.0},{"damage":0.0,"enemies":"2 Louse","floor":2.0,"turns":2.0},{"damage":1.0,"enemies":"Cultist","floor":5.0,"turns":3.0},{"damage":19.0,"enemies":"Lagavulin","floor":7.0,"turns":6.0},{"damage":11.0,"enemies":"2 Fungi Beasts","floor":8.0,"turns":3.0},{"damage":2.0,"enemies":"Gremlin Nob","floor":11.0,"turns":4.0},{"damage":6.0,"enemies":"Blue Slaver","floor":12.0,"turns":3.0},{"damage":0.0,"enemies":"Exordium Wildlife","floor":13.0,"turns":3.0},{"damage":15.0,"enemies":"3 Louse","floor":14.0,"turns":3.0},{"damage":13.0,"enemies":"Hexaghost","floor":16.0,"turns":9.0},{"damage":0.0,"enemies":"Spheric Guardian","floor":18.0,"turns":5.0},{"damage":9.0,"enemies":"2 Thieves","floor":19.0,"turns":3.0},{"damage":17.0,"enemies":"Masked Bandits","floor":20.0,"turns":4.0},{"damage":0.0,"enemies":"Chosen and Byrds","floor":22.0,"turns":4.0},{"damage":7.0,"enemies":"Book of Stabbing","floor":24.0,"turns":5.0},{"damage":4.0,"enemies":"Gremlin Leader","floor":27.0,"turns":7.0},{"damage":3.0,"enemies":"Snake Plant","floor":29.0,"turns":3.0},{"damage":2.0,"enemies":"Sentry and Sphere","floor":31.0,"turns":6.0},{"damage":13.0,"enemies":"Automaton","floor":33.0,"turns":10.0},{"damage":9.0,"enemies":"3 Darklings","floor":35.0,"turns":4.0},{"damage":7.0,"enemies":"3 Shapes","floor":36.0,"turns":4.0},{"damage":3.0,"enemies":"Transient","floor":38.0,"turns":6.0},{"damage":3.0,"enemies":"Giant Head","floor":40.0,"turns":9.0},{"damage":13.0,"enemies":"3 Darklings","floor":41.0,"turns":3.0},{"damage":26.0,"enemies":"Nemesis","floor":42.0,"turns":10.0},{"damage":2.0,"enemies":"Giant Head","floor":45.0,"turns":10.0},{"damage":0.0,"enemies":"Mind Bloom Boss Battle","floor":46.0,"turns":6.0},{"damage":1.0,"enemies":"Reptomancer","floor":47.0,"turns":6.0},{"damage":10.0,"enemies":"Awakened One","floor":50.0,"turns":11.0},{"damage":16.0,"enemies":"Donu and Deca","floor":51.0,"turns":10.0},{"damage":4.0,"enemies":"Shield and Spear","floor":55.0,"turns":5.0},{"damage":105,"enemies":"The Heart","floor":56,"turns":11}],"seed_played":"-360162753068772711","potions_obtained":[{"floor":1.0,"key":"FearPotion"},{"floor":5.0,"key":"EssenceOfSteel"},{"floor":7.0,"key":"FairyPotion"},{"floor":16.0,"key":"DistilledChaos"},{"floor":20.0,"key":"GamblersBrew"},{"floor":27.0,"key":"Fire Potion"},{"floor":33.0,"key":"Block Potion"},{"floor":36.0,"key":"Ancient Potion"}],"is_trial":false,"path_per_floor":["M","M","?","?","M","R","E","M","T","R","E","M","M","M","R","B",null,"M","M","?","?","M","R","E","$","T","E","?","M","R","M","R","B",null,"M","M","$","M","?","E","M","E","T","R","E","?","E","?","R","B","B",null,"R","$","E","B",null],"character_chosen":"THE_SILENT","items_purchased":["Sundial","Pantograph","Choke","Caltrops"],"campfire_rested":2,"item_purchase_floors":[25,25,37,37],"current_hp_per_floor":[55,55,55,55,54,54,35,24,24,24,22,16,16,1,20,7,51,51,42,25,25,25,44,37,37,37,33,33,32,32,32,32,44,64,57,52,52,51,51,50,39,15,15,15,15,40,41,41,41,56,65,78,78,78,76,27],"gold":159,"neow_bonus":"BOSS_RELIC","is_daily":false,"chose_seed":false,"campfire_upgraded":6,"win_rate":0.0,"timestamp":1611354710,"path_taken":["M","M","?","?","M","R","E","M","T","R","E","?","M","M","R","BOSS","M","M","?","?","M","R","E","?","T","E","?","M","R","?","R","BOSS","M","?","$","M","?","E","M","E","T","R","E","?","E","?","R","BOSS","BOSS","R","$","E","BOSS"],"items_purchased_type":["Relic","Relic","Card","Card"],"build_version":"2020-12-22","purchased_purges":2,"victory":true,"max_hp_per_floor":[66,66,66,66,66,66,66,66,66,66,66,66,66,66,66,66,66,66,66,66,66,66,66,66,66,66,66,66,68,68,70,70,70,70,72,74,74,76,76,78,80,82,82,82,84,84,86,82,82,82,82,82,82,82,84,84],"card_choices":[{"not_picked":["Bane","Deflect"],"picked":"Predator","floor":1.0},{"not_picked":["Finisher","Deflect"],"picked":"Flying Knee","floor":2.0},{"not_picked":["Dagger Throw","Outmaneuver"],"picked":"Noxious Fumes","floor":5.0},{"not_picked":["Quick Slash","Expertise"],"picked":"Dagger Throw","floor":7.0},{"not_picked":["PiercingWail","Backflip"],"picked":"Wraith Form v2","floor":8.0},{"not_picked":["Riddle With Holes","Dagger Throw","Caltrops"],"picked":"SKIP","floor":11.0},{"not_picked":["Blade Dance","Flying Knee"],"picked":"Backstab","floor":12.0},{"not_picked":["Heel Hook","Slice","Cloak And Dagger"],"picked":"SKIP","floor":13.0},{"not_picked":["Backflip","Deflect"],"picked":"Blur","floor":14.0},{"not_picked":["Glass Knife","Die Die Die"],"picked":"Malaise","floor":16.0},{"not_picked":["Deflect","Quick Slash"],"picked":"Predator+1","floor":18.0},{"not_picked":["Quick Slash","Well Laid Plans"],"picked":"Crippling Poison","floor":19.0},{"not_picked":["Flying Knee","Predator","Escape Plan"],"picked":"SKIP","floor":22.0},{"not_picked":["Terror","Tools of the Trade","Underhanded Strike"],"picked":"SKIP","floor":24.0},{"not_picked":["Endless Agony","Slice"],"picked":"Wraith Form v2","floor":27.0},{"not_picked":["Slice","Escape Plan+1","Sucker Punch"],"picked":"Singing Bowl","floor":29.0},{"not_picked":["Slice","Prepared","Outmaneuver"],"picked":"Singing Bowl","floor":31.0},{"not_picked":["A Thousand Cuts","Malaise"],"picked":"Wraith Form v2","floor":33.0},{"not_picked":["Reflex","Acrobatics","PiercingWail"],"picked":"Singing Bowl","floor":35.0},{"not_picked":["Flechettes+1","Slice","Dagger Spray"],"picked":"Singing Bowl","floor":36.0},{"not_picked":["Predator","Sucker Punch","Expertise"],"picked":"Singing Bowl","floor":38.0},{"not_picked":["Riddle With Holes","Poisoned Stab","Slice"],"picked":"Singing Bowl","floor":40.0},{"not_picked":["Skewer","Caltrops","Accuracy"],"picked":"Singing Bowl","floor":41.0},{"not_picked":["Adrenaline","Cloak And Dagger","Predator"],"picked":"Singing Bowl","floor":42.0},{"not_picked":["Masterful Stab","Deflect","Deadly Poison"],"picked":"Singing Bowl","floor":45.0},{"not_picked":["Footwork+1","Expertise"],"picked":"Backflip+1","floor":46.0},{"not_picked":["Infinite Blades+1","Tactician","Flying Knee"],"picked":"Singing Bowl","floor":47.0},{"not_picked":["Deflect+1","Dodge and Roll","Corpse Explosion"],"picked":"Singing Bowl","floor":55.0}],"player_experience":2319164,"relics_obtained":[{"floor":7.0,"key":"The Courier"},{"floor":9.0,"key":"Art of War"},{"floor":11.0,"key":"Bronze Scales"},{"floor":20.0,"key":"Red Mask"},{"floor":24.0,"key":"Blue Candle"},{"floor":27.0,"key":"Singing Bowl"},{"floor":40.0,"key":"Dota2Spire:BladeMail"},{"floor":42.0,"key":"Juzu Bracelet"},{"floor":43.0,"key":"Frozen Egg 2"},{"floor":45.0,"key":"Torii"},{"floor":46.0,"key":"Dota2Spire:Mjollnir"},{"floor":47.0,"key":"PreservedInsect"},{"floor":55.0,"key":"Pocketwatch"}],"event_choices":[{"damage_healed":0.0,"max_hp_gain":0.0,"max_hp_loss":0.0,"gold_gain":0.0,"event_name":"Living Wall","player_choice":"Grow","floor":3.0,"gold_loss":0.0,"damage_taken":0.0,"cards_upgraded":["Predator"]},{"cards_removed":["Strike_G"],"damage_healed":0.0,"max_hp_gain":0.0,"max_hp_loss":0.0,"gold_gain":0.0,"event_name":"Purifier","player_choice":"Purged","floor":4.0,"gold_loss":0.0,"damage_taken":0.0},{"damage_healed":0.0,"max_hp_gain":0.0,"max_hp_loss":0.0,"gold_gain":0.0,"event_name":"Masked Bandits","player_choice":"Fought Bandits","floor":20.0,"gold_loss":0.0,"damage_taken":0.0},{"cards_removed":["Strike_G"],"damage_healed":0.0,"max_hp_gain":0.0,"max_hp_loss":0.0,"gold_gain":0.0,"event_name":"Beggar","player_choice":"Gave Gold","floor":21.0,"gold_loss":75.0,"damage_taken":0.0},{"damage_healed":0.0,"max_hp_gain":0.0,"max_hp_loss":0.0,"gold_gain":0.0,"event_name":"The Mausoleum","player_choice":"Ignored","floor":28.0,"gold_loss":0.0,"damage_taken":0.0},{"cards_removed":["Strike_G"],"damage_healed":0.0,"max_hp_gain":0.0,"max_hp_loss":0.0,"gold_gain":0.0,"event_name":"Falling","player_choice":"Removed Attack","floor":39.0,"gold_loss":0.0,"damage_taken":0.0},{"damage_healed":0.0,"max_hp_gain":0.0,"max_hp_loss":0.0,"gold_gain":0.0,"event_name":"MindBloom","player_choice":"Fight","floor":46.0,"gold_loss":0.0,"damage_taken":0.0},{"damage_healed":0.0,"max_hp_gain":0.0,"max_hp_loss":4.0,"gold_gain":0.0,"event_name":"Winding Halls","player_choice":"Max HP","floor":48.0,"gold_loss":0.0,"damage_taken":0.0}],"is_beta":false,"boss_relics":[{"not_picked":["Ectoplasm","Empty Cage"],"picked":"Snecko Eye"},{"not_picked":["Tiny House","SlaversCollar"],"picked":"Dota2Spire:Bloodstone"}],"items_purged_floors":[37,54],"is_endless":false,"potions_floor_spawned":[1,5,7,14,16,20,22,27,33,36,41,42],"ascension_level":20}}