{"host":"r3eb5kff0hcmimdq","time":1611290633,"event":{"mods":["ATMod(阿瑾Mod)","Arknights The Spire","BaseMod","Colored Powertips","Conspire","Energized Spire","Highlight Path","Jedi Mod","Lobotomy","LobotomyExtend","Luminous","Marisa（F雨　魔理沙）","Minty Spire (QoL Compilation)","MostiFishMod","Quick Restart","Relic Filter","Replay The Spire","Ryuuou龙王","SIMod","Shop Mod","Spicy Shops","StSLib","TestMod","The Bug Knight","The Jungle","Youmu（魂魄妖梦）","[IsaacMod]以撒尖塔","vexMod","【功能Mod】聪明的最终Boss","【遗物卡牌】REMEMod","篝火指南"],"gold_per_floor":[113,513,526,200,243,293,293],"floor_reached":6,"language":"ZHS","playtime":397,"items_purged":["Defend_MRS"],"score":36,"play_id":"25a10cca-fa52-4619-a5ab-a82d13edb0ca","local_time":"20210122124353","is_ascension_mode":false,"campfire_choices":[],"circlet_count":0,"master_deck":["Strike_MRS","Strike_MRS","Strike_MRS","Strike_MRS","Defend_MRS","Defend_MRS+1","Defend_MRS+1","MasterSpark","UpSweep","AT_FamilyPortrait","CommonCold","Voices","Acceleration","MeteoricShower","Regret"],"relics":["MiniHakkero","REME_ComplimentaryCards","AT_ATBox","testmod-TestBox","HushsDoor","PatriotShield","testmod-Fanaticism","Damocles","testmod-NegativeEmotionEnhancer","SynthV:TestCard","LetterFromLob","Replay:Wax Seal","ReplayTheSpireMod:CursedCoin","AT_MibuBalloonWealth","MerchantsRug","testmod-HeartOfDaVinci","jedi:laserpointer"],"acts_visited":["Exordium"],"potions_floor_usage":[],"damage_taken":[{"damage":0.0,"enemies":"2 Louse","floor":1.0,"turns":2.0},{"damage":0.0,"enemies":"Jaw Worm","floor":3.0,"turns":1.0},{"damage":0,"enemies":"Cultist","floor":5,"turns":1},{"damage":1,"enemies":"3 Sentries","floor":6,"turns":2}],"seed_played":"-6220896203409635241","potions_obtained":[{"floor":5,"key":"jedi:tentaclejuice"}],"is_trial":false,"path_per_floor":["M","?","M","$","M","E"],"character_chosen":"MARISA","items_purchased":["Replay:Wax Seal","ReplayTheSpireMod:CursedCoin","AT_MibuBalloonWealth","MerchantsRug","testmod-HeartOfDaVinci"],"campfire_rested":0,"item_purchase_floors":[4,4,4,4,4],"current_hp_per_floor":[76,76,77,77,78,0,0],"gold":293,"neow_bonus":"CURSED_BOSS_RELIC","is_daily":false,"chose_seed":false,"campfire_upgraded":0,"win_rate":0.0,"timestamp":1611290633,"path_taken":["M","?","M","$","?","E"],"items_purchased_type":["Relic","Relic","Relic","Relic","Relic"],"build_version":"2020-12-22","purchased_purges":1,"victory":false,"max_hp_per_floor":[76,76,77,77,78,78,78],"card_choices":[{"not_picked":["LuminesStrike","OpenUniverse"],"picked":"Acceleration","floor":1.0},{"not_picked":["6A","GrandCross","MysteriousBeam","DC"],"picked":"MeteoricShower","floor":3.0},{"not_picked":["OortCloud","WitchOfGreed","CasketOfStar","EventHorizon","Acceleration"],"picked":"SKIP","floor":5}],"player_experience":206056,"relics_obtained":[{"floor":1.0,"key":"vexMod:ConsolationPrize"},{"floor":1.0,"key":"SynthV:TestCard"},{"floor":1.0,"key":"LetterFromLob"},{"floor":3.0,"key":"TungstenRod"},{"floor":5,"key":"jedi:laserpointer"}],"event_choices":[{"damage_healed":0.0,"max_hp_gain":0.0,"max_hp_loss":0.0,"gold_gain":400.0,"event_name":"恩洛斯的盘子","player_choice":"Sell","floor":2.0,"relics_lost":["DaveBox"],"gold_loss":0.0,"damage_taken":0.0}],"is_beta":false,"boss_relics":[],"items_purged_floors":[4],"is_endless":false,"potions_floor_spawned":[5],"killed_by":"3 Sentries","ascension_level":0}}