{"host":"p9o9yh7a0b9qf53k","time":1611302745,"event":{"mods":["BaseMod","Downfall","Minty Spire (QoL Compilation)","StSLib"],"gold_per_floor":[0,13,23,23,43,55,55,55,40,64,339,358,358,358,377,479,479,479,497,572,584,584,272,324,343,354,51,51,78,78,78,92,196,196,96,108,108,108,124,24,24,38,54,54,73,15,30,30,46,46,46,46],"floor_reached":50,"language":"ZHS","playtime":3092,"items_purged":["downfall:Malfunctioning","Regret"],"score":506,"play_id":"a187e59c-ddd9-4299-a428-875e55831b37","local_time":"20210122160545","is_ascension_mode":false,"campfire_choices":[{"data":"bronze:Replicate","floor":1.0,"key":"SMITH"},{"data":"bronze:Flail","floor":13.0,"key":"SMITH"},{"data":"bronze:Mutator","floor":18.0,"key":"SMITH"},{"data":"bronze:Turbo","floor":28.0,"key":"SMITH"},{"data":"bronze:SpaghettiCode","floor":30.0,"key":"SMITH"},{"floor":35,"key":"RECALL"},{"data":"bronze:Format","floor":40,"key":"SMITH"},{"data":"bronze:GetLatest","floor":44,"key":"SMITH"}],"circlet_count":0,"master_deck":["bronze:Strike","bronze:Strike","bronze:Strike","bronze:Defend+1","bronze:Defend","bronze:Defend","bronze:Defend","bronze:Replicate+1","bronze:Fortify+1","bronze:CloningBeam","bronze:Deprecate+1","bronze:Flail+1","bronze:Turbo","bronze:DelayedSlice","bronze:NullPointer","bronze:ForLoop","bronze:GetLatest+1","bronze:Mutator+1","bronze:CutThrough","bronze:Turbo+1","bronze:BronzeOrb+1","bronze:SpaghettiCode+1","bronze:Repair","bronze:Format+1","bronze:Separator+1","bronze:ChildClass","expansioncontent:AwakenDeath","bronze:Turbo+1","bronze:Terminator+1","bronze:Boost","bronze:Break","bronze:BitShift+1","bronze:Overload+1","bronze:FineTuning+1","bronze:Shell+1","bronze:ForceShield+1","bronze:Assembly"],"relics":["bronze:PlatinumCore","Pocketwatch","Guardian:PocketSentry","downfall:ShatteredFragment","Odd Mushroom","bronze:MakeshiftBattery","Juzu Bracelet","Akabeko","Oddly Smooth Stone","Enchiridion","downfall:HeartBlessingGreen","Toy Ornithopter","downfall:HeartBlessingRed","Mummified Hand","Medical Kit"],"acts_visited":["Exordium","TheCity","TheBeyond"],"potions_floor_usage":[50],"damage_taken":[{"damage":0.0,"enemies":"2 Louse","floor":2.0,"turns":2.0},{"damage":0.0,"enemies":"Small Slimes","floor":3.0,"turns":2.0},{"damage":1.0,"enemies":"Cultist","floor":5.0,"turns":4.0},{"damage":7.0,"enemies":"3 Louse","floor":6.0,"turns":2.0},{"damage":5.0,"enemies":"downfall:FleeingMerchant","floor":9.0,"turns":4.0},{"damage":5.0,"enemies":"The Mushroom Lair","floor":10.0,"turns":3.0},{"damage":0.0,"enemies":"Exordium Wildlife","floor":12.0,"turns":1.0},{"damage":2.0,"enemies":"Lots of Slimes","floor":15.0,"turns":2.0},{"damage":12.0,"enemies":"DF_ARCHETYPE_STREAMLINE","floor":16.0,"turns":8.0},{"damage":7.0,"enemies":"Chosen","floor":19.0,"turns":4.0},{"damage":8.0,"enemies":"Spheric Guardian","floor":21.0,"turns":3.0},{"damage":14.0,"enemies":"downfall:FleeingMerchant","floor":23.0,"turns":4.0},{"damage":29.0,"enemies":"Snake Plant","floor":25.0,"turns":3.0},{"damage":1.0,"enemies":"Centurion and Healer","floor":26.0,"turns":3.0},{"damage":2.0,"enemies":"downfall:FleeingMerchant","floor":27.0,"turns":4.0},{"damage":2.0,"enemies":"Book of Stabbing","floor":29.0,"turns":4.0},{"damage":0.0,"enemies":"3 Cultists","floor":32.0,"turns":2.0},{"damage":55.0,"enemies":"WA_ARCHETYPE_CALM","floor":33.0,"turns":9.0},{"damage":2,"enemies":"3 Darklings","floor":36,"turns":4},{"damage":0,"enemies":"3 Shapes","floor":39,"turns":3},{"damage":20,"enemies":"Transient","floor":42,"turns":5},{"damage":10,"enemies":"3 Darklings","floor":43,"turns":3},{"damage":28,"enemies":"4 Shapes","floor":45,"turns":1},{"damage":0,"enemies":"downfall:FleeingMerchant","floor":46,"turns":3},{"damage":0,"enemies":"Maw","floor":47,"turns":8},{"damage":0,"enemies":"Jaw Worm Horde","floor":49,"turns":1},{"damage":62,"enemies":"IC_BLOCK_ARCHETYPE","floor":50,"turns":4}],"seed_played":"-8722117418222973540","potions_obtained":[{"floor":5.0,"key":"Fire Potion"},{"floor":6.0,"key":"bronze:CleanCodePotion"},{"floor":10.0,"key":"BlessingOfTheForge"},{"floor":20.0,"key":"downfall:CursedFountainPotion"},{"floor":21.0,"key":"LiquidMemories"},{"floor":22.0,"key":"bronze:BuildAFunctionPotion"},{"floor":25.0,"key":"Fire Potion"},{"floor":26.0,"key":"Fruit Juice"},{"floor":33.0,"key":"SteroidPotion"},{"floor":39,"key":"SneckoOil"},{"floor":45,"key":"AttackPotion"},{"floor":47,"key":"LiquidMemories"}],"is_trial":false,"path_per_floor":["R","M","M","?","M","M","T","?","$","?","?","M","R","?","M","B",null,"R","M","?","M","?","$","T","M","M","$","R","E","R","?","M","B",null,"R","M","?","?","M","R","T","M","M","R","M","$","M","?","M","B"],"character_chosen":"THE_AUTOMATON","items_purchased":["bronze:SpaghettiCode","Juzu Bracelet","bronze:ChildClass","expansioncontent:AwakenDeath","bronze:Turbo","Mummified Hand","Medical Kit"],"campfire_rested":0,"item_purchase_floors":[23,23,27,27,27,46,46],"current_hp_per_floor":[70,70,70,70,69,62,62,41,36,31,31,31,31,31,29,17,70,70,63,63,55,55,41,41,12,16,21,21,26,26,10,10,29,75,75,75,75,75,75,75,75,55,52,52,24,31,38,38,38,0,0,0],"gold":46,"neow_bonus":"ONE_RARE_RELIC","is_daily":false,"chose_seed":false,"campfire_upgraded":7,"win_rate":0.0,"timestamp":1611302745,"path_taken":["R","M","M","?","M","M","T","?","$","?","?","?","R","?","M","BOSS","R","M","?","?","?","?","T","M","M","$","R","E","R","?","M","BOSS","R","M","?","?","M","R","T","M","M","R","M","$","M","?","M","BOSS"],"items_purchased_type":["Card","Relic","Card","Card","Card","Relic","Relic"],"build_version":"2020-12-22","purchased_purges":2,"victory":false,"max_hp_per_floor":[70,70,70,70,70,70,70,70,70,70,70,70,70,70,70,70,70,70,70,70,70,70,70,70,70,75,75,75,75,75,75,75,75,75,75,75,75,75,75,75,75,75,75,75,75,75,75,75,75,75,75,75],"card_choices":[{"not_picked":["bronze:Iterate","bronze:OilSpill"],"picked":"bronze:Fortify","floor":2.0},{"not_picked":["bronze:Repulsor","bronze:DelayedGuard"],"picked":"bronze:CloningBeam","floor":3.0},{"not_picked":["bronze:Return","bronze:Overheat"],"picked":"bronze:Flail","floor":5.0},{"not_picked":["bronze:Overheat","bronze:ClassDefault"],"picked":"bronze:Turbo","floor":6.0},{"not_picked":["bronze:Frontload","bronze:Iterate"],"picked":"bronze:DelayedSlice","floor":9.0},{"not_picked":["bronze:OilSpill","bronze:DigitalCarnage"],"picked":"bronze:NullPointer","floor":10.0},{"not_picked":["bronze:Allocate","bronze:Frontload"],"picked":"bronze:ForLoop","floor":12.0},{"not_picked":["bronze:Turbo","bronze:DelayedGuard"],"picked":"bronze:GetLatest","floor":15.0},{"not_picked":["bronze:FindAndReplace","bronze:HyperBeam"],"picked":"bronze:Mutator","floor":16.0},{"not_picked":["bronze:Shield","bronze:DelayedGuard"],"picked":"bronze:CutThrough","floor":19.0},{"not_picked":["bronze:BitShift","bronze:Allocate"],"picked":"bronze:Turbo+1","floor":21.0},{"not_picked":["bronze:Deprecate+1","bronze:WildBeam"],"picked":"bronze:BronzeOrb+1","floor":23.0},{"not_picked":["bronze:WildBeam+1","bronze:Frontload+1"],"picked":"bronze:Repair","floor":25.0},{"not_picked":["bronze:GetLatest","bronze:Branch"],"picked":"bronze:Format","floor":26.0},{"not_picked":["bronze:ForceShield","bronze:Constructor+1"],"picked":"bronze:Separator+1","floor":27.0},{"not_picked":["bronze:Deprecate","bronze:WhirlingStrike"],"picked":"bronze:Terminator+1","floor":29.0},{"not_picked":["bronze:Shell","bronze:Invalidate"],"picked":"bronze:Boost","floor":32.0},{"not_picked":["bronze:BurnOut","bronze:AlphaBuild"],"picked":"bronze:Break","floor":33.0},{"not_picked":["bronze:Invalidate","bronze:Branch"],"picked":"bronze:BitShift+1","floor":36},{"not_picked":["bronze:FineTuning","bronze:Invalidate+1"],"picked":"bronze:Overload+1","floor":39},{"not_picked":["bronze:Separator","bronze:Overheat"],"picked":"bronze:FineTuning+1","floor":42},{"not_picked":["bronze:Fortify+1","bronze:GetLatest"],"picked":"bronze:Shell+1","floor":43},{"not_picked":["bronze:FineTuning","bronze:BugBarrage"],"picked":"bronze:ForceShield+1","floor":45},{"not_picked":["bronze:Break","bronze:DarkDash"],"picked":"bronze:Assembly","floor":46},{"not_picked":["bronze:Shield","bronze:BuggyMess+1","bronze:Overheat"],"picked":"SKIP","floor":47},{"not_picked":["bronze:CutThrough+1","bronze:Overheat","bronze:Constructor+1"],"picked":"SKIP","floor":49}],"player_experience":587666,"relics_obtained":[{"floor":7.0,"key":"Guardian:PocketSentry"},{"floor":10.0,"key":"Odd Mushroom"},{"floor":24.0,"key":"Akabeko"},{"floor":29.0,"key":"Oddly Smooth Stone"},{"floor":31.0,"key":"Enchiridion"},{"floor":38,"key":"Toy Ornithopter"}],"event_choices":[{"damage_healed":0.0,"max_hp_gain":0.0,"max_hp_loss":0.0,"gold_gain":0.0,"event_name":"Mushrooms","player_choice":"Fought Mushrooms","floor":10.0,"gold_loss":0.0,"damage_taken":0.0},{"damage_healed":0.0,"max_hp_gain":0.0,"max_hp_loss":0.0,"gold_gain":0.0,"event_name":"Lab","player_choice":"Got Potions","floor":22.0,"gold_loss":0.0,"damage_taken":0.0},{"cards_removed":["bronze:Goto"],"damage_healed":0,"gold_gain":0,"player_choice":"Removed Skill","damage_taken":0,"max_hp_gain":0,"max_hp_loss":0,"event_name":"Falling","floor":37,"gold_loss":0},{"damage_healed":0,"gold_gain":0,"player_choice":"Relic","damage_taken":0,"max_hp_gain":0,"max_hp_loss":0,"event_name":"Wheel of Change","floor":38,"gold_loss":0}],"is_beta":false,"boss_relics":[{"not_picked":["Sozu","Tiny House"],"picked":"bronze:MakeshiftBattery"},{"not_picked":["Runic Pyramid","Fusion Hammer"],"picked":"bronze:PlatinumCore"}],"items_purged_floors":[23,27],"is_endless":false,"potions_floor_spawned":[5,6,10,15,21,25,26,33,39,45,47,49],"killed_by":"IC_BLOCK_ARCHETYPE","ascension_level":0}}