{"host":"sboty77psj7t2cnn","time":1611359258,"event":{"mods":["Aspiration","BaseMod","Better Match","Better Vampires","ChefMod","Colored Map","Conspire","Downfall","Hubris","Infinite Spire","Minty Spire (QoL Compilation)","StSLib"],"gold_per_floor":[99,99,99,99,113,133,133,133,152,152,164,179,214,664,675,776,776,776,787,787,787],"floor_reached":19,"language":"SPA","playtime":1119,"items_purged":[],"score":169,"play_id":"b7390c6f-abf1-4db0-83fa-50df87508a09","local_time":"20210122174738","is_ascension_mode":false,"campfire_choices":[{"data":"sneckomod:SnekBite","floor":1,"key":"SMITH"},{"data":"sneckomod:TailWhip","floor":10,"key":"SMITH"}],"circlet_count":0,"master_deck":["sneckomod:Strike","sneckomod:Strike","sneckomod:Strike","sneckomod:Defend","sneckomod:Defend","sneckomod:Defend","sneckomod:TailWhip+1","sneckomod:SnekBite+1","sneckomod:Unknown","sneckomod:Unknown","sneckomod:UnendingSupply+1","sneckomod:IronFang","sneckomod:Cheat","sneckomod:Unknown1Cost","sneckomod:UnknownRarePower","downfall:Icky","downfall:Icky","downfall:Icky","sneckomod:SnekBeam","hexamod:TimeOfNeed"],"relics":["sneckomod:SneckoSoul","downfall:BrokenWingStatue","sneckomod:ConfusingCodex","hubris:Potato","Happy Flower","Sozu"],"acts_visited":["Exordium","TheCity"],"potions_floor_usage":[16],"damage_taken":[{"damage":0,"enemies":"Jaw Worm","floor":5,"turns":4},{"damage":0,"enemies":"Small Slimes","floor":6,"turns":2},{"damage":0,"enemies":"2 Louse","floor":9,"turns":2},{"damage":12,"enemies":"Exordium Thugs","floor":11,"turns":3},{"damage":0,"enemies":"Large Slime","floor":12,"turns":5},{"damage":10,"enemies":"Gremlin Nob","floor":13,"turns":4},{"damage":6,"enemies":"3 Louse","floor":15,"turns":3},{"damage":34,"enemies":"DF_ARCHETYPE_STREAMLINE","floor":16,"turns":11},{"damage":23,"enemies":"3 Byrds","floor":19,"turns":6}],"seed_played":"1579732762960329688","potions_obtained":[{"floor":9,"key":"SkillPotion"},{"floor":12,"key":"SneckoOil"},{"floor":13,"key":"LiquidMemories"},{"floor":15,"key":"Explosive Potion"}],"is_trial":false,"path_per_floor":["R","?","?","T","M","M","T","?","M","R","M","M","E","?","M","B",null,"R","M"],"character_chosen":"THE_SNECKO","items_purchased":[],"campfire_rested":0,"item_purchase_floors":[],"current_hp_per_floor":[99,99,99,99,99,99,99,99,99,99,87,87,77,77,71,52,99,99,76,76,76],"gold":787,"neow_bonus":"TEN_PERCENT_HP_BONUS","is_daily":false,"chose_seed":false,"campfire_upgraded":2,"win_rate":0.0,"timestamp":1611359258,"path_taken":["R","?","?","?","M","M","T","?","?","R","M","M","E","?","M","BOSS","R","M"],"items_purchased_type":[],"build_version":"2020-12-22","purchased_purges":0,"victory":false,"max_hp_per_floor":[99,99,99,99,99,99,99,99,99,99,99,99,99,99,99,99,99,99,99,99,99],"card_choices":[{"not_picked":["sneckomod:Nope","sneckomod:Unknown0Cost"],"picked":"sneckomod:UnendingSupply","floor":5},{"not_picked":["sneckomod:SoulDraw","sneckomod:RainOfDice"],"picked":"sneckomod:IronFang","floor":6},{"not_picked":["sneckomod:UnknownBlock","sneckomod:UnknownClassSLIMEBOUND"],"picked":"sneckomod:UnknownClassHEXA_GHOST_PURPLE","floor":9},{"not_picked":["sneckomod:DiceBlock","sneckomod:QuickMove"],"picked":"sneckomod:Cheat","floor":11},{"not_picked":["sneckomod:Unknown2Cost","sneckomod:RainOfDice"],"picked":"sneckomod:Unknown1Cost","floor":12},{"not_picked":["sneckomod:DiceBoulder","sneckomod:SerpentIdol"],"picked":"sneckomod:UnknownRarePower","floor":13},{"not_picked":["sneckomod:DiceCrush","sneckomod:DefensiveFlair"],"picked":"sneckomod:SnekBeam","floor":15}],"player_experience":353659,"relics_obtained":[{"floor":4,"key":"sneckomod:ConfusingCodex"},{"floor":7,"key":"hubris:Potato"},{"floor":13,"key":"Happy Flower"}],"event_choices":[{"damage_healed":0,"gold_gain":0,"player_choice":"Forge","damage_taken":0,"max_hp_gain":0,"max_hp_loss":0,"event_name":"Accursed Blacksmith","floor":8,"gold_loss":0,"cards_upgraded":["sneckomod:UnendingSupply"]}],"is_beta":false,"boss_relics":[{"not_picked":["Velvet Choker","Tiny House"],"picked":"Sozu"}],"items_purged_floors":[],"is_endless":false,"potions_floor_spawned":[9,12,13,15],"killed_by":"3 Byrds","ascension_level":0}}