{"host":"hcg1n1zeml53gytb","time":1611319085,"event":{"mods":["BaseMod","Better Third Choice","Colored Powertips","Displayed Cursed Tome","Hermit","Highlight Path","Minty Spire (QoL Compilation)","Quick Restart","Rare Cards Sparkle","Relic Stats","Replay The Spire","StSLib","The Cursed"],"gold_per_floor":[112,127,77,252,272,302,302,313,361,361,149,161,192,0,0,98,98,116,116,127,142,142,169,187,187,187,44,63,63,63,74,74,169,169,184,37,37,37,48,48,80,80,80,80,91,104,104,0,0,0,0],"floor_reached":50,"language":"ENG","playtime":3386,"items_purged":["hermit:Strike_Hermit"],"score":701,"play_id":"5467fedc-2605-4aea-8716-05218c03f757","local_time":"20210122063805","is_ascension_mode":true,"campfire_choices":[{"floor":7.0,"key":"REST"},{"data":"hermit:Snapshot","floor":10.0,"key":"SMITH"},{"floor":15.0,"key":"REST"},{"data":"hermit:Determination","floor":25.0,"key":"SMITH"},{"floor":29.0,"key":"REST"},{"data":"Apotheosis","floor":32.0,"key":"SMITH"},{"data":"1","floor":40,"key":"LIFT"},{"floor":42,"key":"RECALL"},{"floor":44,"key":"REST"},{"data":"hermit:Determination","floor":49,"key":"SMITH"},{"data":"hermit:ShadowCloak","floor":49,"key":"SMITH"}],"circlet_count":0,"master_deck":["hermit:Strike_Hermit+1","hermit:Strike_Hermit+1","hermit:Defend_Hermit+1","hermit:Defend_Hermit+1","hermit:Defend_Hermit+1","hermit:Defend_Hermit+1","hermit:Snapshot+1","hermit:Covet","AbeCurse","hermit:Desperado","hermit:Glare","Doubt","hermit:Ricochet","hermit:Dive","hermit:GhostlyPresence","hermit:HighCaliber","hermit:TakeAim","hermit:Snipe","hermit:Desperado","hermit:LowProfile","hermit:Determination+1","Apotheosis+1","Master of Strategy","hermit:Gambit","CurseOfTheBell","hermit:Coalescence","hermit:Cheat+1","hermit:ShadowCloak+1","hermit:FromBeyond","hermit:Malice+1","hermit:Gestalt","hermit:Determination+1","Madness","Madness","Decay","ReplayTheSpireMod:Splinters","Looming Evil"],"relics":["Abe\u0027s Treasure","ReplayTheSpireMod:Ninjato","Orichalcum","BargainBundle","Replay:Wax Seal","ReplayTheSpireMod:ShopPack","Calling Bell","Pocketwatch","Replay:WaspNest","Boot","Girya","ReplayFunnel","MutagenicStrength","Cursed Key","Pear","Replay:Arrowhead","Onion Ring","ReplayTheSpireMod:Ring of Collecting","Red Mask"],"acts_visited":["Exordium","TheCity","TheBeyond"],"potions_floor_usage":[35,45,45,46,50],"damage_taken":[{"damage":1.0,"enemies":"2 Louse","floor":1.0,"turns":3.0},{"damage":5.0,"enemies":"Jaw Worm","floor":2.0,"turns":2.0},{"damage":0.0,"enemies":"Small Slimes","floor":5.0,"turns":2.0},{"damage":38.0,"enemies":"3 Sentries","floor":6.0,"turns":9.0},{"damage":10.0,"enemies":"Exordium Thugs","floor":8.0,"turns":5.0},{"damage":3.0,"enemies":"Gremlin Gang","floor":12.0,"turns":5.0},{"damage":2.0,"enemies":"Replay:BlueRogue","floor":13.0,"turns":4.0},{"damage":22.0,"enemies":"Slime Boss","floor":16.0,"turns":8.0},{"damage":0.0,"enemies":"Chosen","floor":18.0,"turns":4.0},{"damage":4.0,"enemies":"Shell Parasite","floor":20.0,"turns":2.0},{"damage":4.0,"enemies":"Snecko","floor":21.0,"turns":4.0},{"damage":15.0,"enemies":"Book of Stabbing","floor":23.0,"turns":4.0},{"damage":7.0,"enemies":"3 Cultists","floor":24.0,"turns":5.0},{"damage":17.0,"enemies":"Centurion and Healer","floor":28.0,"turns":5.0},{"damage":0.0,"enemies":"Cultist and Chosen","floor":31.0,"turns":7.0},{"damage":21,"enemies":"Automaton","floor":33,"turns":10},{"damage":12,"enemies":"3 Darklings","floor":35,"turns":4},{"damage":6,"enemies":"3 Shapes","floor":39,"turns":2},{"damage":0,"enemies":"R_Hoarder","floor":41,"turns":7},{"damage":2,"enemies":"Jaw Worm Horde","floor":45,"turns":4},{"damage":1,"enemies":"Transient","floor":46,"turns":5},{"damage":85,"enemies":"Awakened One","floor":50,"turns":8}],"seed_played":"-2977515753910558345","potions_obtained":[{"floor":8.0,"key":"SkillPotion"},{"floor":16.0,"key":"SteroidPotion"},{"floor":18.0,"key":"Swift Potion"},{"floor":21.0,"key":"AttackPotion"},{"floor":28.0,"key":"Explosive Potion"},{"floor":31.0,"key":"Adrenaline Potion"},{"floor":41,"key":"Energy Potion"},{"floor":46,"key":"Fruit Juice"}],"is_trial":false,"path_per_floor":["M","M","?","?","M","E","R","M","T","R","$","M","E","$","R","B",null,"M","?","M","M","?","E","M","R","T","$","M","R","?","M","R","B",null,"M","$","?","T","M","R","E","R","T","R","M","M","?","?","R","B"],"character_chosen":"HERMIT","items_purchased":["BargainBundle","hermit:HighCaliber","hermit:TakeAim","hermit:Snipe","hermit:Desperado","BlessingOfTheForge","CultistPotion","hermit:Determination","ReplayTheSpireMod:ShopPack","ReplayFunnel","hermit:Gestalt","hermit:Determination"],"campfire_rested":4,"item_purchase_floors":[11,11,11,11,11,11,11,14,14,27,36,36],"current_hp_per_floor":[74,69,69,69,69,31,53,43,43,43,43,40,38,38,60,38,75,75,75,71,67,67,52,45,45,45,45,28,50,50,50,50,29,75,63,63,54,64,58,58,58,58,58,83,81,80,80,80,80,0,0],"gold":0,"neow_bonus":"BOSS_RELIC","is_daily":false,"chose_seed":false,"campfire_upgraded":5,"win_rate":0.0,"timestamp":1611319085,"path_taken":["M","M","?","?","M","E","R","M","T","R","$","M","E","$","R","BOSS","M","?","M","M","?","E","M","R","T","?","M","R","?","M","R","BOSS","M","$","?","?","?","R","E","R","T","R","M","M","?","?","R","BOSS"],"items_purchased_type":["Relic","Card","Card","Card","Card","Potion","Potion","Card","Relic","Relic","Card","Card"],"build_version":"2020-12-22","purchased_purges":1,"victory":false,"max_hp_per_floor":[75,75,75,75,75,75,75,75,75,75,75,75,75,75,75,75,75,75,75,75,75,75,75,75,75,75,75,75,75,75,75,75,75,75,75,75,75,85,85,85,85,85,85,85,85,85,85,85,85,90,90],"relic_stats":{"counters":[22,109],"Orichalcum":[66],"Boot":[1],"Cursed Key":2,"obtain_stats":[{"ReplayFunnel":27,"Girya":23,"BargainBundle":11,"ReplayTheSpireMod:Ninjato":6,"Pear":38,"Replay:WaspNest":17,"Orichalcum":9,"Boot":17,"Cursed Key":34,"Replay:Arrowhead":41,"Calling Bell":17,"MutagenicStrength":30,"ReplayTheSpireMod:Ring of Collecting":47,"Onion Ring":43,"Red Mask":48,"Replay:Wax Seal":13,"hermit:Momento":0,"Abe\u0027s Treasure":0,"ReplayTheSpireMod:ShopPack":14,"Pocketwatch":17},{"ReplayFunnel":13,"Girya":12,"BargainBundle":5,"ReplayTheSpireMod:Ninjato":4,"Pear":17,"Replay:WaspNest":8,"Orichalcum":5,"Boot":8,"Cursed Key":16,"Replay:Arrowhead":19,"Calling Bell":8,"MutagenicStrength":14,"ReplayTheSpireMod:Ring of Collecting":21,"Onion Ring":19,"Red Mask":21,"Replay:Wax Seal":7,"hermit:Momento":0,"Abe\u0027s Treasure":0,"ReplayTheSpireMod:ShopPack":7,"Pocketwatch":8},{"ReplayFunnel":57,"Girya":52,"BargainBundle":21,"ReplayTheSpireMod:Ninjato":16,"Pear":83,"Replay:WaspNest":38,"Orichalcum":21,"Boot":38,"Cursed Key":79,"Replay:Arrowhead":92,"Calling Bell":38,"MutagenicStrength":62,"ReplayTheSpireMod:Ring of Collecting":101,"Onion Ring":92,"Red Mask":101,"Replay:Wax Seal":30,"hermit:Momento":0,"Abe\u0027s Treasure":0,"ReplayTheSpireMod:ShopPack":30,"Pocketwatch":38}],"Pocketwatch":[66]},"card_choices":[{"not_picked":["hermit:BodyArmor","hermit:ItchyTrigger"],"picked":"hermit:Desperado","floor":1.0},{"not_picked":["hermit:LuckOfTheDraw","hermit:Midnight"],"picked":"hermit:Glare","floor":2.0},{"not_picked":["hermit:Desperado","hermit:BigShot"],"picked":"hermit:Ricochet","floor":5.0},{"not_picked":["hermit:OverwhelmingPower","hermit:ItchyTrigger"],"picked":"hermit:Dive","floor":6.0},{"not_picked":["hermit:EyeOfTheStorm","hermit:Ricochet"],"picked":"hermit:GhostlyPresence","floor":8.0},{"not_picked":["hermit:SprayPray","hermit:Brawl","hermit:Quickdraw"],"picked":"SKIP","floor":12.0},{"not_picked":["hermit:Roulette","hermit:FlashPowder"],"picked":"hermit:LowProfile","floor":13.0},{"not_picked":["Magnetism","ReplayTheSpireMod:Necrogeddon"],"picked":"Apotheosis","floor":14.0},{"not_picked":["Dramatic Entrance","Replay:Sssssssssstrike"],"picked":"Master of Strategy","floor":14.0},{"not_picked":["hermit:FromBeyond","hermit:DeadOrAlive"],"picked":"hermit:Gambit","floor":16.0},{"not_picked":["hermit:Desperado","hermit:CursedWeapon"],"picked":"hermit:Coalescence","floor":18.0},{"not_picked":["hermit:GhostlyPresence","hermit:Glare+1"],"picked":"hermit:Cheat+1","floor":20.0},{"not_picked":["hermit:NoHoldsBarred","hermit:Quickdraw+1","hermit:Maintenance"],"picked":"SKIP","floor":21.0},{"not_picked":["hermit:Misfire+1","hermit:EyeOfTheStorm+1","hermit:Ricochet"],"picked":"SKIP","floor":23.0},{"not_picked":["hermit:ItchyTrigger+1","hermit:Feint"],"picked":"hermit:ShadowCloak","floor":24.0},{"not_picked":["hermit:Coalescence+1","hermit:Desperado","hermit:Brawl"],"picked":"SKIP","floor":28.0},{"not_picked":["hermit:Ricochet","hermit:WideOpen+1","hermit:Maintenance"],"picked":"SKIP","floor":31.0},{"not_picked":["hermit:FatalDesire","hermit:FinalCanter"],"picked":"hermit:FromBeyond","floor":33},{"not_picked":["hermit:Showdown+1","hermit:LowProfile+1"],"picked":"hermit:Malice+1","floor":35},{"not_picked":["hermit:Coalescence","hermit:NoHoldsBarred+1","hermit:LuckOfTheDraw+1"],"picked":"SKIP","floor":39},{"not_picked":["hermit:LowProfile","hermit:Glare","hermit:Gambit"],"picked":"SKIP","floor":41},{"not_picked":["hermit:WideOpen+1","hermit:LowProfile","hermit:TakeAim"],"picked":"SKIP","floor":45},{"not_picked":["hermit:TakeAim","hermit:Roulette","hermit:BodyArmor"],"picked":"SKIP","floor":46}],"player_experience":494257,"relics_obtained":[{"floor":6.0,"key":"ReplayTheSpireMod:Ninjato"},{"floor":9.0,"key":"Orichalcum"},{"floor":13.0,"key":"Replay:Wax Seal"},{"floor":17.0,"key":"Pocketwatch"},{"floor":17.0,"key":"Replay:WaspNest"},{"floor":17.0,"key":"Boot"},{"floor":23.0,"key":"Girya"},{"floor":38,"key":"Pear"},{"floor":41,"key":"Replay:Arrowhead"},{"floor":43,"key":"Onion Ring"},{"floor":47,"key":"ReplayTheSpireMod:Ring of Collecting"}],"event_choices":[{"cards_removed":["hermit:Strike_Hermit"],"damage_healed":0.0,"max_hp_gain":0.0,"max_hp_loss":0.0,"gold_gain":0.0,"event_name":"The Cleric","player_choice":"Card Removal","floor":3.0,"gold_loss":50.0,"damage_taken":0.0},{"damage_healed":0.0,"max_hp_gain":0.0,"max_hp_loss":0.0,"gold_gain":175.0,"event_name":"betterThird:BetterSerpent","player_choice":"AGREE","floor":4.0,"gold_loss":0.0,"damage_taken":77.0},{"damage_healed":0.0,"max_hp_gain":0.0,"max_hp_loss":0.0,"gold_gain":0.0,"event_name":"Vampires","player_choice":"Ignored","floor":19.0,"gold_loss":0.0,"damage_taken":0.0},{"damage_healed":0.0,"max_hp_gain":0.0,"max_hp_loss":6.0,"gold_gain":0.0,"event_name":"betterThird:BetterWriting","player_choice":"Simplicity","floor":22.0,"gold_loss":0.0,"damage_taken":0.0},{"damage_healed":0.0,"max_hp_gain":0.0,"max_hp_loss":0.0,"gold_gain":0.0,"event_name":"Drug Dealer","player_choice":"Inject Mutagens","floor":30.0,"gold_loss":0.0,"damage_taken":0.0,"relics_obtained":["MutagenicStrength"]},{"damage_healed":0,"gold_gain":0,"player_choice":"Embrace Madness","damage_taken":9,"max_hp_gain":0,"max_hp_loss":0,"event_name":"Winding Halls","floor":37,"gold_loss":0,"cards_obtained":["Madness","Madness"]},{"damage_healed":0,"gold_gain":0,"player_choice":"Paid","damage_taken":0,"relics_obtained":["Red Mask"],"max_hp_gain":0,"max_hp_loss":0,"event_name":"Tomb of Lord Red Mask","floor":48,"gold_loss":104}],"is_beta":false,"boss_relics":[{"not_picked":["Tiny House","Painkiller Herb"],"picked":"Calling Bell"},{"not_picked":["Velvet Choker","Runic Dome"],"picked":"Cursed Key"}],"items_purged_floors":[11],"is_endless":false,"potions_floor_spawned":[8,12,16,18,21,23,28,31,41,46],"killed_by":"Awakened One","ascension_level":1}}