{"host":"mlczotyo8j5fj6lt","time":1611292394,"event":{"mods":["AchievementEnabler","BaseMod","Better Third Choice","BetterRewards","Conspire","Defective Defect","Fox Events","Good Game Mod","Googly Eyes","Hubris","Minty Spire (QoL Compilation)","Quick Restart","Replay The Spire","StS++","StSLib","everything is the same but u backflip on backflip"],"gold_per_floor":[114,114,125,44,9,41,41,41,68,68,68,81,101,118,118,118,118],"floor_reached":16,"language":"ENG","playtime":522,"items_purged":[],"score":125,"play_id":"08924e1d-e798-46bf-9d20-ce44f4c1fd31","local_time":"20210122061314","is_ascension_mode":false,"campfire_choices":[{"data":"Zap","floor":7,"key":"SMITH"},{"floor":15,"key":"REST"}],"circlet_count":0,"master_deck":["Strike_B","Strike_B","Defend_B","Defend_B","Defend_B","Defend_B","Zap+1","Dualcast","Genetic Algorithm","BasicCrystalCard","Auto Shields","Tempest","Regret","Beam Cell","Barrage","Conserve Battery"],"relics":["Cracked Core","REME:ComplimentaryCards","Pear","Strawberry","Vajra"],"acts_visited":["Exordium"],"potions_floor_usage":[6,16],"damage_taken":[{"damage":8,"enemies":"Jaw Worm","floor":1,"turns":4},{"damage":0,"enemies":"conspire:RoseBush","floor":3,"turns":3},{"damage":28,"enemies":"3 Sentries","floor":6,"turns":9},{"damage":4,"enemies":"Cultist","floor":12,"turns":3},{"damage":14,"enemies":"Large Slime","floor":13,"turns":5},{"damage":15,"enemies":"Blue Slaver","floor":14,"turns":2},{"damage":73,"enemies":"Fading Forest","floor":16,"turns":8}],"seed_played":"205129483391157385","potions_obtained":[{"floor":1,"key":"Toxic Potion"},{"floor":3,"key":"Fire Potion"}],"is_trial":false,"path_per_floor":["M","?","M","$","?","E","R","$","T","?","?","M","M","M","R","B"],"character_chosen":"DEFECT","items_purchased":["Auto Shields"],"campfire_rested":1,"item_purchase_floors":[4],"current_hp_per_floor":[67,67,67,67,75,57,57,57,64,64,64,60,46,31,58,0,0],"gold":118,"neow_bonus":"REMOVE_CARD","is_daily":false,"chose_seed":false,"campfire_upgraded":1,"win_rate":0.0,"timestamp":1611292394,"path_taken":["M","?","M","$","?","E","R","?","T","?","?","M","M","M","R","BOSS"],"items_purchased_type":["Card"],"build_version":"2020-12-22","purchased_purges":0,"victory":false,"max_hp_per_floor":[75,75,75,75,75,85,85,85,92,92,92,92,92,92,92,92,92],"card_choices":[{"not_picked":["ReplayTheSpireMod:GoodbyeWorld","BasicCrystalCard"],"picked":"Genetic Algorithm","floor":1},{"not_picked":["Sweeping Beam","Self Repair"],"picked":"BasicCrystalCard","floor":3},{"not_picked":["Redo","Chaos"],"picked":"Tempest","floor":6},{"not_picked":["Hologram","Panic Button"],"picked":"Beam Cell","floor":12},{"not_picked":["Hologram","ReplayGash"],"picked":"Barrage","floor":13},{"not_picked":["Turbo","Auto Shields"],"picked":"Conserve Battery","floor":14}],"player_experience":216927,"relics_obtained":[{"floor":6,"key":"Pear"},{"floor":9,"key":"Strawberry"}],"event_choices":[{"damage_healed":18,"gold_gain":0,"player_choice":"Healed","damage_taken":0,"max_hp_gain":0,"max_hp_loss":0,"event_name":"The Cleric","floor":5,"gold_loss":35},{"damage_healed":0,"gold_gain":0,"player_choice":"Box","damage_taken":0,"relics_obtained":["Vajra"],"max_hp_gain":0,"max_hp_loss":0,"event_name":"Big Fish","floor":10,"gold_loss":0,"cards_obtained":["Regret"]},{"damage_healed":0,"gold_gain":0,"player_choice":"Leave","damage_taken":0,"max_hp_gain":0,"max_hp_loss":0,"event_name":"conspire:Investor","floor":11,"gold_loss":0}],"is_beta":false,"boss_relics":[],"items_purged_floors":[],"is_endless":false,"potions_floor_spawned":[1,3],"killed_by":"Fading Forest","ascension_level":0}}