{"host":"r6jigiblrojhp6xe","time":1611274739,"event":{"mods":["AchievementEnabler","BaseMod","DeckTracker","Hermit","Minty Spire (QoL Compilation)","Quick Restart","Rare Cards Sparkle","Relic Stats","StSLib","SuperFastMode","everything is the same but u backflip on backflip"],"gold_per_floor":[113,129,129,41,41,41,41],"floor_reached":6,"language":"KOR","playtime":82,"items_purged":[],"score":68,"play_id":"b8db3a4e-8ca4-40eb-aa1d-821f4e35e0a0","local_time":"20210122091859","is_ascension_mode":true,"campfire_choices":[],"circlet_count":0,"master_deck":["AscendersBane","Strike_B","Strike_B","Strike_B","Strike_B","Defend_B","Defend_B","Defend_B","Defend_B","Zap","Dualcast","Hologram","Leap","Sunder"],"relics":["Cracked Core","Golden Idol","Omamori"],"acts_visited":["Exordium"],"potions_floor_usage":[],"damage_taken":[{"damage":7,"enemies":"Jaw Worm","floor":1,"turns":3},{"damage":14,"enemies":"Small Slimes","floor":2,"turns":4},{"damage":0,"enemies":"Gremlin Nob","floor":6,"turns":1}],"seed_played":"-5524096536166215147","potions_obtained":[],"is_trial":false,"path_per_floor":["M","M","?","$","?","E"],"character_chosen":"DEFECT","items_purchased":["Sunder"],"campfire_rested":0,"item_purchase_floors":[4],"current_hp_per_floor":[64,50,50,50,5,5,5],"gold":41,"neow_bonus":"TEN_PERCENT_HP_BONUS","is_daily":false,"chose_seed":false,"campfire_upgraded":0,"win_rate":0.0,"timestamp":1611274739,"path_taken":["M","M","?","$","?","E"],"items_purchased_type":["Card"],"build_version":"2020-12-22","purchased_purges":0,"victory":false,"max_hp_per_floor":[78,78,71,71,71,71,71],"relic_stats":{"counters":[3,8],"Golden Idol":0,"obtain_stats":[{"Golden Idol":3,"Omamori":5,"Cracked Core":0},{"Golden Idol":2,"Omamori":2,"Cracked Core":0},{"Golden Idol":7,"Omamori":7,"Cracked Core":0}]},"card_choices":[{"not_picked":["Redo","Steam Power"],"picked":"Hologram","floor":1},{"not_picked":["Static Discharge","Stack"],"picked":"Leap","floor":2}],"player_experience":582096,"relics_obtained":[],"event_choices":[{"damage_healed":0,"gold_gain":0,"player_choice":"Lose Max HP","damage_taken":0,"relics_obtained":["Golden Idol"],"max_hp_gain":0,"max_hp_loss":7,"event_name":"Golden Idol","floor":3,"gold_loss":0},{"damage_healed":0,"gold_gain":0,"player_choice":"Success","damage_taken":45,"relics_obtained":["Omamori"],"max_hp_gain":0,"max_hp_loss":0,"event_name":"Scrap Ooze","floor":5,"gold_loss":0}],"is_beta":false,"boss_relics":[],"items_purged_floors":[],"is_endless":false,"potions_floor_spawned":[],"killed_by":"Gremlin Nob","ascension_level":20}}