{"host":"nnxvcju6x1qybncj","time":1611334808,"event":{"mods":["BaseMod","Block Reminder","Curses Come First","Custom Start","Dark Map","Displayed Cursed Tome","Downfall","Evolution","Jorbs\u0027s Wanderer Trilogy","Minty Spire (QoL Compilation)","Quick Restart","Relic Stats","StSLib"],"gold_per_floor":[113,127,127,127,127,127,49,49,96,114,143,143,33,48,48,125,125,125,125],"floor_reached":18,"language":"ENG","playtime":516,"items_purged":[],"score":316,"play_id":"9b2fb514-43a2-4f4c-9b97-a15b492b86bd","local_time":"20210122180008","is_ascension_mode":true,"campfire_choices":[{"floor":6,"key":"REST"},{"floor":8,"key":"REST"},{"floor":12,"key":"REST"},{"data":"Defragment","floor":15,"key":"SMITH"}],"circlet_count":0,"master_deck":["AscendersBane","Strike_B","Strike_B","Strike_B","Defend_B","Defend_B","Defend_B","Defend_B+1","Zap","Dualcast+1","Rainbow+1","Sweeping Beam+1","Force Field","Defragment+1","Go for the Eyes","Leap","Self Repair","Capacitor","Machine Learning"],"relics":["Cracked Core","EVO:Axolotl","Art of War","War Paint","Nuclear Battery"],"acts_visited":["Exordium","TheCity"],"potions_floor_usage":[11,14],"damage_taken":[{"damage":11,"enemies":"2 Louse","floor":1,"turns":3},{"damage":7,"enemies":"Small Slimes","floor":2,"turns":3},{"damage":9,"enemies":"Jaw Worm","floor":10,"turns":5},{"damage":29,"enemies":"3 Sentries","floor":11,"turns":5},{"damage":10,"enemies":"Exordium Thugs","floor":14,"turns":5},{"damage":25,"enemies":"Slime Boss","floor":16,"turns":9},{"damage":70,"enemies":"Chosen","floor":18,"turns":6}],"seed_played":"5025683592653081210","potions_obtained":[{"floor":2,"key":"LiquidBronze"},{"floor":11,"key":"PowerPotion"},{"floor":16,"key":"EntropicBrew"}],"is_trial":false,"path_per_floor":["M","M","?","?","?","R","$","R","T","M","E","R","$","M","R","B",null,"M"],"character_chosen":"DEFECT","items_purchased":["Defragment","Leap","Self Repair"],"campfire_rested":3,"item_purchase_floors":[7,13,13],"current_hp_per_floor":[53,46,39,39,18,39,39,60,60,51,22,43,43,47,47,29,61,0,0],"gold":125,"neow_bonus":"ONE_RANDOM_RARE_CARD","is_daily":false,"chose_seed":false,"campfire_upgraded":1,"win_rate":0.0,"timestamp":1611334808,"path_taken":["M","M","?","?","?","R","?","R","T","M","E","R","$","?","R","BOSS","M"],"items_purchased_type":["Card","Card","Card"],"build_version":"2020-12-22","purchased_purges":0,"victory":false,"max_hp_per_floor":[71,71,71,71,71,71,71,71,71,71,71,71,71,71,71,71,71,71,71],"relic_stats":{"counters":[7,36],"Art of War":[8],"War Paint":["Defend_B","Rainbow"],"obtain_stats":[{"Art of War":9,"EVO:Axolotl":0,"War Paint":11,"Cracked Core":0,"Nuclear Battery":17},{"Art of War":2,"EVO:Axolotl":0,"War Paint":4,"Cracked Core":0,"Nuclear Battery":6},{"Art of War":6,"EVO:Axolotl":0,"War Paint":16,"Cracked Core":0,"Nuclear Battery":30}]},"card_choices":[{"not_picked":["Go for the Eyes","Beam Cell"],"picked":"Sweeping Beam","floor":1},{"not_picked":["Stack","Turbo"],"picked":"Force Field","floor":2},{"not_picked":["Beam Cell","Sweeping Beam"],"picked":"Go for the Eyes","floor":10},{"not_picked":["Double Energy","Reprogram","Barrage"],"picked":"SKIP","floor":11},{"not_picked":["Ball Lightning","Force Field"],"picked":"Capacitor","floor":14},{"not_picked":["Thunder Strike","Core Surge"],"picked":"Machine Learning","floor":16}],"player_experience":706911,"relics_obtained":[{"floor":9,"key":"Art of War"},{"floor":11,"key":"War Paint"}],"event_choices":[{"cards_removed":["Strike_B"],"damage_healed":0,"gold_gain":0,"player_choice":"Card Removal","damage_taken":7,"max_hp_gain":0,"max_hp_loss":0,"event_name":"Golden Wing","floor":3,"gold_loss":0},{"damage_healed":0,"gold_gain":0,"player_choice":"Ignored","damage_taken":0,"max_hp_gain":0,"max_hp_loss":0,"event_name":"Liars Game","floor":4,"gold_loss":0},{"damage_healed":0,"gold_gain":0,"player_choice":"Entered Light","damage_taken":21,"max_hp_gain":0,"max_hp_loss":0,"event_name":"Shining Light","floor":5,"gold_loss":0,"cards_upgraded":["Sweeping Beam","Dualcast"]}],"is_beta":false,"boss_relics":[{"not_picked":["Astrolabe","Pandora\u0027s Box"],"picked":"Nuclear Battery"}],"items_purged_floors":[],"is_endless":false,"potions_floor_spawned":[2,11,16],"killed_by":"Chosen","ascension_level":20}}