{"host":"ak97kadm4gobvh6l","time":1611344479,"event":{"mods":["BaseMod","Colored Map","Downfall","Minty Spire (QoL Compilation)","StSLib"],"gold_per_floor":[99,117,129,429,238,253,253,253,253,268,279,304,104,116,136,136,136,136],"floor_reached":16,"language":"ENG","playtime":1193,"items_purged":["downfall:Icky"],"score":114,"play_id":"315e2600-fbee-42e8-a36f-23eb532c3526","local_time":"20210122204119","is_ascension_mode":true,"campfire_choices":[{"floor":1,"key":"RECALL"},{"floor":13,"key":"REST"}],"circlet_count":0,"master_deck":["bronze:Strike","bronze:Strike","bronze:Strike","bronze:Strike","bronze:Defend","bronze:Defend","bronze:Defend","bronze:Defend","bronze:Replicate","bronze:Goto","bronze:Separator","bronze:GetLatest","downfall:Icky","bronze:Return","bronze:MaxOutput","bronze:BuggyMess","bronze:WildBeam","bronze:ThunderWave","bronze:Branch"],"relics":["bronze:BronzeCore","Vajra","Frozen Egg 2","Lantern","downfall:HeartBlessingGreen","downfall:HeartBlessingRed"],"acts_visited":["Exordium"],"potions_floor_usage":[10,12,16,16],"damage_taken":[{"damage":7,"enemies":"Jaw Worm","floor":2,"turns":3},{"damage":2,"enemies":"2 Louse","floor":3,"turns":3},{"damage":0,"enemies":"downfall:FleeingMerchant","floor":5,"turns":4},{"damage":0,"enemies":"Cultist","floor":6,"turns":3},{"damage":11,"enemies":"Gremlin Gang","floor":10,"turns":4},{"damage":20,"enemies":"Exordium Thugs","floor":11,"turns":5},{"damage":29,"enemies":"3 Sentries","floor":12,"turns":10},{"damage":20,"enemies":"Exordium Wildlife","floor":14,"turns":4},{"damage":7,"enemies":"3 Louse","floor":15,"turns":2},{"damage":37,"enemies":"DF_ARCHETYPE_STREAMLINE","floor":16,"turns":6}],"seed_played":"-4820683544749567631","potions_obtained":[{"floor":6,"key":"Explosive Potion"},{"floor":9,"key":"CultistPotion"},{"floor":9,"key":"FairyPotion"},{"floor":11,"key":"Swift Potion"},{"floor":14,"key":"FearPotion"}],"is_trial":false,"path_per_floor":["R","M","M","?","$","M","T","?","?","M","M","E","R","M","M","B"],"character_chosen":"THE_AUTOMATON","items_purchased":["bronze:MaxOutput","bronze:BuggyMess"],"campfire_rested":1,"item_purchase_floors":[5,5],"current_hp_per_floor":[70,63,61,61,61,61,61,66,66,55,35,6,28,8,1,0,0,0],"gold":136,"neow_bonus":"RANDOM_COMMON_RELIC","is_daily":false,"chose_seed":false,"campfire_upgraded":0,"win_rate":0.0,"timestamp":1611344479,"path_taken":["R","M","M","?","$","M","T","?","?","M","?","E","R","?","M","BOSS"],"items_purchased_type":["Card","Card"],"build_version":"2020-12-22","purchased_purges":1,"victory":false,"max_hp_per_floor":[70,70,70,70,70,70,70,75,75,75,75,75,75,75,75,75,75,75],"card_choices":[{"not_picked":["bronze:Constructor","bronze:FineTuning"],"picked":"bronze:Separator","floor":2},{"not_picked":["bronze:ChildClass","bronze:BronzeArmor"],"picked":"bronze:GetLatest","floor":3},{"not_picked":["bronze:NullPointer","bronze:BronzeArmor"],"picked":"bronze:Return","floor":5},{"not_picked":["bronze:Invalidate","bronze:GetLatest","bronze:BitShift"],"picked":"SKIP","floor":6},{"not_picked":["bronze:Separator","bronze:Overheat","bronze:CloningBeam"],"picked":"SKIP","floor":10},{"not_picked":["bronze:HyperBeam","bronze:DarkDash"],"picked":"bronze:WildBeam","floor":11},{"not_picked":["bronze:CloningBeam","bronze:Invalidate"],"picked":"bronze:ThunderWave","floor":12},{"not_picked":["bronze:BitShift","bronze:ForceShield"],"picked":"bronze:Branch","floor":14},{"not_picked":["bronze:WildBeam","bronze:Boost","bronze:Separator"],"picked":"SKIP","floor":15}],"player_experience":1049078,"relics_obtained":[{"floor":7,"key":"Frozen Egg 2"},{"floor":12,"key":"Lantern"}],"event_choices":[{"damage_healed":0,"gold_gain":0,"player_choice":"Donut","damage_taken":0,"max_hp_gain":5,"max_hp_loss":0,"event_name":"Big Fish","floor":8,"gold_loss":0},{"damage_healed":0,"gold_gain":0,"player_choice":"Got Potions","damage_taken":0,"max_hp_gain":0,"max_hp_loss":0,"event_name":"Lab","floor":9,"gold_loss":0}],"is_beta":false,"boss_relics":[],"items_purged_floors":[5],"is_endless":false,"potions_floor_spawned":[6,11,14],"killed_by":"DF_ARCHETYPE_STREAMLINE","ascension_level":2}}