{"host":"vyjryxuuuxkt43k4","time":1611283090,"event":{"mods":["AchievementEnabler","BaseMod","Colored Map","DeckTracker","Keyboard Shortcuts","Minty Spire (QoL Compilation)","Permanent Neow","Quick Restart","StSLib","SuperFastMode","everything is the same but u backflip on backflip"],"gold_per_floor":[13,24,41,41,60,92,92,124,148,148,148,163,175,191,191,269,269,281,281,301,313,313,313,313,313],"floor_reached":24,"language":"KOR","playtime":2326,"items_purged":[],"score":399,"play_id":"e7f0ca02-a30c-49b3-bfdc-6fc92f36e339","local_time":"20210122113810","is_ascension_mode":true,"campfire_choices":[{"data":"Inflame","floor":7.0,"key":"SMITH"},{"floor":11.0,"key":"REST"},{"floor":15.0,"key":"REST"},{"data":"Barricade","floor":23.0,"key":"SMITH"}],"circlet_count":0,"master_deck":["AscendersBane","Strike_R","Strike_R","Strike_R","Defend_R","Defend_R","Defend_R","Defend_R","Bash","Dark Embrace+1","Uppercut","Warcry","Inflame+1","Pummel","Shockwave","Carnage","Disarm","Twin Strike","Barricade+1","Offering","Shrug It Off","Feel No Pain","Impervious","Pain"],"relics":["Burning Blood","Ice Cream","Tiny Chest","Blood Vial","Cursed Key","Bottled Flame"],"acts_visited":["Exordium","TheCity"],"potions_floor_usage":[],"damage_taken":[{"damage":6.0,"enemies":"Jaw Worm","floor":1.0,"turns":5.0},{"damage":3.0,"enemies":"2 Louse","floor":2.0,"turns":3.0},{"damage":5.0,"enemies":"Cultist","floor":3.0,"turns":4.0},{"damage":21.0,"enemies":"Large Slime","floor":5.0,"turns":6.0},{"damage":24.0,"enemies":"Gremlin Nob","floor":6.0,"turns":4.0},{"damage":40.0,"enemies":"3 Sentries","floor":8.0,"turns":8.0},{"damage":16.0,"enemies":"Blue Slaver","floor":12.0,"turns":4.0},{"damage":9.0,"enemies":"Red Slaver","floor":13.0,"turns":3.0},{"damage":20.0,"enemies":"3 Louse","floor":14.0,"turns":4.0},{"damage":34.0,"enemies":"The Guardian","floor":16.0,"turns":13.0},{"damage":34.0,"enemies":"Spheric Guardian","floor":18.0,"turns":4.0},{"damage":7.0,"enemies":"Chosen","floor":20.0,"turns":5.0},{"damage":6.0,"enemies":"Snecko","floor":21.0,"turns":3.0},{"damage":42,"enemies":"Slavers","floor":24,"turns":3}],"seed_played":"-4681607555072146920","potions_obtained":[{"floor":1.0,"key":"DuplicationPotion"},{"floor":3.0,"key":"BlessingOfTheForge"},{"floor":5.0,"key":"Fruit Juice"},{"floor":8.0,"key":"SteroidPotion"},{"floor":12.0,"key":"SteroidPotion"},{"floor":18.0,"key":"GamblersBrew"}],"is_trial":false,"path_per_floor":["M","M","M","$","M","E","R","E","T","?","R","M","M","M","R","B",null,"M","?","M","M","T","R","E"],"character_chosen":"IRONCLAD","items_purchased":[],"campfire_rested":2,"item_purchase_floors":[],"current_hp_per_floor":[68,71,72,72,62,44,44,10,10,10,34,26,25,13,37,11,63,37,37,38,40,40,40,0,0],"gold":313,"neow_bonus":"TRANSFORM_TWO_CARDS","is_daily":false,"chose_seed":false,"campfire_upgraded":2,"win_rate":0.0,"timestamp":1611283090,"path_taken":["M","M","M","$","M","E","R","E","T","?","R","M","M","M","R","BOSS","M","?","?","M","?","R","E"],"items_purchased_type":[],"build_version":"2020-12-22","purchased_purges":0,"victory":false,"max_hp_per_floor":[75,75,75,75,80,80,80,80,80,80,80,80,80,80,80,80,80,80,80,80,80,80,80,80,80],"card_choices":[{"not_picked":["Havoc","Armaments"],"picked":"Warcry","floor":1.0},{"not_picked":["Reaper","Fire Breathing"],"picked":"Inflame","floor":2.0},{"not_picked":["Perfected Strike","Armaments"],"picked":"Pummel","floor":3.0},{"not_picked":["Armaments","Spot Weakness"],"picked":"Shockwave","floor":5.0},{"not_picked":["Power Through","Flex"],"picked":"Carnage","floor":6.0},{"not_picked":["Spot Weakness","Juggernaut"],"picked":"Disarm","floor":8.0},{"not_picked":["Body Slam","Warcry","Sword Boomerang"],"picked":"SKIP","floor":12.0},{"not_picked":["Body Slam","Iron Wave"],"picked":"Twin Strike","floor":13.0},{"not_picked":["Sentinel","Twin Strike"],"picked":"Barricade","floor":14.0},{"not_picked":["Exhume","Berserk"],"picked":"Offering","floor":16.0},{"not_picked":["Wild Strike","Uppercut"],"picked":"Shrug It Off","floor":18.0},{"not_picked":["Headbutt","Body Slam"],"picked":"Feel No Pain","floor":20.0},{"not_picked":["Metallicize","Armaments"],"picked":"Impervious","floor":21.0}],"player_experience":213879,"relics_obtained":[{"floor":6.0,"key":"Ice Cream"},{"floor":8.0,"key":"Tiny Chest"},{"floor":9.0,"key":"Blood Vial"},{"floor":22.0,"key":"Bottled Flame"}],"event_choices":[{"damage_healed":0.0,"max_hp_gain":0.0,"max_hp_loss":0.0,"gold_gain":0.0,"event_name":"Living Wall","player_choice":"Grow","floor":10.0,"gold_loss":0.0,"damage_taken":0.0,"cards_upgraded":["Dark Embrace"]},{"damage_healed":0.0,"max_hp_gain":0.0,"max_hp_loss":0.0,"gold_gain":0.0,"event_name":"N\u0027loth","player_choice":"Ignored","floor":19.0,"gold_loss":0.0,"damage_taken":0.0}],"is_beta":false,"boss_relics":[{"not_picked":["Black Blood","Runic Cube"],"picked":"Cursed Key"}],"items_purged_floors":[],"is_endless":false,"potions_floor_spawned":[1,3,5,8,12,18],"killed_by":"Slavers","ascension_level":18}}