{"host":"4cz9gr89nglr7k8k","time":1611343203,"event":{"mods":["BaseMod","Minty Spire (QoL Compilation)","Relic Stats","Slay-I"],"gold_per_floor":[115,135,135,33,33,62,62,62,62,75,34,45,78,97,97,176,176,190,190,190,190],"floor_reached":20,"language":"DEU","playtime":636,"items_purged":[],"score":364,"play_id":"408c753a-ec45-4766-a312-2746fbed0379","local_time":"20210122202003","is_ascension_mode":true,"campfire_choices":[{"floor":7,"key":"REST"},{"floor":15,"key":"REST"}],"circlet_count":0,"master_deck":["AscendersBane","Strike_R","Strike_R","Defend_R","Defend_R","Defend_R","Bash","Wild Strike","Reckless Charge","Hemokinesis","Rupture","Shrug It Off","Impervious","Flex","Pummel","Inflame","Cleave","Dropkick","Limit Break","Blood for Blood+1","Entrench+1","Impervious+1","Flex"],"relics":["Burning Blood","Bag of Marbles","Thread and Needle","Regal Pillow","Blue Candle","Astrolabe","MutagenicStrength"],"acts_visited":["Exordium","TheCity"],"potions_floor_usage":[16,16],"damage_taken":[{"damage":12,"enemies":"Jaw Worm","floor":1,"turns":3},{"damage":6,"enemies":"Cultist","floor":2,"turns":3},{"damage":44,"enemies":"Lagavulin","floor":6,"turns":6},{"damage":0,"enemies":"2 Louse","floor":10,"turns":2},{"damage":2,"enemies":"Blue Slaver","floor":12,"turns":3},{"damage":46,"enemies":"3 Sentries","floor":13,"turns":10},{"damage":12,"enemies":"Exordium Thugs","floor":14,"turns":5},{"damage":52,"enemies":"The Guardian","floor":16,"turns":10},{"damage":48,"enemies":"Spheric Guardian","floor":18,"turns":6},{"damage":26,"enemies":"Shell Parasite","floor":20,"turns":3}],"seed_played":"5664565939079269848","potions_obtained":[{"floor":2,"key":"EssenceOfSteel"},{"floor":6,"key":"PowerPotion"},{"floor":14,"key":"DistilledChaos"},{"floor":16,"key":"Strength Potion"}],"is_trial":false,"path_per_floor":["M","M","?","$","?","E","R","$","T","M","$","M","E","M","R","B",null,"M","?","M"],"character_chosen":"IRONCLAD","items_purchased":["Rupture","Shrug It Off","Pummel"],"campfire_rested":2,"item_purchase_floors":[4,4,11],"current_hp_per_floor":[62,62,62,62,67,29,53,53,53,59,59,63,23,17,56,10,63,21,21,0,0],"gold":190,"neow_bonus":"RANDOM_COMMON_RELIC","is_daily":false,"chose_seed":false,"campfire_upgraded":0,"win_rate":0.0,"timestamp":1611343203,"path_taken":["M","M","?","$","?","E","R","?","T","?","?","M","E","M","R","BOSS","M","?","M"],"items_purchased_type":["Card","Card","Card"],"build_version":"2020-12-22","purchased_purges":0,"victory":false,"max_hp_per_floor":[75,75,75,75,80,80,80,80,80,80,80,80,80,80,80,80,80,80,80,80,80],"relic_stats":{"Regal Pillow":15,"counters":[10,51],"Blue Candle":[0],"Astrolabe":["Blood for Blood","Entrench","Impervious"],"obtain_stats":[{"Regal Pillow":9,"Blue Candle":13,"Astrolabe":17,"MutagenicStrength":19,"Thread and Needle":6,"Bag of Marbles":0,"Burning Blood":0},{"Regal Pillow":3,"Blue Candle":6,"Astrolabe":8,"MutagenicStrength":9,"Thread and Needle":3,"Bag of Marbles":0,"Burning Blood":0},{"Regal Pillow":12,"Blue Candle":27,"Astrolabe":42,"MutagenicStrength":48,"Thread and Needle":12,"Bag of Marbles":0,"Burning Blood":0}],"Burning Blood":54},"card_choices":[{"not_picked":["True Grit","Pommel Strike"],"picked":"Wild Strike","floor":1},{"not_picked":["Hemokinesis","Heavy Blade"],"picked":"Reckless Charge","floor":2},{"not_picked":["Dark Embrace","Pummel"],"picked":"Impervious","floor":6},{"not_picked":["Shrug It Off","Sword Boomerang"],"picked":"Flex","floor":10},{"not_picked":["Armaments","True Grit"],"picked":"Inflame","floor":12},{"not_picked":["Dropkick","Sentinel"],"picked":"Cleave","floor":13},{"not_picked":["Feel No Pain","Corruption"],"picked":"Dropkick","floor":14},{"not_picked":["Reaper","Immolate"],"picked":"Limit Break","floor":16},{"not_picked":["Carnage","Body Slam"],"picked":"Flex","floor":18}],"player_experience":1515576,"relics_obtained":[{"floor":6,"key":"Thread and Needle"},{"floor":9,"key":"Regal Pillow"},{"floor":13,"key":"Blue Candle"}],"event_choices":[{"damage_healed":0,"gold_gain":0,"cards_transformed":["Strike_R"],"player_choice":"Change","damage_taken":0,"max_hp_gain":0,"max_hp_loss":0,"event_name":"Living Wall","floor":3,"gold_loss":0,"cards_obtained":["Hemokinesis"]},{"damage_healed":0,"gold_gain":0,"player_choice":"Donut","damage_taken":0,"max_hp_gain":5,"max_hp_loss":0,"event_name":"Big Fish","floor":5,"gold_loss":0},{"damage_healed":0,"gold_gain":0,"player_choice":"Inject Mutagens","damage_taken":0,"relics_obtained":["MutagenicStrength"],"max_hp_gain":0,"max_hp_loss":0,"event_name":"Drug Dealer","floor":19,"gold_loss":0}],"is_beta":false,"boss_relics":[{"not_picked":["Sozu","Fusion Hammer"],"picked":"Astrolabe"}],"items_purged_floors":[],"is_endless":false,"potions_floor_spawned":[2,6,14,16],"killed_by":"Shell Parasite","ascension_level":20}}