{"host":"appz8zkad29u9482","time":1611294622,"event":{"mods":["2.2 Compatiblity","Act Like it!","Aspiration","BaseMod","Beaked The Cultist","Better Altar","Better Match","Better Note","Better Sensory Stone","Better Skull","Better Third Choice","BetterRewards","CapriCore","Conspire","Energized Spire","GifTheSpireLib","Gold Saver","Halation","Hermit","Hubris","Jedi Mod","Marisa????????","Minty Spire (QoL Compilation)","Permanent Neow","Replay The Spire","Spicy Shops","StSLib","Strawberry Spire","Stuff the Spire","The Cursed","The Immortal","TheSwordswoman","yUi"],"gold_per_floor":[116,126,126,126,126,160,160,171,198,198,210,137,137,154,154,256,256,287,306,74,74,108,108,171,171,195,27,56,83,83,33,33,136,136,153,188,188,188,200,200,200,50,131,143,143,143],"floor_reached":45,"language":"ENG","playtime":4247,"items_purged":["Looming Evil","Parasite","Parasite"],"score":681,"play_id":"ca5db37d-a655-422f-ab27-d5e2158cb6ab","local_time":"20210121195022","is_ascension_mode":false,"campfire_choices":[{"floor":7,"key":"REST"},{"data":"hermit:Vantage","floor":13,"key":"SMITH"},{"data":"hermit:Ricochet","floor":15,"key":"SMITH"},{"floor":23,"key":"REST"},{"floor":30,"key":"REST"},{"floor":32,"key":"REST"},{"data":"hermit:DeadOrAlive","floor":40,"key":"SMITH"}],"circlet_count":0,"master_deck":["hermit:Strike_Hermit","hermit:Strike_Hermit","hermit:Strike_Hermit","hermit:Strike_Hermit","hermit:Defend_Hermit","hermit:Defend_Hermit","hermit:Defend_Hermit","hermit:Defend_Hermit","hermit:Snapshot","hermit:Quickdraw","hermit:Vantage+1","hermit:CursedWeapon+1","hermit:Determination","hermit:HighCaliber","hermit:Headshot+1","hermit:Snipe","hermit:Ricochet+1","hermit:FinalCanter","hermit:DeadOrAlive+1","hermit:HoleUp","hermit:ItchyTrigger+1","hermit:Deadeye","hermit:DeadOrAlive","hermit:ItchyTrigger+1","hermit:Gestalt+1","hermit:Deadeye","hermit:EyeOfTheStorm","hermit:Headshot","hermit:Glare","hermit:BigShot+1","hermit:GhostlyPresence","hermit:Ricochet","hermit:Dissolve+1","hermit:Enervate+1","hermit:BigShot+1","hermit:BodyArmor+1","hermit:Enervate+1","hermit:Enervate+1","hermit:Strike_Hermit","hermit:Strike_Hermit","hermit:Strike_Hermit","hermit:Strike_Hermit","hermit:Strike_Hermit","hermit:Strike_Hermit","hermit:Strike_Hermit","hermit:Strike_Hermit","hermit:Defend_Hermit","hermit:Defend_Hermit","hermit:Defend_Hermit","hermit:Defend_Hermit","hermit:Defend_Hermit","hermit:Defend_Hermit","hermit:Defend_Hermit","hermit:Defend_Hermit","hermit:Snapshot","hermit:Snapshot","hermit:Quickdraw","hermit:Quickdraw","hermit:Vantage+1","hermit:Vantage+1","hermit:CursedWeapon+1","hermit:CursedWeapon+1","hermit:Determination","hermit:Determination","hermit:HighCaliber","hermit:HighCaliber","hermit:Headshot+1","hermit:Headshot+1","hermit:Snipe","hermit:Snipe","hermit:Ricochet+1","hermit:Ricochet+1","hermit:FinalCanter","hermit:FinalCanter","hermit:DeadOrAlive+1","hermit:DeadOrAlive+1","hermit:HoleUp","hermit:HoleUp","hermit:ItchyTrigger+1","hermit:ItchyTrigger+1","hermit:Deadeye","hermit:Deadeye","hermit:DeadOrAlive","hermit:DeadOrAlive","hermit:ItchyTrigger+1","hermit:ItchyTrigger+1","hermit:Gestalt+1","hermit:Gestalt+1","hermit:Deadeye","hermit:Deadeye","hermit:EyeOfTheStorm","hermit:EyeOfTheStorm","hermit:Headshot","hermit:Headshot","hermit:Glare","hermit:Glare","hermit:BigShot+1","hermit:BigShot+1","hermit:GhostlyPresence","hermit:GhostlyPresence","hermit:Ricochet","hermit:Ricochet","hermit:Dissolve+1","hermit:Dissolve+1","hermit:Enervate+1","hermit:Enervate+1","hermit:BigShot+1","hermit:BigShot+1","Parasite","hermit:BodyArmor+1","hermit:BodyArmor+1","hermit:Enervate+1","hermit:Enervate+1","hermit:Enervate+1","hermit:Enervate+1","hermit:CalledShot+1"],"relics":["hermit:Momento","halation:EternalFortune","hermit:Spyglass","ReplayTheSpireMod:Shallot","jedi:cryingmask","energizedSpire:OgreHead","Nloth\u0027s Gift","strawberrySpire:Treaders","aspiration:ChemicalBlood","Toy Ornithopter","ReplayTheSpireMod:CursedCoin","aspiration:EmptySkull","jedi:paperlyon","hubris:Icosahedron","Mirror"],"acts_visited":["Exordium","TheCity","TheBeyond"],"potions_floor_usage":[6,16,19,28,28,33,33,33,36,39,44,44,45,45],"damage_taken":[{"damage":2,"enemies":"Jaw Worm","floor":1,"turns":3},{"damage":0,"enemies":"2 Louse","floor":2,"turns":2},{"damage":29,"enemies":"Lagavulin","floor":6,"turns":6},{"damage":0,"enemies":"conspire:RoseBush","floor":8,"turns":2},{"damage":7,"enemies":"Large Slime","floor":11,"turns":6},{"damage":0,"enemies":"Looter","floor":14,"turns":2},{"damage":44,"enemies":"The Guardian","floor":16,"turns":9},{"damage":13,"enemies":"3 Byrds","floor":18,"turns":6},{"damage":2,"enemies":"Shell Parasite","floor":19,"turns":3},{"damage":26,"enemies":"Centurion and Healer","floor":22,"turns":5},{"damage":42,"enemies":"Book of Stabbing","floor":24,"turns":5},{"damage":12,"enemies":"Snake Plant","floor":28,"turns":2},{"damage":45,"enemies":"Collector","floor":33,"turns":8},{"damage":8,"enemies":"3 Darklings","floor":35,"turns":5},{"damage":25,"enemies":"3 Shapes","floor":36,"turns":3},{"damage":9,"enemies":"Writhing Mass","floor":39,"turns":4},{"damage":9,"enemies":"Spire Growth","floor":44,"turns":3},{"damage":63,"enemies":"Giant Head","floor":45,"turns":6}],"seed_played":"6269300151661880069","potions_obtained":[{"floor":2,"key":"CultistPotion"},{"floor":11,"key":"Block Potion"},{"floor":14,"key":"jedi:holywater"},{"floor":18,"key":"ColorlessPotion"},{"floor":19,"key":"DuplicationPotion"},{"floor":24,"key":"Explosive Potion"},{"floor":33,"key":"jedi:tentaclejuice"},{"floor":35,"key":"FearPotion"},{"floor":36,"key":"LifebloodPotion"},{"floor":44,"key":"Swift Potion"}],"is_trial":false,"path_per_floor":["M","M","?","?","T","E","R","M","T","?","M","$","R","M","R","B",null,"M","M","$","?","M","R","E","?","T","$","M","T","R","$","R","B",null,"M","M","?","?","M","R","?","$","T","M","E"],"character_chosen":"HERMIT","items_purchased":["hermit:Snipe","hermit:Ricochet","hermit:Deadeye","Orrery","Toy Ornithopter","ReplayTheSpireMod:CursedCoin","hermit:BigShot+1","hermit:Ricochet"],"campfire_rested":4,"item_purchase_floors":[12,12,20,20,27,27,27,31],"current_hp_per_floor":[73,73,76,69,69,40,63,63,63,68,61,61,61,61,61,17,83,73,71,71,71,45,70,28,28,28,28,26,26,51,51,76,46,86,78,58,58,58,54,54,26,26,26,27,0,0],"gold":143,"neow_bonus":"RANDOM_EVENT","is_daily":false,"chose_seed":false,"campfire_upgraded":3,"win_rate":0.0,"timestamp":1611294622,"path_taken":["M","M","?","?","?","E","R","M","T","?","M","?","R","?","R","BOSS","M","M","$","?","?","R","E","?","T","$","M","?","R","?","R","BOSS","M","M","?","?","?","R","?","?","T","M","E"],"items_purchased_type":["Card","Card","Card","Relic","Relic","Relic","Card","Card"],"build_version":"2020-12-22","purchased_purges":3,"victory":false,"max_hp_per_floor":[75,75,78,78,78,78,78,78,78,83,83,83,83,83,83,83,83,86,86,86,86,86,86,86,86,86,86,86,86,86,86,86,86,86,86,86,86,86,86,86,86,80,80,80,80,80],"card_choices":[{"not_picked":["hermit:EyeOfTheStorm","hermit:Feint"],"picked":"hermit:Vantage","floor":1},{"not_picked":["hermit:Feint","hermit:Quickdraw"],"picked":"hermit:CursedWeapon","floor":2},{"not_picked":["hermit:Horror","hermit:BodyArmor"],"picked":"hermit:Determination","floor":6},{"not_picked":["hermit:Desperado","hermit:HoleUp"],"picked":"hermit:HighCaliber","floor":8},{"not_picked":["hermit:Combo","hermit:Snipe"],"picked":"hermit:Headshot","floor":11},{"not_picked":["hermit:Manifest","hermit:WideOpen"],"picked":"hermit:FinalCanter","floor":14},{"not_picked":["hermit:FinalCanter","hermit:Purgatory"],"picked":"hermit:DeadOrAlive","floor":16},{"not_picked":["hermit:HighCaliber","hermit:Coalescence"],"picked":"hermit:HoleUp","floor":18},{"not_picked":["hermit:Feint","hermit:Showdown"],"picked":"hermit:ItchyTrigger+1","floor":19},{"not_picked":["hermit:LowProfile","hermit:Desperado"],"picked":"hermit:DeadOrAlive","floor":20},{"not_picked":["hermit:Maintenance","hermit:Headshot+1"],"picked":"hermit:ItchyTrigger+1","floor":20},{"not_picked":["hermit:Spite","hermit:ItchyTrigger"],"picked":"hermit:Gestalt+1","floor":20},{"not_picked":["hermit:Gestalt","hermit:Determination"],"picked":"hermit:Deadeye","floor":20},{"not_picked":["hermit:ItchyTrigger+1","hermit:Misfire+1"],"picked":"hermit:EyeOfTheStorm","floor":20},{"not_picked":["hermit:Desperado","hermit:HighCaliber+1"],"picked":"hermit:Headshot","floor":22},{"not_picked":["hermit:Reprieve","hermit:TakeCover"],"picked":"hermit:Glare","floor":24},{"not_picked":["hermit:Manifest+1","hermit:HoleUp"],"picked":"hermit:GhostlyPresence","floor":28},{"not_picked":["hermit:Reprieve","hermit:DeadOrAlive"],"picked":"hermit:Dissolve","floor":33},{"not_picked":["hermit:CalledShot","hermit:Misfire+1"],"picked":"hermit:Enervate+1","floor":35},{"not_picked":["hermit:Ricochet","hermit:LoneWolf+1"],"picked":"hermit:BigShot+1","floor":36},{"not_picked":["hermit:Misfire+1","hermit:CursedWeapon"],"picked":"hermit:BodyArmor+1","floor":39},{"not_picked":["hermit:Glare","hermit:LowProfile"],"picked":"hermit:CalledShot+1","floor":44}],"player_experience":520777,"relics_obtained":[{"floor":5,"key":"hermit:Spyglass"},{"floor":6,"key":"ReplayTheSpireMod:Shallot"},{"floor":9,"key":"jedi:cryingmask"},{"floor":18,"key":"halation:EternalFortune"},{"floor":24,"key":"strawberrySpire:Treaders"},{"floor":26,"key":"aspiration:ChemicalBlood"},{"floor":29,"key":"aspiration:EmptySkull"},{"floor":43,"key":"Mirror"}],"event_choices":[{"damage_healed":0,"gold_gain":0,"player_choice":"Donut","damage_taken":0,"max_hp_gain":5,"max_hp_loss":0,"event_name":"Big Fish","floor":10,"gold_loss":0},{"damage_healed":0,"gold_gain":0,"player_choice":"Traded Relic","damage_taken":0,"relics_obtained":["Nloth\u0027s Gift"],"max_hp_gain":0,"max_hp_loss":0,"event_name":"N\u0027loth","floor":21,"relics_lost":["Orrery"],"gold_loss":0},{"damage_healed":0,"gold_gain":0,"player_choice":"Upgraded","damage_taken":0,"max_hp_gain":0,"max_hp_loss":0,"event_name":"Upgrade Shrine","floor":25,"gold_loss":0,"cards_upgraded":["hermit:Headshot"]}],"is_beta":false,"boss_relics":[{"not_picked":["hubris:GrandSneckoEye","Kintsugi"],"picked":"energizedSpire:OgreHead"},{"not_picked":["jedi:battlestandard","conspire:SeveredTorchhead"],"picked":"jedi:paperlyon"}],"items_purged_floors":[27,42,42],"is_endless":false,"potions_floor_spawned":[2,11,14,18,19,24,33,35,44],"killed_by":"Giant Head","ascension_level":0}}