{"host":"hcgx0xuxlgmwc1io","time":1611357995,"event":{"mods":["BaseMod","Downfall","Minty Spire (QoL Compilation)","StSLib","The Cursed"],"gold_per_floor":[99,112,131,131,144,170,251,151,167,184,194,194,229,247,267,371,371,371,381,393,406,73,83,83,83,101,101,11,11,21,53,73,173,173,73,250,250,260,260,280,280,310,310,59,59,78,106,125,143,143,143,143],"floor_reached":50,"language":"ENG","playtime":4639,"items_purged":["Parasite","downfall:Malfunctioning"],"score":640,"play_id":"226f4d07-c308-4f15-9f39-eb233af22a3f","local_time":"20210122202635","is_ascension_mode":false,"campfire_choices":[{"floor":1,"key":"RECALL"},{"floor":8,"key":"REST"},{"floor":12,"key":"REST"},{"floor":18,"key":"REST"},{"data":"Apotheosis","floor":25,"key":"SMITH"},{"floor":29,"key":"REST"},{"floor":35,"key":"REST"},{"floor":43,"key":"REST"}],"circlet_count":0,"master_deck":["champ:Strike","champ:Strike","champ:Strike","champ:Defend","champ:Defend","champ:Defend","champ:Defend","champ:Execute","champ:Taunt","champ:IronFortress","champ:Endure","champ:AdrenalArmor","champ:CheapShot","champ:FaceSlap","champ:StanceDance","champ:PreciseThrust","champ:Improvising","champ:IronFortress","champ:EnragedBash","champ:DefensiveShout","champ:FancyFootwork","champ:VampiricStrike","champ:Lariat","champ:BerserkersShout+1","champ:PreciseThrust+1","champ:StrikeOfGenius","champ:GutPunch+1","Apotheosis+1","champ:FancyFootwork","champ:IgnorePain","champ:CalledShot+1","champ:GutPunch","champ:ShieldSlam+1","champ:Duel","champ:Improvising","champ:DancingMaster","champ:ShieldWall+1","champ:StanceDance+1","expansioncontent:GuardianWhirl","expansioncontent:PrepareCrush","expansioncontent:Chronoboost","champ:TripleStrike","Normality","Parasite","champ:FlashCut+1","champ:SetATrap+1"],"relics":["champ:ChampionCrown","Dream Catcher","Bottled Lightning","downfall:HeartBlessingRed","Boot","Cursed Key","Centennial Puzzle","Happy Flower","Fusion Hammer","downfall:HeartBlessingGreen","Sling","Bottled Tornado","Pocketwatch","Lee\u0027s Waffle","Frozen Egg 2","Strawberry"],"acts_visited":["Exordium","TheCity","TheBeyond"],"potions_floor_usage":[6,13,16,19,20,40,46,49,50,50],"damage_taken":[{"damage":21,"enemies":"Small Slimes","floor":2,"turns":4},{"damage":24,"enemies":"Cultist","floor":3,"turns":4},{"damage":0,"enemies":"2 Louse","floor":5,"turns":4},{"damage":66,"enemies":"Lagavulin","floor":6,"turns":7},{"damage":53,"enemies":"Exordium Thugs","floor":9,"turns":6},{"damage":24,"enemies":"Exordium Wildlife","floor":10,"turns":6},{"damage":13,"enemies":"Gremlin Gang","floor":11,"turns":4},{"damage":38,"enemies":"3 Sentries","floor":13,"turns":4},{"damage":16,"enemies":"2 Fungi Beasts","floor":14,"turns":4},{"damage":38,"enemies":"Exordium Wildlife","floor":15,"turns":5},{"damage":101,"enemies":"DF_ARCHETYPE_STREAMLINE","floor":16,"turns":9},{"damage":31,"enemies":"3 Byrds","floor":19,"turns":6},{"damage":16,"enemies":"Chosen","floor":20,"turns":3},{"damage":36,"enemies":"Shelled Parasite and Fungi","floor":21,"turns":5},{"damage":30,"enemies":"downfall:FleeingMerchant","floor":22,"turns":5},{"damage":65,"enemies":"3 Cultists","floor":23,"turns":6},{"damage":50,"enemies":"Cultist and Chosen","floor":26,"turns":4},{"damage":60,"enemies":"downfall:FleeingMerchant","floor":28,"turns":4},{"damage":40,"enemies":"Chosen and Byrds","floor":30,"turns":6},{"damage":36,"enemies":"Book of Stabbing","floor":31,"turns":5},{"damage":6,"enemies":"Snake Plant","floor":32,"turns":3},{"damage":54,"enemies":"WA_ARCHETYPE_CALM","floor":33,"turns":7},{"damage":35,"enemies":"downfall:FleeingMerchant","floor":36,"turns":4},{"damage":63,"enemies":"3 Shapes","floor":38,"turns":4},{"damage":52,"enemies":"3 Darklings","floor":40,"turns":4},{"damage":58,"enemies":"Giant Head","floor":42,"turns":7},{"damage":68,"enemies":"Maw","floor":46,"turns":7},{"damage":55,"enemies":"Nemesis","floor":47,"turns":5},{"damage":45,"enemies":"Writhing Mass","floor":48,"turns":4},{"damage":15,"enemies":"3 Darklings","floor":49,"turns":5},{"damage":163,"enemies":"IC_BLOCK_ARCHETYPE","floor":50,"turns":4}],"seed_played":"5117640091921611697","potions_obtained":[{"floor":2,"key":"FearPotion"},{"floor":6,"key":"Block Potion"},{"floor":10,"key":"hexamod:SoulburnPotion"},{"floor":13,"key":"champ:OpenerPotion"},{"floor":16,"key":"Slimebound:ThreeZeroPotion"},{"floor":20,"key":"Fruit Juice"},{"floor":21,"key":"SpeedPotion"},{"floor":23,"key":"LiquidMemories"},{"floor":26,"key":"Dexterity Potion"},{"floor":42,"key":"hexamod:SoulburnPotion"},{"floor":48,"key":"hexamod:SoulburnPotion"},{"floor":49,"key":"Fruit Juice"}],"is_trial":false,"path_per_floor":["R","M","M","?","M","E","T","R","M","M","M","R","E","M","M","B",null,"R","M","M","M","$","M","T","R","M","?","$","R","M","E","M","B",null,"R","$","?","M","?","M","T","E","R","$","?","M","E","M","M","B"],"character_chosen":"THE_CHAMP","items_purchased":["Apotheosis","Centennial Puzzle","Sling","Lee\u0027s Waffle"],"campfire_rested":6,"item_purchase_floors":[22,22,36,44],"current_hp_per_floor":[99,88,84,84,84,48,48,77,69,65,62,91,73,72,69,33,99,99,88,82,71,66,56,56,56,56,56,41,71,71,55,54,45,101,101,101,96,78,68,66,66,38,68,108,108,100,67,52,57,0,0,0],"gold":143,"neow_bonus":"TEN_PERCENT_HP_BONUS","is_daily":false,"chose_seed":false,"campfire_upgraded":1,"win_rate":0.0,"timestamp":1611357995,"path_taken":["R","M","M","?","M","E","T","R","M","M","?","R","E","M","M","BOSS","R","M","M","M","$","M","T","R","M","?","?","R","M","E","M","BOSS","R","$","?","?","?","M","T","E","R","$","?","M","E","M","M","BOSS"],"items_purchased_type":["Card","Relic","Relic","Relic"],"build_version":"2020-12-22","purchased_purges":2,"victory":false,"max_hp_per_floor":[99,99,99,99,99,99,99,99,99,99,99,99,99,99,99,99,99,99,99,104,104,104,104,104,104,104,104,101,101,101,101,101,101,101,101,101,101,101,101,101,101,101,101,108,108,108,115,115,120,120,120,120],"card_choices":[{"not_picked":["champ:TornadoPunch","champ:CrownThrow"],"picked":"champ:IronFortress","floor":2},{"not_picked":["champ:CrownThrow","champ:FlashCut"],"picked":"champ:Endure","floor":3},{"not_picked":["champ:BerserkersShout","champ:DeathBlow"],"picked":"champ:AdrenalArmor","floor":5},{"not_picked":["champ:SwordThrow","champ:Haymaker"],"picked":"champ:CheapShot","floor":6},{"not_picked":["champ:BerserkersShout","champ:AdrenalArmor"],"picked":"champ:FaceSlap","floor":8},{"not_picked":["champ:DefensiveShout","champ:EnGarde"],"picked":"champ:StanceDance","floor":9},{"not_picked":["champ:GutPunch","champ:StanceDance"],"picked":"champ:PreciseThrust","floor":10},{"not_picked":["champ:Lariat","champ:DefensiveShout"],"picked":"champ:Improvising","floor":11},{"not_picked":["champ:Endure","champ:ShieldWall"],"picked":"champ:IronFortress","floor":12},{"not_picked":["champ:RecklessLeap","champ:PerfectedStrike"],"picked":"champ:EnragedBash","floor":13},{"not_picked":["champ:FocusedDefense","champ:EndlessRage"],"picked":"champ:DefensiveShout","floor":14},{"not_picked":["champ:BladeFlurry","champ:FlashCut"],"picked":"champ:FancyFootwork","floor":15},{"not_picked":["champ:MurderStrike","champ:SwordThrow"],"picked":"champ:VampiricStrike","floor":16},{"not_picked":["champ:StanceDance+1","champ:Circumvent"],"picked":"champ:Lariat","floor":18},{"not_picked":["champ:IronFortress","champ:FocusedBerserking"],"picked":"champ:BerserkersShout+1","floor":19},{"not_picked":["champ:DefensiveShout+1","champ:Backstep"],"picked":"champ:PreciseThrust+1","floor":20},{"not_picked":["champ:HeartStrike+1","champ:Encircle"],"picked":"champ:StrikeOfGenius","floor":21},{"not_picked":["champ:Lariat","champ:PreciseThrust"],"picked":"champ:GutPunch+1","floor":22},{"not_picked":["champ:Shatter","champ:GutPunch"],"picked":"champ:FancyFootwork","floor":23},{"not_picked":["champ:Backstep","champ:Circumvent"],"picked":"champ:GladiatorStyle","floor":26},{"not_picked":["champ:FlashCut","champ:Haymaker+1"],"picked":"champ:CalledShot+1","floor":28},{"not_picked":["champ:Backstep","champ:FancyFootwork"],"picked":"champ:GutPunch","floor":29},{"not_picked":["champ:DefensiveShout","champ:Backstep"],"picked":"champ:ShieldSlam+1","floor":30},{"not_picked":["champ:BringItOn","champ:HeartStrike"],"picked":"champ:Duel","floor":31},{"not_picked":["champ:Haymaker","champ:BladeFlurry"],"picked":"champ:Improvising","floor":32},{"not_picked":["champ:SwordThrow","champ:TripleStrike"],"picked":"champ:DancingMaster","floor":33},{"not_picked":["champ:EnragedBash","champ:PerfectedStrike+1"],"picked":"champ:ShieldWall+1","floor":35},{"not_picked":["champ:BladeFlurry","champ:Haymaker","champ:DefensiveShout"],"picked":"SKIP","floor":36},{"not_picked":["champ:PerfectedStrike","champ:BladeFlurry"],"picked":"champ:StanceDance+1","floor":38},{"not_picked":["expansioncontent:HyperBeam","expansioncontent:PolyBeam"],"picked":"expansioncontent:GuardianWhirl","floor":39},{"not_picked":["expansioncontent:AwakenDeath","expansioncontent:GuardianWhirl"],"picked":"expansioncontent:PrepareCrush","floor":39},{"not_picked":["expansioncontent:AwakenDeath","expansioncontent:GuardianWhirl"],"picked":"expansioncontent:Chronoboost","floor":39},{"not_picked":["champ:Endure+1","champ:CrownThrow","champ:StanceDance"],"picked":"SKIP","floor":40},{"not_picked":["champ:FaceSlap","champ:Encircle"],"picked":"champ:TripleStrike","floor":42},{"not_picked":["champ:PreemptiveStrike+1","champ:TornadoPunch","champ:StanceDance"],"picked":"SKIP","floor":46},{"not_picked":["champ:DancingMaster+1","champ:DefensiveShout","champ:TornadoPunch"],"picked":"SKIP","floor":47},{"not_picked":["champ:CrownThrow+1","champ:FanOfKnives+1"],"picked":"champ:FlashCut+1","floor":48},{"not_picked":["champ:CrownThrow","champ:BringItOn+1"],"picked":"champ:SetATrap+1","floor":49}],"player_experience":8471,"relics_obtained":[{"floor":6,"key":"Dream Catcher"},{"floor":7,"key":"Bottled Lightning"},{"floor":13,"key":"Boot"},{"floor":31,"key":"Happy Flower"},{"floor":41,"key":"Bottled Tornado"},{"floor":42,"key":"Pocketwatch"},{"floor":45,"key":"Frozen Egg 2"},{"floor":47,"key":"Strawberry"}],"event_choices":[],"is_beta":false,"boss_relics":[{"not_picked":["Runic Pyramid","Sozu"],"picked":"Cursed Key"},{"not_picked":["Runic Dome","Tiny House"],"picked":"Fusion Hammer"}],"items_purged_floors":[28,44],"is_endless":false,"potions_floor_spawned":[2,6,10,13,16,20,21,23,26,31,33,42,48,49],"killed_by":"IC_BLOCK_ARCHETYPE","ascension_level":0}}