{"host":"r10yh36zs2k9z1sa","time":1611319806,"event":{"mods":["AchievementEnabler","Act Like it!","Aspiration","Astrologer","BaseMod","Colored Map","Conspire","Decade(¤ý¤p©ú)","Gensokyo","Hermit","Highlight Path","KinomotoSakuraMod(¤ì¤§¥»?)","Koishi","KomeijiMod","Marisa¡]Ãú«B¡@Å]²z¨F¡^","Minty Spire (QoL Compilation)","Permanent Neow","Quick Restart","Reimu¡]³Õ???¡^","Remilia¡]Á¢¦Ì²ú?¡^","StSLib","SuperFastMode","The Administrix","The Animator","The Bug Knight","The Cursed","The Gatherer","The Marked","The Mystic","The Saiyan","The Senshi","The Servant 0.9.4","Youmu¡]»î¾z§¯?¡^","Yuri Mod","Yuyuko"],"gold_per_floor":[112,123,140,196,206,206,234,234,287,287,362,381,381,381,381,381,381],"floor_reached":16,"language":"ZHS","playtime":780,"items_purged":[],"score":144,"play_id":"b6631d53-0a6d-4b9e-9f2d-676995912943","local_time":"20210122205006","is_ascension_mode":true,"campfire_choices":[{"data":"Read","floor":6.0,"key":"SMITH"},{"floor":10,"key":"REST"},{"data":"KidneyShot","floor":13,"key":"SMITH"},{"floor":15,"key":"REST"}],"circlet_count":0,"master_deck":["AscendersBane","Strike_S","Strike_S","Strike_S","Strike_S","Defend_S","Defend_S","Defend_S","Defend_S","KidneyShot+1","Exchange","Desolation+1","FastForward+1","Read+1","FastForward","Sabotage"],"relics":["Uniform","aspiration:DSix","Odd Mushroom","Orichalcum"],"acts_visited":["Exordium"],"potions_floor_usage":[16,16],"damage_taken":[{"damage":7.0,"enemies":"Small Slimes","floor":1.0,"turns":4.0},{"damage":2.0,"enemies":"Jaw Worm","floor":2.0,"turns":5.0},{"damage":4.0,"enemies":"2 Louse","floor":3.0,"turns":3.0},{"damage":4.0,"enemies":"Blue Slaver","floor":5.0,"turns":5.0},{"damage":28,"enemies":"The Mushroom Lair","floor":7,"turns":8},{"damage":1,"enemies":"Large Slime","floor":12,"turns":11},{"damage":23,"enemies":"Slime Boss","floor":16,"turns":18}],"seed_played":"8577761449283692892","potions_obtained":[{"floor":1.0,"key":"EssenceOfSteel"},{"floor":3.0,"key":"Fire Potion"}],"is_trial":false,"path_per_floor":["M","M","M","?","M","R","?","T","T","R","?","M","R","?","R","B"],"character_chosen":"THE_SERVANT","items_purchased":[],"campfire_rested":2,"item_purchase_floors":[],"current_hp_per_floor":[52,50,46,46,42,42,14,14,14,33,22,21,21,8,27,4,4],"gold":381,"neow_bonus":"DSIX","is_daily":false,"chose_seed":false,"campfire_upgraded":2,"win_rate":0.0,"timestamp":1611319806,"path_taken":["M","M","M","?","M","R","?","?","T","R","?","?","R","?","R","BOSS"],"items_purchased_type":[],"build_version":"2020-12-22","purchased_purges":0,"victory":false,"max_hp_per_floor":[65,65,65,65,65,65,65,65,65,65,65,65,65,65,65,65,65],"card_choices":[{"not_picked":["Collapse","Unruled"],"picked":"Desolation","floor":1.0},{"not_picked":["Spin","Sabotage"],"picked":"FastForward","floor":2.0},{"not_picked":["Replace","Potential","Spin"],"picked":"SKIP","floor":3.0},{"not_picked":["SilverBlades","Shuttle"],"picked":"Read","floor":5.0},{"not_picked":["DancingSilver","Alleviate"],"picked":"FastForward","floor":7},{"not_picked":["FastForward","Starlight"],"picked":"Sabotage","floor":12}],"player_experience":293011,"relics_obtained":[{"floor":7,"key":"Odd Mushroom"},{"floor":9,"key":"Orichalcum"}],"event_choices":[{"damage_healed":0.0,"max_hp_gain":0.0,"max_hp_loss":0.0,"gold_gain":56.0,"event_name":"Golden Wing","player_choice":"Gained Gold","floor":4.0,"gold_loss":0.0,"damage_taken":0.0},{"damage_healed":0,"gold_gain":0,"player_choice":"Fought Mushrooms","damage_taken":0,"max_hp_gain":0,"max_hp_loss":0,"event_name":"Mushrooms","floor":7,"gold_loss":0},{"damage_healed":0,"gold_gain":75,"player_choice":"Gather Gold","damage_taken":11,"max_hp_gain":0,"max_hp_loss":0,"event_name":"World of Goop","floor":11,"gold_loss":0},{"damage_healed":0,"gold_gain":0,"player_choice":"Entered Light","damage_taken":13,"max_hp_gain":0,"max_hp_loss":0,"event_name":"Shining Light","floor":14,"gold_loss":0,"cards_upgraded":["Desolation","FastForward"]}],"is_beta":false,"boss_relics":[],"items_purged_floors":[],"is_endless":false,"potions_floor_spawned":[1,3,5],"killed_by":"Slime Boss","ascension_level":12}}