{"host":"rwzz6mk6bpmb57ql","time":1611290922,"event":{"mods":["AchievementEnabler","BaseMod","Better Third Choice","BetterRewards","Colored Map","Highlight Path","Hubris","Infinite Spire","Minty Spire (QoL Compilation)","Replay The Spire","StSLib","Wandering Minibosses"],"gold_per_floor":[5819,5217,5233,5246,5256,5282,5357,5387,5387,5406,5439,5439,4620,4658,4658,4773,4773,4792,4805,4829,4854,4436,4436,4462,4462,4462,4476,4555,4577,4597,4597,3699,3720,3720,3821,3821,3821,3835,3835,3854,3873,3873,3223,3223,3223,3255,2574,2596,2606,2637,2637,2643,2643,2643,2275,2308,2368],"floor_reached":58,"language":"ENG","playtime":3345,"items_purged":["Strike_B","Defend_B","Defend_B","Strike_B","Defend_B","Defend_B","Strike_B"],"score":1479,"play_id":"3c6523b9-c8a3-4393-a6b1-d6821530a465","local_time":"20210121224842","is_ascension_mode":true,"campfire_choices":[{"floor":15,"key":"RECALL"},{"data":"Amplify","floor":23,"key":"SMITH"},{"data":"Storm","floor":31,"key":"SMITH"},{"data":"Pot Of Greed","floor":34,"key":"SMITH"},{"data":"BasicCrystalCard","floor":42,"key":"SMITH"},{"data":"Echo Form","floor":44,"key":"SMITH"},{"data":"Echo Form","floor":51,"key":"SMITH"},{"data":"ReplayRNGCard","floor":54,"key":"SMITH"}],"circlet_count":0,"master_deck":["Zap","Dualcast","Leap","ReplayRNGCard","Pot Of Greed","Pot Of Greed+1","White Noise","Storm+1","BasicCrystalCard+1","Leap","Lockon","ReplaySolidLightProjector","Loop","White Noise","ReplayRNGCard+1","Amplify+1","Echo Form+1","Machine Learning","Pot Of Greed","Echo Form","Echo Form+1","Defragment+1","BasicCrystalCard+1","Chaos+1"],"relics":["Cracked Core","Old Coin","Grinning Jar","Gremlin Food","wanderingMiniBosses:ThiefScarf","Replay:Mystery Machine","infinitespire:Midas Blood","Vajra","infinitespire:ShieldingShard","hubris:PeanutButter","DollysMirror","Bird Faced Urn","Busted Crown","Omamori","MealTicket","Bottled Tornado","hubris:SlimyHat","Sundial","OrangePellets","Cursed Key","Pondfish Scales","Toxic Egg 2","Ginger","Happy Flower","ClockworkSouvenir","Blue Candle"],"acts_visited":["Exordium","TheCity","TheBeyond","TheEnding"],"potions_floor_usage":[6,10,10,10,11,16,16,24,24,24,33,35,37,40,50,52,57,57],"damage_taken":[{"damage":7,"enemies":"Small Slimes","floor":1,"turns":4},{"damage":0,"enemies":"Cultist","floor":3,"turns":3},{"damage":2,"enemies":"Jaw Worm","floor":4,"turns":5},{"damage":9,"enemies":"Gremlin Gang","floor":5,"turns":2},{"damage":31,"enemies":"Gremlin Nob","floor":6,"turns":4},{"damage":27,"enemies":"3 Sentries","floor":8,"turns":8},{"damage":0,"enemies":"Large Slime","floor":10,"turns":5},{"damage":34,"enemies":"Gremlin Nob","floor":11,"turns":4},{"damage":27,"enemies":"3 Sentries","floor":14,"turns":9},{"damage":33,"enemies":"Hexaghost","floor":16,"turns":6},{"damage":10,"enemies":"2 Thieves","floor":18,"turns":3},{"damage":15,"enemies":"Chosen","floor":19,"turns":5},{"damage":30,"enemies":"Centurion and Healer","floor":20,"turns":5},{"damage":19,"enemies":"Snake Plant","floor":21,"turns":4},{"damage":69,"enemies":"3 Cultists","floor":24,"turns":8},{"damage":2,"enemies":"Chosen and Byrds","floor":27,"turns":4},{"damage":25,"enemies":"Snecko","floor":29,"turns":5},{"damage":21,"enemies":"Shelled Parasite and Fungi","floor":30,"turns":5},{"damage":10,"enemies":"Centurion and Healer","floor":33,"turns":6},{"damage":10,"enemies":"Automaton","floor":35,"turns":5},{"damage":0,"enemies":"3 Darklings","floor":37,"turns":1},{"damage":7,"enemies":"Orb Walker","floor":38,"turns":3},{"damage":15,"enemies":"Writhing Mass","floor":40,"turns":5},{"damage":0,"enemies":"Maw","floor":41,"turns":6},{"damage":0,"enemies":"Giant Head","floor":46,"turns":7},{"damage":17,"enemies":"4 Shapes","floor":48,"turns":3},{"damage":0,"enemies":"Transient","floor":49,"turns":5},{"damage":18,"enemies":"R_Hoarder","floor":50,"turns":5},{"damage":23,"enemies":"Time Eater","floor":52,"turns":6},{"damage":73,"enemies":"Shield and Spear","floor":56,"turns":4},{"damage":120,"enemies":"The Heart","floor":57,"turns":8}],"seed_played":"2608562897382110553","potions_obtained":[{"floor":4,"key":"BlessingOfTheForge"},{"floor":6,"key":"SteroidPotion"},{"floor":8,"key":"EntropicBrew"},{"floor":11,"key":"Energy Potion"},{"floor":14,"key":"Block Potion"},{"floor":19,"key":"Energy Potion"},{"floor":21,"key":"Regen Potion"},{"floor":24,"key":"SteroidPotion"},{"floor":27,"key":"LiquidMemories"},{"floor":29,"key":"Block Potion"},{"floor":35,"key":"SmokeBomb"},{"floor":38,"key":"Explosive Potion"},{"floor":40,"key":"Weak Potion"},{"floor":48,"key":"Explosive Potion"},{"floor":50,"key":"Cursed Concoction"}],"is_trial":false,"path_per_floor":["M","$","M","M","M","E","?","E","T","M","E","?","$","E","R","B",null,"M","M","M","M","$","R","M","PTL","PTL","M","T","M","M","R","$","M","R","B",null,"M","M","?","M","M","R","$","R","T","E","$","M","M","E","R","B",null,"R","$","E","B",null],"character_chosen":"DEFECT","items_purchased":["ReplayRNGCard","Grinning Jar","Gremlin Food","White Noise","infinitespire:ShieldingShard","hubris:PeanutButter","Loop","DollysMirror","Omamori","MealTicket","Echo Form","hubris:SlimyHat","Sundial","OrangePellets","PowerPotion","Echo Form","Pondfish Scales","Defragment+1","BasicCrystalCard+1","Ginger","EssenceOfSteel","ClockworkSouvenir"],"campfire_rested":0,"item_purchase_floors":[2,2,2,2,13,13,13,13,22,22,32,32,32,32,32,43,43,47,47,47,47,55],"current_hp_per_floor":[138,138,138,136,127,96,85,58,58,58,24,24,24,97,97,76,145,139,128,108,99,99,99,145,145,145,143,143,120,107,107,122,128,128,135,145,145,142,142,135,145,145,145,145,145,145,145,145,145,133,133,143,145,145,145,92,108],"gold":2368,"neow_bonus":"ONE_RARE_RELIC","is_daily":false,"chose_seed":false,"campfire_upgraded":7,"win_rate":0.0,"timestamp":1611290922,"path_taken":["M","$","M","M","M","E","?","E","T","M","E","?","$","E","R","BOSS","M","M","M","M","$","R","M","PTL","PTL","M","T","M","M","R","?","?","R","BOSS","M","M","?","M","M","R","$","R","T","E","$","?","M","E","R","BOSS","R","$","E","BOSS"],"items_purchased_type":["Card","Relic","Relic","Card","Relic","Relic","Card","Relic","Relic","Relic","Card","Relic","Relic","Relic","Potion","Card","Relic","Card","Card","Relic","Potion","Relic"],"build_version":"2020-12-22","purchased_purges":7,"victory":true,"max_hp_per_floor":[145,145,145,145,145,145,145,145,145,145,145,145,145,145,145,145,145,145,145,145,145,145,145,145,145,145,145,145,145,145,145,145,145,145,145,145,145,145,145,145,145,145,145,145,145,145,145,145,145,145,145,145,145,145,145,145,145],"card_choices":[{"not_picked":["Hello World","Beam Cell"],"picked":"Leap","floor":1},{"not_picked":["Hologram","Genetic Algorithm"],"picked":"Storm","floor":3},{"not_picked":["Turbo","Fusion","Double Energy"],"picked":"SKIP","floor":4},{"not_picked":["ReplayTheSpireMod:Repulse","Beam Cell"],"picked":"BasicCrystalCard","floor":5},{"not_picked":["Redo","Streamline"],"picked":"Leap","floor":6},{"not_picked":["Gash","Tempest","Reboot"],"picked":"SKIP","floor":8},{"not_picked":["Genetic Algorithm","Leap"],"picked":"Lockon","floor":10},{"not_picked":["Steam","Ball Lightning","Auto Shields"],"picked":"SKIP","floor":11},{"not_picked":["Steam","Barrage"],"picked":"ReplayRNGCard","floor":14},{"not_picked":["Core Surge","Electrodynamics"],"picked":"Amplify","floor":16},{"not_picked":["Steam+1"],"picked":"SKIP","floor":18},{"not_picked":["Rebound+1"],"picked":"SKIP","floor":19},{"not_picked":["Lockon"],"picked":"SKIP","floor":20},{"not_picked":["Gash"],"picked":"SKIP","floor":21},{"not_picked":["Go for the Eyes"],"picked":"SKIP","floor":24},{"not_picked":["Go for the Eyes"],"picked":"SKIP","floor":24},{"not_picked":["Barrage"],"picked":"SKIP","floor":27},{"not_picked":["Redo"],"picked":"SKIP","floor":29},{"not_picked":["Coolheaded"],"picked":"SKIP","floor":30},{"not_picked":["Time Bomb+1"],"picked":"SKIP","floor":33},{"not_picked":[],"picked":"Machine Learning","floor":35},{"not_picked":["Force Field+1"],"picked":"SKIP","floor":38},{"not_picked":["Leap+1"],"picked":"SKIP","floor":40},{"not_picked":["Rebound"],"picked":"SKIP","floor":41},{"not_picked":["hubris:DoWhile+1"],"picked":"SKIP","floor":46},{"not_picked":["Time Bomb+1"],"picked":"SKIP","floor":48},{"not_picked":["Conserve Battery+1"],"picked":"SKIP","floor":49},{"not_picked":[],"picked":"Chaos+1","floor":50},{"not_picked":["Steam+1"],"picked":"SKIP","floor":56}],"player_experience":206006,"relics_obtained":[{"floor":5,"key":"wanderingMiniBosses:ThiefScarf"},{"floor":6,"key":"Replay:Mystery Machine"},{"floor":8,"key":"infinitespire:Midas Blood"},{"floor":11,"key":"Vajra"},{"floor":14,"key":"Bird Faced Urn"},{"floor":28,"key":"Bottled Tornado"},{"floor":45,"key":"Toxic Egg 2"},{"floor":50,"key":"Happy Flower"},{"floor":56,"key":"Blue Candle"}],"event_choices":[{"damage_healed":0,"gold_gain":75,"player_choice":"Gold","damage_taken":11,"max_hp_gain":0,"max_hp_loss":0,"event_name":"betterThird:BetterGoop","floor":7,"gold_loss":0},{"damage_healed":0,"gold_gain":0,"cards_transformed":["Strike_B"],"player_choice":"Transformed","damage_taken":0,"max_hp_gain":0,"max_hp_loss":0,"event_name":"Transmorgrifier","floor":12,"gold_loss":0,"cards_obtained":["ReplaySolidLightProjector"]},{"damage_healed":0,"gold_gain":0,"player_choice":"Copied","damage_taken":0,"max_hp_gain":0,"max_hp_loss":0,"event_name":"Duplicator","floor":39,"gold_loss":0,"cards_obtained":["Echo Form"]}],"is_beta":false,"boss_relics":[{"not_picked":["Kintsugi","hubris:HollowSoul"],"picked":"Busted Crown"},{"not_picked":["Calling Bell","Black Star"],"picked":"Cursed Key"}],"items_purged_floors":[2,13,22,32,43,47,55],"is_endless":false,"potions_floor_spawned":[4,6,8,11,14,19,21,24,27,29,35,38,40,48,50],"ascension_level":1}}