{"host":"by9nexv7bw8pfn7u","time":1611329045,"event":{"mods":["BaseMod","Colored Powertips","Downfall","GifTheSpireLib","Minty Spire (QoL Compilation)","Random Character Button","StSLib","Unceasing Turn Reminder"],"gold_per_floor":[99,112,129,143,58,58,137,237,271,289,302,202,222,240,259,362,362,362,375,375,3,17,17,17,28,28,28,28,28],"floor_reached":27,"language":"ENG","playtime":3936,"items_purged":[],"score":256,"play_id":"28325231-368e-4105-bdbc-dfe728d9bcf1","local_time":"20210122162405","is_ascension_mode":true,"campfire_choices":[{"floor":1,"key":"RECALL"},{"data":"hexamod:SuperheatedStrike","floor":6,"key":"SMITH"},{"data":"hexamod:Float","floor":12,"key":"SMITH"},{"data":"hexamod:DynamicBlow","floor":18,"key":"SMITH"},{"data":"expansioncontent:StudyTheSpire","floor":26,"key":"SMITH"}],"circlet_count":0,"master_deck":["hexamod:Strike","hexamod:Strike","hexamod:Defend","hexamod:Defend","hexamod:Defend","hexamod:Sear","hexamod:Float+1","hexamod:SuperheatedStrike+1","hexamod:HeatMetal","hexamod:HauntingEcho","hexamod:Hexaguard","hexamod:EmpoweredFlame","hexamod:Firestarter","hexamod:DynamicBlow+1","hexamod:FastForward","hexamod:ThermalTransfer","hexamod:SkipABeat","hexamod:ForkedFlame","hexamod:BurningTouch+1","hexamod:GhostOfSpirePast+1","hexamod:UnleashSpirits+1","hexamod:FirstSeal","expansioncontent:StudyTheSpire+1"],"relics":["hexamod:SpiritBrand","PreservedInsect","HornCleat","White Beast Statue","Dead Branch","downfall:HeartBlessingRed","Astrolabe","Membership Card","Matryoshka","Happy Flower","Ornamental Fan"],"acts_visited":["Exordium","TheCity"],"potions_floor_usage":[8,9,9,15,16,23,27],"damage_taken":[{"damage":1,"enemies":"Jaw Worm","floor":2,"turns":4},{"damage":0,"enemies":"Cultist","floor":3,"turns":3},{"damage":0,"enemies":"Small Slimes","floor":4,"turns":3},{"damage":0,"enemies":"downfall:FleeingMerchant","floor":5,"turns":4},{"damage":21,"enemies":"downfall:LadyInBlue","floor":8,"turns":8},{"damage":0,"enemies":"Gremlin Nob","floor":9,"turns":3},{"damage":0,"enemies":"2 Fungi Beasts","floor":10,"turns":3},{"damage":0,"enemies":"3 Louse","floor":11,"turns":3},{"damage":0,"enemies":"Blue Slaver","floor":13,"turns":3},{"damage":8,"enemies":"Red Slaver","floor":14,"turns":3},{"damage":0,"enemies":"Large Slime","floor":15,"turns":3},{"damage":8,"enemies":"IC_STATUS_ARCHETYPE","floor":16,"turns":6},{"damage":3,"enemies":"3 Byrds","floor":19,"turns":4},{"damage":0,"enemies":"downfall:FleeingMerchant","floor":21,"turns":4},{"damage":5,"enemies":"Chosen","floor":22,"turns":3},{"damage":0,"enemies":"Shelled Parasite and Fungi","floor":23,"turns":1},{"damage":16,"enemies":"Snake Plant","floor":25,"turns":3},{"damage":72,"enemies":"Slavers","floor":27,"turns":4}],"seed_played":"-327047576183684685","potions_obtained":[{"floor":3,"key":"Explosive Potion"},{"floor":4,"key":"SmokeBomb"},{"floor":8,"key":"Energy Potion"},{"floor":8,"key":"Regen Potion"},{"floor":9,"key":"DuplicationPotion"},{"floor":10,"key":"SteroidPotion"},{"floor":11,"key":"ColorlessPotion"},{"floor":15,"key":"Strength Potion"},{"floor":16,"key":"Dexterity Potion"},{"floor":25,"key":"PowerPotion"}],"is_trial":false,"path_per_floor":["R","M","M","M","$","R","T","?","E","M","M","R","M","M","M","B",null,"R","M","T","$","M","M","T","M","R","E"],"character_chosen":"THE_SPIRIT","items_purchased":["hexamod:EmpoweredFlame","Membership Card","Matryoshka","expansioncontent:StudyTheSpire"],"campfire_rested":0,"item_purchase_floors":[5,21,21,21],"current_hp_per_floor":[70,69,69,69,69,69,69,48,57,57,57,57,57,49,49,41,70,70,67,67,67,69,69,69,60,60,0,0,0],"gold":28,"neow_bonus":"RANDOM_COMMON_RELIC","is_daily":false,"chose_seed":false,"campfire_upgraded":4,"win_rate":0.0,"timestamp":1611329045,"path_taken":["R","M","M","M","$","R","T","?","E","M","M","R","M","?","M","BOSS","R","M","?","$","M","M","T","M","R","E"],"items_purchased_type":["Card","Relic","Relic","Card"],"build_version":"2020-12-22","purchased_purges":0,"victory":false,"max_hp_per_floor":[70,70,70,70,70,70,70,70,70,70,70,70,70,70,70,70,70,70,70,70,70,70,70,70,70,70,70,70,70],"card_choices":[{"not_picked":["hexamod:GhostLash","hexamod:Incineration"],"picked":"hexamod:SuperheatedStrike","floor":2},{"not_picked":["hexamod:BacktrackSmack","hexamod:GhostOfSpirePast"],"picked":"hexamod:HeatMetal","floor":3},{"not_picked":["hexamod:Haunt","hexamod:SpectersWail"],"picked":"hexamod:HauntingEcho","floor":4},{"not_picked":["hexamod:GhostLash","hexamod:Again"],"picked":"hexamod:Hexaguard","floor":5},{"not_picked":["hexamod:HeatMetal","hexamod:ShieldOfDarkness"],"picked":"hexamod:Firestarter","floor":8},{"not_picked":["hexamod:NightmareGuise","hexamod:GhostflameInferno"],"picked":"hexamod:DynamicBlow","floor":9},{"not_picked":["hexamod:BacktrackSmack","hexamod:GhostLash"],"picked":"hexamod:FastForward","floor":10},{"not_picked":["hexamod:NightmareStrike","hexamod:DynamicBlow","hexamod:GhostOfSpirePast"],"picked":"SKIP","floor":11},{"not_picked":["hexamod:ShieldOfDarkness","hexamod:AdvancingGuard"],"picked":"hexamod:ThermalTransfer","floor":13},{"not_picked":["hexamod:Firestarter","hexamod:SpectersWail","hexamod:FlamesFromBeyond"],"picked":"SKIP","floor":14},{"not_picked":["hexamod:HexaLevel","hexamod:BacktrackSmack"],"picked":"hexamod:SkipABeat","floor":15},{"not_picked":["hexamod:UnleashSpirits","hexamod:HexaLevel"],"picked":"hexamod:ForkedFlame","floor":16},{"not_picked":["hexamod:NightmareGuise+1","hexamod:ShieldOfDarkness","hexamod:SpectralSpark+1"],"picked":"SKIP","floor":19},{"not_picked":["hexamod:SoulSteal","hexamod:SuperheatedStrike"],"picked":"hexamod:FirstSeal","floor":21},{"not_picked":["hexamod:StepThrough","hexamod:InspiringFlames","hexamod:BurningTouch"],"picked":"SKIP","floor":22},{"not_picked":["hexamod:HeatMetal","hexamod:BacktrackSmack","hexamod:GhostShield"],"picked":"SKIP","floor":25}],"player_experience":1038762,"relics_obtained":[{"floor":7,"key":"HornCleat"},{"floor":8,"key":"White Beast Statue"},{"floor":9,"key":"Dead Branch"},{"floor":24,"key":"Happy Flower"},{"floor":24,"key":"Ornamental Fan"}],"event_choices":[],"is_beta":false,"boss_relics":[{"not_picked":["Velvet Choker","Runic Pyramid"],"picked":"Astrolabe"}],"items_purged_floors":[],"is_endless":false,"potions_floor_spawned":[3,4,9,10,11,13,14,15,16,19,21,22,23,25],"killed_by":"Slavers","ascension_level":1}}