{"host":"oz0i1fpezyhy8r2h","time":1611325138,"event":{"mods":["ATMod(∞¢Ë™Mod)","Act Like it!","Arknights The Spire","BaseMod","CapriCore","GifTheSpireLib","Hallownest","KinomotoSakuraMod(ƒæ÷Æ±æ”£)","Koishi","Luminous","Minty Spire (QoL Compilation)","Reimu£®≤©¿ˆ¡È√Œ£©","Remilia£®¿Ÿ√◊¿Ú—«£©","StSLib","The Bug Knight","The Cursed","The Immortal","The Marked","Yakumo Yukari mod","°æ“≈ŒÔø®≈∆°øREMEMod"],"gold_per_floor":[20,30,42,42,58,85,98,98,98,129,82,82,117,129,129,232,232,245,245,344,394,118,145,145,157,233,266,279,46,72,85,85,193,220,239,253,60,84,84,84],"floor_reached":39,"language":"ZHS","playtime":2121,"items_purged":["Koishi:BasicStrike","Koishi:BasicDefend","Koishi:BasicStrike"],"score":509,"play_id":"2e099e94-343a-4db3-af70-8fd1854ef041","local_time":"20210122221858","is_ascension_mode":true,"campfire_choices":[{"floor":12.0,"key":"REST"},{"data":"Koishi:Catatonia","floor":15.0,"key":"SMITH"},{"data":"Koishi:TerrifyingSpectre","floor":24.0,"key":"SMITH"},{"data":"AT_LightSaberMaster","floor":32,"key":"SMITH"}],"circlet_count":0,"master_deck":["Koishi:BasicStrike","Koishi:BasicDefend","Koishi:Provoke","Koishi:HauntingSlash","Koishi:Catatonia+1","Koishi:RacingHeart","Koishi:SuperEgo","Koishi:ParalyzingFear","Koishi:YoukaiPolygraph","Koishi:GrowingPain","Koishi:HeartAttack","Koishi:TerrifyingSpectre+1","Koishi:DreadfulBlow","Koishi:ApparitionsStalkTheNight","Koishi:HeartStoppingHorror","Koishi:JumpScare","AT_LightSaberMaster+1","Koishi:MentalBreakdown","Koishi:HeartStoppingHorror+1","Koishi:BloodcurdlingScream+1","Koishi:Whimsy+1","Koishi:ReleaseOfTheId+1","Koishi:Whimsy","Koishi:ReflexRadar"],"relics":["Koishi:ImaginaryFriend","AT_ATBox","REME_ComplimentaryCards","AT_Manta","Shuriken","REME_HourglassOfDeath","Pear","Meat on the Bone","Blood Vial","Sozu","Bag of Preparation","AT_DeathDance","Bag of Marbles","CeramicFish","Astrolabe"],"acts_visited":["Exordium","TheCity","TheBeyond"],"potions_floor_usage":[],"damage_taken":[{"damage":3.0,"enemies":"Small Slimes","floor":1.0,"turns":3.0},{"damage":5.0,"enemies":"Jaw Worm","floor":2.0,"turns":5.0},{"damage":2.0,"enemies":"2 Louse","floor":3.0,"turns":4.0},{"damage":7.0,"enemies":"Looter","floor":5.0,"turns":4.0},{"damage":19.0,"enemies":"3 Sentries","floor":6.0,"turns":8.0},{"damage":0.0,"enemies":"3 Louse","floor":7.0,"turns":3.0},{"damage":26.0,"enemies":"Lagavulin","floor":10.0,"turns":7.0},{"damage":24.0,"enemies":"Gremlin Nob","floor":13.0,"turns":4.0},{"damage":6.0,"enemies":"Red Slaver","floor":14.0,"turns":3.0},{"damage":24.0,"enemies":"Hexaghost","floor":16.0,"turns":9.0},{"damage":16.0,"enemies":"Spheric Guardian","floor":18.0,"turns":4.0},{"damage":27.0,"enemies":"Slavers","floor":23.0,"turns":6.0},{"damage":6.0,"enemies":"3 Byrds","floor":25.0,"turns":3.0},{"damage":8,"enemies":"Gremlin Leader","floor":27,"turns":6},{"damage":9,"enemies":"Cultist and Chosen","floor":28,"turns":4},{"damage":17,"enemies":"Book of Stabbing","floor":30,"turns":4},{"damage":0,"enemies":"Centurion and Healer","floor":31,"turns":5},{"damage":23,"enemies":"Champ","floor":33,"turns":8},{"damage":11,"enemies":"3 Shapes","floor":35,"turns":2},{"damage":7,"enemies":"Orb Walker","floor":36,"turns":2},{"damage":48,"enemies":"4 Shapes","floor":38,"turns":5},{"damage":48,"enemies":"4 Shapes","floor":39,"turns":10}],"seed_played":"6424949048630963593","potions_obtained":[{"floor":1.0,"key":"Explosive Potion"},{"floor":2.0,"key":"Swift Potion"},{"floor":6.0,"key":"REME_GoldPotion"},{"floor":10.0,"key":"Fire Potion"},{"floor":13.0,"key":"Strength Potion"}],"is_trial":false,"path_per_floor":["M","M","M","?","M","E","M","?","T","E","?","R","E","M","R","B",null,"M","?","?","?","$","E","R","M","T","E","M","$","E","M","R","B",null,"M","M","$","M","?"],"character_chosen":"KOISHI","items_purchased":["Koishi:TerrifyingSpectre","Koishi:DreadfulBlow","Koishi:JumpScare","AT_LightSaberMaster","Koishi:Whimsy"],"campfire_rested":1,"item_purchase_floors":[22,22,29,29,37],"current_hp_per_floor":[58,56,56,44,39,20,20,20,30,11,11,32,23,32,32,29,70,54,41,41,41,41,32,32,43,43,42,49,49,43,57,57,48,75,68,68,68,39,0,0],"gold":84,"neow_bonus":"ONE_RARE_RELIC","is_daily":false,"chose_seed":false,"campfire_upgraded":3,"win_rate":0.0,"timestamp":1611325138,"path_taken":["M","M","M","?","M","E","M","?","T","E","?","R","E","M","R","BOSS","M","?","?","?","$","E","R","?","T","E","?","?","E","M","R","BOSS","M","M","$","M","?"],"items_purchased_type":["Card","Card","Card","Card","Card"],"build_version":"2020-12-22","purchased_purges":3,"victory":false,"max_hp_per_floor":[60,60,60,60,60,60,60,60,70,70,70,70,70,70,70,70,70,70,75,75,75,75,75,75,75,75,75,75,75,75,75,75,75,75,75,75,75,75,75,75],"card_choices":[{"not_picked":["Koishi:Jaunt","Koishi:DreadfulBlow","Koishi:JumpScare"],"picked":"SKIP","floor":1.0},{"not_picked":["Koishi:SpiritedAway","Koishi:EmbersOfLove","Koishi:UnconsciousUprising"],"picked":"SKIP","floor":2.0},{"not_picked":["Koishi:CatchAndRose","Koishi:SubterraneanRose"],"picked":"Koishi:Catatonia","floor":3.0},{"not_picked":["Koishi:FleetingPhantom","Koishi:EmbryosDream"],"picked":"Koishi:RacingHeart","floor":5.0},{"not_picked":["Koishi:PhilosophyOfTheDespised","Koishi:DreadfulBlow"],"picked":"Koishi:SuperEgo","floor":6.0},{"not_picked":["Koishi:Jaunt","Koishi:PhantomBarrier","Koishi:UnansweredLove"],"picked":"SKIP","floor":7.0},{"not_picked":["Koishi:GhostParty","Koishi:BloodcurdlingScream","Koishi:StingingMind"],"picked":"SKIP","floor":10.0},{"not_picked":["Koishi:DreadfulBlow","Koishi:UnconsciousUprising"],"picked":"Koishi:ParalyzingFear","floor":13.0},{"not_picked":["Koishi:ReflexRadar","Koishi:BramblyRoseGarden"],"picked":"Koishi:YoukaiPolygraph","floor":14.0},{"not_picked":["Koishi:ConditionedTeleport","Koishi:MentalBreakdown"],"picked":"Koishi:GrowingPain","floor":16.0},{"not_picked":["Koishi:ReflexRadar","Koishi:HeartfeltFancy"],"picked":"Koishi:HeartAttack","floor":18.0},{"not_picked":["Koishi:UnconsciousUprising","Koishi:JumpScare"],"picked":"Koishi:ApparitionsStalkTheNight","floor":23.0},{"not_picked":["Koishi:ParalyzingFear","Koishi:StingingMind+1","Koishi:Jaunt+1"],"picked":"SKIP","floor":25.0},{"not_picked":["Koishi:Jaunt","Koishi:BloodcurdlingScream","Koishi:JumpScare"],"picked":"SKIP","floor":27},{"not_picked":["Koishi:IdleWhim","Koishi:PhantomBarrier"],"picked":"Koishi:HeartStoppingHorror","floor":28},{"not_picked":["Koishi:CatchAndRose","Koishi:UnconsciousUrges+1","Koishi:SubterraneanRose"],"picked":"SKIP","floor":30},{"not_picked":["Koishi:RacingHeart","Koishi:Possession+1","Koishi:ParalyzingFear"],"picked":"SKIP","floor":31},{"not_picked":["Koishi:SuperEgo","Koishi:Heartbroken"],"picked":"Koishi:MentalBreakdown","floor":33},{"not_picked":["Koishi:Jaunt","Koishi:SubterraneanRose"],"picked":"Koishi:ReleaseOfTheId+1","floor":35},{"not_picked":["Koishi:FidgetySnatcher+1","Koishi:PhantomBarrier+1","Koishi:ParalyzingFear+1"],"picked":"SKIP","floor":36},{"not_picked":["Koishi:RuptureMind","Koishi:ParalyzingFear+1"],"picked":"Koishi:ReflexRadar","floor":38}],"player_experience":188075,"relics_obtained":[{"floor":6.0,"key":"REME_HourglassOfDeath"},{"floor":9.0,"key":"Pear"},{"floor":10.0,"key":"Meat on the Bone"},{"floor":13.0,"key":"Blood Vial"},{"floor":23.0,"key":"Bag of Preparation"},{"floor":26.0,"key":"AT_DeathDance"},{"floor":27,"key":"Bag of Marbles"},{"floor":30,"key":"CeramicFish"}],"event_choices":[{"damage_healed":0.0,"max_hp_gain":0.0,"max_hp_loss":0.0,"gold_gain":0.0,"event_name":"Scrap Ooze","player_choice":"Success","floor":4.0,"gold_loss":0.0,"damage_taken":12.0,"relics_obtained":["Shuriken"]},{"damage_healed":0.0,"max_hp_gain":0.0,"max_hp_loss":0.0,"gold_gain":0.0,"event_name":"Liars Game","player_choice":"Ignored","floor":8.0,"gold_loss":0.0,"damage_taken":0.0},{"damage_healed":0.0,"max_hp_gain":0.0,"max_hp_loss":0.0,"gold_gain":0.0,"event_name":"World of Goop","player_choice":"Left Gold","floor":11.0,"gold_loss":47.0,"damage_taken":0.0},{"damage_healed":0.0,"max_hp_gain":5.0,"max_hp_loss":0.0,"gold_gain":0.0,"event_name":"Forgotten Altar","player_choice":"Shed Blood","floor":19.0,"gold_loss":0.0,"damage_taken":18.0},{"damage_healed":0.0,"max_hp_gain":0.0,"max_hp_loss":0.0,"gold_gain":99.0,"event_name":"Nest","player_choice":"Stole From Cult","floor":20.0,"gold_loss":0.0,"damage_taken":0.0},{"damage_healed":0.0,"max_hp_gain":0.0,"max_hp_loss":0.0,"gold_gain":100.0,"event_name":"The Joust","player_choice":"Bet on Murderer","floor":21.0,"gold_loss":50.0,"damage_taken":0.0}],"is_beta":false,"boss_relics":[{"not_picked":["REME_ChargedStone","Empty Cage"],"picked":"Sozu"},{"not_picked":["REME_DuelDisc","SlaversCollar"],"picked":"Astrolabe"}],"items_purged_floors":[22,29,37],"is_endless":false,"potions_floor_spawned":[1,2,6,10,13,18,23,33,35,38],"killed_by":"4 Shapes","ascension_level":1}}