{"host":"sum4dy402bbv9y4o","time":1611279345,"event":{"mods":["Aspiration","BaseMod","Conspire","Highlight Path","Minty Spire (QoL Compilation)","StSLib"],"gold_per_floor":[119,194,204,204,34,61,79,79,79],"floor_reached":8,"language":"ENG","playtime":211,"items_purged":["Strike_P"],"score":112,"play_id":"c74ee894-04b1-473c-ab3f-e004a7b4961b","local_time":"20210122043545","is_ascension_mode":true,"campfire_choices":[],"circlet_count":0,"master_deck":["AscendersBane","Strike_P","Strike_P","Strike_P","Defend_P","Defend_P","Defend_P","Eruption","Vigilance","BowlingBash","Protect","Meditate","FlyingSleeves","FearNoEvil","FollowUp"],"relics":["PureWater","aspiration:Nostalgia","Cracked Core","Akabeko"],"acts_visited":["Exordium"],"potions_floor_usage":[6],"damage_taken":[{"damage":0,"enemies":"Jaw Worm","floor":1,"turns":3},{"damage":3,"enemies":"Small Slimes","floor":3,"turns":3},{"damage":31,"enemies":"Gremlin Nob","floor":6,"turns":4},{"damage":0,"enemies":"2 Louse","floor":7,"turns":1},{"damage":11,"enemies":"Lagavulin","floor":8,"turns":4}],"seed_played":"-1951791655091433400","potions_obtained":[{"floor":3,"key":"SkillPotion"}],"is_trial":false,"path_per_floor":["M","?","M","?","$","E","M","E"],"character_chosen":"WATCHER","items_purchased":["Meditate","FlyingSleeves"],"campfire_rested":0,"item_purchase_floors":[5,5],"current_hp_per_floor":[61,50,47,40,40,9,9,0,0],"gold":79,"neow_bonus":"NOSTALGIA","is_daily":false,"chose_seed":false,"campfire_upgraded":0,"win_rate":0.0,"timestamp":1611279345,"path_taken":["M","?","M","?","$","E","M","E"],"items_purchased_type":["Card","Card"],"build_version":"2020-12-22","purchased_purges":1,"victory":false,"max_hp_per_floor":[68,68,68,68,68,68,68,68,68],"card_choices":[{"not_picked":["Consecrate","PathToVictory"],"picked":"BowlingBash","floor":1},{"not_picked":["CarveReality","Prostrate"],"picked":"Protect","floor":3},{"not_picked":["WaveOfTheHand","DeceiveReality"],"picked":"FearNoEvil","floor":6},{"not_picked":["CrushJoints","Prostrate"],"picked":"FollowUp","floor":7}],"player_experience":2959289,"relics_obtained":[{"floor":6,"key":"Akabeko"}],"event_choices":[{"damage_healed":0,"gold_gain":75,"player_choice":"Gather Gold","damage_taken":11,"max_hp_gain":0,"max_hp_loss":0,"event_name":"World of Goop","floor":2,"gold_loss":0},{"cards_removed":["Defend_P"],"damage_healed":0,"gold_gain":0,"player_choice":"Card Removal","damage_taken":7,"max_hp_gain":0,"max_hp_loss":0,"event_name":"Golden Wing","floor":4,"gold_loss":0}],"is_beta":false,"boss_relics":[],"items_purged_floors":[5],"is_endless":false,"potions_floor_spawned":[3],"killed_by":"Lagavulin","ascension_level":20}}