{"host":"egwexuw5uvnxf11j","time":1611299453,"event":{"mods":["2.2 Compatiblity","Aspiration","BaseMod","Better Altar","Better Note","Better Sensory Stone","Better Third Choice","Displayed Cursed Tome","Downfall","Hermit","Key Reminder","Koishi","Marisa????????","Minty Spire (QoL Compilation)","Quick Restart","Shade Mod","Spicy Shops","StSLib","The Construct","The Cursed","The Hierophant","The Runesmith","The Senshi","The Servant 0.9.4","Transform Curses"],"gold_per_floor":[113,126,17,29,41,73,73,73,73,73,73,73,73,73,73,170,170,188,188,188,117,129,129,163,183,209,224,31,31,31],"floor_reached":29,"language":"ENG","playtime":1939,"items_purged":["hermit:Strike_Hermit"],"score":253,"play_id":"eb7443b2-760b-417a-ba0f-6f9ebb78cada","local_time":"20210122021053","is_ascension_mode":true,"campfire_choices":[{"floor":7,"key":"REST"},{"floor":11,"key":"REST"},{"floor":13,"key":"REST"},{"floor":15,"key":"REST"},{"floor":23,"key":"REST"}],"circlet_count":0,"master_deck":["hermit:Strike_Hermit","hermit:Strike_Hermit","hermit:Strike_Hermit","hermit:Defend_Hermit","hermit:Defend_Hermit","hermit:Defend_Hermit","hermit:Defend_Hermit","hermit:Snapshot+1","hermit:Covet+1","hermit:Feint","hermit:Misfire","hermit:Brawl+1","hermit:TakeAim","hermit:BigShot+1","hermit:Malice","Apotheosis","hermit:HighNoon","6A","hermit:Maintenance","hermit:WideOpen+1","hermit:Roughhouse","hermit:Vantage","hermit:Dive+1","hermit:Horror"],"relics":["hermit:Momento","aspiration:HatOfInfinitePower","Boot","keyreminder:keyreminder","Torii","aspiration:MarisaSkillbook","MutagenicStrength","Oddly Smooth Stone","aspiration:ChemicalBlood"],"acts_visited":["Exordium","TheCity"],"potions_floor_usage":[16,24,25],"damage_taken":[{"damage":6,"enemies":"Jaw Worm","floor":1,"turns":4},{"damage":4,"enemies":"2 Louse","floor":2,"turns":5},{"damage":0,"enemies":"Small Slimes","floor":4,"turns":3},{"damage":8,"enemies":"Red Slaver","floor":5,"turns":3},{"damage":50,"enemies":"3 Sentries","floor":6,"turns":8},{"damage":63,"enemies":"Hexaghost","floor":16,"turns":10},{"damage":20,"enemies":"3 Byrds","floor":18,"turns":5},{"damage":11,"enemies":"Spheric Guardian","floor":22,"turns":5},{"damage":35,"enemies":"Book of Stabbing","floor":24,"turns":6},{"damage":22,"enemies":"Cultist and Chosen","floor":25,"turns":5},{"damage":6,"enemies":"Centurion and Healer","floor":27,"turns":7},{"damage":8,"enemies":"Snake Plant","floor":29,"turns":2}],"seed_played":"-8311719833736691740","potions_obtained":[{"floor":1,"key":"SmokeBomb"},{"floor":4,"key":"construct:ShiftPotion"},{"floor":5,"key":"BlessingOfTheForge"},{"floor":6,"key":"Regen Potion"},{"floor":18,"key":"Block Potion"},{"floor":24,"key":"PowerPotion"},{"floor":27,"key":"Dexterity Potion"}],"is_trial":false,"path_per_floor":["M","M","$","M","M","E","R","?","T","?","R","?","R","?","R","B",null,"M","?","?","$","M","R","E","M","T","M","$","M"],"character_chosen":"HERMIT","items_purchased":["aspiration:HatOfInfinitePower","hermit:Brawl","hermit:Maintenance","hermit:Horror"],"campfire_rested":5,"item_purchase_floors":[3,3,21,28],"current_hp_per_floor":[69,65,65,65,57,7,29,29,29,14,36,36,58,66,75,22,75,55,55,55,55,44,66,31,9,9,3,3,0,0],"gold":31,"neow_bonus":"UPGRADE_CARD","is_daily":false,"chose_seed":false,"campfire_upgraded":0,"win_rate":0.0,"timestamp":1611299453,"path_taken":["M","M","$","M","M","E","R","?","T","?","R","?","R","?","R","BOSS","M","?","?","?","M","R","E","?","T","M","?","M"],"items_purchased_type":["Relic","Card","Card","Card"],"build_version":"2020-12-22","purchased_purges":1,"victory":false,"max_hp_per_floor":[75,75,75,75,75,75,75,75,75,75,75,75,75,75,75,75,75,75,75,75,75,75,75,75,75,75,75,75,75,75],"card_choices":[{"not_picked":["hermit:LuckOfTheDraw","hermit:Roulette"],"picked":"hermit:Feint","floor":1},{"not_picked":["hermit:Determination","hermit:Malice"],"picked":"hermit:Misfire","floor":2},{"not_picked":["hermit:Feint","hermit:CursedWeapon"],"picked":"hermit:TakeAim","floor":4},{"not_picked":["hermit:Feint","hermit:BodyArmor"],"picked":"hermit:BigShot","floor":5},{"not_picked":["hermit:HoleUp","hermit:Ricochet"],"picked":"hermit:Malice","floor":6},{"not_picked":["Trip","Forethought"],"picked":"Apotheosis","floor":12},{"not_picked":["hermit:OverwhelmingPower","hermit:HeroicBravado"],"picked":"hermit:HighNoon","floor":16},{"not_picked":["LuminesStrike+1","OpenUniverse+1","MysteriousBeam"],"picked":"6A","floor":18},{"not_picked":["hermit:Dissolve","6A","hermit:TrackingShot"],"picked":"hermit:WideOpen+1","floor":22},{"not_picked":["MagicChant","hermit:Ricochet","Singularity"],"picked":"hermit:Roughhouse","floor":24},{"not_picked":["PulseMagic","ShootingEcho","hermit:Headshot"],"picked":"hermit:Vantage","floor":25},{"not_picked":["hermit:Manifest","hermit:Misfire","StarBarrage"],"picked":"hermit:Dive+1","floor":27}],"player_experience":2304833,"relics_obtained":[{"floor":6,"key":"Boot"},{"floor":9,"key":"Torii"},{"floor":24,"key":"Oddly Smooth Stone"},{"floor":26,"key":"aspiration:ChemicalBlood"}],"event_choices":[{"damage_healed":0,"gold_gain":0,"player_choice":"Grow","damage_taken":0,"max_hp_gain":0,"max_hp_loss":0,"event_name":"Living Wall","floor":8,"gold_loss":0,"cards_upgraded":["hermit:Brawl"]},{"damage_healed":29,"gold_gain":0,"player_choice":"Upgrade","damage_taken":15,"max_hp_gain":0,"max_hp_loss":75,"event_name":"betterThird:BetterShining","floor":10,"gold_loss":0,"cards_upgraded":["hermit:Covet","hermit:BigShot"]},{"damage_healed":0,"gold_gain":1,"player_choice":"1","damage_taken":0,"max_hp_gain":0,"max_hp_loss":0,"event_name":"betterStone:BetterStone","floor":12,"gold_loss":0},{"damage_healed":0,"gold_gain":0,"player_choice":"Inject Mutagens","damage_taken":0,"relics_obtained":["MutagenicStrength"],"max_hp_gain":0,"max_hp_loss":0,"event_name":"Drug Dealer","floor":19,"gold_loss":0},{"damage_healed":0,"gold_gain":0,"player_choice":"Ignored","damage_taken":0,"max_hp_gain":0,"max_hp_loss":0,"event_name":"Ghosts","floor":20,"gold_loss":0}],"is_beta":false,"boss_relics":[{"not_picked":["Ectoplasm","aspiration:RunicSpoon"],"picked":"aspiration:MarisaSkillbook"}],"items_purged_floors":[28],"is_endless":false,"potions_floor_spawned":[1,4,5,6,18,24,27],"killed_by":"Snake Plant","ascension_level":1}}