{"host":"l4kdldlios54gl54","time":1611283920,"event":{"mods":["AchievementEnabler","BaseMod","Colored Map","Colored Powertips","Minty Spire (QoL Compilation)","Random Character Button"],"gold_per_floor":[118,134,149,18,33,33,52,52,52,52,69,69,95,170,170,256,256,266,266,266],"floor_reached":19,"language":"ENG","playtime":556,"items_purged":["Strike_R"],"score":322,"play_id":"81802a87-7223-4cfe-8fd5-a49c7225d52a","local_time":"20210122035200","is_ascension_mode":true,"campfire_choices":[{"data":"Whirlwind","floor":6,"key":"SMITH"},{"data":"Battle Trance","floor":8,"key":"SMITH"},{"data":"Cleave","floor":10,"key":"SMITH"},{"floor":12,"key":"REST"},{"data":"Warcry","floor":15,"key":"SMITH"}],"circlet_count":0,"master_deck":["AscendersBane","Strike_R","Strike_R","Strike_R","Strike_R","Defend_R","Defend_R","Defend_R","Defend_R","Bash","Cleave+1","Whirlwind+1","Battle Trance+1","Warcry+1","Berserk"],"relics":["Burning Blood","CeramicFish","Fusion Hammer"],"acts_visited":["Exordium","TheCity"],"potions_floor_usage":[3,5,16,19,19],"damage_taken":[{"damage":2,"enemies":"2 Louse","floor":1,"turns":3},{"damage":10,"enemies":"Small Slimes","floor":2,"turns":3},{"damage":0,"enemies":"Cultist","floor":3,"turns":2},{"damage":12,"enemies":"Exordium Wildlife","floor":5,"turns":2},{"damage":6,"enemies":"2 Fungi Beasts","floor":7,"turns":2},{"damage":0,"enemies":"3 Louse","floor":11,"turns":1},{"damage":0,"enemies":"Large Slime","floor":13,"turns":3},{"damage":79,"enemies":"Slime Boss","floor":16,"turns":11},{"damage":49,"enemies":"2 Thieves","floor":18,"turns":3},{"damage":29,"enemies":"Shell Parasite","floor":19,"turns":3}],"seed_played":"-8935303745623891081","potions_obtained":[{"floor":1,"key":"Regen Potion"},{"floor":2,"key":"AttackPotion"},{"floor":7,"key":"PowerPotion"},{"floor":18,"key":"SpeedPotion"}],"is_trial":false,"path_per_floor":["M","M","M","$","M","R","M","R","T","R","M","R","M","?","R","B",null,"M","M"],"character_chosen":"IRONCLAD","items_purchased":["SteroidPotion"],"campfire_rested":1,"item_purchase_floors":[4],"current_hp_per_floor":[68,64,70,70,64,64,64,64,64,64,70,89,89,78,78,17,71,28,0,0],"gold":266,"neow_bonus":"TWENTY_PERCENT_HP_BONUS","is_daily":false,"chose_seed":false,"campfire_upgraded":4,"win_rate":0.0,"timestamp":1611283920,"path_taken":["M","M","M","$","M","R","M","R","T","R","M","R","M","?","R","BOSS","M","M"],"items_purchased_type":["Potion"],"build_version":"2020-12-22","purchased_purges":1,"victory":false,"max_hp_per_floor":[89,89,89,89,89,89,89,89,89,89,89,89,89,89,89,89,89,89,89,89],"card_choices":[{"not_picked":["Heavy Blade","Thunderclap","Rupture"],"picked":"SKIP","floor":1},{"not_picked":["Headbutt","Twin Strike"],"picked":"Cleave","floor":2},{"not_picked":["Flame Barrier","Metallicize"],"picked":"Whirlwind","floor":3},{"not_picked":["Heavy Blade","Thunderclap","Flex"],"picked":"SKIP","floor":5},{"not_picked":["Flex","Iron Wave"],"picked":"Battle Trance","floor":7},{"not_picked":["Shrug It Off","Dual Wield","Body Slam"],"picked":"SKIP","floor":11},{"not_picked":["Fiend Fire","Anger"],"picked":"Warcry","floor":13},{"not_picked":["Exhume","Immolate"],"picked":"Berserk","floor":16},{"not_picked":["Thunderclap","Dual Wield","Armaments"],"picked":"SKIP","floor":18}],"player_experience":886931,"relics_obtained":[{"floor":9,"key":"CeramicFish"}],"event_choices":[{"damage_healed":0,"gold_gain":75,"player_choice":"Gather Gold","damage_taken":11,"max_hp_gain":0,"max_hp_loss":0,"event_name":"World of Goop","floor":14,"gold_loss":0}],"is_beta":false,"boss_relics":[{"not_picked":["Black Star","SlaversCollar"],"picked":"Fusion Hammer"}],"items_purged_floors":[4],"is_endless":false,"potions_floor_spawned":[1,2,7,13,18],"killed_by":"Shell Parasite","ascension_level":20}}