{"host":"22ezjknwheybwqtz","time":1611304325,"event":{"mods":["BaseMod","Downfall","Minty Spire (QoL Compilation)","StSLib"],"gold_per_floor":[99,113,23,33,45,45,45,45,45,45,45,64,82,95,112,210,210,210,222,232,232,232,232],"floor_reached":21,"language":"ENG","playtime":1024,"items_purged":[],"score":175,"play_id":"e0555eca-7f9f-4c5b-8653-3ede3e75dc73","local_time":"20210122163205","is_ascension_mode":false,"campfire_choices":[{"data":"hexamod:Sear","floor":1,"key":"SMITH"},{"data":"RitualDagger","floor":8,"key":"SMITH"},{"data":"hexamod:ExtraCrispy","floor":18,"key":"SMITH"}],"circlet_count":0,"master_deck":["hexamod:Strike","hexamod:Strike","hexamod:Strike+1","hexamod:Strike","hexamod:Defend","hexamod:Defend","hexamod:Defend","hexamod:Sear+1","hexamod:Float","hexamod:HeatMetal","hexamod:SpectersWail","hexamod:ExtraCrispy+1","hexamod:BurningTouch","hexamod:RainOfEmbers","RitualDagger+1","Regret","hexamod:ThirdSeal","hexamod:RecurringNightmare+1","hexamod:FastForward+1","hexamod:PhantomFireball","hexamod:GhostShield+1","hexamod:WildfireWeapon","hexamod:FifthSeal","hexamod:SixthSeal","hexamod:SoulSteal+1","hexamod:FirstSeal","hexamod:SecondSeal"],"relics":["hexamod:SpiritBrand","HornCleat","Toxic Egg 2","Coffee Dripper"],"acts_visited":["Exordium","TheCity"],"potions_floor_usage":[16,16,21],"damage_taken":[{"damage":0,"enemies":"Cultist","floor":2,"turns":3},{"damage":0,"enemies":"downfall:FleeingMerchant","floor":3,"turns":4},{"damage":7,"enemies":"2 Louse","floor":4,"turns":3},{"damage":6,"enemies":"Jaw Worm","floor":5,"turns":3},{"damage":10,"enemies":"Lots of Slimes","floor":9,"turns":3},{"damage":9,"enemies":"3 Louse","floor":12,"turns":3},{"damage":3,"enemies":"2 Fungi Beasts","floor":13,"turns":3},{"damage":15,"enemies":"Red Slaver","floor":14,"turns":3},{"damage":0,"enemies":"Gremlin Gang","floor":15,"turns":2},{"damage":8,"enemies":"IC_STATUS_ARCHETYPE","floor":16,"turns":6},{"damage":16,"enemies":"Chosen","floor":19,"turns":6},{"damage":34,"enemies":"Spheric Guardian","floor":20,"turns":6},{"damage":32,"enemies":"Snake Plant","floor":21,"turns":4}],"seed_played":"2657016977874445705","potions_obtained":[{"floor":5,"key":"Fruit Juice"},{"floor":13,"key":"AttackPotion"},{"floor":16,"key":"SpeedPotion"},{"floor":20,"key":"AttackPotion"}],"is_trial":false,"path_per_floor":["R","M","$","M","M","?","T","R","M","?","?","M","M","M","M","B",null,"R","M","M","M"],"character_chosen":"THE_SPIRIT","items_purchased":["hexamod:ExtraCrispy"],"campfire_rested":0,"item_purchase_floors":[3],"current_hp_per_floor":[77,77,77,70,64,64,64,64,54,54,54,45,42,27,27,24,82,82,66,32,0,0,0],"gold":232,"neow_bonus":"TEN_PERCENT_HP_BONUS","is_daily":false,"chose_seed":false,"campfire_upgraded":3,"win_rate":0.0,"timestamp":1611304325,"path_taken":["R","M","?","M","M","?","T","R","?","?","?","M","M","M","M","BOSS","R","M","?","M"],"items_purchased_type":["Card"],"build_version":"2020-12-22","purchased_purges":0,"victory":false,"max_hp_per_floor":[77,77,77,77,77,77,77,77,77,77,77,77,77,77,77,82,82,82,82,82,82,82,82],"card_choices":[{"not_picked":["hexamod:HauntingEcho","hexamod:AdvancingGuard"],"picked":"hexamod:HeatMetal","floor":2},{"not_picked":["hexamod:InspiringFlames","hexamod:SwordOfDarkness"],"picked":"hexamod:SpectersWail","floor":3},{"not_picked":["hexamod:ExtraCrispy","hexamod:ThermalTransfer"],"picked":"hexamod:BurningTouch","floor":4},{"not_picked":["hexamod:NightmareGuise","hexamod:FastForward"],"picked":"hexamod:RainOfEmbers","floor":5},{"not_picked":["hexamod:SpectersWail","hexamod:NightmareGuise","hexamod:PhantomCloak"],"picked":"SKIP","floor":9},{"not_picked":["hexamod:ChargedBarrage+1","hexamod:ShieldOfDarkness+1"],"picked":"hexamod:ThirdSeal","floor":12},{"not_picked":["hexamod:EmpoweredFlame","hexamod:GhostOfSpirePresent"],"picked":"hexamod:RecurringNightmare+1","floor":13},{"not_picked":["hexamod:GhostflameBarrier+1","hexamod:SwordOfDarkness"],"picked":"hexamod:FastForward+1","floor":14},{"not_picked":["hexamod:NightmareGuise+1","hexamod:TimeWarp"],"picked":"hexamod:PhantomFireball","floor":14},{"not_picked":["hexamod:SwordOfDarkness","hexamod:NightmareGuise+1"],"picked":"hexamod:GhostShield+1","floor":15},{"not_picked":["hexamod:UnlimitedPower+1","hexamod:TurnItUp+1"],"picked":"hexamod:WildfireWeapon","floor":16},{"not_picked":["hexamod:HexaLevel","hexamod:VolcanoVisage"],"picked":"hexamod:FifthSeal","floor":16},{"not_picked":["hexamod:ThirdSeal","hexamod:FirstSeal"],"picked":"hexamod:SixthSeal","floor":19},{"not_picked":["hexamod:Hexaguard+1","hexamod:NightmareGuise+1"],"picked":"hexamod:SoulSteal+1","floor":19},{"not_picked":["hexamod:PhantomFireball","hexamod:GhostOfSpireFuture","hexamod:ShieldOfDarkness+1"],"picked":"SKIP","floor":19},{"not_picked":["hexamod:PhantomFireball","hexamod:GhostOfSpireFuture","hexamod:ShieldOfDarkness+1"],"picked":"SKIP","floor":19},{"not_picked":["hexamod:FastForward+1","hexamod:ThirdSeal"],"picked":"hexamod:FirstSeal","floor":20},{"not_picked":["hexamod:ThirdSeal","hexamod:FirstSeal"],"picked":"hexamod:SecondSeal","floor":20},{"not_picked":["hexamod:HeatMetal","hexamod:ExtraCrispy","hexamod:GhostOfSpireFuture"],"picked":"SKIP","floor":20}],"player_experience":63209,"relics_obtained":[{"floor":7,"key":"HornCleat"}],"event_choices":[{"cards_removed":["hexamod:Defend"],"damage_healed":0,"gold_gain":0,"player_choice":"Took Card","damage_taken":0,"max_hp_gain":0,"max_hp_loss":0,"event_name":"NoteForYourself","floor":6,"gold_loss":0,"cards_obtained":["RitualDagger"]},{"damage_healed":0,"gold_gain":0,"player_choice":"Box","damage_taken":0,"relics_obtained":["Toxic Egg 2"],"max_hp_gain":0,"max_hp_loss":0,"event_name":"Big Fish","floor":10,"gold_loss":0,"cards_obtained":["Regret"]}],"is_beta":false,"boss_relics":[{"not_picked":["Cursed Key","Sozu"],"picked":"Coffee Dripper"}],"items_purged_floors":[],"is_endless":false,"potions_floor_spawned":[5,13,16,20],"killed_by":"Snake Plant","ascension_level":0}}