{"host":"928gv66myv2vlnsd","time":1611350489,"event":{"mods":["BaseMod","Minty Spire (QoL Compilation)","StSLib"],"gold_per_floor":[112,112,112,136,61,95,113,149,149,164,89,113,156,180,180,180,180],"floor_reached":16,"language":"ENG","playtime":663,"items_purged":["Strike_R"],"score":287,"play_id":"171b4ffe-ace4-422e-9809-d7acbf1a93a3","local_time":"20210122162129","is_ascension_mode":true,"campfire_choices":[{"floor":15,"key":"REST"}],"circlet_count":0,"master_deck":["AscendersBane","Strike_R","Strike_R","Defend_R","Defend_R","Defend_R","Defend_R","Bash","Inflame","Burning Pact","Battle Trance","Wild Strike","Disarm","Heavy Blade","Evolve","Feel No Pain","Flex"],"relics":["Burning Blood","NeowsBlessing","Golden Idol","Happy Flower","Bottled Flame","Anchor","Orichalcum"],"acts_visited":["Exordium"],"potions_floor_usage":[13,16],"damage_taken":[{"damage":0,"enemies":"Small Slimes","floor":1,"turns":1},{"damage":0,"enemies":"Jaw Worm","floor":4,"turns":1},{"damage":0,"enemies":"3 Sentries","floor":6,"turns":1},{"damage":0,"enemies":"2 Louse","floor":7,"turns":3},{"damage":48,"enemies":"Gremlin Nob","floor":8,"turns":5},{"damage":7,"enemies":"Looter","floor":10,"turns":3},{"damage":13,"enemies":"Exordium Thugs","floor":12,"turns":4},{"damage":12,"enemies":"3 Sentries","floor":13,"turns":12},{"damage":8,"enemies":"3 Louse","floor":14,"turns":4},{"damage":31,"enemies":"The Guardian","floor":16,"turns":12}],"seed_played":"-530174376491292939","potions_obtained":[{"floor":1,"key":"Dexterity Potion"},{"floor":4,"key":"Swift Potion"}],"is_trial":false,"path_per_floor":["M","?","?","M","?","E","M","E","T","M","$","M","E","M","R","B"],"character_chosen":"IRONCLAD","items_purchased":[],"campfire_rested":1,"item_purchase_floors":[],"current_hp_per_floor":[74,68,68,68,68,68,68,26,26,25,25,18,12,10,30,0,0],"gold":180,"neow_bonus":"THREE_ENEMY_KILL","is_daily":false,"chose_seed":false,"campfire_upgraded":0,"win_rate":0.0,"timestamp":1611350489,"path_taken":["M","?","?","M","?","E","M","E","T","M","$","M","E","M","R","BOSS"],"items_purchased_type":[],"build_version":"2020-12-22","purchased_purges":1,"victory":false,"max_hp_per_floor":[75,68,68,68,68,68,68,68,68,68,68,68,68,68,68,68,68],"card_choices":[{"not_picked":["Uppercut","Armaments"],"picked":"Inflame","floor":1},{"not_picked":["Pommel Strike","Dual Wield"],"picked":"Battle Trance","floor":4},{"not_picked":["Carnage","Havoc"],"picked":"Wild Strike","floor":6},{"not_picked":["Twin Strike","Reckless Charge"],"picked":"Disarm","floor":7},{"not_picked":["Hemokinesis","Searing Blow","Infernal Blade"],"picked":"SKIP","floor":8},{"not_picked":["Entrench","Metallicize"],"picked":"Heavy Blade","floor":10},{"not_picked":["Anger","Shockwave"],"picked":"Evolve","floor":12},{"not_picked":["Clothesline","Evolve"],"picked":"Feel No Pain","floor":13},{"not_picked":["Armaments","Clash"],"picked":"Flex","floor":14}],"player_experience":1290381,"relics_obtained":[{"floor":6,"key":"Happy Flower"},{"floor":8,"key":"Bottled Flame"},{"floor":9,"key":"Anchor"},{"floor":13,"key":"Orichalcum"}],"event_choices":[{"damage_healed":0,"gold_gain":0,"player_choice":"Lose Max HP","damage_taken":0,"relics_obtained":["Golden Idol"],"max_hp_gain":0,"max_hp_loss":7,"event_name":"Golden Idol","floor":2,"gold_loss":0},{"damage_healed":0,"gold_gain":0,"cards_transformed":["Strike_R"],"player_choice":"Change","damage_taken":0,"max_hp_gain":0,"max_hp_loss":0,"event_name":"Living Wall","floor":3,"gold_loss":0,"cards_obtained":["Burning Pact"]},{"cards_removed":["Strike_R"],"damage_healed":0,"gold_gain":0,"player_choice":"Card Removal","damage_taken":0,"max_hp_gain":0,"max_hp_loss":0,"event_name":"The Cleric","floor":5,"gold_loss":75}],"is_beta":false,"boss_relics":[],"items_purged_floors":[11],"is_endless":false,"potions_floor_spawned":[1,4,6,10],"killed_by":"The Guardian","ascension_level":19}}