{"host":"bg8va46pgqgvtzim","time":1611298403,"event":{"mods":["BaseMod","Minty Spire (QoL Compilation)","Quick Restart","StSLib","SuperFastMode"],"gold_per_floor":[110,130,19,30,47,47,75,75,102,52,127,161,161,8,8,104,104,124,124,140,160,16,16,41,59,59,59,94,94,148,165,165,269,269,289,300,300,93,112,112,144,144,144,169,180,215,215,215,215,215,215,215,39,72,72],"floor_reached":56,"language":"ZHS","playtime":2122,"items_purged":["Strike_P","Strike_P+1","Strike_P+1"],"score":1540,"play_id":"d7351265-5c98-4827-ab93-d36fc26025de","local_time":"20210122145323","is_ascension_mode":true,"campfire_choices":[{"data":"Eruption","floor":6.0,"key":"SMITH"},{"data":"Blasphemy","floor":8.0,"key":"SMITH"},{"data":"Wallop","floor":13.0,"key":"SMITH"},{"data":"FlurryOfBlows","floor":15.0,"key":"SMITH"},{"data":"DevaForm","floor":23.0,"key":"SMITH"},{"data":"Vault","floor":27.0,"key":"SMITH"},{"floor":29.0,"key":"REST"},{"floor":32.0,"key":"REST"},{"data":"Adaptation","floor":40.0,"key":"SMITH"},{"floor":49.0,"key":"RECALL"},{"floor":52.0,"key":"REST"}],"circlet_count":0,"master_deck":["Strike_P+1","Defend_P+1","Defend_P+1","Eruption+1","Vigilance+1","Prostrate+1","CutThroughFate+1","Adaptation+1","Wallop+1","Vault+1","FlurryOfBlows+1","Blasphemy+1","InnerPeace+1","LessonLearned+1","DevaForm+1","FlurryOfBlows+1","ClearTheMind+1","Vault+1","Tantrum+1","Finesse+1","Purity+1","Madness+1","MentalFortress+1","Indignation+1","Study+1","TalkToTheHand+1","EmptyMind+1"],"relics":["PureWater","Calipers","Tiny Chest","Orichalcum","Pen Nib","Runic Pyramid","Medical Kit","Happy Flower","Toxic Egg 2","Potion Belt","Cursed Key","CaptainsWheel","Bottled Tornado","Frozen Egg 2","Nunchaku"],"acts_visited":["Exordium","TheCity","TheBeyond","TheEnding"],"potions_floor_usage":[55,55,55],"damage_taken":[{"damage":1.0,"enemies":"Jaw Worm","floor":1.0,"turns":6.0},{"damage":0.0,"enemies":"Small Slimes","floor":2.0,"turns":4.0},{"damage":0.0,"enemies":"2 Louse","floor":4.0,"turns":2.0},{"damage":14.0,"enemies":"Exordium Wildlife","floor":5.0,"turns":9.0},{"damage":5.0,"enemies":"Lagavulin","floor":7.0,"turns":8.0},{"damage":0.0,"enemies":"Gremlin Nob","floor":12.0,"turns":3.0},{"damage":13.0,"enemies":"Hexaghost","floor":16.0,"turns":9.0},{"damage":0.0,"enemies":"Spheric Guardian","floor":18.0,"turns":3.0},{"damage":0.0,"enemies":"Shell Parasite","floor":20.0,"turns":1.0},{"damage":11.0,"enemies":"Snecko","floor":21.0,"turns":6.0},{"damage":0.0,"enemies":"Gremlin Leader","floor":24.0,"turns":6.0},{"damage":4.0,"enemies":"Centurion and Healer","floor":25.0,"turns":4.0},{"damage":30.0,"enemies":"Slavers","floor":28.0,"turns":4.0},{"damage":5.0,"enemies":"Cultist and Chosen","floor":31.0,"turns":3.0},{"damage":0.0,"enemies":"Champ","floor":33.0,"turns":8.0},{"damage":0.0,"enemies":"3 Shapes","floor":35.0,"turns":5.0},{"damage":0.0,"enemies":"Orb Walker","floor":36.0,"turns":4.0},{"damage":0.0,"enemies":"Transient","floor":39.0,"turns":7.0},{"damage":0.0,"enemies":"Reptomancer","floor":41.0,"turns":6.0},{"damage":20.0,"enemies":"Nemesis","floor":44.0,"turns":5.0},{"damage":7.0,"enemies":"Writhing Mass","floor":45.0,"turns":6.0},{"damage":0.0,"enemies":"Giant Head","floor":46.0,"turns":5.0},{"damage":17.0,"enemies":"Awakened One","floor":50.0,"turns":9.0},{"damage":0.0,"enemies":"Shield and Spear","floor":54.0,"turns":6.0},{"damage":10,"enemies":"The Heart","floor":55,"turns":9}],"seed_played":"-6568361784409396973","potions_obtained":[{"floor":4.0,"key":"BottledMiracle"},{"floor":5.0,"key":"Weak Potion"},{"floor":12.0,"key":"BlessingOfTheForge"},{"floor":18.0,"key":"AttackPotion"},{"floor":24.0,"key":"Ancient Potion"},{"floor":33.0,"key":"GamblersBrew"},{"floor":35.0,"key":"GamblersBrew"},{"floor":41.0,"key":"Weak Potion"},{"floor":44.0,"key":"GamblersBrew"}],"is_trial":false,"path_per_floor":["M","M","$","M","M","R","E","R","T","?","?","E","R","$","R","B",null,"M","?","M","M","$","R","E","M","T","R","E","R","T","M","R","B",null,"M","M","?","$","M","R","E","?","T","E","M","E","?","T","R","B",null,"R","$","E","B",null],"character_chosen":"WATCHER","items_purchased":["Adaptation","Wallop","LessonLearned","Medical Kit","MentalFortress","Indignation+1","ColorlessPotion"],"campfire_rested":3,"item_purchase_floors":[3,3,14,22,38,38,53],"current_hp_per_floor":[64,64,64,64,50,50,45,45,45,45,34,34,34,34,34,21,65,65,65,65,54,54,54,54,50,50,50,20,39,39,34,53,53,65,65,65,55,55,55,55,55,55,55,35,28,28,28,28,28,11,65,65,65,65,55],"gold":72,"neow_bonus":"ONE_RARE_RELIC","is_daily":false,"chose_seed":false,"campfire_upgraded":7,"win_rate":0.0,"timestamp":1611298403,"path_taken":["M","M","$","M","M","R","E","R","T","?","?","E","R","$","R","BOSS","M","?","M","M","$","R","E","M","T","R","E","R","?","M","R","BOSS","M","M","?","$","M","R","E","?","T","E","M","E","?","?","R","BOSS","R","$","E","BOSS"],"items_purchased_type":["Card","Card","Card","Relic","Card","Card","Potion"],"build_version":"2020-12-22","purchased_purges":3,"victory":true,"max_hp_per_floor":[65,65,65,65,65,65,65,65,65,65,65,65,65,65,65,65,65,65,65,65,65,65,65,65,65,65,65,65,65,65,65,65,65,65,65,65,65,65,65,65,65,65,65,65,65,65,65,65,65,65,65,65,65,65,65],"card_choices":[{"not_picked":["Protect","Fasting2"],"picked":"Prostrate","floor":1.0},{"not_picked":["FollowUp","WreathOfFlame"],"picked":"CutThroughFate","floor":2.0},{"not_picked":["Nirvana","Wallop"],"picked":"Vault","floor":4.0},{"not_picked":["FollowUp","Protect"],"picked":"FlurryOfBlows","floor":5.0},{"not_picked":["SashWhip","Crescendo"],"picked":"Blasphemy","floor":7.0},{"not_picked":["EmptyBody","FlyingSleeves"],"picked":"InnerPeace","floor":12.0},{"not_picked":["SpiritShield","Vault"],"picked":"DevaForm","floor":16.0},{"not_picked":["Wireheading","CutThroughFate"],"picked":"FlurryOfBlows","floor":18.0},{"not_picked":["Evaluate+1","EmptyFist","Worship+1"],"picked":"SKIP","floor":20.0},{"not_picked":["EmptyFist","Nirvana","Protect"],"picked":"SKIP","floor":21.0},{"not_picked":["EmptyFist","Evaluate","CutThroughFate+1"],"picked":"SKIP","floor":24.0},{"not_picked":["CutThroughFate","Collect","CrushJoints"],"picked":"SKIP","floor":25.0},{"not_picked":["Consecrate","FlyingSleeves"],"picked":"ClearTheMind+1","floor":28.0},{"not_picked":["ThirdEye+1","Vengeance+1","BowlingBash+1"],"picked":"SKIP","floor":31.0},{"not_picked":["MasterReality","ConjureBlade+1"],"picked":"Vault+1","floor":33.0},{"not_picked":["Evaluate+1","PathToVictory+1"],"picked":"Tantrum+1","floor":35.0},{"not_picked":["Wireheading","Evaluate+1","Crescendo+1"],"picked":"SKIP","floor":36.0},{"not_picked":["Bandage Up+1","HandOfGreed"],"picked":"Finesse+1","floor":37.0},{"not_picked":["Blind+1","Secret Weapon+1"],"picked":"Purity+1","floor":37.0},{"not_picked":["Purity+1","Finesse+1"],"picked":"Madness+1","floor":37.0},{"not_picked":["CrushJoints","Prostrate+1","Tantrum+1"],"picked":"SKIP","floor":39.0},{"not_picked":["PathToVictory+1","Prostrate+1","FollowUp"],"picked":"SKIP","floor":41.0},{"not_picked":["Nirvana","CrushJoints"],"picked":"Study+1","floor":44.0},{"not_picked":["FlyingSleeves+1","JustLucky+1"],"picked":"TalkToTheHand+1","floor":45.0},{"not_picked":["JustLucky","Evaluate+1","WreathOfFlame+1"],"picked":"SKIP","floor":46.0},{"not_picked":["SpiritShield+1","FlyingSleeves"],"picked":"EmptyMind+1","floor":54.0}],"player_experience":2301680,"relics_obtained":[{"floor":7.0,"key":"Tiny Chest"},{"floor":9.0,"key":"Orichalcum"},{"floor":12.0,"key":"Pen Nib"},{"floor":24.0,"key":"Happy Flower"},{"floor":26.0,"key":"Toxic Egg 2"},{"floor":28.0,"key":"Potion Belt"},{"floor":41.0,"key":"CaptainsWheel"},{"floor":44.0,"key":"Bottled Tornado"},{"floor":46.0,"key":"Frozen Egg 2"},{"floor":54.0,"key":"Nunchaku"}],"event_choices":[{"cards_removed":["Defend_P"],"damage_healed":0.0,"max_hp_gain":0.0,"max_hp_loss":0.0,"gold_gain":0.0,"event_name":"The Cleric","player_choice":"Card Removal","floor":10.0,"gold_loss":50.0,"damage_taken":0.0},{"damage_healed":0.0,"max_hp_gain":0.0,"max_hp_loss":0.0,"gold_gain":75.0,"event_name":"World of Goop","player_choice":"Gather Gold","floor":11.0,"gold_loss":0.0,"damage_taken":11.0},{"damage_healed":0.0,"max_hp_gain":0.0,"max_hp_loss":0.0,"gold_gain":0.0,"event_name":"Ghosts","player_choice":"Ignored","floor":19.0,"gold_loss":0.0,"damage_taken":0.0},{"damage_healed":0.0,"max_hp_gain":0.0,"max_hp_loss":0.0,"gold_gain":0.0,"event_name":"SensoryStone","player_choice":"Memory 3","floor":37.0,"gold_loss":0.0,"damage_taken":10.0},{"cards_removed":["Defend_P"],"damage_healed":0.0,"max_hp_gain":0.0,"max_hp_loss":0.0,"gold_gain":0.0,"event_name":"Falling","player_choice":"Removed Skill","floor":42.0,"gold_loss":0.0,"damage_taken":0.0},{"damage_healed":0.0,"max_hp_gain":0.0,"max_hp_loss":0.0,"gold_gain":0.0,"event_name":"Tomb of Lord Red Mask","player_choice":"Ignored","floor":47.0,"gold_loss":0.0,"damage_taken":0.0}],"is_beta":false,"boss_relics":[{"not_picked":["Sozu","Tiny House"],"picked":"Runic Pyramid"},{"not_picked":["HolyWater","Velvet Choker"],"picked":"Cursed Key"}],"items_purged_floors":[14,38,53],"is_endless":false,"potions_floor_spawned":[4,5,12,18,24,33,35,41,44],"ascension_level":1}}