{"host":"d61fcf2p3sjwe6yo","time":1611348924,"event":{"mods":["AchievementEnabler","BaseMod","Colored Map","Downfall","Minty Spire (QoL Compilation)","StSLib","SuperFastMode"],"gold_per_floor":[99,111,129,129,146,46,72,98,114,130,130,305,321,90,108,108,108,108],"floor_reached":16,"language":"ENG","playtime":666,"items_purged":["Doubt"],"score":161,"play_id":"da8516ab-15d4-4678-af02-dfb60b054ae6","local_time":"20210122235524","is_ascension_mode":true,"campfire_choices":[{"floor":1,"key":"RECALL"},{"data":"sneckomod:ImprovisedGuard","floor":6,"key":"SMITH"},{"floor":11,"key":"REST"}],"circlet_count":0,"master_deck":["AscendersBane","sneckomod:Strike","sneckomod:Strike","sneckomod:Strike","sneckomod:Defend","sneckomod:Defend","sneckomod:Defend","sneckomod:TailWhip","sneckomod:SnekBite","sneckomod:Unknown","sneckomod:Unknown","sneckomod:ImprovisedGuard+1","sneckomod:Unknown1Cost","sneckomod:UnknownVulnerable","sneckomod:UnknownDraw","sneckomod:UnknownBlock","sneckomod:WideSting","sneckomod:Unknown1Cost","sneckomod:UnknownDraw","expansioncontent:PrepareCrush","sneckomod:UnknownWeak"],"relics":["sneckomod:SneckoSoul","downfall:HeartBlessingRed","Bag of Marbles","Akabeko"],"acts_visited":["Exordium"],"potions_floor_usage":[8,16,16],"damage_taken":[{"damage":13,"enemies":"Small Slimes","floor":2,"turns":4},{"damage":6,"enemies":"Cultist","floor":3,"turns":4},{"damage":9,"enemies":"2 Louse","floor":5,"turns":2},{"damage":20,"enemies":"Lagavulin","floor":8,"turns":8},{"damage":18,"enemies":"Exordium Wildlife","floor":9,"turns":5},{"damage":13,"enemies":"Large Slime","floor":10,"turns":2},{"damage":8,"enemies":"Blue Slaver","floor":13,"turns":2},{"damage":5,"enemies":"downfall:FleeingMerchant","floor":14,"turns":4},{"damage":5,"enemies":"Exordium Wildlife","floor":15,"turns":4},{"damage":33,"enemies":"WA_ARCHETYPE_RETAIN","floor":16,"turns":8}],"seed_played":"-2183319048895753415","potions_obtained":[{"floor":2,"key":"FearPotion"},{"floor":4,"key":"CultistPotion"},{"floor":4,"key":"champ:CounterPotion"},{"floor":9,"key":"Weak Potion"}],"is_trial":false,"path_per_floor":["R","M","M","?","M","R","T","E","M","M","R","?","M","$","M","B"],"character_chosen":"THE_SNECKO","items_purchased":["sneckomod:UnknownDraw","expansioncontent:PrepareCrush"],"campfire_rested":1,"item_purchase_floors":[14,14],"current_hp_per_floor":[90,77,71,71,62,62,62,42,24,11,40,40,32,27,32,0,0,0],"gold":108,"neow_bonus":"TEN_PERCENT_HP_BONUS","is_daily":false,"chose_seed":false,"campfire_upgraded":1,"win_rate":0.0,"timestamp":1611348924,"path_taken":["R","M","M","?","M","R","T","E","?","M","R","?","M","$","M","BOSS"],"items_purchased_type":["Card","Card"],"build_version":"2020-12-22","purchased_purges":1,"victory":false,"max_hp_per_floor":[99,99,99,99,99,99,99,99,99,99,99,99,99,99,99,99,99,99],"card_choices":[{"not_picked":["sneckomod:UnknownDraw","sneckomod:SoulCleanse"],"picked":"sneckomod:ImprovisedGuard","floor":2},{"not_picked":["sneckomod:SoulRoll","sneckomod:TrashToTreasure"],"picked":"sneckomod:Unknown1Cost","floor":3},{"not_picked":["sneckomod:DiceCrush","sneckomod:Rotation"],"picked":"sneckomod:UnknownVulnerable","floor":5},{"not_picked":["sneckomod:MasterEye","sneckomod:Rotation","sneckomod:IronFang"],"picked":"SKIP","floor":8},{"not_picked":["sneckomod:UnendingSupply","sneckomod:QuickMove"],"picked":"sneckomod:UnknownDraw","floor":9},{"not_picked":["sneckomod:ImprovisedGuard","sneckomod:UnknownX"],"picked":"sneckomod:UnknownBlock","floor":10},{"not_picked":["sneckomod:SoulCleanse","sneckomod:UnknownCommonAttack"],"picked":"sneckomod:WideSting","floor":13},{"not_picked":["sneckomod:Mudshield","sneckomod:RainOfDice"],"picked":"sneckomod:Unknown1Cost","floor":14},{"not_picked":["sneckomod:WideSting","sneckomod:UnknownCommonSkill"],"picked":"sneckomod:UnknownWeak","floor":15}],"player_experience":668491,"relics_obtained":[{"floor":7,"key":"Bag of Marbles"},{"floor":8,"key":"Akabeko"}],"event_choices":[{"damage_healed":0,"gold_gain":0,"player_choice":"Got Potions","damage_taken":0,"max_hp_gain":0,"max_hp_loss":0,"event_name":"Lab","floor":4,"gold_loss":0}],"is_beta":false,"boss_relics":[],"items_purged_floors":[14],"is_endless":false,"potions_floor_spawned":[2,9,15],"killed_by":"WA_ARCHETYPE_RETAIN","ascension_level":11}}