{"host":"q2j4ef1ti78v4imq","time":1611343243,"event":{"mods":["AchievementEnabler","BaseMod","Better Altar","Better Match","Better Note","Better Sensory Stone","Better Skull","Better Third Choice","Block Reminder","Hermit","Minty Spire (QoL Compilation)","Relic Stats","Replay The Spire","Shade Mod","StSLib"],"gold_per_floor":[118,130,130,29,29,58,58,84,110,127,144,175,257,257,257,335,335,354,371,8,8,8,38,38,73,73,85,112,130,5,5,5,81,81,101,126,126,126,126,126],"floor_reached":39,"language":"ENG","playtime":8758,"items_purged":["Defend_R","Pain","Shame"],"score":1003,"play_id":"3a0e216d-5646-427e-9501-ce3831d0b5ec","local_time":"20210122192043","is_ascension_mode":true,"campfire_choices":[{"floor":7.0,"key":"REST"},{"floor":24,"key":"REST"},{"floor":32,"key":"REST"}],"circlet_count":0,"master_deck":["AscendersBane","Strike_R","Strike_R","Strike_R","Strike_R","Defend_R","Defend_R","Bash","Shrug It Off","Cleave","Iron Wave","Disarm+1","Rage","Limit Break","Inflame","ReplayTheSpireMod:Muscle Training","Battle Trance","Secret Weapon","Bludgeon","Shrug It Off","Apotheosis","Whirlwind","Twin Strike+1","Pot Of Greed","Pot Of Greed","Pot Of Greed","Sword Boomerang","Flex","Demon Form","Languid"],"relics":["Burning Blood","Durian","Anchor","Question Card","ReplayTheSpireMod:Spearhead","PreservedInsect","Ancient Tea Set","Red Skull","Cursed Key","Blood Vial","Grinning Jar","Singing Bowl","Bottled Tornado","Runic Cube","Replay:Kaleidoscope","Replay:Wax Seal"],"acts_visited":["Exordium","TheCity","TheBeyond"],"potions_floor_usage":[16,16,23,39],"damage_taken":[{"damage":26.0,"enemies":"Jaw Worm","floor":1.0,"turns":6.0},{"damage":2.0,"enemies":"Small Slimes","floor":2.0,"turns":3.0},{"damage":11.0,"enemies":"Gremlin Nob","floor":6.0,"turns":4.0},{"damage":30.0,"enemies":"3 Sentries","floor":8.0,"turns":5.0},{"damage":4.0,"enemies":"2 Louse","floor":10.0,"turns":2.0},{"damage":0.0,"enemies":"Large Slime","floor":11.0,"turns":6.0},{"damage":0.0,"enemies":"Gremlin Nob","floor":12.0,"turns":2.0},{"damage":14,"enemies":"The Guardian","floor":16,"turns":9},{"damage":20,"enemies":"Shell Parasite","floor":18,"turns":6},{"damage":31,"enemies":"Chosen","floor":19,"turns":6},{"damage":10,"enemies":"Replay:Snechameleon","floor":23,"turns":3},{"damage":19,"enemies":"Slavers","floor":25,"turns":5},{"damage":14,"enemies":"Centurion and Healer","floor":27,"turns":6},{"damage":13,"enemies":"Book of Stabbing","floor":28,"turns":3},{"damage":12,"enemies":"3 Cultists","floor":29,"turns":3},{"damage":0,"enemies":"Champ","floor":33,"turns":7},{"damage":24,"enemies":"3 Darklings","floor":35,"turns":5},{"damage":14,"enemies":"Mind Bloom Boss Battle","floor":36,"turns":7},{"damage":69,"enemies":"2 Orb Walkers","floor":39,"turns":3}],"seed_played":"1497029523829066908","potions_obtained":[{"floor":1.0,"key":"Reflective Coating"},{"floor":8.0,"key":"EssenceOfSteel"},{"floor":11.0,"key":"Fire Potion"},{"floor":12.0,"key":"EssenceOfSteel"},{"floor":18,"key":"LiquidBronze"},{"floor":19,"key":"GamblersBrew"},{"floor":25,"key":"SkillPotion"},{"floor":29,"key":"Cursed Concoction"}],"is_trial":false,"path_per_floor":["M","M","?","$","?","E","R","E","T","M","M","E","?","?","R","B",null,"M","M","$","?","$","E","R","E","T","M","E","M","$","?","R","B",null,"M","?","T","?","?"],"character_chosen":"IRONCLAD","items_purchased":["Iron Wave","Apotheosis","Whirlwind"],"campfire_rested":3,"item_purchase_floors":[4,20,20],"current_hp_per_floor":[53,57,39,39,32,27,48,24,24,26,32,38,38,38,59,51,68,54,29,29,29,29,25,46,35,35,29,26,24,24,24,47,55,72,58,54,54,54,0,0],"gold":126,"neow_bonus":"ONE_RARE_RELIC","is_daily":false,"chose_seed":false,"campfire_upgraded":0,"win_rate":0.0,"timestamp":1611343243,"path_taken":["M","M","?","$","?","E","R","E","T","M","M","E","?","?","R","BOSS","M","M","$","?","?","E","R","E","T","?","E","M","?","?","R","BOSS","M","?","?","?","?"],"items_purchased_type":["Card","Card","Card"],"build_version":"2020-12-22","purchased_purges":3,"victory":false,"max_hp_per_floor":[73,73,73,73,73,73,73,73,73,73,73,73,73,73,73,73,73,73,73,73,73,73,73,73,73,73,73,75,77,77,77,77,77,77,79,81,81,81,81,81],"relic_stats":{"Blood Vial":16,"Singing Bowl":8,"counters":[19,91],"PreservedInsect":143,"Question Card":18,"Cursed Key":2,"obtain_stats":[{"Singing Bowl":26,"PreservedInsect":9,"Replay:Kaleidoscope":36,"Bottled Tornado":28,"Question Card":6,"Ancient Tea Set":12,"Cursed Key":17,"Burning Blood":0,"Blood Vial":23,"Anchor":3,"ReplayTheSpireMod:Spearhead":8,"Durian":0,"Grinning Jar":25,"Replay:Wax Seal":37,"Red Skull":13,"Runic Cube":34},{"Singing Bowl":12,"PreservedInsect":4,"Replay:Kaleidoscope":18,"Bottled Tornado":14,"Question Card":3,"Ancient Tea Set":7,"Cursed Key":8,"Burning Blood":0,"Blood Vial":11,"Anchor":2,"ReplayTheSpireMod:Spearhead":4,"Durian":0,"Grinning Jar":12,"Replay:Wax Seal":18,"Red Skull":7,"Runic Cube":16},{"Singing Bowl":57,"PreservedInsect":18,"Replay:Kaleidoscope":88,"Bottled Tornado":66,"Question Card":13,"Ancient Tea Set":28,"Cursed Key":37,"Burning Blood":0,"Blood Vial":52,"Anchor":9,"ReplayTheSpireMod:Spearhead":18,"Durian":0,"Grinning Jar":57,"Replay:Wax Seal":88,"Red Skull":28,"Runic Cube":76}],"Burning Blood":108,"Runic Cube":[17]},"card_choices":[{"not_picked":["Sever Soul","Uppercut"],"picked":"Shrug It Off","floor":1.0},{"not_picked":["ReplayTheSpireMod:Strike From Hell","Feel No Pain"],"picked":"Cleave","floor":2.0},{"not_picked":["ReplayTheSpireMod:Strike From Hell","Dark Embrace"],"picked":"Fire Breathing","floor":6.0},{"not_picked":["Replay:Undeath\u0027s Touch","Rupture","Dark Embrace"],"picked":"Disarm","floor":8.0},{"not_picked":["Clash","Disarm","ReplayTheSpireMod:Strike From Hell"],"picked":"Rage","floor":10.0},{"not_picked":["Twin Strike","Spot Weakness","Battle Trance"],"picked":"Limit Break","floor":11.0},{"not_picked":["Pommel Strike","Cleave","Limit Break"],"picked":"Inflame","floor":12.0},{"not_picked":["Clash","Cleave","Evolve"],"picked":"ReplayTheSpireMod:Muscle Training","floor":13.0},{"not_picked":["Heavy Blade","Reckless Charge","Armaments"],"picked":"Battle Trance","floor":13.0},{"not_picked":["Replay:Sssssssssshield","Purity","ReplayTheSpireMod:Trickstab"],"picked":"Secret Weapon","floor":14},{"not_picked":["Corruption","Offering","Eclipse"],"picked":"Bludgeon","floor":16},{"not_picked":["Havoc","Thunderclap","Clash"],"picked":"Armaments","floor":18},{"not_picked":["Replay:Undeath\u0027s Touch","Havoc","Rampage"],"picked":"Shrug It Off","floor":19},{"not_picked":["Feel No Pain","Clothesline+1","Massacre"],"picked":"Twin Strike+1","floor":23},{"not_picked":["Heavy Blade","Shockwave","ReplayTheSpireMod:Strike From Hell"],"picked":"Sword Boomerang","floor":25},{"not_picked":["Entrench","Brutality","Fire Breathing"],"picked":"Flex","floor":27},{"not_picked":["Shockwave","Shrug It Off","Pommel Strike","Evolve"],"picked":"Singing Bowl","floor":28},{"not_picked":["Armaments","Heavy Blade","Abandon","Run Through+1"],"picked":"Singing Bowl","floor":29},{"not_picked":["Barricade","Replay:Many Hands","Juggernaut"],"picked":"Demon Form","floor":33},{"not_picked":["Body Slam","Clothesline","Searing Blow+1","Burning Pact"],"picked":"Singing Bowl","floor":35},{"not_picked":["True Grit","Flex+1","Headbutt+1","Run Through+1"],"picked":"Singing Bowl","floor":36}],"player_experience":852095,"relics_obtained":[{"floor":6.0,"key":"Question Card"},{"floor":8.0,"key":"ReplayTheSpireMod:Spearhead"},{"floor":9.0,"key":"PreservedInsect"},{"floor":12.0,"key":"Ancient Tea Set"},{"floor":13.0,"key":"Red Skull"},{"floor":23,"key":"Blood Vial"},{"floor":25,"key":"Grinning Jar"},{"floor":26,"key":"Singing Bowl"},{"floor":28,"key":"Bottled Tornado"},{"floor":36,"key":"Replay:Kaleidoscope"},{"floor":37,"key":"Replay:Wax Seal"}],"event_choices":[{"damage_healed":0.0,"max_hp_gain":0.0,"max_hp_loss":0.0,"gold_gain":0.0,"event_name":"betterThird:BetterScrap","player_choice":"Relic ","floor":3.0,"gold_loss":0.0,"damage_taken":18.0,"cards_obtained":["Amplify"]},{"cards_removed":["Defend_R"],"damage_healed":0.0,"max_hp_gain":0.0,"max_hp_loss":0.0,"gold_gain":0.0,"event_name":"Golden Wing","player_choice":"Card Removal","floor":5.0,"gold_loss":0.0,"damage_taken":7.0},{"damage_healed":0,"gold_gain":1,"player_choice":"1","damage_taken":0,"max_hp_gain":0,"max_hp_loss":0,"event_name":"betterStone:BetterStone","floor":14,"gold_loss":0},{"cards_removed":["Armaments"],"damage_healed":0,"gold_gain":0,"player_choice":"Purged","damage_taken":0,"max_hp_gain":0,"max_hp_loss":0,"event_name":"Purifier","floor":21,"gold_loss":0},{"cards_removed":["Strike_R"],"damage_healed":0,"gold_gain":0,"player_choice":"Elegance","damage_taken":0,"max_hp_gain":0,"max_hp_loss":0,"event_name":"betterThird:BetterWriting","floor":31,"gold_loss":0},{"damage_healed":0,"gold_gain":0,"player_choice":"Fight","damage_taken":0,"max_hp_gain":0,"max_hp_loss":0,"event_name":"MindBloom","floor":36,"gold_loss":0},{"cards_removed":["Fire Breathing"],"damage_healed":0,"gold_gain":0,"player_choice":"Removed Power","damage_taken":0,"max_hp_gain":0,"max_hp_loss":0,"event_name":"Falling","floor":38,"gold_loss":0},{"damage_healed":0,"gold_gain":0,"player_choice":"Fight","damage_taken":0,"max_hp_gain":0,"max_hp_loss":0,"event_name":"Mysterious Sphere","floor":39,"gold_loss":0}],"is_beta":false,"boss_relics":[{"not_picked":["Velvet Choker","Busted Crown"],"picked":"Cursed Key"},{"not_picked":["ChewingGum","SacredBark"],"picked":"Runic Cube"}],"items_purged_floors":[4,20,30],"is_endless":false,"potions_floor_spawned":[1,8,11,12,18,19,25,29],"killed_by":"2 Orb Walkers","ascension_level":18}}