{"host":"og6lam4kt3nibbw0","time":1611342272,"event":{"mods":["AchievementEnabler","BaseMod","Colored Map","DeckTracker","Highlight Path","Keyboard Shortcuts","Minty Spire (QoL Compilation)","Permanent Neow","Quick Restart","StSLib","SuperFastMode"],"gold_per_floor":[113,38,57,57,57,57,67,67,94,121,121,44,44,61,61,134,134,147,47,63,63,80,80,96,96,123,157,173,193,222,222,222,300,300,318,3,17,64,77,77,77],"floor_reached":40,"language":"KOR","playtime":2313,"items_purged":["Defend_P","Collect","CrushJoints"],"score":812,"play_id":"fc407e8d-ddee-492b-938c-74e25609d59c","local_time":"20210123040432","is_ascension_mode":true,"campfire_choices":[{"data":"Eruption","floor":6.0,"key":"SMITH"},{"floor":8.0,"key":"REST"},{"data":"Vault","floor":11.0,"key":"SMITH"},{"floor":15.0,"key":"REST"},{"data":"ForeignInfluence","floor":23.0,"key":"SMITH"},{"data":"Scrawl","floor":25,"key":"SMITH"},{"floor":32,"key":"REST"}],"circlet_count":0,"master_deck":["AscendersBane","Eruption+1","Vigilance","Meditate","Evaluate","Vault+1","BattleHymn","Crescendo","Brilliance","Scrawl+1","TalkToTheHand","ForeignInfluence+1","Halt","ClearTheMind+1","ConjureBlade","TalkToTheHand","Adaptation"],"relics":["PureWater","HornCleat","Omamori","Toy Ornithopter","Pandora\u0027s Box","Nloth\u0027s Gift","Orichalcum","White Beast Statue","Red Mask","SacredBark","Ice Cream"],"acts_visited":["Exordium","TheCity","TheBeyond"],"potions_floor_usage":[27,28,30,33,36,37,38,40],"damage_taken":[{"damage":7.0,"enemies":"Small Slimes","floor":1.0,"turns":5.0},{"damage":0.0,"enemies":"Jaw Worm","floor":3.0,"turns":3.0},{"damage":0.0,"enemies":"Cultist","floor":7.0,"turns":3.0},{"damage":25.0,"enemies":"3 Sentries","floor":10.0,"turns":8.0},{"damage":4.0,"enemies":"Exordium Thugs","floor":14.0,"turns":5.0},{"damage":21.0,"enemies":"Slime Boss","floor":16.0,"turns":6.0},{"damage":0.0,"enemies":"Spheric Guardian","floor":18.0,"turns":3.0},{"damage":0.0,"enemies":"Chosen","floor":20.0,"turns":4.0},{"damage":0.0,"enemies":"Sentry and Sphere","floor":22.0,"turns":4.0},{"damage":13,"enemies":"Shelled Parasite and Fungi","floor":24,"turns":3},{"damage":23,"enemies":"Slavers","floor":27,"turns":3},{"damage":0,"enemies":"Snake Plant","floor":28,"turns":3},{"damage":11,"enemies":"Centurion and Healer","floor":29,"turns":3},{"damage":0,"enemies":"Masked Bandits","floor":30,"turns":3},{"damage":38,"enemies":"Automaton","floor":33,"turns":10},{"damage":6,"enemies":"Orb Walker","floor":35,"turns":2},{"damage":8,"enemies":"3 Darklings","floor":37,"turns":4},{"damage":0,"enemies":"2 Orb Walkers","floor":38,"turns":3},{"damage":24,"enemies":"4 Shapes","floor":39,"turns":5},{"damage":148,"enemies":"Nemesis","floor":40,"turns":9}],"seed_played":"2775342047709857913","potions_obtained":[{"floor":7.0,"key":"ColorlessPotion"},{"floor":14.0,"key":"Weak Potion"},{"floor":16.0,"key":"SpeedPotion"},{"floor":24,"key":"Regen Potion"},{"floor":27,"key":"Block Potion"},{"floor":28,"key":"ColorlessPotion"},{"floor":29,"key":"Ancient Potion"},{"floor":30,"key":"Explosive Potion"},{"floor":33,"key":"ColorlessPotion"},{"floor":35,"key":"Explosive Potion"},{"floor":37,"key":"Fire Potion"},{"floor":38,"key":"FairyPotion"},{"floor":39,"key":"Fire Potion"}],"is_trial":false,"path_per_floor":["M","$","M","?","T","R","M","R","T","E","R","$","?","M","R","B",null,"M","$","M","?","M","R","M","R","T","E","M","M","?","?","R","B",null,"M","$","M","?","M","E"],"character_chosen":"WATCHER","items_purchased":["BattleHymn","Adaptation","Fruit Juice"],"campfire_rested":3,"item_purchase_floors":[12,36,36],"current_hp_per_floor":[54,54,54,28,28,28,28,46,46,21,21,21,14,10,28,17,51,51,51,51,51,51,51,38,38,38,29,34,23,28,28,46,13,50,44,59,56,61,37,0,0],"gold":77,"neow_bonus":"REMOVE_TWO","is_daily":false,"chose_seed":false,"campfire_upgraded":4,"win_rate":0.0,"timestamp":1611342272,"path_taken":["M","$","M","?","?","R","M","R","T","E","R","$","?","M","R","BOSS","M","$","M","?","M","R","M","R","T","E","M","?","?","?","R","BOSS","M","$","M","?","M","E"],"items_purchased_type":["Card","Card","Potion"],"build_version":"2020-12-22","purchased_purges":3,"victory":false,"max_hp_per_floor":[62,62,62,62,62,62,62,62,62,62,62,62,62,62,62,62,62,62,62,62,62,62,62,62,62,62,62,62,62,62,62,62,62,62,62,72,72,72,72,72,72],"card_choices":[{"not_picked":["Consecrate","BowlingBash"],"picked":"Meditate","floor":1.0},{"not_picked":["FlyingSleeves","SashWhip"],"picked":"Evaluate","floor":3.0},{"not_picked":["FlurryOfBlows","LikeWater"],"picked":"Vault","floor":7.0},{"not_picked":["ClearTheMind","Halt"],"picked":"CrushJoints","floor":10.0},{"not_picked":["ThirdEye","CutThroughFate","BowlingBash"],"picked":"SKIP","floor":14.0},{"not_picked":["JustLucky","EmptyFist"],"picked":"TalkToTheHand","floor":18.0},{"not_picked":["Worship","Vengeance+1","FollowUp+1"],"picked":"SKIP","floor":20.0},{"not_picked":["Tantrum","ClearTheMind+1"],"picked":"ForeignInfluence","floor":22.0},{"not_picked":["Wireheading","Protect","ThirdEye"],"picked":"SKIP","floor":24},{"not_picked":["DevaForm","MasterReality","Protect"],"picked":"SKIP","floor":27},{"not_picked":["WindmillStrike","PathToVictory"],"picked":"Halt","floor":28},{"not_picked":["Scrawl","EmptyFist+1"],"picked":"ClearTheMind+1","floor":29},{"not_picked":["Establishment","DeusExMachina"],"picked":"ConjureBlade","floor":33},{"not_picked":["PathToVictory+1","EmptyBody"],"picked":"TalkToTheHand","floor":35},{"not_picked":["PathToVictory","Crescendo+1","Weave"],"picked":"SKIP","floor":37},{"not_picked":["EmptyBody","Pray","BowlingBash"],"picked":"SKIP","floor":39}],"player_experience":948199,"relics_obtained":[{"floor":5.0,"key":"HornCleat"},{"floor":9.0,"key":"Omamori"},{"floor":10.0,"key":"Toy Ornithopter"},{"floor":26,"key":"Orichalcum"},{"floor":27,"key":"White Beast Statue"},{"floor":30,"key":"Red Mask"},{"floor":38,"key":"Ice Cream"}],"event_choices":[{"damage_healed":0.0,"max_hp_gain":0.0,"max_hp_loss":0.0,"gold_gain":0.0,"event_name":"Scrap Ooze","player_choice":"Success","floor":4.0,"gold_loss":0.0,"damage_taken":26.0,"relics_obtained":["Oddly Smooth Stone"]},{"cards_removed":["Strike_P"],"damage_healed":0.0,"max_hp_gain":0.0,"max_hp_loss":0.0,"gold_gain":0.0,"event_name":"Golden Wing","player_choice":"Card Removal","floor":13.0,"gold_loss":0.0,"damage_taken":7.0},{"damage_healed":0.0,"max_hp_gain":0.0,"max_hp_loss":0.0,"gold_gain":0.0,"event_name":"N\u0027loth","player_choice":"Traded Relic","floor":21.0,"relics_lost":["Oddly Smooth Stone"],"gold_loss":0.0,"damage_taken":0.0,"relics_obtained":["Nloth\u0027s Gift"]},{"damage_healed":0,"gold_gain":0,"player_choice":"Fought Bandits","damage_taken":0,"max_hp_gain":0,"max_hp_loss":0,"event_name":"Masked Bandits","floor":30,"gold_loss":0},{"damage_healed":0,"gold_gain":0,"player_choice":"Ignored","damage_taken":0,"max_hp_gain":0,"max_hp_loss":0,"event_name":"Cursed Tome","floor":31,"gold_loss":0},{"damage_healed":0,"gold_gain":0,"player_choice":"Fight","damage_taken":0,"max_hp_gain":0,"max_hp_loss":0,"event_name":"Mysterious Sphere","floor":38,"gold_loss":0}],"is_beta":false,"boss_relics":[{"not_picked":["Black Star","Philosopher\u0027s Stone"],"picked":"Pandora\u0027s Box"},{"not_picked":["VioletLotus","Fusion Hammer"],"picked":"SacredBark"}],"items_purged_floors":[2,19,36],"is_endless":false,"potions_floor_spawned":[7,14,16,24,27,28,29,30,33,35,37,38,39],"killed_by":"Nemesis","ascension_level":20}}