{"host":"x0zs2aah5aepmxqq","time":1611358064,"event":{"mods":["BaseMod","Downfall","Minty Spire (QoL Compilation)","StSLib"],"gold_per_floor":[99,109,121,132,132,1,28,45,45,65,75,75,86,386,401,401,401,401],"floor_reached":16,"language":"ENG","playtime":1349,"items_purged":["bronze:Strike"],"score":96,"play_id":"163029e5-cb9a-4df9-997b-670322d6c72c","local_time":"20210122162744","is_ascension_mode":false,"campfire_choices":[{"floor":1,"key":"RECALL"},{"data":"bronze:WhirlingStrike","floor":9,"key":"SMITH"},{"data":"bronze:Iterate","floor":12,"key":"SMITH"}],"circlet_count":0,"master_deck":["bronze:Strike","bronze:Strike","bronze:Strike","bronze:Defend","bronze:Defend","bronze:Defend","bronze:Defend","bronze:Replicate","bronze:Goto","bronze:GetLatest","bronze:WhirlingStrike+1","bronze:FollowUp","bronze:Optimize","bronze:Overload","bronze:Invalidate","bronze:Iterate+1","bronze:FollowUp","downfall:Icky","downfall:Icky"],"relics":["bronze:BronzeCore","Bird Faced Urn"],"acts_visited":["Exordium"],"potions_floor_usage":[],"damage_taken":[{"damage":6,"enemies":"Cultist","floor":2,"turns":4},{"damage":1,"enemies":"2 Louse","floor":3,"turns":2},{"damage":5,"enemies":"Jaw Worm","floor":4,"turns":4},{"damage":5,"enemies":"downfall:FleeingMerchant","floor":6,"turns":4},{"damage":3,"enemies":"Exordium Thugs","floor":8,"turns":5},{"damage":2,"enemies":"3 Louse","floor":10,"turns":3},{"damage":10,"enemies":"Lots of Slimes","floor":11,"turns":2},{"damage":7,"enemies":"Large Slime","floor":13,"turns":3},{"damage":0,"enemies":"3 Louse","floor":15,"turns":3},{"damage":54,"enemies":"SI_SHIV_ARCHETYPE","floor":16,"turns":7}],"seed_played":"-4336311748826891411","potions_obtained":[{"floor":8,"key":"Fire Potion"},{"floor":10,"key":"CultistPotion"},{"floor":13,"key":"Swift Potion"}],"is_trial":false,"path_per_floor":["R","M","M","M","T","$","T","M","R","M","M","R","M","?","M","B"],"character_chosen":"THE_AUTOMATON","items_purchased":["bronze:Overload"],"campfire_rested":0,"item_purchase_floors":[6],"current_hp_per_floor":[77,71,70,65,65,60,60,59,59,59,51,51,46,46,48,0,0,0],"gold":401,"neow_bonus":"TEN_PERCENT_HP_BONUS","is_daily":false,"chose_seed":false,"campfire_upgraded":2,"win_rate":0.0,"timestamp":1611358064,"path_taken":["R","M","M","?","?","$","T","M","R","M","?","R","M","?","M","BOSS"],"items_purchased_type":["Card"],"build_version":"2020-12-22","purchased_purges":1,"victory":false,"max_hp_per_floor":[77,77,77,77,77,77,77,77,77,77,77,77,77,77,77,77,77,77],"card_choices":[{"not_picked":["bronze:Frontload","bronze:WildBeam"],"picked":"bronze:GetLatest","floor":2},{"not_picked":["bronze:DelayedSlice","bronze:Invalidate"],"picked":"bronze:WhirlingStrike","floor":3},{"not_picked":["bronze:Branch","bronze:Iterate"],"picked":"bronze:FollowUp","floor":4},{"not_picked":["bronze:DelayedGuard","bronze:Invalidate"],"picked":"bronze:Optimize","floor":6},{"not_picked":["bronze:Iterate","bronze:CloningBeam"],"picked":"bronze:Invalidate","floor":8},{"not_picked":["bronze:CutThrough","bronze:Invalidate"],"picked":"bronze:Iterate","floor":10},{"not_picked":["bronze:BitShift","bronze:Shell","bronze:Overheat"],"picked":"SKIP","floor":11},{"not_picked":["bronze:Branch","bronze:BugBarrage"],"picked":"bronze:FollowUp","floor":13},{"not_picked":["bronze:BurnOut","bronze:ChosenStrike","bronze:BronzeArmor"],"picked":"SKIP","floor":15}],"player_experience":313889,"relics_obtained":[{"floor":5,"key":"Bird Faced Urn"}],"event_choices":[],"is_beta":false,"boss_relics":[],"items_purged_floors":[6],"is_endless":false,"potions_floor_spawned":[4,8,10,13],"killed_by":"SI_SHIV_ARCHETYPE","ascension_level":0}}