{"host":"bplbr8uekuotory4","time":1611301181,"event":{"mods":["Act Like it!","BaseMod","Custom Start","Gensokyo","GungeonMod","Hermit","KinomotoSakuraMod(木之本樱)","Marisa（F雨　魔理沙）","Minty Spire (QoL Compilation)","Prisma Mod","Quick Restart","Reimu（博丽灵梦）","Replay The Spire","SOS（斯巴达之子）","Spicy Shops","StSLib","TestMod","The Blackbeard","The Cursed","The Marked","The Mystic","The Poker Player","The Runesmith","The Saiyan","The Senshi","The Servant 0.9.4","Yuri Mod","[IsaacMod]以撒尖塔"],"gold_per_floor":[109,109,135,165,27,27,27],"floor_reached":6,"language":"ZHS","playtime":85,"items_purged":[],"score":36,"play_id":"92a17bdd-e812-49b6-924f-78bb3d49ed79","local_time":"20210122153941","is_ascension_mode":false,"campfire_choices":[],"circlet_count":0,"master_deck":["theSenshi:SailorKick","theSenshi:SailorKick","theSenshi:SailorKick","theSenshi:SailorKick","theSenshi:SailorBlock","theSenshi:SailorBlock","theSenshi:SailorBlock","theSenshi:SailorBlock","theSenshi:RoseThrow","theSenshi:MoonPrismPowerMakeUp","theSenshi:SailorVenusAssists","theSenshi:GatheringStrength","theSenshi:SteeledNerves"],"relics":["theSenshi:TransformationBroochRelic","testmod-TestBox","HushsDoor","GuppysPaw","testmod-TurbochargingSystem","NeowsBlessing","MawBank","DemoMod:GlassGuonStoneRelic","SteamSale"],"acts_visited":["Exordium"],"potions_floor_usage":[6],"damage_taken":[{"damage":0,"enemies":"Jaw Worm","floor":1,"turns":1},{"damage":0,"enemies":"Cultist","floor":3,"turns":1},{"damage":0,"enemies":"Small Slimes","floor":4,"turns":1},{"damage":0,"enemies":"Gremlin Nob","floor":6,"turns":2}],"seed_played":"7556451255979734054","potions_obtained":[{"floor":4,"key":"AttackPotion"}],"is_trial":false,"path_per_floor":["M","?","M","M","$","E"],"character_chosen":"THE_SENSHI","items_purchased":["SteamSale"],"campfire_rested":0,"item_purchase_floors":[5],"current_hp_per_floor":[75,60,60,60,60,60,60],"gold":27,"neow_bonus":"THREE_ENEMY_KILL","is_daily":false,"chose_seed":false,"campfire_upgraded":0,"win_rate":0.0,"timestamp":1611301181,"path_taken":["M","?","?","M","$","E"],"items_purchased_type":["Relic"],"build_version":"2020-12-22","purchased_purges":0,"victory":false,"max_hp_per_floor":[75,75,75,75,75,75,75],"card_choices":[{"not_picked":["theSenshi:MoonHealingEscalation","theSenshi:SailorMercuryAssists"],"picked":"theSenshi:SailorVenusAssists","floor":1},{"not_picked":["theSenshi:TallSilhouette","theSenshi:MoonPunch"],"picked":"theSenshi:GatheringStrength","floor":3},{"not_picked":["theSenshi:SailorChibiMoonAssists","theSenshi:LateForSchool"],"picked":"theSenshi:SteeledNerves","floor":4}],"player_experience":1189163,"relics_obtained":[],"event_choices":[],"is_beta":false,"boss_relics":[],"items_purged_floors":[],"is_endless":false,"potions_floor_spawned":[4],"killed_by":"Gremlin Nob","ascension_level":0}}