{"host":"03a85bwj0a5skoit","time":1611298794,"event":{"mods":["BaseMod","Block Reminder","Minty Spire (QoL Compilation)","Relic Stats","StSLib"],"gold_per_floor":[109,123,123,123,26,26,59,59,59,78,108,108,174,202,202,279,279,291,6,26,26,26,52,52,81,81,81,105,122,137,62,62,62,62],"floor_reached":33,"language":"ENG","playtime":920,"items_purged":[],"score":648,"play_id":"c0fa068a-b94b-4b65-a098-49d67d9742d6","local_time":"20210122172954","is_ascension_mode":true,"campfire_choices":[{"data":"Bash","floor":6,"key":"SMITH"},{"data":"Swift Strike","floor":8,"key":"SMITH"},{"floor":12,"key":"REST"},{"floor":15,"key":"REST"},{"floor":24,"key":"REST"},{"floor":27,"key":"REST"},{"data":"Enlightenment","floor":32,"key":"SMITH"}],"circlet_count":0,"master_deck":["AscendersBane","Strike_R","Strike_R+1","Strike_R","Strike_R+1","Strike_R","Defend_R","Defend_R","Defend_R","Defend_R","Bash+1","Pommel Strike","Perfected Strike+1","Swift Strike+1","Battle Trance","Disarm","Pommel Strike","Inflame","Spot Weakness","Cleave","Offering","Shrug It Off","Enlightenment+1","Armaments","Seeing Red","Perfected Strike+1","Disarm","Impervious","Perfected Strike","Dual Wield"],"relics":["Burning Blood","NeowsBlessing","Art of War","Dream Catcher","Anchor","Akabeko","Black Star","Membership Card","Regal Pillow","MutagenicStrength","Blue Candle","Ice Cream","Blood Vial","PreservedInsect","Shuriken"],"acts_visited":["Exordium","TheCity"],"potions_floor_usage":[14,23],"damage_taken":[{"damage":0,"enemies":"2 Louse","floor":1,"turns":1},{"damage":0,"enemies":"Small Slimes","floor":2,"turns":1},{"damage":0,"enemies":"Lagavulin","floor":7,"turns":1},{"damage":0,"enemies":"Jaw Worm","floor":10,"turns":1},{"damage":47,"enemies":"3 Sentries","floor":11,"turns":9},{"damage":13,"enemies":"Lagavulin","floor":14,"turns":3},{"damage":31,"enemies":"The Guardian","floor":16,"turns":9},{"damage":6,"enemies":"Chosen","floor":18,"turns":3},{"damage":15,"enemies":"3 Byrds","floor":20,"turns":5},{"damage":43,"enemies":"Book of Stabbing","floor":23,"turns":5},{"damage":35,"enemies":"Slavers","floor":25,"turns":5},{"damage":19,"enemies":"Centurion and Healer","floor":29,"turns":4},{"damage":7,"enemies":"Snake Plant","floor":30,"turns":3},{"damage":112,"enemies":"Automaton","floor":33,"turns":6}],"seed_played":"-5142962909959533980","potions_obtained":[{"floor":1,"key":"CultistPotion"},{"floor":25,"key":"Ancient Potion"},{"floor":29,"key":"FearPotion"}],"is_trial":false,"path_per_floor":["M","M","?","?","$","R","E","R","T","M","E","R","?","E","R","B",null,"M","$","M","?","?","E","R","E","T","R","T","M","M","?","R","B"],"character_chosen":"IRONCLAD","items_purchased":["Swift Strike","Membership Card","Enlightenment","LiquidMemories","Armaments"],"campfire_rested":4,"item_purchase_floors":[5,19,19,19,19],"current_hp_per_floor":[74,75,52,52,52,52,58,58,58,64,23,45,45,38,60,35,65,65,65,56,56,56,19,56,27,27,64,64,53,54,54,54,0,0],"gold":62,"neow_bonus":"THREE_ENEMY_KILL","is_daily":false,"chose_seed":false,"campfire_upgraded":3,"win_rate":0.0,"timestamp":1611298794,"path_taken":["M","M","?","?","$","R","E","R","T","M","E","R","?","E","R","BOSS","M","$","M","?","?","E","R","E","T","R","?","M","M","?","R","BOSS"],"items_purchased_type":["Card","Relic","Card","Potion","Card"],"build_version":"2020-12-22","purchased_purges":0,"victory":false,"max_hp_per_floor":[75,75,75,75,75,75,75,75,75,75,75,75,75,75,75,75,75,75,75,75,75,75,75,75,75,75,75,75,75,75,75,75,75,75],"relic_stats":{"Blood Vial":6,"Dream Catcher":4,"Regal Pillow":30,"counters":[14,56],"Shuriken":[1],"Blue Candle":[3],"PreservedInsect":0,"Art of War":[2],"Black Star":2,"obtain_stats":[{"Ice Cream":23,"Regal Pillow":21,"NeowsBlessing":0,"Blue Candle":23,"PreservedInsect":25,"Burning Blood":0,"Akabeko":14,"Blood Vial":25,"Dream Catcher":9,"Anchor":11,"Shuriken":26,"MutagenicStrength":22,"Art of War":7,"Black Star":17,"Membership Card":19},{"Ice Cream":10,"Regal Pillow":9,"NeowsBlessing":0,"Blue Candle":10,"PreservedInsect":11,"Burning Blood":0,"Akabeko":6,"Blood Vial":11,"Dream Catcher":3,"Anchor":5,"Shuriken":11,"MutagenicStrength":9,"Art of War":3,"Black Star":7,"Membership Card":8},{"Ice Cream":38,"Regal Pillow":33,"NeowsBlessing":0,"Blue Candle":38,"PreservedInsect":43,"Burning Blood":0,"Akabeko":16,"Blood Vial":43,"Dream Catcher":3,"Anchor":13,"Shuriken":43,"MutagenicStrength":33,"Art of War":3,"Black Star":25,"Membership Card":28}],"Burning Blood":73},"card_choices":[{"not_picked":["Metallicize","Body Slam"],"picked":"Pommel Strike","floor":1},{"not_picked":["Dropkick","Flex"],"picked":"Perfected Strike","floor":2},{"not_picked":["Cleave","Iron Wave"],"picked":"Battle Trance","floor":7},{"not_picked":["Body Slam","Blood for Blood"],"picked":"Disarm","floor":10},{"not_picked":["Heavy Blade","Sword Boomerang"],"picked":"Pommel Strike","floor":11},{"not_picked":["Heavy Blade","Reckless Charge"],"picked":"Inflame","floor":12},{"not_picked":["Metallicize","Armaments"],"picked":"Spot Weakness","floor":14},{"not_picked":["Thunderclap","Flex"],"picked":"Cleave","floor":15},{"not_picked":["Juggernaut","Double Tap"],"picked":"Offering","floor":16},{"not_picked":["Clothesline","Second Wind"],"picked":"Shrug It Off","floor":18},{"not_picked":["Clash","Intimidate"],"picked":"Seeing Red","floor":20},{"not_picked":["Infernal Blade","Clothesline","Sword Boomerang"],"picked":"SKIP","floor":23},{"not_picked":["Evolve","Anger"],"picked":"Perfected Strike+1","floor":24},{"not_picked":["Perfected Strike","Second Wind"],"picked":"Disarm","floor":25},{"not_picked":["Armaments","Thunderclap"],"picked":"Impervious","floor":27},{"not_picked":["Reckless Charge","Entrench"],"picked":"Perfected Strike","floor":29},{"not_picked":["Shrug It Off","Body Slam"],"picked":"Dual Wield","floor":30}],"player_experience":2349438,"relics_obtained":[{"floor":7,"key":"Art of War"},{"floor":9,"key":"Dream Catcher"},{"floor":11,"key":"Anchor"},{"floor":14,"key":"Akabeko"},{"floor":23,"key":"Blue Candle"},{"floor":23,"key":"Ice Cream"},{"floor":25,"key":"Blood Vial"},{"floor":25,"key":"PreservedInsect"},{"floor":26,"key":"Shuriken"}],"event_choices":[{"damage_healed":0,"gold_gain":0,"player_choice":"Entered Light","damage_taken":23,"max_hp_gain":0,"max_hp_loss":0,"event_name":"Shining Light","floor":3,"gold_loss":0,"cards_upgraded":["Strike_R","Strike_R"]},{"damage_healed":0,"gold_gain":0,"player_choice":"Grow","damage_taken":0,"max_hp_gain":0,"max_hp_loss":0,"event_name":"Living Wall","floor":4,"gold_loss":0,"cards_upgraded":["Perfected Strike"]},{"damage_healed":0,"gold_gain":66,"player_choice":"Gained Gold","damage_taken":0,"max_hp_gain":0,"max_hp_loss":0,"event_name":"Golden Wing","floor":13,"gold_loss":0},{"damage_healed":0,"gold_gain":0,"player_choice":"Opened","damage_taken":0,"relics_obtained":["Regal Pillow"],"max_hp_gain":0,"max_hp_loss":0,"event_name":"The Mausoleum","floor":21,"gold_loss":0,"cards_obtained":["Writhe"]},{"damage_healed":0,"gold_gain":0,"player_choice":"Inject Mutagens","damage_taken":0,"relics_obtained":["MutagenicStrength"],"max_hp_gain":0,"max_hp_loss":0,"event_name":"Drug Dealer","floor":22,"gold_loss":0},{"cards_removed":["Writhe"],"damage_healed":0,"gold_gain":0,"player_choice":"Gave Gold","damage_taken":0,"max_hp_gain":0,"max_hp_loss":0,"event_name":"Beggar","floor":31,"gold_loss":75}],"is_beta":false,"boss_relics":[{"not_picked":["Runic Dome","Philosopher\u0027s Stone"],"picked":"Black Star"}],"items_purged_floors":[],"is_endless":false,"potions_floor_spawned":[1,25,29,30],"killed_by":"Automaton","ascension_level":20}}