{"host":"92108ef2q9tm8rod","time":1611320207,"event":{"mods":["BaseMod","Defuse TimeMaze Blight","Minty Spire (QoL Compilation)","StSLib","The Jungle"],"gold_per_floor":[417,433,65,76,96,96,96,123,169,203,203,203,233,246,246,345,345,362,379,140,154,154,154,186,218,245,245,261,261,295,306,306,402,402,420,439,439,301,301,301,301,301,301,301,328,328,345,345,345,345],"floor_reached":51,"language":"ENG","playtime":2098,"items_purged":["Hologram"],"score":1003,"play_id":"66552d85-1df3-4abb-a69c-05333e72be9a","local_time":"20210122125647","daily_mods":["SealedDeck","Blue Cards","Heirloom","Flight"],"is_ascension_mode":false,"campfire_choices":[{"data":"Loop","floor":6,"key":"SMITH"},{"data":"Deflect","floor":7,"key":"SMITH"},{"data":"Coolheaded","floor":12,"key":"SMITH"},{"data":"Caltrops","floor":15,"key":"SMITH"},{"data":"A Thousand Cuts","floor":23,"key":"SMITH"},{"data":"Gash","floor":27,"key":"SMITH"},{"data":"Blizzard","floor":29,"key":"SMITH"},{"data":"Escape Plan","floor":32,"key":"SMITH"},{"data":"Madness","floor":40,"key":"SMITH"},{"data":"Madness","floor":41,"key":"SMITH"},{"data":"Adrenaline","floor":42,"key":"SMITH"},{"data":"Glacier","floor":44,"key":"SMITH"},{"floor":46,"key":"REST"},{"floor":49,"key":"REST"}],"circlet_count":0,"master_deck":["Caltrops+1","Gash+1","Coolheaded+1","Glacier+1","Loop+1","Gash+1","Escape Plan+1","Deflect+1","Gash+1","A Thousand Cuts+1","Blizzard+1","Adrenaline+1","Madness+1","Madness+1"],"relics":["Ring of the Snake","Old Coin","Ginger","Sundial","Whetstone","Regal Pillow","Gremlin Horn","Letter Opener","Bronze Scales","Pear","Ornamental Fan","The Courier"],"acts_visited":["Exordium","Exordium","TheBeyond"],"potions_floor_usage":[24,25,28,28,37,45],"damage_taken":[{"damage":0,"enemies":"Cultist","floor":1,"turns":2},{"damage":0,"enemies":"2 Louse","floor":2,"turns":2},{"damage":0,"enemies":"Jaw Worm","floor":4,"turns":3},{"damage":0,"enemies":"Large Slime","floor":5,"turns":3},{"damage":0,"enemies":"3 Sentries","floor":8,"turns":5},{"damage":0,"enemies":"Gremlin Nob","floor":10,"turns":3},{"damage":0,"enemies":"3 Sentries","floor":13,"turns":4},{"damage":0,"enemies":"2 Fungi Beasts","floor":14,"turns":2},{"damage":0,"enemies":"Hexaghost","floor":16,"turns":5},{"damage":1,"enemies":"Shell Parasite","floor":18,"turns":3},{"damage":0,"enemies":"theJungle:5_Spyders","floor":19,"turns":4},{"damage":2,"enemies":"theJungle:SlimyTreeVines","floor":21,"turns":5},{"damage":0,"enemies":"theJungle:Cassacara","floor":24,"turns":3},{"damage":0,"enemies":"theJungle:MamaSnecko","floor":25,"turns":4},{"damage":0,"enemies":"theJungle:JungleHuntersEncounter","floor":28,"turns":3},{"damage":0,"enemies":"theJungle:Cassacara","floor":30,"turns":3},{"damage":0,"enemies":"Snake Plant","floor":31,"turns":3},{"damage":0,"enemies":"theJungle:QueenSpyder","floor":33,"turns":4},{"damage":0,"enemies":"Orb Walker","floor":35,"turns":3},{"damage":0,"enemies":"3 Shapes","floor":36,"turns":3},{"damage":1,"enemies":"Writhing Mass","floor":37,"turns":2},{"damage":11,"enemies":"Giant Head","floor":45,"turns":5},{"damage":2,"enemies":"Sphere and 2 Shapes","floor":47,"turns":3},{"damage":31,"enemies":"Donu and Deca","floor":50,"turns":6}],"seed_played":"3150889627432919908","potions_obtained":[{"floor":1,"key":"LiquidBronze"},{"floor":5,"key":"AttackPotion"},{"floor":14,"key":"SmokeBomb"},{"floor":18,"key":"LiquidBronze"},{"floor":24,"key":"SkillPotion"},{"floor":33,"key":"SpeedPotion"},{"floor":35,"key":"Regen Potion"},{"floor":36,"key":"SmokeBomb"}],"is_trial":true,"path_per_floor":["M","M","$","M","M","R","R","E","T","E","$","R","E","M","R","B",null,"M","M","$","M","?","R","E","E","T","R","M","R","E","M","R","B",null,"M","M","M","$","?","R","R","R","T","R","E","R","M","$","R","B",null],"character_chosen":"THE_SILENT","items_purchased":["Ginger","Gremlin Horn","Adrenaline"],"campfire_rested":2,"item_purchase_floors":[3,20,38],"current_hp_per_floor":[70,70,70,70,70,70,70,70,70,70,70,70,70,70,70,70,70,69,69,69,68,68,68,68,68,68,68,68,68,78,78,78,78,80,80,80,79,79,69,69,69,69,69,69,70,80,78,78,80,49],"gold":345,"neow_bonus":"","is_daily":false,"chose_seed":false,"campfire_upgraded":12,"win_rate":0.0,"timestamp":1611320207,"path_taken":["M","M","$","M","M","R","R","E","T","E","$","R","E","M","R","BOSS","M","?","$","M","?","R","E","E","T","R","M","R","E","M","R","BOSS","M","M","M","$","?","R","R","R","T","R","E","R","M","$","R","BOSS"],"items_purchased_type":["Relic","Relic","Card"],"build_version":"2020-12-22","purchased_purges":1,"victory":true,"max_hp_per_floor":[70,70,70,70,70,70,70,70,70,70,70,70,70,70,70,70,70,70,70,70,70,70,70,70,70,70,70,70,70,80,80,80,80,80,80,80,80,80,80,80,80,80,80,80,80,80,80,80,80,80],"card_choices":[{"not_picked":["Flying Knee","Noxious Fumes","Rebound"],"picked":"SKIP","floor":1},{"not_picked":["Deflect","Conserve Battery","Lockon"],"picked":"SKIP","floor":2},{"not_picked":["Tactician","Bane","Malaise"],"picked":"SKIP","floor":4},{"not_picked":["Turbo","Dagger Spray","Deflect"],"picked":"SKIP","floor":5},{"not_picked":["Distraction","Cold Snap","Auto Shields"],"picked":"SKIP","floor":8},{"not_picked":["Go for the Eyes","Deadly Poison","Chaos"],"picked":"SKIP","floor":10},{"not_picked":["Leg Sweep","Cold Snap","Aggregate"],"picked":"SKIP","floor":13},{"not_picked":["Prepared","Skim","Bane"],"picked":"SKIP","floor":14},{"not_picked":["Wraith Form v2","Seek"],"picked":"A Thousand Cuts","floor":16},{"not_picked":["Rebound+1","Ball Lightning+1","Dagger Spray"],"picked":"SKIP","floor":18},{"not_picked":["Compile Driver+1","Beam Cell","Fusion"],"picked":"SKIP","floor":19},{"not_picked":["Slice","Cloak And Dagger"],"picked":"Blizzard","floor":21},{"not_picked":["Loop","Coolheaded","Accuracy"],"picked":"SKIP","floor":24},{"not_picked":["Tools of the Trade","Quick Slash","Sunder+1"],"picked":"SKIP","floor":25},{"not_picked":["Outmaneuver+1","Double Energy","Poisoned Stab"],"picked":"SKIP","floor":28},{"not_picked":["Sucker Punch","Escape Plan","Stack"],"picked":"SKIP","floor":30},{"not_picked":["Steam","Skewer","Sunder+1"],"picked":"SKIP","floor":31},{"not_picked":["Rebound","Static Discharge+1","Tactician+1"],"picked":"SKIP","floor":35},{"not_picked":["Beam Cell+1","Bouncing Flask+1","Sucker Punch"],"picked":"SKIP","floor":36},{"not_picked":["FTL","Terror","Sucker Punch+1"],"picked":"SKIP","floor":45},{"not_picked":["Expertise+1","Well Laid Plans","PiercingWail"],"picked":"SKIP","floor":47}],"player_experience":3323198,"relics_obtained":[{"floor":8,"key":"Sundial"},{"floor":9,"key":"Whetstone"},{"floor":10,"key":"Regal Pillow"},{"floor":25,"key":"Letter Opener"},{"floor":26,"key":"Bronze Scales"},{"floor":30,"key":"Pear"},{"floor":43,"key":"Ornamental Fan"},{"floor":45,"key":"The Courier"}],"event_choices":[{"damage_healed":0,"gold_gain":0,"player_choice":"Embrace Madness","damage_taken":10,"max_hp_gain":0,"max_hp_loss":0,"event_name":"Winding Halls","floor":39,"gold_loss":0,"cards_obtained":["Madness","Madness"]}],"is_beta":false,"boss_relics":[{"not_picked":["Astrolabe","Calling Bell","Ectoplasm"]},{"not_picked":["Velvet Choker","Runic Pyramid","Sozu"]}],"items_purged_floors":[3],"is_endless":false,"potions_floor_spawned":[1,5,14,16,18,19,24,33,35,36],"ascension_level":0}}