{"host":"b7mawubrjc2hdxhd","time":1611316683,"event":{"mods":["AchievementEnabler","Aspiration","BaseMod","BetterRewards","Conspire","Hubris","Ironclad Rager","Minty Spire (QoL Compilation)","Relic Stats","Replay The Spire","Small Relic Pack","Spicy Shops","Spire Arcade","StS++","StSLib"],"gold_per_floor":[117,129,129,145,206,231,244,244,244,262,277,277,292,467,467,571,571,588,197,197,112,132,158,158,158],"floor_reached":24,"language":"ENG","playtime":1660,"items_purged":[],"score":218,"play_id":"91172daa-e690-4b25-9fd5-3d554fa88c56","local_time":"20210122115803","is_ascension_mode":false,"campfire_choices":[{"floor":8,"key":"RECALL"},{"floor":12,"key":"REST"},{"floor":15,"key":"REST"}],"circlet_count":0,"master_deck":["Bash","Heavy Blade","Demonic Infusion","Massacre","Flame Barrier","ReplayReversal","Life Link","Headbutt","Perfected Strike","ReplayTheSpireMod:Limb From Limb","ReplayTheSpireMod:Limb From Limb","Doubt","conspire:HitWhereItHurts","Dark Embrace","Dual Wield","Body Slam","Hemogenesis","Shockwave","Perfected Strike","Battle Trance","Spot Weakness","Barricade","Flex+1","Pride","Inflame","Metallicize","ReplayTheSpireMod:Stacked+1"],"relics":["Burning Blood","Bag of Marbles","conspire:Boomerang","Pandora\u0027s Box","PreservedInsect","Centennial Puzzle","Omamori","Regal Pillow","Bag of Preparation"],"acts_visited":["Exordium","TheCity"],"potions_floor_usage":[16,16,16],"damage_taken":[{"damage":2,"enemies":"Jaw Worm","floor":1,"turns":4},{"damage":2,"enemies":"Cultist","floor":2,"turns":3},{"damage":7,"enemies":"Small Slimes","floor":4,"turns":3},{"damage":29,"enemies":"Replay:BlueRogue","floor":6,"turns":11},{"damage":5,"enemies":"conspire:2 RoseBushes","floor":7,"turns":7},{"damage":13,"enemies":"Red Slaver","floor":10,"turns":3},{"damage":6,"enemies":"Gremlin Gang","floor":11,"turns":4},{"damage":12,"enemies":"3 Louse","floor":13,"turns":5},{"damage":58,"enemies":"Fading Forest","floor":16,"turns":11},{"damage":72,"enemies":"Spheric Guardian","floor":18,"turns":10},{"damage":35,"enemies":"Shell Parasite","floor":22,"turns":5},{"damage":9,"enemies":"conspire:Head Lice","floor":23,"turns":5},{"damage":13,"enemies":"conspire:HollyBat","floor":24,"turns":2}],"seed_played":"-6236996819054220820","potions_obtained":[{"floor":5,"key":"Cursed Concoction"},{"floor":6,"key":"SkillPotion"},{"floor":7,"key":"DistilledChaos"},{"floor":10,"key":"Explosive Potion"},{"floor":18,"key":"SpeedPotion"}],"is_trial":false,"path_per_floor":["M","M","?","M","?","E","M","R","T","M","M","R","M","?","R","B",null,"M","$","?","?","M","E","M"],"character_chosen":"IRONCLAD","items_purchased":["PreservedInsect","Centennial Puzzle","Omamori","Inflame"],"campfire_rested":2,"item_purchase_floors":[19,19,19,19],"current_hp_per_floor":[80,80,80,79,59,36,37,37,37,30,30,54,48,48,72,38,80,19,19,45,45,16,13,0,0],"gold":158,"neow_bonus":"IRONCLAD_RAGER","is_daily":false,"chose_seed":false,"campfire_upgraded":0,"win_rate":0.0,"timestamp":1611316683,"path_taken":["M","M","?","?","?","E","M","R","T","?","M","R","?","?","R","BOSS","M","$","?","?","M","E","?"],"items_purchased_type":["Relic","Relic","Relic","Card"],"build_version":"2020-12-22","purchased_purges":0,"victory":false,"max_hp_per_floor":[80,80,80,80,80,80,80,80,80,80,80,80,80,80,80,80,80,80,80,80,80,80,80,80,80],"relic_stats":{"Centennial Puzzle":[6],"Regal Pillow":0,"counters":[132,610],"Pandora\u0027s Box":["Dark Embrace","Dual Wield","Body Slam","Hemogenesis","Shockwave","Perfected Strike","Battle Trance","Spot Weakness","Barricade"],"PreservedInsect":36,"Bag of Preparation":[2],"obtain_stats":[{"hubris:BallOfYels":8,"Golden Egg":7,"relicPack:OneForAll":22,"Blood Vial":43,"Replay:Ringing Soul":9,"Centennial Puzzle":19,"Replay:Frozen Program":36,"conspire:DecoderRing":40,"Strawberry":25,"Prayer Wheel":16,"MealTicket":39,"Iron Hammer":26,"HandDrill":31,"relicPack:AllForOne":3,"Replay:Wax Seal":11,"StSpp:WoodenStick":36,"aspiration:DSix":6,"conspire:Dentures":23,"hubris:DuctTape":12,"Happy Flower":24,"aspiration:Nostalgia":0,"hubris:SoftwareUpdate":9,"Replay:Grab Bag":17,"Velvet Choker":17,"Pen Nib":11,"conspire:Boomerang":6,"Letter Opener":43,"War Paint":11,"aspiration:IroncladSkillbook":17,"WarpedTongs":10,"OrangePellets":4,"SlaversCollar":34,"Shuriken":11,"Molten Egg 2":10,"Onion Ring":13,"Pandora\u0027s Box":17,"Grinning Jar":6,"conspire:IceCreamScoop":14,"Meat on the Bone":10,"ReplayFunnel":9,"Solar Panel":20,"hubris:Metronome":9,"Regal Pillow":21,"conspire:SpecialSausage":17,"Painkiller Herb":17,"Juzu Bracelet":7,"Bag of Preparation":23,"Smiling Mask":7,"Ancient Tea Set":38,"conspire:TopHat":7,"conspire:InfiniteJournal":0,"Replay:Rubber Ducky":20,"SsserpentHead":5,"Replay:Bandana":6,"hubris:Icosahedron":13,"Replay:M_SmolderingBlood":14,"Pantograph":5,"hubris:CuriousFeather":0,"WingedGreaves":0,"Red Mask":19,"aspiration:FutureDiary":17,"Cracked Core":0,"InkBottle":6,"Ring of the Snake":20,"Gremlin Food":9,"Potion Belt":26,"Lee\u0027s Waffle":0,"Replay:M_StaffOfTheSnake":0,"ReplayTheSpireMod:Ninjato":11,"NeowsBlessing":0,"Golden Idol":5,"aspiration:FetidBarrel":26,"hubris:64BitClover":36,"aspiration:RunicSpoon":17,"Guide Book":21,"conspire:RunicOctahedron":34,"PreservedInsect":19,"Geode":21,"Omamori":19,"Orichalcum":31,"Frozen Egg 2":11,"hubris:Towel":37,"Mercury Hourglass":4,"Ornamental Fan":13,"hubris:Spice":47,"Ring of Misfortune":37,"Ring of Fury":37,"StSpp:BrokenTotem":9,"Art of War":0,"Durian":49,"Bag of Marbles":5,"Membership Card":0,"aspiration:RitualDagger":17,"ReplayTheSpireMod:Lightbulb":26,"hubris:OldNail":4},{"hubris:BallOfYels":24,"Golden Egg":70,"relicPack:OneForAll":90,"Blood Vial":114,"Replay:Ringing Soul":96,"Centennial Puzzle":129,"Replay:Frozen Program":111,"conspire:DecoderRing":45,"Strawberry":92,"Prayer Wheel":34,"MealTicket":44,"Iron Hammer":107,"HandDrill":109,"relicPack:AllForOne":94,"Replay:Wax Seal":54,"StSpp:WoodenStick":111,"aspiration:DSix":23,"conspire:Dentures":78,"hubris:DuctTape":72,"Happy Flower":107,"aspiration:Nostalgia":0,"hubris:SoftwareUpdate":24,"Replay:Grab Bag":101,"Velvet Choker":101,"Pen Nib":84,"conspire:Boomerang":123,"Letter Opener":46,"War Paint":5,"aspiration:IroncladSkillbook":101,"WarpedTongs":16,"OrangePellets":50,"SlaversCollar":110,"Shuriken":31,"Molten Egg 2":4,"Onion Ring":72,"Pandora\u0027s Box":128,"Grinning Jar":16,"conspire:IceCreamScoop":8,"Meat on the Bone":96,"ReplayFunnel":4,"Solar Panel":36,"hubris:Metronome":84,"Regal Pillow":129,"conspire:SpecialSausage":34,"Painkiller Herb":101,"Juzu Bracelet":31,"Bag of Preparation":131,"Smiling Mask":4,"Ancient Tea Set":111,"conspire:TopHat":84,"conspire:InfiniteJournal":49,"Replay:Rubber Ducky":89,"SsserpentHead":30,"Replay:Bandana":96,"hubris:Icosahedron":85,"Replay:M_SmolderingBlood":18,"Pantograph":51,"hubris:CuriousFeather":79,"WingedGreaves":79,"Red Mask":36,"aspiration:FutureDiary":87,"Cracked Core":0,"InkBottle":52,"Ring of the Snake":36,"Gremlin Food":16,"Potion Belt":92,"Lee\u0027s Waffle":79,"Replay:M_StaffOfTheSnake":0,"ReplayTheSpireMod:Ninjato":97,"NeowsBlessing":8,"Golden Idol":10,"aspiration:FetidBarrel":39,"hubris:64BitClover":43,"aspiration:RunicSpoon":57,"Guide Book":59,"conspire:RunicOctahedron":42,"PreservedInsect":129,"Geode":59,"Omamori":129,"Orichalcum":41,"Frozen Egg 2":71,"hubris:Towel":111,"Mercury Hourglass":50,"Ornamental Fan":32,"hubris:Spice":117,"Ring of Misfortune":43,"Ring of Fury":43,"StSpp:BrokenTotem":70,"Art of War":19,"Durian":118,"Bag of Marbles":122,"Membership Card":49,"aspiration:RitualDagger":74,"ReplayTheSpireMod:Lightbulb":78,"hubris:OldNail":50},{"hubris:BallOfYels":110,"Golden Egg":283,"relicPack:OneForAll":374,"Blood Vial":505,"Replay:Ringing Soul":403,"Centennial Puzzle":598,"Replay:Frozen Program":487,"conspire:DecoderRing":193,"Strawberry":387,"Prayer Wheel":136,"MealTicket":188,"Iron Hammer":469,"HandDrill":477,"relicPack:AllForOne":396,"Replay:Wax Seal":230,"StSpp:WoodenStick":487,"aspiration:DSix":102,"conspire:Dentures":319,"hubris:DuctTape":291,"Happy Flower":469,"aspiration:Nostalgia":0,"hubris:SoftwareUpdate":110,"Replay:Grab Bag":434,"Velvet Choker":434,"Pen Nib":341,"conspire:Boomerang":558,"Letter Opener":198,"War Paint":30,"aspiration:IroncladSkillbook":434,"WarpedTongs":70,"OrangePellets":213,"SlaversCollar":484,"Shuriken":127,"Molten Egg 2":19,"Onion Ring":291,"Pandora\u0027s Box":588,"Grinning Jar":70,"conspire:IceCreamScoop":54,"Meat on the Bone":403,"ReplayFunnel":19,"Solar Panel":150,"hubris:Metronome":341,"Regal Pillow":598,"conspire:SpecialSausage":143,"Painkiller Herb":434,"Juzu Bracelet":127,"Bag of Preparation":608,"Smiling Mask":19,"Ancient Tea Set":487,"conspire:TopHat":341,"conspire:InfiniteJournal":211,"Replay:Rubber Ducky":368,"SsserpentHead":120,"Replay:Bandana":403,"hubris:Icosahedron":347,"Replay:M_SmolderingBlood":78,"Pantograph":218,"hubris:CuriousFeather":324,"WingedGreaves":324,"Red Mask":150,"aspiration:FutureDiary":359,"Cracked Core":0,"InkBottle":224,"Ring of the Snake":150,"Gremlin Food":70,"Potion Belt":387,"Lee\u0027s Waffle":324,"Replay:M_StaffOfTheSnake":0,"ReplayTheSpireMod:Ninjato":412,"NeowsBlessing":54,"Golden Idol":56,"aspiration:FetidBarrel":164,"hubris:64BitClover":184,"aspiration:RunicSpoon":242,"Guide Book":248,"conspire:RunicOctahedron":180,"PreservedInsect":598,"Geode":248,"Omamori":598,"Orichalcum":172,"Frozen Egg 2":286,"hubris:Towel":487,"Mercury Hourglass":213,"Ornamental Fan":132,"hubris:Spice":523,"Ring of Misfortune":184,"Ring of Fury":184,"StSpp:BrokenTotem":283,"Art of War":84,"Durian":528,"Bag of Marbles":547,"Membership Card":211,"aspiration:RitualDagger":300,"ReplayTheSpireMod:Lightbulb":319,"hubris:OldNail":213}],"Burning Blood":64},"card_choices":[{"not_picked":["Run Through","StSpp:Jab"],"picked":"Heavy Blade","floor":1},{"not_picked":["Heavy Blade","Carnage"],"picked":"Demonic Infusion","floor":2},{"not_picked":["Replay:Undeath\u0027s Touch","conspire:ExplosiveBarrier"],"picked":"Massacre","floor":4},{"not_picked":["Thunderclap","hubris:ReadiedAction"],"picked":"Flame Barrier","floor":5},{"not_picked":["conspire:ExplosiveBarrier","Pommel Strike"],"picked":"ReplayReversal","floor":5},{"not_picked":["Cleave","Feel No Pain"],"picked":"Life Link","floor":6},{"not_picked":["True Grit","Berserk"],"picked":"Headbutt","floor":7},{"not_picked":["Twin Strike","Body Slam"],"picked":"Perfected Strike","floor":10},{"not_picked":["Seeing Red","Warcry"],"picked":"ReplayTheSpireMod:Limb From Limb","floor":11},{"not_picked":["Pommel Strike","Warcry"],"picked":"ReplayTheSpireMod:Limb From Limb","floor":13},{"not_picked":["Bludgeon","Eclipse"],"picked":"conspire:HitWhereItHurts","floor":16},{"not_picked":["Iron Wave","Warcry"],"picked":"Flex+1","floor":18},{"not_picked":["Second Wind","ReplayTheSpireMod:Strike From Hell"],"picked":"Metallicize","floor":22},{"not_picked":["StSpp:Succumb+1","Heavy Blade+1"],"picked":"ReplayTheSpireMod:Stacked+1","floor":23}],"player_experience":49479,"relics_obtained":[{"floor":5,"key":"Bag of Marbles"},{"floor":6,"key":"conspire:Boomerang"},{"floor":23,"key":"Bag of Preparation"}],"event_choices":[{"damage_healed":0,"gold_gain":175,"player_choice":"AGREE","damage_taken":0,"max_hp_gain":0,"max_hp_loss":0,"event_name":"Liars Game","floor":14,"gold_loss":0,"cards_obtained":["Doubt"]},{"damage_healed":26,"gold_gain":0,"player_choice":"Heal","damage_taken":0,"max_hp_gain":0,"max_hp_loss":0,"event_name":"The Library","floor":20,"gold_loss":0},{"damage_healed":0,"gold_gain":0,"player_choice":"Obtained Relic","damage_taken":0,"relics_obtained":["Regal Pillow"],"max_hp_gain":0,"max_hp_loss":0,"event_name":"Addict","floor":21,"gold_loss":85}],"is_beta":false,"boss_relics":[{"not_picked":["aspiration:WatcherSkillbook","Honey Jar"],"picked":"Pandora\u0027s Box"}],"items_purged_floors":[],"is_endless":false,"potions_floor_spawned":[6,7,10,18],"killed_by":"conspire:HollyBat","ascension_level":0}}