{"host":"ak97kadm4gobvh6l","time":1611343180,"event":{"mods":["BaseMod","Colored Map","Downfall","Minty Spire (QoL Compilation)","StSLib"],"gold_per_floor":[99,114,127,37,48,79,79,108,8,8,28,28,48,58,69,69,69,69],"floor_reached":16,"language":"ENG","playtime":1145,"items_purged":["bronze:Strike"],"score":150,"play_id":"00f02805-4bf2-416a-af9a-c5c0497afdf8","local_time":"20210122201940","is_ascension_mode":true,"campfire_choices":[{"data":"bronze:Replicate","floor":1,"key":"SMITH"},{"data":"bronze:Verify","floor":9,"key":"SMITH"},{"floor":12,"key":"RECALL"}],"circlet_count":0,"master_deck":["bronze:Strike","bronze:Strike","bronze:Strike","bronze:Defend","bronze:Defend","bronze:Defend","bronze:Defend","bronze:Replicate+1","bronze:Goto","bronze:GetLatest","bronze:Overheat","bronze:FineTuning","bronze:ChosenStrike","bronze:TinkerersToolbox","bronze:Verify+1","bronze:ForLoop","bronze:ClassDefault","bronze:Shell"],"relics":["bronze:BronzeCore","Bottled Lightning","Omamori","downfall:HeartBlessingBlue"],"acts_visited":["Exordium"],"potions_floor_usage":[6,16,16,16,16,16],"damage_taken":[{"damage":1,"enemies":"Cultist","floor":2,"turns":3},{"damage":5,"enemies":"Small Slimes","floor":3,"turns":2},{"damage":10,"enemies":"downfall:FleeingMerchant","floor":4,"turns":4},{"damage":0,"enemies":"Jaw Worm","floor":5,"turns":3},{"damage":15,"enemies":"Lagavulin","floor":6,"turns":6},{"damage":17,"enemies":"Gremlin Nob","floor":8,"turns":4},{"damage":1,"enemies":"Exordium Wildlife","floor":11,"turns":3},{"damage":0,"enemies":"2 Fungi Beasts","floor":13,"turns":2},{"damage":3,"enemies":"Exordium Thugs","floor":14,"turns":4},{"damage":16,"enemies":"Blue Slaver","floor":15,"turns":3},{"damage":63,"enemies":"IC_STATUS_ARCHETYPE","floor":16,"turns":13}],"seed_played":"-975080001931413659","potions_obtained":[{"floor":5,"key":"Dexterity Potion"},{"floor":8,"key":"EntropicBrew"},{"floor":11,"key":"Swift Potion"},{"floor":13,"key":"SmokeBomb"},{"floor":14,"key":"Explosive Potion"}],"is_trial":false,"path_per_floor":["R","M","M","$","M","E","T","E","R","?","M","R","M","M","M","B"],"character_chosen":"THE_AUTOMATON","items_purchased":[],"campfire_rested":0,"item_purchase_floors":[],"current_hp_per_floor":[77,76,71,61,61,46,46,29,39,39,38,38,38,35,19,0,0,0],"gold":69,"neow_bonus":"TEN_PERCENT_HP_BONUS","is_daily":false,"chose_seed":false,"campfire_upgraded":2,"win_rate":0.0,"timestamp":1611343180,"path_taken":["R","M","M","$","M","E","T","E","R","?","M","R","M","?","M","BOSS"],"items_purchased_type":[],"build_version":"2020-12-22","purchased_purges":1,"victory":false,"max_hp_per_floor":[77,77,77,77,77,77,77,77,87,87,87,87,87,87,87,87,87,87],"card_choices":[{"not_picked":["bronze:BuggyMess","bronze:BitShift"],"picked":"bronze:GetLatest","floor":2},{"not_picked":["bronze:WildBeam","bronze:Refactor"],"picked":"bronze:Overheat","floor":3},{"not_picked":["bronze:Constructor","bronze:Fortify"],"picked":"bronze:FineTuning","floor":4},{"not_picked":["bronze:Terminator","bronze:BuggyMess"],"picked":"bronze:ChosenStrike","floor":5},{"not_picked":["bronze:Invalidate","bronze:BuggyMess"],"picked":"bronze:TinkerersToolbox","floor":6},{"not_picked":["bronze:OilSpill","bronze:Overheat"],"picked":"bronze:Verify","floor":8},{"not_picked":["bronze:Frontload","bronze:WildBeam","bronze:Branch"],"picked":"SKIP","floor":11},{"not_picked":["bronze:Iterate","bronze:CutThrough"],"picked":"bronze:ForLoop","floor":13},{"not_picked":["bronze:DelayedGuard","bronze:Invalidate"],"picked":"bronze:ClassDefault","floor":14},{"not_picked":["bronze:BronzeArmor","bronze:Shield"],"picked":"bronze:Shell","floor":15}],"player_experience":1047933,"relics_obtained":[{"floor":6,"key":"Bottled Lightning"},{"floor":8,"key":"Omamori"}],"event_choices":[{"damage_healed":0,"gold_gain":0,"player_choice":"Leave","damage_taken":0,"max_hp_gain":0,"max_hp_loss":0,"event_name":"FaceTrader","floor":10,"gold_loss":0}],"is_beta":false,"boss_relics":[],"items_purged_floors":[4],"is_endless":false,"potions_floor_spawned":[5,8,11,13,14],"killed_by":"IC_STATUS_ARCHETYPE","ascension_level":2}}