{"host":"g01l53quoe6lrer0","time":1611358491,"event":{"mods":["2.2 Compatiblity","AchievementEnabler","BaseMod","Colored Map","Highlight Path","Keyboard Shortcuts","Minty Spire (QoL Compilation)","Permanent Neow","StSLib","SuperFastMode","everything is the same but u backflip on backflip"],"gold_per_floor":[115,130,143,93,106,106,132,132,132,132,151,170,180,197,197,299,299,312,97,97,41,41],"floor_reached":21,"language":"KOR","playtime":703,"items_purged":["Strike_G"],"score":284,"play_id":"ea81a28d-6f52-4e99-8e08-4c62595d49b1","local_time":"20210123083451","is_ascension_mode":true,"campfire_choices":[{"data":"Cloak And Dagger","floor":6.0,"key":"SMITH"},{"data":"Cloak And Dagger","floor":8.0,"key":"SMITH"},{"floor":10.0,"key":"REST"},{"data":"Neutralize","floor":15.0,"key":"SMITH"}],"circlet_count":0,"master_deck":["AscendersBane","Strike_G","Strike_G","Defend_G","Defend_G","Defend_G","Defend_G","Survivor","Neutralize+1","Blade Dance","Underhanded Strike","Cloak And Dagger+1","Blade Dance","Acrobatics","Terror","Cloak And Dagger+1","Deadly Poison","Dagger Throw","Acrobatics","Infinite Blades","Grand Finale","Finisher","Apotheosis","Well Laid Plans"],"relics":["Ring of the Snake","Bottled Flame","The Courier","Cursed Key"],"acts_visited":["Exordium","TheCity"],"potions_floor_usage":[],"damage_taken":[{"damage":4.0,"enemies":"Small Slimes","floor":1.0,"turns":3.0},{"damage":0.0,"enemies":"Jaw Worm","floor":2.0,"turns":5.0},{"damage":0.0,"enemies":"Cultist","floor":3.0,"turns":3.0},{"damage":18.0,"enemies":"Exordium Thugs","floor":5.0,"turns":5.0},{"damage":15.0,"enemies":"Gremlin Nob","floor":7.0,"turns":3.0},{"damage":0.0,"enemies":"2 Fungi Beasts","floor":11.0,"turns":3.0},{"damage":3.0,"enemies":"Looter","floor":12.0,"turns":3.0},{"damage":1.0,"enemies":"3 Louse","floor":13.0,"turns":3.0},{"damage":0.0,"enemies":"Exordium Thugs","floor":14.0,"turns":3.0},{"damage":28.0,"enemies":"The Guardian","floor":16.0,"turns":12.0},{"damage":22.0,"enemies":"Spheric Guardian","floor":18.0,"turns":4.0}],"seed_played":"-8825018713503606858","potions_obtained":[{"floor":1.0,"key":"PowerPotion"},{"floor":5.0,"key":"Ancient Potion"},{"floor":14.0,"key":"Weak Potion"},{"floor":16.0,"key":"Block Potion"}],"is_trial":false,"path_per_floor":["M","M","M","?","M","R","E","R","T","R","M","M","M","M","R","B",null,"M","$","?","$"],"character_chosen":"THE_SILENT","items_purchased":["Apotheosis","Well Laid Plans"],"campfire_rested":1,"item_purchase_floors":[19,21],"current_hp_per_floor":[59,59,59,59,41,41,26,26,26,44,44,41,40,40,40,12,50,28,28,17,17,17],"gold":41,"neow_bonus":"TRANSFORM_TWO_CARDS","is_daily":false,"chose_seed":false,"campfire_upgraded":3,"win_rate":0.0,"timestamp":1611358491,"path_taken":["M","M","M","?","M","R","E","R","T","R","M","M","M","M","R","BOSS","M","$","?","$"],"items_purchased_type":["Card","Card"],"build_version":"2020-12-22","purchased_purges":1,"victory":false,"max_hp_per_floor":[63,63,63,63,63,63,63,63,63,63,63,63,63,63,63,63,63,63,63,68,68,68],"card_choices":[{"not_picked":["Masterful Stab","Bane"],"picked":"Cloak And Dagger","floor":1.0},{"not_picked":["Poisoned Stab","Choke"],"picked":"Blade Dance","floor":2.0},{"not_picked":["Sucker Punch","Quick Slash"],"picked":"Acrobatics","floor":3.0},{"not_picked":["Phantasmal Killer","Catalyst"],"picked":"Terror","floor":5.0},{"not_picked":["Dagger Spray","Cloak And Dagger","Prepared"],"picked":"SKIP","floor":7.0},{"not_picked":["Dagger Spray","Prepared"],"picked":"Cloak And Dagger","floor":7.0},{"not_picked":["Prepared","Underhanded Strike"],"picked":"Deadly Poison","floor":11.0},{"not_picked":["Cloak And Dagger","Terror"],"picked":"Dagger Throw","floor":12.0},{"not_picked":["Endless Agony","Outmaneuver","Acrobatics"],"picked":"SKIP","floor":13.0},{"not_picked":["Endless Agony","Outmaneuver"],"picked":"Acrobatics","floor":13.0},{"not_picked":["Dash","Venomology"],"picked":"Infinite Blades","floor":14.0},{"not_picked":["Night Terror","A Thousand Cuts"],"picked":"Grand Finale","floor":16.0},{"not_picked":["Choke","Blur"],"picked":"Finisher","floor":18}],"player_experience":248586,"relics_obtained":[{"floor":7.0,"key":"Bottled Flame"},{"floor":9.0,"key":"The Courier"}],"event_choices":[{"cards_removed":["Strike_G"],"damage_healed":0.0,"max_hp_gain":0.0,"max_hp_loss":0.0,"gold_gain":0.0,"event_name":"The Cleric","player_choice":"Card Removal","floor":4.0,"gold_loss":50.0,"damage_taken":0.0},{"damage_healed":0,"gold_gain":0,"player_choice":"Shed Blood","damage_taken":16,"max_hp_gain":5,"max_hp_loss":0,"event_name":"Forgotten Altar","floor":20,"gold_loss":0}],"is_beta":false,"boss_relics":[{"not_picked":["Busted Crown","SlaversCollar"],"picked":"Cursed Key"}],"items_purged_floors":[19],"is_endless":false,"potions_floor_spawned":[1,5,14,16],"ascension_level":11}}