{"host":"Krakhan","time":1611287231,"event":{"mods":["AchievementEnabler","BaseMod","Colored Map","Colored Powertips","Faster Ascension Climbing","Highlight Path","Minty Spire (QoL Compilation)","Rare Cards Sparkle","Relic Stats","StSLib"],"gold_per_floor":[116,116,131,145,159,159,194,194,194,194,214,225,244,272,272,349,349,359,309,320,83,97,127,138,138,162,162,182,182,74,74,74],"floor_reached":31,"language":"ENG","playtime":2194,"items_purged":["Strike_R"],"score":588,"play_id":"165ec39f-62e0-4f44-a353-5c82b1d187d8","local_time":"20210121224711","is_ascension_mode":true,"campfire_choices":[{"data":"Blood for Blood","floor":6.0,"key":"SMITH"},{"floor":8.0,"key":"REST"},{"floor":10.0,"key":"REST"},{"data":"Clothesline","floor":15.0,"key":"SMITH"},{"data":"Feed","floor":25.0,"key":"SMITH"},{"floor":27.0,"key":"REST"},{"data":"Feel No Pain","floor":29.0,"key":"SMITH"}],"circlet_count":0,"master_deck":["AscendersBane","Strike_R","Defend_R+1","Defend_R","Defend_R+1","Bash","Sword Boomerang","Blood for Blood+1","Feel No Pain+1","Perfected Strike","Feed+1","Clothesline+1","Shrug It Off","Armaments","Second Wind","Exhume","Disarm+1","Impervious+1","Clothesline+1","Intimidate","Whirlwind","Battle Trance+1","Sever Soul","Pommel Strike","Shrug It Off","Dark Embrace"],"relics":["Velvet Choker","War Paint","Pear","Astrolabe","Bag of Marbles","Dream Catcher"],"acts_visited":["Exordium","TheCity"],"potions_floor_usage":[],"damage_taken":[{"damage":0.0,"enemies":"Cultist","floor":1.0,"turns":2.0},{"damage":5.0,"enemies":"2 Louse","floor":3.0,"turns":3.0},{"damage":7.0,"enemies":"Jaw Worm","floor":4.0,"turns":2.0},{"damage":12.0,"enemies":"3 Louse","floor":5.0,"turns":4.0},{"damage":30.0,"enemies":"Lagavulin","floor":7.0,"turns":8.0},{"damage":10.0,"enemies":"Exordium Wildlife","floor":11.0,"turns":3.0},{"damage":3.0,"enemies":"Exordium Thugs","floor":12.0,"turns":3.0},{"damage":0.0,"enemies":"2 Fungi Beasts","floor":13.0,"turns":3.0},{"damage":23.0,"enemies":"Gremlin Nob","floor":14.0,"turns":4.0},{"damage":30.0,"enemies":"The Guardian","floor":16.0,"turns":15.0},{"damage":13.0,"enemies":"Shell Parasite","floor":18.0,"turns":6.0},{"damage":9.0,"enemies":"3 Byrds","floor":20.0,"turns":8.0},{"damage":33.0,"enemies":"Centurion and Healer","floor":22.0,"turns":19.0},{"damage":27.0,"enemies":"Gremlin Leader","floor":23.0,"turns":10.0},{"damage":12.0,"enemies":"Snake Plant","floor":24.0,"turns":7.0},{"damage":35.0,"enemies":"Chosen and Byrds","floor":28.0,"turns":12.0},{"damage":55,"enemies":"Slavers","floor":31,"turns":5}],"seed_played":"4347113521963698303","potions_obtained":[{"floor":1.0,"key":"ColorlessPotion"},{"floor":3.0,"key":"Weak Potion"},{"floor":5.0,"key":"EntropicBrew"},{"floor":11.0,"key":"SteroidPotion"},{"floor":20.0,"key":"FearPotion"},{"floor":22.0,"key":"Regen Potion"},{"floor":23.0,"key":"Dexterity Potion"},{"floor":28.0,"key":"LiquidBronze"}],"is_trial":false,"path_per_floor":["M","?","M","M","M","R","E","R","T","R","M","M","M","E","R","B",null,"M","?","M","$","M","E","M","R","T","R","M","R","$","E"],"character_chosen":"IRONCLAD","items_purchased":["Fruit Juice","BloodPotion","Shrug It Off","Dark Embrace"],"campfire_rested":3,"item_purchase_floors":[21,21,30,30],"current_hp_per_floor":[68,61,56,49,37,37,7,29,29,51,44,44,47,34,34,7,75,66,66,63,68,62,50,42,42,42,78,47,47,47,0,0],"gold":74,"neow_bonus":"BOSS_RELIC","is_daily":false,"chose_seed":false,"campfire_upgraded":4,"win_rate":0.0,"timestamp":1611287231,"path_taken":["M","?","M","M","M","R","E","R","T","R","M","M","M","E","R","BOSS","M","?","M","$","?","E","M","R","T","R","M","R","$","E"],"items_purchased_type":["Potion","Potion","Card","Card"],"build_version":"2020-12-18","purchased_purges":1,"victory":false,"max_hp_per_floor":[75,75,75,75,75,75,75,75,75,75,78,81,84,94,94,97,97,101,101,107,112,116,116,120,120,120,120,124,124,124,124,124],"relic_stats":{"Dream Catcher":1,"counters":[17,114],"Astrolabe":["Disarm","Impervious","Clothesline"],"War Paint":["Defend_R","Defend_R"],"obtain_stats":[{"Dream Catcher":26,"Pear":14,"Astrolabe":17,"Velvet Choker":0,"Bag of Marbles":23,"War Paint":7,"Burning Blood":0},{"Dream Catcher":15,"Pear":9,"Astrolabe":10,"Velvet Choker":0,"Bag of Marbles":14,"War Paint":5,"Burning Blood":0},{"Dream Catcher":97,"Pear":32,"Astrolabe":47,"Velvet Choker":0,"Bag of Marbles":90,"War Paint":19,"Burning Blood":0}]},"card_choices":[{"not_picked":["Second Wind","Rage"],"picked":"Sword Boomerang","floor":1.0},{"not_picked":["Iron Wave","Body Slam"],"picked":"Blood for Blood","floor":3.0},{"not_picked":["Clash","Flex"],"picked":"Feel No Pain","floor":4.0},{"not_picked":["Pummel","Warcry"],"picked":"Perfected Strike","floor":5.0},{"not_picked":["Evolve","Metallicize"],"picked":"Feed","floor":7.0},{"not_picked":["Feel No Pain","Thunderclap"],"picked":"Clothesline","floor":11.0},{"not_picked":["Feel No Pain","Wild Strike"],"picked":"Shrug It Off","floor":12.0},{"not_picked":["Intimidate","Spot Weakness"],"picked":"Armaments","floor":13.0},{"not_picked":["Brutality","Evolve"],"picked":"Second Wind","floor":14.0},{"not_picked":["Juggernaut","Berserk"],"picked":"Exhume","floor":16.0},{"not_picked":["Pummel","Wild Strike+1"],"picked":"Intimidate","floor":18.0},{"not_picked":["Havoc","Flex"],"picked":"Whirlwind","floor":20.0},{"not_picked":["Havoc","True Grit","Power Through"],"picked":"SKIP","floor":22.0},{"not_picked":["Combust","Bloodletting"],"picked":"Battle Trance+1","floor":23.0},{"not_picked":["Body Slam","Thunderclap"],"picked":"Sever Soul","floor":24.0},{"not_picked":["Clothesline","Disarm"],"picked":"Pommel Strike","floor":28.0}],"player_experience":1353020,"relics_obtained":[{"floor":7.0,"key":"War Paint"},{"floor":14.0,"key":"Pear"},{"floor":23.0,"key":"Bag of Marbles"},{"floor":26.0,"key":"Dream Catcher"}],"event_choices":[{"cards_removed":["Strike_R"],"damage_healed":0.0,"max_hp_gain":0.0,"max_hp_loss":0.0,"gold_gain":0.0,"event_name":"Golden Wing","player_choice":"Card Removal","floor":2.0,"gold_loss":0.0,"damage_taken":7.0},{"damage_healed":0.0,"max_hp_gain":0.0,"max_hp_loss":0.0,"gold_gain":0.0,"event_name":"The Joust","player_choice":"Bet on Murderer","floor":19.0,"gold_loss":50.0,"damage_taken":0.0}],"is_beta":true,"boss_relics":[{"not_picked":["Mark of Pain","Tiny House"],"picked":"Astrolabe"}],"items_purged_floors":[21],"is_endless":false,"potions_floor_spawned":[1,3,5,11,20,22,23,28],"killed_by":"Slavers","ascension_level":20}}