{"host":"jmumkimrafwvkspb","time":1611320856,"event":{"mods":["AchievementEnabler","BaseMod","Colored Map","Minty Spire (QoL Compilation)","Replay The Spire","StSLib"],"gold_per_floor":[115,115,132,132,149,149,174,174,174,174,188,214,51,69,69,147,147,166,166,183,200,213,238,238,254,278,293,293,325,250,260,260,338,338,372,390,390,272,291,321,321,347,347,347,372,392,392,419,419,419,419,419,419,40,67,67],"floor_reached":57,"language":"ENG","playtime":6741,"items_purged":["Strike_P","Defend_P"],"score":2669,"play_id":"5f3042f7-1a38-458e-a5d2-696b5ddb5d01","local_time":"20210122140736","is_ascension_mode":true,"campfire_choices":[{"data":"Eruption","floor":6.0,"key":"SMITH"},{"data":"ForeignInfluence","floor":8,"key":"SMITH"},{"data":"WaveOfTheHand","floor":10,"key":"SMITH"},{"data":"SandsOfTime","floor":15,"key":"SMITH"},{"data":"Vault","floor":24,"key":"SMITH"},{"data":"Study","floor":28,"key":"SMITH"},{"floor":32,"key":"RECALL"},{"data":"TalkToTheHand","floor":44,"key":"SMITH"},{"data":"Adaptation","floor":47,"key":"SMITH"},{"data":"Pot Of Greed","floor":49,"key":"SMITH"},{"data":"Pot Of Greed","floor":53,"key":"SMITH"}],"circlet_count":0,"master_deck":["AscendersBane","Strike_P+1","Strike_P","Strike_P","Defend_P","Defend_P+1","Defend_P","Eruption+1","Vigilance","DeceiveReality","WaveOfTheHand+1","ForeignInfluence+1","Halt","Pot Of Greed+1","BowlingBash","SandsOfTime+1","Vault+1","ClearTheMind","SandsOfTime+1","Adaptation+1","Study+1","InnerPeace+1","Adaptation+1","Pot Of Greed+1","FearNoEvil+1","FearNoEvil","Tantrum+1","Omniscience+1","Scrawl+1","TalkToTheHand+1","TalkToTheHand+1","Replay:Vibes+1","Wireheading+1","Wallop+1","Indignation"],"relics":["Coffee Dripper","InkBottle","Blood Vial","StrikeDummy","Grinning Jar","OrangePellets","VioletLotus","Golden Egg","Omamori","Whetstone","Calling Bell","Juzu Bracelet","Snack Pack","Incense Burner","Replay:Rubber Ducky","Replay:Kaleidoscope","MealTicket","Thread and Needle","Bottled Tornado","Quantum Egg"],"acts_visited":["Exordium","TheCity","TheBeyond","TheEnding"],"potions_floor_usage":[7,23,56,56],"damage_taken":[{"damage":0.0,"enemies":"Small Slimes","floor":1.0,"turns":4.0},{"damage":0.0,"enemies":"Jaw Worm","floor":3.0,"turns":3.0},{"damage":0.0,"enemies":"Cultist","floor":5.0,"turns":3.0},{"damage":19,"enemies":"Lagavulin","floor":7,"turns":8},{"damage":0,"enemies":"Red Slaver","floor":11,"turns":3},{"damage":8,"enemies":"3 Sentries","floor":12,"turns":9},{"damage":0,"enemies":"3 Louse","floor":14,"turns":2},{"damage":0,"enemies":"Slime Boss","floor":16,"turns":7},{"damage":0,"enemies":"Spheric Guardian","floor":18,"turns":3},{"damage":0,"enemies":"Chosen","floor":20,"turns":4},{"damage":11,"enemies":"Shelled Parasite and Fungi","floor":21,"turns":6},{"damage":0,"enemies":"Snecko","floor":22,"turns":3},{"damage":24,"enemies":"Gremlin Leader","floor":23,"turns":5},{"damage":8,"enemies":"Snake Plant","floor":25,"turns":4},{"damage":7,"enemies":"Chosen and Byrds","floor":27,"turns":7},{"damage":7,"enemies":"Book of Stabbing","floor":29,"turns":5},{"damage":0,"enemies":"3 Cultists","floor":31,"turns":2},{"damage":2,"enemies":"Collector","floor":33,"turns":7},{"damage":1,"enemies":"3 Shapes","floor":35,"turns":4},{"damage":42,"enemies":"3 Darklings","floor":36,"turns":21},{"damage":40,"enemies":"Transient","floor":39,"turns":7},{"damage":0,"enemies":"Nemesis","floor":40,"turns":7},{"damage":0,"enemies":"R_Hoarder","floor":42,"turns":8},{"damage":0,"enemies":"Nemesis","floor":45,"turns":10},{"damage":3,"enemies":"Sphere and 2 Shapes","floor":46,"turns":4},{"damage":18,"enemies":"R_Hoarder","floor":48,"turns":6},{"damage":27,"enemies":"Awakened One","floor":50,"turns":15},{"damage":3,"enemies":"Replay:Hell Engine","floor":51,"turns":6},{"damage":0,"enemies":"Shield and Spear","floor":55,"turns":4},{"damage":40,"enemies":"The Heart","floor":56,"turns":11}],"seed_played":"-4732839035439499619","potions_obtained":[{"floor":5.0,"key":"Regen Potion"},{"floor":7,"key":"Strength Potion"},{"floor":11,"key":"Regen Potion"},{"floor":29,"key":"Languid Potion"},{"floor":41,"key":"Doom Potion"}],"is_trial":false,"path_per_floor":["M","?","M","?","M","R","E","R","T","R","M","E","$","M","R","B",null,"M","?","M","M","M","E","R","M","T","M","R","E","?","M","R","B",null,"M","M","?","$","M","E","?","E","T","R","E","M","R","E","R","B","B",null,"R","$","E","B",null],"character_chosen":"WATCHER","items_purchased":["OrangePellets","Replay:Vibes","Bottled Tornado"],"campfire_rested":0,"item_purchase_floors":[13,38,54],"current_hp_per_floor":[61,41,41,30,30,30,26,26,26,26,28,22,22,24,24,26,58,60,60,62,53,55,46,46,40,40,35,35,30,30,32,32,32,59,64,66,66,66,42,52,52,62,62,62,68,67,67,56,56,53,62,67,67,68,68,42],"gold":67,"neow_bonus":"BOSS_RELIC","is_daily":false,"chose_seed":false,"campfire_upgraded":10,"win_rate":0.0,"timestamp":1611320856,"path_taken":["M","?","M","?","M","R","E","R","T","R","M","E","?","M","R","BOSS","M","?","?","M","M","E","R","M","T","M","R","E","?","M","R","BOSS","M","M","?","$","M","E","?","E","T","R","E","M","R","E","R","BOSS","BOSS","R","$","E","BOSS"],"items_purchased_type":["Relic","Card","Relic"],"build_version":"2020-12-22","purchased_purges":2,"victory":true,"max_hp_per_floor":[68,68,68,68,68,68,68,68,68,68,68,68,68,68,68,68,68,68,68,68,68,68,68,68,68,68,68,68,68,68,68,68,68,68,68,68,68,68,68,68,68,68,68,68,68,68,68,68,68,68,68,68,68,68,68,68],"card_choices":[{"not_picked":["Evaluate","Crescendo"],"picked":"DeceiveReality","floor":1.0},{"not_picked":["FlurryOfBlows","Replay:AtTheReady"],"picked":"WaveOfTheHand","floor":3.0},{"not_picked":["Evaluate","Nirvana","Prostrate"],"picked":"SKIP","floor":5.0},{"not_picked":["Consecrate","Crescendo"],"picked":"ForeignInfluence","floor":7},{"not_picked":["MentalFortress","ThirdEye"],"picked":"Halt","floor":11},{"not_picked":["SashWhip","Prostrate"],"picked":"BowlingBash","floor":12},{"not_picked":["FollowUp","FlurryOfBlows"],"picked":"SandsOfTime","floor":14},{"not_picked":["Alpha","Wish"],"picked":"Vault","floor":16},{"not_picked":["Replay:BluntJabs","EmptyMind"],"picked":"ClearTheMind","floor":18},{"not_picked":["Vengeance","Evaluate"],"picked":"Adaptation","floor":20},{"not_picked":["JustLucky","EmptyBody"],"picked":"Study","floor":21},{"not_picked":["CrushJoints","Worship"],"picked":"InnerPeace+1","floor":22},{"not_picked":["CutThroughFate","Meditate"],"picked":"Adaptation+1","floor":23},{"not_picked":["Replay:ManipulateFuture","Replay:BluntJabs"],"picked":"FearNoEvil","floor":25},{"not_picked":["FlurryOfBlows","Replay:BluntJabs"],"picked":"FearNoEvil","floor":27},{"not_picked":["FlurryOfBlows","Protect"],"picked":"Tantrum","floor":29},{"not_picked":["EmptyBody","SashWhip"],"picked":"Omniscience","floor":31},{"not_picked":["Judgement","Brilliance"],"picked":"Scrawl","floor":33},{"not_picked":["Perseverance","Replay:BluntJabs"],"picked":"TalkToTheHand","floor":35},{"not_picked":["BowlingBash","Tantrum"],"picked":"TalkToTheHand","floor":36},{"not_picked":["ClearTheMind","Halt","MasterReality"],"picked":"SKIP","floor":39},{"not_picked":["FollowUp+1","Crescendo"],"picked":"Wireheading+1","floor":40},{"not_picked":["Halt","FlyingSleeves","WheelKick+1"],"picked":"SKIP","floor":42},{"not_picked":["Replay:BluntJabs","MentalFortress","Wireheading"],"picked":"SKIP","floor":45},{"not_picked":["EmptyMind","ClearTheMind","FollowUp"],"picked":"SKIP","floor":46},{"not_picked":["ReachHeaven+1","InnerPeace"],"picked":"Wallop+1","floor":48},{"not_picked":["Replay:BluntJabs","Adaptation"],"picked":"Indignation","floor":55}],"player_experience":1570583,"relics_obtained":[{"floor":7,"key":"Blood Vial"},{"floor":9,"key":"StrikeDummy"},{"floor":12,"key":"Grinning Jar"},{"floor":23,"key":"Golden Egg"},{"floor":26,"key":"Omamori"},{"floor":29,"key":"Whetstone"},{"floor":34,"key":"Juzu Bracelet"},{"floor":34,"key":"Snack Pack"},{"floor":34,"key":"Incense Burner"},{"floor":40,"key":"Replay:Rubber Ducky"},{"floor":42,"key":"Replay:Kaleidoscope"},{"floor":45,"key":"MealTicket"},{"floor":48,"key":"Thread and Needle"},{"floor":55,"key":"Quantum Egg"}],"event_choices":[{"damage_healed":0.0,"max_hp_gain":0.0,"max_hp_loss":0.0,"gold_gain":0.0,"event_name":"Shining Light","player_choice":"Entered Light","floor":2.0,"gold_loss":0.0,"damage_taken":20.0,"cards_upgraded":["Defend_P","Strike_P"]},{"damage_healed":0.0,"max_hp_gain":0.0,"max_hp_loss":0.0,"gold_gain":0.0,"event_name":"Scrap Ooze","player_choice":"Success","floor":4.0,"gold_loss":0.0,"damage_taken":11.0,"relics_obtained":["InkBottle"]},{"damage_healed":0,"gold_gain":0,"player_choice":"Copied","damage_taken":0,"max_hp_gain":0,"max_hp_loss":0,"event_name":"Duplicator","floor":19,"gold_loss":0,"cards_obtained":["SandsOfTime"]},{"cards_removed":["Pot Of Greed"],"damage_healed":0,"gold_gain":0,"player_choice":"Gave Gold","damage_taken":0,"max_hp_gain":0,"max_hp_loss":0,"event_name":"Beggar","floor":30,"gold_loss":75},{"damage_healed":0,"gold_gain":0,"player_choice":"Forge","damage_taken":0,"max_hp_gain":0,"max_hp_loss":0,"event_name":"Accursed Blacksmith","floor":37,"gold_loss":0,"cards_upgraded":["TalkToTheHand"]},{"damage_healed":0,"gold_gain":0,"player_choice":"Got Potions","damage_taken":0,"max_hp_gain":0,"max_hp_loss":0,"event_name":"Lab","floor":41,"gold_loss":0}],"is_beta":false,"boss_relics":[{"not_picked":["ChewingGum","Runic Pyramid"],"picked":"VioletLotus"},{"not_picked":["SacredBark","Philosopher\u0027s Stone"],"picked":"Calling Bell"}],"items_purged_floors":[38,54],"is_endless":false,"potions_floor_spawned":[5,7,11,20,21,29,33,35,39,45,46],"ascension_level":20}}