{"host":"8fuipfsvjht9cgcs","time":1611358019,"event":{"mods":["AchievementEnabler","BaseMod","Colored Map","Colored Powertips","DeckTracker","Friendly Minions","Kiyohime£¨?ýï£©","Marisa£¨Ùöéë¡¡Øª×âÞÞ£©","Minty Spire (QoL Compilation)","Prisma Mod","StSLib","SuperFastMode","The Cursed","The Gatherer"],"gold_per_floor":[110,110,60,135,60,60,71,3,28,28,42,62,78,93,93,189,189,202,202,27,27,127,127,154,173,173,173,189,279,290,302,302,400,400,418,293,203,219,0,28,78,103,103,8,41,41,41,41,41,41,41],"floor_reached":50,"language":"KOR","playtime":2468,"items_purged":["Defend_R","Defend_R","Defend_R"],"score":963,"play_id":"7b3f9a79-f823-40ef-a880-f0db33e0fedf","local_time":"20210123122659","is_ascension_mode":true,"campfire_choices":[{"data":"Flex","floor":6.0,"key":"SMITH"},{"data":"Double Tap","floor":10.0,"key":"SMITH"},{"data":"Shrug It Off","floor":15.0,"key":"SMITH"},{"data":"Sword Boomerang","floor":23.0,"key":"SMITH"},{"data":"Pommel Strike","floor":27.0,"key":"SMITH"},{"data":"Heavy Blade","floor":32,"key":"SMITH"},{"data":"Madness","floor":47,"key":"SMITH"},{"data":"Demon Form","floor":49,"key":"SMITH"}],"circlet_count":0,"master_deck":["AscendersBane","Bash+1","Rupture","Flex+1","Cleave","Double Tap+1","Shrug It Off+1","Pommel Strike+1","Demon Form+1","Ghostly Armor+1","Sword Boomerang+1","Flex+1","Heavy Blade+1","Flame Barrier","Sword Boomerang+1","Shrug It Off","Feed","Injury","Madness+1","Shrug It Off","Shame","Wraith"],"relics":["Burning Blood","Whetstone","Coffee Dripper","Question Card","Pear","Letter Opener","Cursed Key","Red Mask","Toy Ornithopter","Ancient Tea Set","Bottled Flame","Thread and Needle","Meat on the Bone"],"acts_visited":["Exordium","TheCity","TheBeyond"],"potions_floor_usage":[33,42],"damage_taken":[{"damage":8.0,"enemies":"2 Louse","floor":1.0,"turns":4.0},{"damage":7.0,"enemies":"Jaw Worm","floor":7.0,"turns":3.0},{"damage":6.0,"enemies":"Cultist","floor":11.0,"turns":3.0},{"damage":9.0,"enemies":"2 Fungi Beasts","floor":12.0,"turns":3.0},{"damage":17.0,"enemies":"Exordium Thugs","floor":13.0,"turns":3.0},{"damage":0.0,"enemies":"Exordium Wildlife","floor":14.0,"turns":2.0},{"damage":63.0,"enemies":"The Guardian","floor":16.0,"turns":13.0},{"damage":6.0,"enemies":"Spheric Guardian","floor":18.0,"turns":3.0},{"damage":43.0,"enemies":"Slavers","floor":24.0,"turns":5.0},{"damage":15.0,"enemies":"Shell Parasite","floor":25.0,"turns":3.0},{"damage":20.0,"enemies":"Chosen and Byrds","floor":28.0,"turns":5.0},{"damage":6,"enemies":"3 Cultists","floor":30,"turns":3},{"damage":0,"enemies":"Snecko","floor":31,"turns":3},{"damage":11,"enemies":"Automaton","floor":33,"turns":5},{"damage":16,"enemies":"Orb Walker","floor":35,"turns":2},{"damage":19,"enemies":"3 Shapes","floor":38,"turns":4},{"damage":3,"enemies":"Nemesis","floor":40,"turns":5},{"damage":2,"enemies":"Mind Bloom Boss Battle","floor":41,"turns":5},{"damage":44,"enemies":"Reptomancer","floor":42,"turns":4},{"damage":0,"enemies":"Giant Head","floor":45,"turns":4},{"damage":29,"enemies":"Time Eater","floor":50,"turns":2}],"seed_played":"2211327185967431797","potions_obtained":[{"floor":7.0,"key":"SkillPotion"},{"floor":14.0,"key":"FairyPotion"},{"floor":18.0,"key":"BloodPotion"},{"floor":28.0,"key":"ColorlessPotion"},{"floor":30,"key":"Explosive Potion"},{"floor":40,"key":"FearPotion"},{"floor":45,"key":"SteroidPotion"}],"is_trial":false,"path_per_floor":["M","?","?","?","$","R","M","$","T","R","M","M","M","M","R","B",null,"M","?","$","T","?","R","E","M","T","R","M","?","M","M","R","B",null,"M","$","?","M","?","E","?","E","T","$","E","T","R","?","R","B"],"character_chosen":"IRONCLAD","items_purchased":["Double Tap","Sword Boomerang","Flex","Madness"],"campfire_rested":0,"item_purchase_floors":[8,20,20,44],"current_hp_per_floor":[70,63,63,52,52,52,51,51,51,51,51,48,37,43,43,10,57,57,57,57,57,57,57,44,35,35,35,21,9,9,15,15,10,64,54,54,54,41,41,44,48,15,15,15,24,24,24,24,24,0,0],"gold":41,"neow_bonus":"TRANSFORM_TWO_CARDS","is_daily":false,"chose_seed":false,"campfire_upgraded":8,"win_rate":0.0,"timestamp":1611358019,"path_taken":["M","?","?","?","$","R","M","?","T","R","M","M","M","M","R","BOSS","M","?","$","?","?","R","E","?","T","R","M","?","M","M","R","BOSS","M","$","?","?","?","E","?","E","T","?","E","?","R","?","R","BOSS"],"items_purchased_type":["Card","Card","Card","Card"],"build_version":"2020-12-22","purchased_purges":3,"victory":false,"max_hp_per_floor":[72,72,72,72,72,72,72,72,72,72,72,72,72,72,72,72,72,72,72,72,72,72,72,82,82,82,82,82,82,82,82,82,82,82,82,82,82,82,82,82,82,82,82,82,85,85,85,85,85,85,85],"card_choices":[{"not_picked":["Havoc","Sever Soul","Bloodletting"],"picked":"SKIP","floor":1.0},{"not_picked":["Clothesline","Perfected Strike"],"picked":"Cleave","floor":7.0},{"not_picked":["Iron Wave","Feel No Pain"],"picked":"Shrug It Off","floor":11.0},{"not_picked":["Hemokinesis","Headbutt","Uppercut"],"picked":"SKIP","floor":12.0},{"not_picked":["Havoc","Cleave"],"picked":"Pommel Strike","floor":13.0},{"not_picked":["Fire Breathing","Sword Boomerang","Headbutt"],"picked":"SKIP","floor":14.0},{"not_picked":["Corruption","Fiend Fire"],"picked":"Demon Form","floor":16.0},{"not_picked":["Rupture","Wild Strike"],"picked":"Ghostly Armor+1","floor":18.0},{"not_picked":["Dark Embrace","Flex+1","Havoc","Flame Barrier"],"picked":"SKIP","floor":24.0},{"not_picked":["Headbutt","Body Slam","Twin Strike","Anger"],"picked":"SKIP","floor":25.0},{"not_picked":["Body Slam","Havoc","Twin Strike"],"picked":"Heavy Blade","floor":28.0},{"not_picked":["Havoc","Fiend Fire","Metallicize","Perfected Strike"],"picked":"SKIP","floor":30},{"not_picked":["Pommel Strike","Disarm","Thunderclap","Flame Barrier"],"picked":"SKIP","floor":31},{"not_picked":["Clash","Cleave+1","Feel No Pain","Pommel Strike"],"picked":"SKIP","floor":35},{"not_picked":["Body Slam","Heavy Blade","Thunderclap+1"],"picked":"Flame Barrier","floor":38},{"not_picked":["Carnage","Thunderclap","Reckless Charge"],"picked":"Sword Boomerang+1","floor":40},{"not_picked":["Hemokinesis+1","Uppercut","Anger"],"picked":"Shrug It Off","floor":41},{"not_picked":["Armaments","Clash","Bloodletting"],"picked":"Feed","floor":42},{"not_picked":["Searing Blow","Sever Soul","Fiend Fire"],"picked":"Shrug It Off","floor":45}],"player_experience":450882,"relics_obtained":[{"floor":9.0,"key":"Whetstone"},{"floor":21.0,"key":"Question Card"},{"floor":24.0,"key":"Pear"},{"floor":26.0,"key":"Letter Opener"},{"floor":40,"key":"Toy Ornithopter"},{"floor":42,"key":"Ancient Tea Set"},{"floor":43,"key":"Bottled Flame"},{"floor":45,"key":"Thread and Needle"},{"floor":46,"key":"Meat on the Bone"}],"event_choices":[{"cards_removed":["Strike_R"],"damage_healed":0.0,"max_hp_gain":0.0,"max_hp_loss":0.0,"gold_gain":0.0,"event_name":"Golden Wing","player_choice":"Card Removal","floor":2.0,"gold_loss":0.0,"damage_taken":7.0},{"cards_removed":["Strike_R"],"damage_healed":0.0,"max_hp_gain":0.0,"max_hp_loss":0.0,"gold_gain":0.0,"event_name":"The Cleric","player_choice":"Card Removal","floor":3.0,"gold_loss":50.0,"damage_taken":0.0},{"damage_healed":0.0,"max_hp_gain":0.0,"max_hp_loss":0.0,"gold_gain":75.0,"event_name":"World of Goop","player_choice":"Gather Gold","floor":4.0,"gold_loss":0.0,"damage_taken":11.0},{"cards_removed":["Strike_R"],"damage_healed":0.0,"max_hp_gain":0.0,"max_hp_loss":0.0,"gold_gain":0.0,"event_name":"Bonfire Elementals","player_choice":"Offered Basic","floor":19.0,"gold_loss":0.0,"damage_taken":0.0},{"damage_healed":0.0,"max_hp_gain":0.0,"max_hp_loss":0.0,"gold_gain":100.0,"event_name":"Golden Shrine","player_choice":"Pray","floor":22.0,"gold_loss":0.0,"damage_taken":0.0},{"damage_healed":0,"gold_gain":90,"player_choice":"GOLD ","damage_taken":12,"max_hp_gain":0,"max_hp_loss":0,"event_name":"Knowing Skull","floor":29,"potions_obtained":[],"gold_loss":0,"cards_obtained":[]},{"cards_removed":["Strike_R"],"damage_healed":0,"gold_gain":0,"player_choice":"Upgrade and Remove","damage_taken":0,"max_hp_gain":0,"max_hp_loss":0,"event_name":"Designer","floor":37,"gold_loss":90,"cards_upgraded":["Flex"]},{"damage_healed":0,"gold_gain":0,"player_choice":"Paid","damage_taken":0,"relics_obtained":["Red Mask"],"max_hp_gain":0,"max_hp_loss":0,"event_name":"Tomb of Lord Red Mask","floor":39,"gold_loss":219},{"damage_healed":0,"gold_gain":0,"player_choice":"Fight","damage_taken":0,"max_hp_gain":0,"max_hp_loss":0,"event_name":"MindBloom","floor":41,"gold_loss":0},{"damage_healed":0,"gold_gain":0,"player_choice":"Ignored","damage_taken":0,"max_hp_gain":0,"max_hp_loss":0,"event_name":"OrinTheCat","floor":48,"gold_loss":0}],"is_beta":false,"boss_relics":[{"not_picked":["Calling Bell","SlaversCollar"],"picked":"Coffee Dripper"},{"not_picked":["Astrolabe","Runic Dome"],"picked":"Cursed Key"}],"items_purged_floors":[5,20,36],"is_endless":false,"potions_floor_spawned":[7,14,18,28,30,40,45],"killed_by":"Time Eater","ascension_level":12}}