{"host":"lh9qfzqeqctr28d2","time":1611318043,"event":{"mods":["BaseMod","CapriCore","Luminous","Minty Spire (QoL Compilation)","Quick Restart","Relic Stats","Remilia£®¿Ÿ√◊¿Ú—«£©","StSLib","Yakumo Yukari mod"],"gold_per_floor":[117,292,292,367,417,442,442,475,545,559,258,286,286,286,286,382,382,398,416,416,441,500,512,538,550,562,574,501,536,561,587,599,708,720,751,763,794,806,344,344,370,382,382,382,401,415,449,495,495,495,495],"floor_reached":50,"language":"ZHS","playtime":3661,"items_purged":["Writhe"],"score":750,"play_id":"8ba331ff-892b-4434-815e-fe6cfdff6735","local_time":"20210122202043","is_ascension_mode":true,"campfire_choices":[{"data":"Neutralize","floor":7.0,"key":"SMITH"},{"floor":13.0,"key":"REST"},{"data":"Tools of the Trade","floor":15.0,"key":"SMITH"},{"data":"Finisher","floor":23.0,"key":"SMITH"},{"floor":27.0,"key":"REST"},{"floor":32.0,"key":"REST"},{"floor":40.0,"key":"REST"},{"data":"Madness","floor":44.0,"key":"SMITH"},{"floor":49,"key":"REST"}],"circlet_count":0,"master_deck":["Strike_G","Strike_G","Strike_G","Strike_G","Strike_G+1","Defend_G","Defend_G","Defend_G","Defend_G","Survivor","Neutralize+1","Finisher+1","Tools of the Trade+1","Choke+1","Escape Plan","Blade Dance","Outmaneuver","Accuracy","Blade Dance+1","Die Die Die","Blade Dance","Madness+1","Cloak And Dagger+1","Clumsy"],"relics":["Ring of the Snake","NeowsBlessing","Tiny Chest","Art of War","CaptainsWheel","Matryoshka","TwistedFunnel","MealTicket","Centennial Puzzle","Bronze Scales","HoveringKite","MawBank","Meat on the Bone","Vajra","PureWater","Toy Ornithopter","Omamori","Potion Belt","Cursed Key","WarpedTongs","Regal Pillow","Whetstone","Question Card","Mercury Hourglass","Smiling Mask","Ancient Tea Set"],"acts_visited":["Exordium","TheCity","TheBeyond"],"potions_floor_usage":[47],"damage_taken":[{"damage":0.0,"enemies":"Jaw Worm","floor":1.0,"turns":1.0},{"damage":0.0,"enemies":"Gremlin Nob","floor":6.0,"turns":1.0},{"damage":0.0,"enemies":"3 Sentries","floor":8.0,"turns":1.0},{"damage":4.0,"enemies":"Small Slimes","floor":10.0,"turns":2.0},{"damage":10.0,"enemies":"Gremlin Nob","floor":12.0,"turns":4.0},{"damage":44.0,"enemies":"Slime Boss","floor":16.0,"turns":11.0},{"damage":0.0,"enemies":"Spheric Guardian","floor":18.0,"turns":4.0},{"damage":3.0,"enemies":"Chosen","floor":19.0,"turns":4.0},{"damage":12.0,"enemies":"Sentry and Sphere","floor":21.0,"turns":6.0},{"damage":17.0,"enemies":"Centurion and Healer","floor":24.0,"turns":8.0},{"damage":12.0,"enemies":"Cultist and Chosen","floor":30.0,"turns":4.0},{"damage":13.0,"enemies":"Snake Plant","floor":31.0,"turns":3.0},{"damage":46.0,"enemies":"Collector","floor":33.0,"turns":10.0},{"damage":30.0,"enemies":"3 Darklings","floor":35.0,"turns":5.0},{"damage":0.0,"enemies":"3 Shapes","floor":37.0,"turns":3.0},{"damage":4.0,"enemies":"Giant Head","floor":41.0,"turns":6.0},{"damage":4.0,"enemies":"Spire Growth","floor":42.0,"turns":3.0},{"damage":0.0,"enemies":"Jaw Worm Horde","floor":45.0,"turns":2.0},{"damage":17.0,"enemies":"Writhing Mass","floor":46.0,"turns":3.0},{"damage":0,"enemies":"Nemesis","floor":47,"turns":1},{"damage":70,"enemies":"Awakened One","floor":50,"turns":8}],"seed_played":"8509725988028099907","potions_obtained":[{"floor":1.0,"key":"DuplicationPotion"},{"floor":8.0,"key":"CunningPotion"},{"floor":10.0,"key":"Explosive Potion"},{"floor":12.0,"key":"Block Potion"},{"floor":19.0,"key":"PowerPotion"},{"floor":24.0,"key":"Ancient Potion"},{"floor":31.0,"key":"AttackPotion"},{"floor":37.0,"key":"Explosive Potion"},{"floor":42.0,"key":"DistilledChaos"},{"floor":47,"key":"Energy Potion"}],"is_trial":false,"path_per_floor":["M","?","?","?","T","E","R","E","T","M","$","E","R","?","R","B",null,"M","M","?","M","T","R","M","?","T","R","?","T","M","M","R","B",null,"M","?","M","?","$","R","E","M","T","R","M","M","E","T","R","B"],"character_chosen":"THE_SILENT","items_purchased":["TwistedFunnel","MealTicket","Regal Pillow","Whetstone","Madness"],"campfire_rested":5,"item_purchase_floors":[11,11,39,39,39],"current_hp_per_floor":[70,70,70,59,59,59,59,59,59,55,55,45,66,59,59,15,70,70,67,67,55,55,55,38,38,38,59,59,59,47,46,67,40,70,40,40,40,40,55,70,66,62,62,62,67,50,55,55,70,0,0],"gold":495,"neow_bonus":"THREE_ENEMY_KILL","is_daily":false,"chose_seed":false,"campfire_upgraded":4,"win_rate":0.0,"timestamp":1611318043,"path_taken":["M","?","?","?","?","E","R","E","T","?","$","E","R","?","R","BOSS","M","M","?","M","?","R","?","?","T","R","?","?","M","M","R","BOSS","M","?","M","?","$","R","E","M","T","R","M","?","E","?","R","BOSS"],"items_purchased_type":["Relic","Relic","Relic","Relic","Card"],"build_version":"2020-12-22","purchased_purges":1,"victory":false,"max_hp_per_floor":[70,70,70,70,70,70,70,70,70,70,70,70,70,70,70,70,70,70,70,70,70,70,70,70,70,70,70,70,70,70,70,70,70,70,70,70,70,70,70,70,70,70,70,70,70,70,70,70,70,70,70],"relic_stats":{"Regal Pillow":0,"counters":[21,90],"HoveringKite":[47],"Whetstone":["Strike_G","Choke"],"MawBank":228,"Cursed Key":2,"Question Card":4,"Smiling Mask":0,"WarpedTongs":[23],"Mercury Hourglass":[45],"Centennial Puzzle":[36],"Bronze Scales":[163],"Tiny Chest":3,"MealTicket":15,"Art of War":[3],"obtain_stats":[{"TwistedFunnel":11,"Regal Pillow":39,"HoveringKite":17,"Vajra":22,"Whetstone":39,"Cursed Key":34,"Smiling Mask":47,"Ancient Tea Set":48,"Centennial Puzzle":12,"Matryoshka":9,"Tiny Chest":5,"MealTicket":11,"Ring of the Snake":0,"Potion Belt":29,"NeowsBlessing":0,"Omamori":28,"MawBank":20,"Question Card":41,"WarpedTongs":38,"Mercury Hourglass":43,"CaptainsWheel":8,"Bronze Scales":14,"Art of War":6,"PureWater":25,"Toy Ornithopter":26,"Meat on the Bone":22},{"TwistedFunnel":4,"Regal Pillow":15,"HoveringKite":6,"Vajra":9,"Whetstone":15,"Cursed Key":13,"Smiling Mask":20,"Ancient Tea Set":20,"Centennial Puzzle":5,"Matryoshka":3,"Tiny Chest":1,"MealTicket":4,"Ring of the Snake":0,"Potion Belt":10,"NeowsBlessing":0,"Omamori":10,"MawBank":8,"Question Card":16,"WarpedTongs":15,"Mercury Hourglass":17,"CaptainsWheel":3,"Bronze Scales":5,"Art of War":2,"PureWater":10,"Toy Ornithopter":10,"Meat on the Bone":9},{"TwistedFunnel":5,"Regal Pillow":67,"HoveringKite":20,"Vajra":34,"Whetstone":67,"Cursed Key":59,"Smiling Mask":82,"Ancient Tea Set":82,"Centennial Puzzle":9,"Matryoshka":3,"Tiny Chest":1,"MealTicket":5,"Ring of the Snake":0,"Potion Belt":42,"NeowsBlessing":0,"Omamori":42,"MawBank":28,"Question Card":73,"WarpedTongs":67,"Mercury Hourglass":76,"CaptainsWheel":3,"Bronze Scales":9,"Art of War":2,"PureWater":42,"Toy Ornithopter":42,"Meat on the Bone":34}],"Toy Ornithopter":17,"Ring of the Snake":[42],"Meat on the Bone":24},"card_choices":[{"not_picked":["Footwork","Underhanded Strike"],"picked":"Finisher","floor":1.0},{"not_picked":["Endless Agony","Deadly Poison","Noxious Fumes"],"picked":"SKIP","floor":6.0},{"not_picked":["Terror","Calculated Gamble"],"picked":"Tools of the Trade","floor":8.0},{"not_picked":["Predator","Poisoned Stab"],"picked":"Choke","floor":10.0},{"not_picked":["Dagger Spray","Footwork"],"picked":"Escape Plan","floor":12.0},{"not_picked":["Masterful Stab","Deadly Poison","Dodge and Roll"],"picked":"SKIP","floor":18.0},{"not_picked":["Quick Slash+1","Infinite Blades"],"picked":"Blade Dance","floor":19.0},{"not_picked":["Well Laid Plans+1","Dagger Throw"],"picked":"Outmaneuver","floor":21.0},{"not_picked":["Poisoned Stab","Masterful Stab"],"picked":"Accuracy","floor":24.0},{"not_picked":["Deflect","Bane+1"],"picked":"Blade Dance+1","floor":30.0},{"not_picked":["Eviscerate+1","Dash+1","Caltrops"],"picked":"SKIP","floor":31.0},{"not_picked":["Unload","Tools of the Trade"],"picked":"Die Die Die","floor":33.0},{"not_picked":["Footwork+1","Bouncing Flask+1"],"picked":"Blade Dance","floor":35.0},{"not_picked":["Dagger Spray+1","Slice","Predator+1"],"picked":"SKIP","floor":37.0},{"not_picked":["Dash+1","Phantasmal Killer","Underhanded Strike+1"],"picked":"SKIP","floor":41.0},{"not_picked":["Infinite Blades","Sucker Punch+1","Dodge and Roll"],"picked":"Cloak And Dagger+1","floor":42.0},{"not_picked":["Outmaneuver","Deflect","Bane+1","Quick Slash+1"],"picked":"SKIP","floor":45.0},{"not_picked":["Deadly Poison+1","Backstab","Heel Hook","Outmaneuver+1"],"picked":"SKIP","floor":46.0},{"not_picked":["PiercingWail+1","Poisoned Stab","Bouncing Flask+1","Setup"],"picked":"SKIP","floor":47}],"player_experience":451672,"relics_obtained":[{"floor":5.0,"key":"Tiny Chest"},{"floor":6.0,"key":"Art of War"},{"floor":8.0,"key":"CaptainsWheel"},{"floor":9.0,"key":"Matryoshka"},{"floor":12.0,"key":"Centennial Puzzle"},{"floor":22.0,"key":"Meat on the Bone"},{"floor":22.0,"key":"Vajra"},{"floor":26.0,"key":"Toy Ornithopter"},{"floor":29.0,"key":"Potion Belt"},{"floor":41.0,"key":"Question Card"},{"floor":43.0,"key":"Mercury Hourglass"},{"floor":47,"key":"Smiling Mask"},{"floor":48,"key":"Ancient Tea Set"}],"event_choices":[{"damage_healed":0.0,"max_hp_gain":0.0,"max_hp_loss":0.0,"gold_gain":175.0,"event_name":"Liars Game","player_choice":"AGREE","floor":2.0,"gold_loss":0.0,"damage_taken":0.0,"cards_obtained":["Doubt"]},{"cards_removed":["Doubt"],"damage_healed":0.0,"max_hp_gain":0.0,"max_hp_loss":0.0,"gold_gain":0.0,"event_name":"Living Wall","player_choice":"Forget","floor":3.0,"gold_loss":0.0,"damage_taken":0.0},{"damage_healed":0.0,"max_hp_gain":0.0,"max_hp_loss":0.0,"gold_gain":75.0,"event_name":"World of Goop","player_choice":"Gather Gold","floor":4.0,"gold_loss":0.0,"damage_taken":11.0},{"damage_healed":0.0,"max_hp_gain":0.0,"max_hp_loss":0.0,"gold_gain":0.0,"event_name":"Scrap Ooze","player_choice":"Success","floor":14.0,"gold_loss":0.0,"damage_taken":7.0,"relics_obtained":["Bronze Scales"]},{"damage_healed":0.0,"max_hp_gain":0.0,"max_hp_loss":0.0,"gold_gain":0.0,"event_name":"The Mausoleum","player_choice":"Opened","floor":20.0,"gold_loss":0.0,"damage_taken":0.0,"relics_obtained":["MawBank"],"cards_obtained":["Writhe"]},{"damage_healed":0.0,"max_hp_gain":0.0,"max_hp_loss":0.0,"gold_gain":0.0,"event_name":"Addict","player_choice":"Obtained Relic","floor":28.0,"gold_loss":85.0,"damage_taken":0.0,"relics_obtained":["Omamori"]},{"cards_removed":["Defend_G"],"damage_healed":0.0,"max_hp_gain":0.0,"max_hp_loss":0.0,"gold_gain":0.0,"event_name":"Falling","player_choice":"Removed Skill","floor":36.0,"gold_loss":0.0,"damage_taken":0.0},{"damage_healed":0.0,"max_hp_gain":0.0,"max_hp_loss":0.0,"gold_gain":0.0,"event_name":"Accursed Blacksmith","player_choice":"Rummage","floor":38.0,"gold_loss":0.0,"damage_taken":0.0,"relics_obtained":["WarpedTongs"],"cards_obtained":["Pain"]}],"is_beta":false,"boss_relics":[{"not_picked":["Coffee Dripper","Ectoplasm"],"picked":"HoveringKite"},{"not_picked":["Fusion Hammer","SacredBark"],"picked":"Cursed Key"}],"items_purged_floors":[39],"is_endless":false,"potions_floor_spawned":[1,8,10,12,19,24,31,37,42,47],"killed_by":"Awakened One","ascension_level":2}}