{"host":"17xjy7b7ubl548g2","time":1611295243,"event":{"mods":["2.2 Compatiblity","Act Like it!","Aspiration","Astrologer","Bard","BaseMod","Challenge The Spire","ChefMod","Colored Map","Colored Powertips","Conspire","Elementarium","Energized Spire","Gensokyo","GifTheSpireLib","Halation","Hallownest","Hubris","Infinite Spire","Jedi Mod","Jorbs\u0027s Wanderer Trilogy","Marisa（霧雨　魔理沙）","Marked Mod","Menagerie","Minty Spire (QoL Compilation)","Permanent Neow","Replay The Spire","Robot Space Explorer","Spicy Shops","StSLib","Stuff the Spire","The Blue Laboratory","The Bug Knight","The Construct","The Disciple","The Factory","The Hayseed","The Hierophant","The Marked","The Runesmith","The Sage","TheFirefly"],"gold_per_floor":[117,137,137,155,169,169,169,169,169,169,43,43,110,139,139,213,213,230,185,285,354,367,402,402,480,553,553,553,553,553,594,594,667,667,684,697,637,115,129,129,205,205,232,48,48,64,64,79,79,153,153,156,156,156],"floor_reached":53,"language":"ENG","playtime":5378,"items_purged":["Strike_R"],"score":1364,"play_id":"1c87d363-bab4-4683-a67b-892ce199dcea","local_time":"20210122010043","is_ascension_mode":true,"campfire_choices":[{"data":"Armaments","floor":6.0,"key":"SMITH"},{"data":"Bash","floor":10.0,"key":"SMITH"},{"data":"Disarm","floor":15.0,"key":"SMITH"},{"data":"Berserk","floor":24.0,"key":"SMITH"},{"data":"Demon Form","floor":27.0,"key":"SMITH"},{"data":"infinitespire:Punishment","floor":29.0,"key":"SMITH"},{"data":"StuffTheSpire:CelestialWarden","floor":32.0,"key":"SMITH"},{"data":"ReplayUltimateDefense","floor":40.0,"key":"SMITH"},{"data":"Juggernaut","floor":42,"key":"SMITH"},{"data":"Pot Of Greed","floor":49,"key":"SMITH"}],"circlet_count":0,"master_deck":["AscendersBane","Defend_R+1","Defend_R+1","Defend_R+1","Defend_R+1","Bash+1","Clothesline","Flame Barrier","Armaments+1","Disarm+1","infinitespire:Fortify","Cleave","Clothesline","Pot Of Greed","Pot Of Greed","Berserk+1","conspire:ExplosiveBarrier+1","StuffTheSpire:BumpUp","Backstab","aspiration:Lunge","Thunderclap","Thunderclap","Shrug It Off","Pot Of Greed+1","Demon Form+1","infinitespire:Punishment+1","StuffTheSpire:CelestialWarden+1","Spot Weakness","Juggernaut+1","Disarm+1","Armaments+1","ReplayUltimateDefense+1","ReplayTheSpireMod:Stacked","Twin Strike","Inflame+1","Shrug It Off","Iron Wave","Impervious","Sword Boomerang"],"relics":["Black Blood","Hallownest:DreamNailRelic","hubris:CrystalStatue","hubris:MobiusCoin","energizedSpire:RedRose","Meat on the Bone","Replay:Bottled Eggs","StuffTheSpire:Tea","Blue Candle","infinitespire:Beetle Shell","Oddly Smooth Stone","ReplayTheSpireMod:TigerMarble","Orichalcum","halation:AfternoonTea","ChewingGum"],"acts_visited":["Exordium","Hallownest:Greenpath","Hallownest:CityofTears","Exordium"],"potions_floor_usage":[41],"damage_taken":[{"damage":5.0,"enemies":"Hallownest:2_Baldur","floor":1.0,"turns":5.0},{"damage":6.0,"enemies":"Hallownest:monsterHuskWarrior","floor":2.0,"turns":3.0},{"damage":0.0,"enemies":"Hallownest:monsterHuskGuard","floor":4.0,"turns":4.0},{"damage":30.0,"enemies":"Hallownest:Guard_and_Warrior","floor":5.0,"turns":9.0},{"damage":0.0,"enemies":"Hallownest:monsterFoolEater","floor":13.0,"turns":4.0},{"damage":5.0,"enemies":"Hallownest:eliteMossKnight","floor":14.0,"turns":5.0},{"damage":5.0,"enemies":"Hallownest:BossHornet","floor":16.0,"turns":19.0},{"damage":1.0,"enemies":"Hallownest:2_Mistakes","floor":18.0,"turns":10.0},{"damage":0.0,"enemies":"Hallownest:Flukemon_and_Top","floor":21.0,"turns":5.0},{"damage":30.0,"enemies":"Hallownest:monsterMisterMushroom","floor":22.0,"turns":8.0},{"damage":17.0,"enemies":"Hallownest:Nosk","floor":23.0,"turns":11.0},{"damage":24.0,"enemies":"Nightmare","floor":25.0,"turns":11.0},{"damage":10.0,"enemies":"Hallownest:Glutton_and_Coward","floor":31.0,"turns":5.0},{"damage":10.0,"enemies":"Hallownest:BossSoulMaster","floor":33.0,"turns":6.0},{"damage":0.0,"enemies":"Hallownest:Shield_Heavy","floor":35.0,"turns":4.0},{"damage":47.0,"enemies":"Hallownest:2_Littles","floor":36.0,"turns":3.0},{"damage":14.0,"enemies":"Hallownest:monsterPrimalAspid","floor":39.0,"turns":4.0},{"damage":25,"enemies":"Hallownest:StalkingDevout","floor":41,"turns":7},{"damage":0,"enemies":"Hallownest:Slobbering_and_Violent","floor":46,"turns":6},{"damage":11,"enemies":"Hallownest:2_Wing_and_1_Kings","floor":48,"turns":7},{"damage":12,"enemies":"Hallownest:Radiance","floor":50,"turns":10},{"damage":0,"enemies":"Cultist","floor":52,"turns":4},{"damage":0,"enemies":"Small Slimes","floor":53,"turns":1}],"seed_played":"-4584116975306356445","potions_obtained":[{"floor":2.0,"key":"Elixir"},{"floor":4.0,"key":"BlessingOfTheForge"},{"floor":13.0,"key":"PowerPotion"},{"floor":16.0,"key":"EssenceOfSteel"},{"floor":25.0,"key":"jedi:holywater"},{"floor":31.0,"key":"Reflective Coating"},{"floor":33.0,"key":"Fruit Juice"},{"floor":36.0,"key":"Weak Potion"},{"floor":52,"key":"Strength Potion"}],"is_trial":false,"path_per_floor":["M","M","?","M","M","R","?","?","T","R","$","T","M","E","R","B",null,"M","?","?","M","M","E","R","NM","T","R","?","R","T","M","R","B",null,"M","M","?","$","M","R","E","R","T","$","?","M","?","M","R","B",null,"M","M"],"character_chosen":"IRONCLAD","items_purchased":["Cleave","infinitespire:Beetle Shell","Oddly Smooth Stone","ReplayUltimateDefense","halation:AfternoonTea","Inflame","Shrug It Off"],"campfire_rested":0,"item_purchase_floors":[11,38,38,38,44,44,44],"current_hp_per_floor":[69,69,69,75,51,51,32,32,32,32,32,32,38,39,39,40,66,71,77,77,81,57,46,46,40,40,40,40,40,40,48,48,61,80,86,63,70,70,68,68,67,67,67,67,67,79,79,80,80,80,90,93,93,93],"gold":156,"neow_bonus":"REMOVE_CARD","is_daily":false,"chose_seed":false,"campfire_upgraded":10,"win_rate":0.0,"timestamp":1611295243,"path_taken":["M","M","?","M","?","R","?","?","T","R","?","?","M","E","R","BOSS","M","?","?","M","?","E","R","NM","T","R","?","R","?","?","R","BOSS","M","M","?","$","M","R","E","R","T","$","?","M","?","?","R","BOSS","M","M"],"items_purchased_type":["Card","Relic","Relic","Card","Relic","Card","Card"],"build_version":"2020-12-22","purchased_purges":1,"victory":false,"max_hp_per_floor":[75,75,75,75,75,75,75,75,75,75,75,75,75,75,75,75,75,75,81,81,81,81,81,81,81,81,81,81,81,81,81,81,86,86,86,86,93,93,93,93,93,93,93,93,93,93,93,93,93,93,93,93,93,93],"card_choices":[{"not_picked":["Twin Strike","Replay:Undeath\u0027s Touch"],"picked":"Clothesline","floor":1.0},{"not_picked":["True Grit","Clothesline"],"picked":"Flame Barrier","floor":2.0},{"not_picked":["Iron Wave","ReplayTheSpireMod:Corrosion Curse"],"picked":"Armaments","floor":4.0},{"not_picked":["StuffTheSpire:Incineration","Body Slam"],"picked":"Disarm","floor":5.0},{"not_picked":["ReplayTheSpireMod:Haul","ReplayTheSpireMod:Black Plague"],"picked":"infinitespire:Fortify","floor":7.0},{"not_picked":["jedi:MakeshiftSword","Rupture"],"picked":"Clothesline","floor":13.0},{"not_picked":["Body Slam","Feel No Pain","Rupture"],"picked":"SKIP","floor":14.0},{"not_picked":["Replay:Many Hands","conspire:Purge"],"picked":"Berserk","floor":16.0},{"not_picked":["Run Through","Second Wind"],"picked":"conspire:ExplosiveBarrier+1","floor":18.0},{"not_picked":["StuffTheSpire:RockThrow","Body Slam"],"picked":"Thunderclap","floor":21.0},{"not_picked":["Rupture","Body Slam"],"picked":"Thunderclap","floor":22.0},{"not_picked":["Clothesline","Massacre"],"picked":"Shrug It Off","floor":23.0},{"not_picked":["ReplayTheSpireMod:Muscle Training","Shrug It Off"],"picked":"Demon Form","floor":25.0},{"not_picked":["infinitespire:UltimateForm","infinitespire:FinalStrike"],"picked":"infinitespire:Punishment","floor":25.0},{"not_picked":["StuffTheSpire:Harmony","StuffTheSpire:Vigor"],"picked":"StuffTheSpire:CelestialWarden","floor":28.0},{"not_picked":["jedi:hate","Twin Strike"],"picked":"Spot Weakness","floor":31.0},{"not_picked":["Hemogenesis","jedi:bloodyhammer"],"picked":"Juggernaut","floor":33.0},{"not_picked":["StuffTheSpire:Pyroclast","Iron Wave"],"picked":"Disarm+1","floor":35.0},{"not_picked":["jedi:fear+1","Thunderclap"],"picked":"Armaments+1","floor":36.0},{"not_picked":["Havoc","True Grit"],"picked":"ReplayTheSpireMod:Stacked","floor":39.0},{"not_picked":["Heavy Blade","conspire:HitWhereItHurts"],"picked":"Twin Strike","floor":41},{"not_picked":["StuffTheSpire:Pyroclast","Flex"],"picked":"Iron Wave","floor":46},{"not_picked":["Thunderclap","infinitespire:OneForAll+1","Second Wind"],"picked":"SKIP","floor":48},{"not_picked":["Brutality","Fiend Fire"],"picked":"Impervious","floor":50},{"not_picked":["jedi:suffering","Replay:Undeath\u0027s Touch"],"picked":"Sword Boomerang","floor":52}],"player_experience":1866803,"relics_obtained":[{"floor":9.0,"key":"hubris:CrystalStatue"},{"floor":12.0,"key":"hubris:MobiusCoin"},{"floor":14.0,"key":"Grinning Jar"},{"floor":23.0,"key":"Meat on the Bone"},{"floor":25.0,"key":"Replay:Bottled Eggs"},{"floor":26.0,"key":"StuffTheSpire:Tea"},{"floor":30.0,"key":"Blue Candle"},{"floor":41,"key":"ReplayTheSpireMod:TigerMarble"},{"floor":43,"key":"Orichalcum"}],"event_choices":[],"is_beta":false,"boss_relics":[{"not_picked":["halation:PinkAlligatorPlush","Tiny House"],"picked":"energizedSpire:RedRose"},{"not_picked":["conspire:SlowCooker","aspiration:BardSkillbook"],"picked":"Black Blood"},{"not_picked":["Snecko Heart","energizedSpire:EnergizedDie"],"picked":"ChewingGum"}],"items_purged_floors":[11],"is_endless":true,"potions_floor_spawned":[2,4,13,16,25,31,33,36,52],"killed_by":"Small Slimes","ascension_level":19}}