{"host":"r3wf7np1ri0mrd3j","time":1611359777,"event":{"mods":["AchievementEnabler","BaseMod","Minty Spire (QoL Compilation)","everything is the same but u backflip on backflip","slay the spire mod where everything is the same but ironclad has a cowboy hat"],"gold_per_floor":[111,121,135,145,145,173,7,7,7,30,58,73,85,103,103,208,208,227,227,10,10,22,55,67,111,147,188,215,239,166,188,200,316,328,360,392,404,428,456,494,521,562,574,599,225,237,12,12,12,12,12],"floor_reached":50,"language":"ENG","playtime":5177,"items_purged":[],"score":707,"play_id":"19f734e2-1136-42e7-b980-1fd672877727","local_time":"20210123105617","is_ascension_mode":true,"campfire_choices":[{"floor":8.0,"key":"REST"},{"floor":15.0,"key":"REST"},{"floor":24.0,"key":"REST"},{"floor":32.0,"key":"REST"},{"floor":49,"key":"RECALL"}],"circlet_count":0,"master_deck":["Strike_P","Strike_P","Defend_P","Defend_P","Defend_P","Eruption","Vigilance","FlyingSleeves","ThirdEye","WindmillStrike","InnerPeace","EmptyFist","EmptyBody","SashWhip+1","Vengeance","FearNoEvil+1","FollowUp+1","Establishment","EmptyBody","BattleHymn","ForeignInfluence","Discovery","RitualDagger+1","LikeWater","Wish","FlurryOfBlows+1","ClearTheMind+1","FlurryOfBlows+1","Tantrum+1","LikeWater","DeusExMachina","Swivel+1","FlurryOfBlows+1","EmptyBody","FearNoEvil+1","CutThroughFate+1","FollowUp+1","Protect+1","ThirdEye+1","MentalFortress","Prostrate+1","LikeWater","Worship","TalkToTheHand+1"],"relics":["PureWater","Lantern","Vajra","Molten Egg 2","Pear","SacredBark","Membership Card","MawBank","Centennial Puzzle","Bronze Scales","Smiling Mask","Bird Faced Urn","Coffee Dripper","Ice Cream","Oddly Smooth Stone","Orichalcum","Lizard Tail","Thread and Needle","Mango"],"acts_visited":["Exordium","TheCity","TheBeyond"],"potions_floor_usage":[40,40,45,50,50],"damage_taken":[{"damage":2.0,"enemies":"Jaw Worm","floor":1.0,"turns":6.0},{"damage":0.0,"enemies":"Cultist","floor":2.0,"turns":2.0},{"damage":5.0,"enemies":"Small Slimes","floor":3.0,"turns":4.0},{"damage":8.0,"enemies":"3 Louse","floor":4.0,"turns":3.0},{"damage":24.0,"enemies":"Gremlin Nob","floor":6.0,"turns":5.0},{"damage":19.0,"enemies":"Lagavulin","floor":11.0,"turns":5.0},{"damage":20.0,"enemies":"Looter","floor":12.0,"turns":2.0},{"damage":3.0,"enemies":"Red Slaver","floor":13.0,"turns":3.0},{"damage":15.0,"enemies":"Exordium Thugs","floor":14.0,"turns":4.0},{"damage":21.0,"enemies":"Hexaghost","floor":16.0,"turns":7.0},{"damage":23.0,"enemies":"3 Byrds","floor":18.0,"turns":5.0},{"damage":0.0,"enemies":"Chosen","floor":22.0,"turns":3.0},{"damage":32.0,"enemies":"Book of Stabbing","floor":23.0,"turns":5.0},{"damage":25.0,"enemies":"Slavers","floor":25.0,"turns":5.0},{"damage":17.0,"enemies":"Gremlin Leader","floor":27.0,"turns":5.0},{"damage":0.0,"enemies":"Snake Plant","floor":28.0,"turns":2.0},{"damage":0.0,"enemies":"3 Cultists","floor":29.0,"turns":4.0},{"damage":0.0,"enemies":"Shelled Parasite and Fungi","floor":31.0,"turns":2.0},{"damage":43.0,"enemies":"Champ","floor":33.0,"turns":7.0},{"damage":1.0,"enemies":"Orb Walker","floor":35.0,"turns":2.0},{"damage":25.0,"enemies":"3 Shapes","floor":36.0,"turns":4.0},{"damage":10.0,"enemies":"Writhing Mass","floor":38.0,"turns":3.0},{"damage":18.0,"enemies":"Maw","floor":39.0,"turns":6.0},{"damage":17,"enemies":"Reptomancer","floor":40,"turns":4},{"damage":17,"enemies":"3 Darklings","floor":41,"turns":4},{"damage":20,"enemies":"Giant Head","floor":42,"turns":6},{"damage":7,"enemies":"Sphere and 2 Shapes","floor":44,"turns":2},{"damage":26,"enemies":"Maw","floor":46,"turns":5},{"damage":55,"enemies":"Time Eater","floor":50,"turns":8}],"seed_played":"-2878961601968745518","potions_obtained":[{"floor":2.0,"key":"FearPotion"},{"floor":3.0,"key":"PowerPotion"},{"floor":4.0,"key":"Block Potion"},{"floor":11.0,"key":"Explosive Potion"},{"floor":13.0,"key":"SneckoOil"},{"floor":16.0,"key":"AttackPotion"},{"floor":22.0,"key":"GamblersBrew"},{"floor":23.0,"key":"Swift Potion"},{"floor":25.0,"key":"SpeedPotion"},{"floor":31.0,"key":"Swift Potion"},{"floor":33.0,"key":"Ancient Potion"},{"floor":39.0,"key":"AttackPotion"},{"floor":42,"key":"EssenceOfSteel"},{"floor":46,"key":"BottledMiracle"}],"is_trial":false,"path_per_floor":["M","M","M","M","?","E","$","R","T","T","E","M","M","M","R","B",null,"M","?","$","?","M","E","R","E","T","E","M","M","?","M","R","B",null,"M","M","?","M","M","E","M","E","T","M","$","M","$","?","R","B"],"character_chosen":"WATCHER","items_purchased":["EmptyBody","Vajra","Membership Card","ForeignInfluence","Discovery","MentalFortress","Lizard Tail","Fruit Juice","Thread and Needle","Mango","LikeWater","Worship"],"campfire_rested":4,"item_purchase_floors":[7,7,20,20,20,45,45,45,45,47,47,47],"current_hp_per_floor":[77,77,72,64,64,40,40,63,63,63,54,34,31,16,42,21,89,66,66,66,60,60,28,54,29,29,12,12,12,12,12,38,1,89,88,66,89,79,67,54,43,31,31,26,36,18,32,32,32,45,45],"gold":12,"neow_bonus":"TEN_PERCENT_HP_BONUS","is_daily":false,"chose_seed":false,"campfire_upgraded":0,"win_rate":0.0,"timestamp":1611359777,"path_taken":["M","M","M","M","?","E","$","R","T","?","E","?","M","M","R","BOSS","M","?","$","?","M","E","R","E","T","E","M","M","?","M","R","BOSS","M","M","?","M","M","E","M","E","T","?","$","M","$","?","R","BOSS"],"items_purchased_type":["Card","Relic","Relic","Card","Card","Card","Relic","Potion","Relic","Relic","Card","Card"],"build_version":"2020-12-22","purchased_purges":0,"victory":false,"max_hp_per_floor":[79,79,79,79,79,79,79,79,79,79,89,89,89,89,89,89,89,89,89,89,89,89,89,89,89,89,89,89,89,89,89,89,89,89,89,89,89,89,89,89,89,89,89,89,99,99,113,113,113,113,113],"card_choices":[{"not_picked":["Wireheading","DeceiveReality"],"picked":"FlyingSleeves","floor":1.0},{"not_picked":["Wireheading","Consecrate"],"picked":"ThirdEye","floor":2.0},{"not_picked":["DeceiveReality","Evaluate"],"picked":"WindmillStrike","floor":3.0},{"not_picked":["Evaluate","Consecrate"],"picked":"InnerPeace","floor":4.0},{"not_picked":["CarveReality","JustLucky"],"picked":"EmptyFist","floor":6.0},{"not_picked":["DeceiveReality","Weave+1"],"picked":"SashWhip+1","floor":11.0},{"not_picked":["Scrawl","PathToVictory"],"picked":"Vengeance","floor":12.0},{"not_picked":["FlyingSleeves+1","Prostrate"],"picked":"FearNoEvil+1","floor":13.0},{"not_picked":["Worship","ReachHeaven+1"],"picked":"FollowUp+1","floor":14.0},{"not_picked":["Judgement","Wish"],"picked":"Establishment","floor":16.0},{"not_picked":["FollowUp+1","Adaptation"],"picked":"EmptyBody","floor":18.0},{"not_picked":["FearNoEvil+1","SashWhip+1"],"picked":"LikeWater","floor":22.0},{"not_picked":["Nirvana","Protect"],"picked":"Wish","floor":23.0},{"not_picked":["EmptyBody","Protect+1"],"picked":"FlurryOfBlows+1","floor":25.0},{"not_picked":["DeceiveReality+1","BowlingBash+1"],"picked":"ClearTheMind+1","floor":27.0},{"not_picked":["SashWhip+1","CutThroughFate+1"],"picked":"FlurryOfBlows+1","floor":28.0},{"not_picked":["Evaluate","EmptyBody"],"picked":"Tantrum+1","floor":29.0},{"not_picked":["DeceiveReality","PathToVictory+1"],"picked":"LikeWater","floor":31.0},{"not_picked":["SpiritShield","Omniscience"],"picked":"DeusExMachina","floor":33.0},{"not_picked":["Fasting2+1","Crescendo"],"picked":"Swivel+1","floor":35.0},{"not_picked":["Crescendo","Protect"],"picked":"FlurryOfBlows+1","floor":36.0},{"not_picked":["ClearTheMind","Swivel"],"picked":"EmptyBody","floor":38.0},{"not_picked":["PathToVictory+1","SashWhip+1"],"picked":"FearNoEvil+1","floor":39.0},{"not_picked":["BattleHymn","Vengeance"],"picked":"CutThroughFate+1","floor":40},{"not_picked":["BowlingBash+1","ThirdEye+1"],"picked":"FollowUp+1","floor":41},{"not_picked":["Judgement","Wireheading+1"],"picked":"Protect+1","floor":42},{"not_picked":["WheelKick+1","BowlingBash+1"],"picked":"ThirdEye+1","floor":44},{"not_picked":["FollowUp+1","Adaptation"],"picked":"Prostrate+1","floor":46}],"player_experience":209029,"relics_obtained":[{"floor":6.0,"key":"Lantern"},{"floor":9.0,"key":"Molten Egg 2"},{"floor":11.0,"key":"Pear"},{"floor":23.0,"key":"MawBank"},{"floor":25.0,"key":"Centennial Puzzle"},{"floor":26.0,"key":"Bronze Scales"},{"floor":27.0,"key":"Smiling Mask"},{"floor":40,"key":"Ice Cream"},{"floor":42,"key":"Oddly Smooth Stone"},{"floor":43,"key":"Orichalcum"}],"event_choices":[{"damage_healed":0.0,"max_hp_gain":0.0,"max_hp_loss":0.0,"gold_gain":0.0,"event_name":"Golden Wing","player_choice":"Ignored","floor":5.0,"gold_loss":0.0,"damage_taken":0.0},{"damage_healed":0.0,"max_hp_gain":0.0,"max_hp_loss":0.0,"gold_gain":0.0,"cards_transformed":["Defend_P","Strike_P"],"event_name":"Drug Dealer","player_choice":"Became Test Subject","floor":19.0,"gold_loss":0.0,"damage_taken":0.0,"cards_obtained":["Sanctity","BattleHymn"]},{"damage_healed":0.0,"max_hp_gain":0.0,"max_hp_loss":0.0,"gold_gain":0.0,"event_name":"Nest","player_choice":"Joined the Cult","floor":21.0,"gold_loss":0.0,"damage_taken":6.0,"cards_obtained":["RitualDagger"]},{"damage_healed":0.0,"max_hp_gain":0.0,"max_hp_loss":0.0,"gold_gain":0.0,"event_name":"Addict","player_choice":"Obtained Relic","floor":30.0,"gold_loss":85.0,"damage_taken":0.0,"relics_obtained":["Bird Faced Urn"]},{"cards_removed":["Sanctity"],"damage_healed":23.0,"max_hp_gain":0.0,"max_hp_loss":0.0,"gold_gain":0.0,"event_name":"Bonfire Elementals","player_choice":"Offered Uncommon","floor":37.0,"gold_loss":0.0,"damage_taken":0.0},{"damage_healed":0,"gold_gain":0,"cards_transformed":["Strike_P"],"player_choice":"Transformed","damage_taken":0,"max_hp_gain":0,"max_hp_loss":0,"event_name":"Transmorgrifier","floor":48,"gold_loss":0,"cards_obtained":["TalkToTheHand"]}],"is_beta":false,"boss_relics":[{"not_picked":["Busted Crown","Pandora\u0027s Box"],"picked":"SacredBark"},{"not_picked":["HolyWater","Calling Bell"],"picked":"Coffee Dripper"}],"items_purged_floors":[],"is_endless":false,"potions_floor_spawned":[2,3,4,11,13,16,22,23,25,31,33,39,42,46],"killed_by":"Time Eater","ascension_level":1}}