{"host":"n605f8gctjc87d7h","time":1611352826,"event":{"mods":["Aspiration","Bard","BaseMod","Better Match","Better Note","Better Skull","Better Third Choice","Conspire","Halation","Hermit","Infinite Spire","Minty Spire (QoL Compilation)","Replay The Spire","Retaliation","Shade Mod","Spicy Shops","StS++","StSLib","The IronCluck"],"gold_per_floor":[118,118,118,74,99,99,116,116,116],"floor_reached":8,"language":"ENG","playtime":398,"items_purged":[],"score":76,"play_id":"6172c848-09af-4d98-bdd6-2e03f66e934c","local_time":"20210122140026","is_ascension_mode":true,"campfire_choices":[{"floor":6,"key":"REST"}],"circlet_count":0,"master_deck":["AscendersBane","Strike_R","Strike_R","Strike_R","Strike_R","Defend_R","Defend_R","Defend_R","Defend_R","Bash","ReplayTheSpireMod:Strike From Hell","True Grit","DDmod:UnstoppableAttack"],"relics":["Burning Blood","CeramicFish","Unceasing Top"],"acts_visited":["Exordium"],"potions_floor_usage":[],"damage_taken":[{"damage":0,"enemies":"Small Slimes","floor":1,"turns":3},{"damage":2,"enemies":"2 Louse","floor":5,"turns":3},{"damage":18,"enemies":"Jaw Worm","floor":7,"turns":8},{"damage":91,"enemies":"Lagavulin","floor":8,"turns":10}],"seed_played":"-4787228273643436628","potions_obtained":[],"is_trial":false,"path_per_floor":["M","?","?","$","M","R","M","E"],"character_chosen":"IRONCLAD","items_purchased":["True Grit"],"campfire_rested":1,"item_purchase_floors":[4],"current_hp_per_floor":[78,60,53,53,57,80,70,0,0],"gold":116,"neow_bonus":"RANDOM_COMMON_RELIC","is_daily":false,"chose_seed":false,"campfire_upgraded":0,"win_rate":0.0,"timestamp":1611352826,"path_taken":["M","?","?","?","M","R","M","E"],"items_purchased_type":["Card"],"build_version":"2020-12-22","purchased_purges":0,"victory":false,"max_hp_per_floor":[80,80,80,80,80,80,80,80,80],"card_choices":[{"not_picked":["Sword Boomerang","Clothesline"],"picked":"ReplayTheSpireMod:Strike From Hell","floor":1},{"not_picked":["Body Slam","Bludgeon"],"picked":"DDmod:UnstoppableAttack","floor":5},{"not_picked":["Sword Boomerang","Anger","Evolve"],"picked":"SKIP","floor":7}],"player_experience":632673,"relics_obtained":[],"event_choices":[{"damage_healed":0,"gold_gain":0,"player_choice":"Relic ","damage_taken":18,"max_hp_gain":0,"max_hp_loss":0,"event_name":"betterThird:BetterScrap","floor":2,"gold_loss":0,"cards_obtained":["Establishment"]},{"cards_removed":["Strike_R"],"damage_healed":0,"gold_gain":0,"player_choice":"Card Removal","damage_taken":7,"max_hp_gain":0,"max_hp_loss":0,"event_name":"Golden Wing","floor":3,"gold_loss":0}],"is_beta":false,"boss_relics":[],"items_purged_floors":[],"is_endless":false,"potions_floor_spawned":[],"killed_by":"Lagavulin","ascension_level":13}}