{"host":"snn1c4qsf0fj7fzf","time":1611280534,"event":{"mods":["AchievementEnabler","Act Like it!","Aspiration","Astrologer","BaseMod","Colored Powertips","Gensokyo","Gremlin Mod","Hallownest","Hermit","Hubris","Infinite Spire","Lobotomy","LobotomyExtend","Marisa????????","Minty Spire (QoL Compilation)","Random Character Button","Rare Cards Sparkle","Reimu??????","Replay The Spire","Shop Mod","StSLib","The Administrix","The Animator","The Bug Knight","The Cursed","The Gatherer","The Hierophant","The Poker Player","The Runesmith","Yuyuko"],"gold_per_floor":[115,40,40,57,77,103,103,3,3,3,36,36,71,91,91,186,186,186,186,197,197,197,231,241,241,266,289,307,307,332,350,350,451,451,490,344,381,381,421,473,473,535,559,559,605,674,731,798,798,798],"floor_reached":51,"language":"ENG","playtime":3202,"items_purged":["Strike_G","Defend_G","Defend_G"],"score":1353,"play_id":"a2f24bc8-c43b-4da1-ac1d-38bc7205610b","local_time":"20210122095534","is_ascension_mode":true,"campfire_choices":[{"data":"hubris:Counter","floor":15,"key":"SMITH"},{"data":"Noxious Fumes","floor":25,"key":"SMITH"},{"floor":32,"key":"REST"},{"data":"Tools of the Trade","floor":41,"key":"SMITH"},{"floor":49,"key":"DIG"}],"circlet_count":0,"master_deck":["Strike_G+1","Strike_G+1","Strike_G+1","Strike_G+1","Defend_G+1","Defend_G+1","Defend_G+1","Survivor+1","Neutralize+1","Replay:Poison Smokescreen+1","Well Laid Plans+1","hubris:Counter+1","Glass Knife+1","After Image+1","Quick Slash","infinitespire:Gouge","After Image","Noxious Fumes+1","Deflect","infinitespire:Fortify","Toxin Wave+1","Dash","Tools of the Trade+1","Deflect+1","Bane+1","Fluid Movement","Eviscerate+1","After Image","Prepared+1","Poisoned Stab+1"],"relics":["Ring of the Snake","aspiration:Nostalgia","AdministrixMod:ConductorRitualBaton","LetterFromLob","aspiration:ArtOfWarUpgrade","Bag of Preparation","Replay:Multitool","Du-Vu Doll","Centennial Puzzle","aspiration:PoetsPen_weak","ShedSkin_r","Moonlight_r","Ring of Fury","Mummified Hand","Potion Belt","hubris:SlimyHat","Runesmith:AutoHammer","Ornamental Fan","infinitespire:EvilPickle","Fusion Hammer","ReplayFunnel","hubris:Icosahedron","hubris:Potato","StoneCalendar","Bronze Scales","hubris:DeckOfHolding","Pocketwatch"],"acts_visited":["Exordium","TheCity","TheBeyond"],"potions_floor_usage":[6,6,13,16,33,40,50,50,50,51,51],"damage_taken":[{"damage":0,"enemies":"Jaw Worm","floor":1,"turns":3},{"damage":0,"enemies":"Cultist","floor":4,"turns":5},{"damage":5,"enemies":"Small Slimes","floor":5,"turns":4},{"damage":14,"enemies":"Gremlin Nob","floor":6,"turns":3},{"damage":15,"enemies":"Lagavulin","floor":11,"turns":6},{"damage":7,"enemies":"Replay:BlueRogue","floor":13,"turns":5},{"damage":0,"enemies":"2 Fungi Beasts","floor":14,"turns":3},{"damage":4,"enemies":"Hexaghost","floor":16,"turns":9},{"damage":0,"enemies":"3 Byrds","floor":20,"turns":4},{"damage":1,"enemies":"Book of Stabbing","floor":23,"turns":3},{"damage":0,"enemies":"Shell Parasite","floor":24,"turns":2},{"damage":1,"enemies":"Shelled Parasite and Fungi","floor":28,"turns":3},{"damage":4,"enemies":"Nightmare","floor":30,"turns":5},{"damage":0,"enemies":"3 Cultists","floor":31,"turns":3},{"damage":3,"enemies":"Pondfish","floor":33,"turns":7},{"damage":0,"enemies":"Orb Walker","floor":35,"turns":3},{"damage":0,"enemies":"3 Shapes","floor":37,"turns":3},{"damage":0,"enemies":"Sphere and 2 Shapes","floor":39,"turns":5},{"damage":14,"enemies":"Nightmare","floor":40,"turns":8},{"damage":0,"enemies":"R_Hoarder","floor":42,"turns":7},{"damage":0,"enemies":"Jaw Worm Horde","floor":45,"turns":4},{"damage":0,"enemies":"Giant Head","floor":46,"turns":4},{"damage":0,"enemies":"Transient","floor":47,"turns":5},{"damage":20,"enemies":"HollowMod:SlobberingHusk","floor":48,"turns":4},{"damage":0,"enemies":"Time Eater","floor":50,"turns":7},{"damage":0,"enemies":"Malkuth","floor":51,"turns":6},{"damage":0,"enemies":"Netzach","floor":51,"turns":5}],"seed_played":"-5982279626981330805","potions_obtained":[{"floor":4,"key":"AttackPotion"},{"floor":5,"key":"SkillPotion"},{"floor":12,"key":"Dexterity Potion"},{"floor":12,"key":"LiquidMemories"},{"floor":12,"key":"SkillPotion"},{"floor":13,"key":"LifebloodPotion"},{"floor":20,"key":"DistilledChaos"},{"floor":30,"key":"Regen Potion"},{"floor":31,"key":"Languid Potion"},{"floor":35,"key":"Explosive Potion"},{"floor":42,"key":"Poison Potion"}],"is_trial":false,"path_per_floor":["M","$","?","M","M","E","R","$","T","R","E","?","E","M","R","B",null,"M","?","M","AVR","?","E","M","R","T","T","M","?","NM","M","R","B",null,"M","$","M","?","M","NM","R","E","T","?","M","E","M","M","R","B",null],"character_chosen":"THE_SILENT","items_purchased":["ReplayFunnel"],"campfire_rested":1,"item_purchase_floors":[36],"current_hp_per_floor":[70,70,70,70,65,51,51,51,51,51,36,36,29,29,29,25,70,21,21,21,21,29,28,28,28,28,28,27,27,23,23,44,41,70,70,70,70,70,70,70,70,70,70,70,70,70,70,50,50,50],"gold":798,"neow_bonus":"NOSTALGIA","is_daily":false,"chose_seed":false,"campfire_upgraded":3,"win_rate":0.0,"timestamp":1611280534,"path_taken":["M","$","?","M","M","E","R","?","T","R","E","?","E","?","R","BOSS","M","?","M","AVR","?","E","M","R","T","?","M","?","NM","M","R","BOSS","M","$","M","?","M","NM","R","E","T","?","?","E","M","?","R","BOSS"],"items_purchased_type":["Relic"],"build_version":"2020-12-22","purchased_purges":3,"victory":true,"max_hp_per_floor":[70,70,70,70,70,70,70,70,70,70,70,70,70,70,70,70,70,70,70,70,70,70,70,70,70,70,70,70,70,70,70,70,70,70,70,70,70,70,70,70,70,70,70,70,70,70,70,70,70,70],"card_choices":[{"not_picked":["Acrobatics","Hidden Blade"],"picked":"Dagger Spray","floor":1},{"not_picked":["Outmaneuver","Blur"],"picked":"Toxin Wave","floor":4},{"not_picked":["Dagger Throw","Underhanded Strike"],"picked":"Replay:Poison Smokescreen","floor":5},{"not_picked":["Blade Dance","Dagger Throw"],"picked":"Well Laid Plans","floor":6},{"not_picked":["Calculated Gamble","Blade Dance"],"picked":"hubris:Counter","floor":11},{"not_picked":["Deflect","Sneak Up","Hidden Blade"],"picked":"SKIP","floor":13},{"not_picked":["Deflect","PiercingWail"],"picked":"Glass Knife","floor":14},{"not_picked":["Unload","Burst"],"picked":"After Image","floor":16},{"not_picked":["Blade Dance","Cloak And Dagger+1"],"picked":"Quick Slash","floor":20},{"not_picked":["Poisoned Stab+1","Finisher+1"],"picked":"After Image","floor":23},{"not_picked":["Deflect","Tactician"],"picked":"Noxious Fumes","floor":24},{"not_picked":["Replay:Poison Smokescreen+1","Toxin Wave"],"picked":"Deflect","floor":28},{"not_picked":["ReplayTheSpireMod:Black Plague","infinitespire:Menacing"],"picked":"infinitespire:Fortify","floor":30},{"not_picked":["Bouncing Flask+1","Dagger Throw+1"],"picked":"Toxin Wave+1","floor":30},{"not_picked":["Crippling Poison","Hidden Blade"],"picked":"Dash","floor":31},{"not_picked":["Phantasmal Killer","Poison Darts"],"picked":"Tools of the Trade","floor":33},{"not_picked":["Dagger Throw","Cloak And Dagger","Backflip"],"picked":"SKIP","floor":35},{"not_picked":["Finisher","Backstab"],"picked":"Deflect+1","floor":37},{"not_picked":["Deadly Poison+1","hubris:SlightOfHand"],"picked":"Bane+1","floor":39},{"not_picked":["Corpse Explosion","Outmaneuver"],"picked":"Fluid Movement","floor":40},{"not_picked":["Acrobatics+1","Dagger Spray+1"],"picked":"Eviscerate+1","floor":42},{"not_picked":["Acrobatics+1","Underhanded Strike+1","Tactician"],"picked":"SKIP","floor":45},{"not_picked":["Cloak And Dagger","Blade Dance+1"],"picked":"After Image","floor":46},{"not_picked":["ReplayTheSpireMod:Exploit Weakness","Deflect"],"picked":"Prepared+1","floor":47},{"not_picked":["Cloak And Dagger+1","hubris:SlightOfHand+1"],"picked":"Poisoned Stab+1","floor":48}],"player_experience":252311,"relics_obtained":[{"floor":1,"key":"LetterFromLob"},{"floor":6,"key":"Bag of Preparation"},{"floor":9,"key":"Replay:Multitool"},{"floor":11,"key":"Du-Vu Doll"},{"floor":13,"key":"Centennial Puzzle"},{"floor":19,"key":"Ring of Fury"},{"floor":23,"key":"Potion Belt"},{"floor":26,"key":"hubris:SlimyHat"},{"floor":27,"key":"Runesmith:AutoHammer"},{"floor":30,"key":"Ornamental Fan"},{"floor":40,"key":"hubris:Potato"},{"floor":42,"key":"StoneCalendar"},{"floor":43,"key":"Bronze Scales"},{"floor":46,"key":"hubris:DeckOfHolding"},{"floor":49,"key":"Pocketwatch"}],"event_choices":[{"cards_removed":["Dagger Spray"],"damage_healed":0,"gold_gain":0,"player_choice":"Gave Card","damage_taken":0,"relics_obtained":["Art of War"],"max_hp_gain":0,"max_hp_loss":0,"event_name":"WeMeetAgain","floor":3,"gold_loss":0},{"damage_healed":0,"gold_gain":0,"player_choice":"Got Potions","damage_taken":0,"max_hp_gain":0,"max_hp_loss":0,"event_name":"Lab","floor":12,"gold_loss":0},{"damage_healed":0,"gold_gain":0,"player_choice":"Simplicity","damage_taken":0,"max_hp_gain":0,"max_hp_loss":0,"event_name":"Back to Basics","floor":29,"gold_loss":0,"cards_upgraded":["Strike_G","Strike_G","Strike_G","Strike_G","Defend_G","Defend_G","Defend_G"]},{"damage_healed":0,"gold_gain":0,"player_choice":"Bought 0 Potions","damage_taken":0,"max_hp_gain":0,"max_hp_loss":0,"event_name":"The Woman in Blue","floor":44,"gold_loss":0}],"is_beta":false,"boss_relics":[{"not_picked":["Coffee Dripper","hubris:RunicObelisk"],"picked":"aspiration:PoetsPen_weak"},{"not_picked":["hubris:GrandSneckoEye","ReplayTheSpireMod:SealedPack"],"picked":"Fusion Hammer"}],"items_purged_floors":[2,8,21],"is_endless":false,"potions_floor_spawned":[4,5,13,20,30,31,35,37,42,45,48],"ascension_level":1}}