{"host":"y76clbnovzmw9ubx","time":1611283855,"event":{"mods":["AchievementEnabler","BaseMod","Minty Spire (QoL Compilation)","Permanent Neow","Relic Stats"],"gold_per_floor":[13,32,32,0,0,0,35,0,0,0,0],"floor_reached":10,"language":"ENG","playtime":249,"items_purged":[],"score":128,"play_id":"9da1154a-d7d9-4137-a698-65b9dc48b895","local_time":"20210121215055","is_ascension_mode":true,"campfire_choices":[{"data":"Footwork","floor":6,"key":"SMITH"}],"circlet_count":0,"master_deck":["AscendersBane","Strike_G","Strike_G","Strike_G","Strike_G","Strike_G","Defend_G","Defend_G","Defend_G","Defend_G","Defend_G","Survivor","Neutralize","Footwork+1","Infinite Blades","Well Laid Plans"],"relics":["Ring of the Snake","Pocketwatch","Golden Idol","Dream Catcher","White Beast Statue"],"acts_visited":["Exordium"],"potions_floor_usage":[10],"damage_taken":[{"damage":0,"enemies":"2 Louse","floor":1,"turns":4},{"damage":1,"enemies":"Jaw Worm","floor":2,"turns":6},{"damage":50,"enemies":"Gremlin Nob","floor":7,"turns":6},{"damage":27,"enemies":"3 Sentries","floor":10,"turns":4}],"seed_played":"2229845805145590180","potions_obtained":[{"floor":7,"key":"FearPotion"}],"is_trial":false,"path_per_floor":["M","M","?","?","$","R","E","?","T","E"],"character_chosen":"THE_SILENT","items_purchased":[],"campfire_rested":0,"item_purchase_floors":[],"current_hp_per_floor":[59,58,58,58,58,58,8,23,23,0,0],"gold":0,"neow_bonus":"ONE_RARE_RELIC","is_daily":false,"chose_seed":false,"campfire_upgraded":1,"win_rate":0.0,"timestamp":1611283855,"path_taken":["M","M","?","?","?","R","E","?","T","E"],"items_purchased_type":[],"build_version":"2020-12-22","purchased_purges":0,"victory":false,"max_hp_per_floor":[66,66,60,60,60,60,60,60,60,60,60],"relic_stats":{"Dream Catcher":0,"counters":[4,20],"Golden Idol":7,"obtain_stats":[{"Dream Catcher":7,"Golden Idol":3,"White Beast Statue":9,"Ring of the Snake":0,"Pocketwatch":0},{"Dream Catcher":3,"Golden Idol":2,"White Beast Statue":3,"Ring of the Snake":0,"Pocketwatch":0},{"Dream Catcher":16,"Golden Idol":10,"White Beast Statue":16,"Ring of the Snake":0,"Pocketwatch":0}],"Ring of the Snake":[8],"Pocketwatch":[24]},"card_choices":[{"not_picked":["Quick Slash","Sucker Punch"],"picked":"Footwork","floor":1},{"not_picked":["Acrobatics","PiercingWail"],"picked":"Infinite Blades","floor":2},{"not_picked":["Concentrate","Reflex"],"picked":"Well Laid Plans","floor":7}],"player_experience":3098409,"relics_obtained":[{"floor":7,"key":"Dream Catcher"},{"floor":9,"key":"White Beast Statue"}],"event_choices":[{"damage_healed":0,"gold_gain":0,"player_choice":"Lose Max HP","damage_taken":0,"relics_obtained":["Golden Idol"],"max_hp_gain":0,"max_hp_loss":6,"event_name":"Golden Idol","floor":3,"gold_loss":0},{"damage_healed":0,"gold_gain":0,"player_choice":"Left Gold","damage_taken":0,"max_hp_gain":0,"max_hp_loss":0,"event_name":"World of Goop","floor":4,"gold_loss":32},{"damage_healed":15,"gold_gain":0,"player_choice":"Healed","damage_taken":0,"max_hp_gain":0,"max_hp_loss":0,"event_name":"The Cleric","floor":8,"gold_loss":35}],"is_beta":false,"boss_relics":[],"items_purged_floors":[],"is_endless":false,"potions_floor_spawned":[7],"killed_by":"3 Sentries","ascension_level":20}}