{"host":"iz3c9fhlsuknuus5","time":1611308427,"event":{"mods":["BaseMod","Better Third Choice","Colored Map","Colored Powertips","Downfall","GifTheSpireLib","Minty Spire (QoL Compilation)","Quick Restart","StSLib"],"gold_per_floor":[99,111,11,11,26,26,73,73,73,108,108,108,124,155,173,173,173,173],"floor_reached":16,"language":"ENG","playtime":810,"items_purged":[],"score":108,"play_id":"2e3417fe-bbc6-451f-934a-51b81bb8e0f8","local_time":"20210122094027","is_ascension_mode":false,"campfire_choices":[{"data":"hexamod:Incineration","floor":1.0,"key":"SMITH"},{"data":"expansioncontent:Hexaburn","floor":6.0,"key":"SMITH"},{"data":"hexamod:Sear","floor":8.0,"key":"SMITH"}],"circlet_count":0,"master_deck":["hexamod:Strike","hexamod:Strike+1","hexamod:Defend","hexamod:Defend","hexamod:Defend","hexamod:Defend","hexamod:Sear+1","hexamod:Float","hexamod:Incineration+1","hexamod:Firestarter+1","expansioncontent:Hexaburn+1","Writhe","hexamod:GhostflameInferno","Pain"],"relics":["hexamod:SpiritBrand","hexamod:MatchstickCase","Mercury Hourglass","downfall:ExtraCursedKey","WarpedTongs","Whetstone"],"acts_visited":["Exordium"],"potions_floor_usage":[10,16,16],"damage_taken":[{"damage":0.0,"enemies":"Small Slimes","floor":2.0,"turns":4.0},{"damage":0.0,"enemies":"downfall:FleeingMerchant","floor":3.0,"turns":4.0},{"damage":2.0,"enemies":"2 Louse","floor":5.0,"turns":3.0},{"damage":16,"enemies":"Gremlin Nob","floor":10,"turns":3},{"damage":0,"enemies":"Cultist","floor":13,"turns":2},{"damage":14,"enemies":"Lagavulin","floor":14,"turns":5},{"damage":1,"enemies":"2 Fungi Beasts","floor":15,"turns":3},{"damage":42,"enemies":"DF_ARCHETYPE_STREAMLINE","floor":16,"turns":6}],"seed_played":"-2298515118577508191","potions_obtained":[{"floor":5.0,"key":"AttackPotion"},{"floor":10,"key":"Strength Potion"},{"floor":13,"key":"bronze:BurnAndBuffPotion"},{"floor":14,"key":"bronze:BurnAndBuffPotion"}],"is_trial":false,"path_per_floor":["R","M","$","?","M","R","T","R","?","E","?","?","M","E","M","B"],"character_chosen":"THE_SPIRIT","items_purchased":["expansioncontent:Hexaburn"],"campfire_rested":0,"item_purchase_floors":[3],"current_hp_per_floor":[70,70,70,70,68,68,68,68,68,52,52,52,52,38,37,0,0,0],"gold":173,"neow_bonus":"TRANSFORM_CARD","is_daily":false,"chose_seed":false,"campfire_upgraded":3,"win_rate":0.0,"timestamp":1611308427,"path_taken":["R","M","$","?","M","R","T","R","?","E","?","?","?","E","M","BOSS"],"items_purchased_type":["Card"],"build_version":"2020-12-22","purchased_purges":0,"victory":false,"max_hp_per_floor":[70,70,70,70,70,70,70,70,70,70,70,70,70,70,70,70,70,70],"card_choices":[{"not_picked":["hexamod:SpectersWail","hexamod:NightmareGuise"],"picked":"hexamod:Firestarter","floor":2.0},{"not_picked":["hexamod:NightmareStrike","hexamod:HauntingEcho","hexamod:SecondSeal"],"picked":"SKIP","floor":3.0},{"not_picked":["hexamod:BurningTouch","hexamod:GhostShield","hexamod:ShieldOfDarkness"],"picked":"SKIP","floor":5.0},{"not_picked":["hexamod:HeatMetal","hexamod:Again","hexamod:RetreatToShadows"],"picked":"SKIP","floor":10},{"not_picked":["hexamod:RecurringNightmare","hexamod:BurningTouch","hexamod:Rewind"],"picked":"SKIP","floor":13},{"not_picked":["hexamod:BacktrackSmack","hexamod:NightmareStrike","hexamod:NecessarySacrifice"],"picked":"SKIP","floor":14},{"not_picked":["hexamod:ThermalTransfer","hexamod:TimeWarp","hexamod:FourthSeal"],"picked":"SKIP","floor":15}],"player_experience":226905,"relics_obtained":[{"floor":7.0,"key":"hexamod:MatchstickCase"},{"floor":10,"key":"Mercury Hourglass"},{"floor":14,"key":"Whetstone"}],"event_choices":[{"cards_removed":["hexamod:Strike"],"damage_healed":0,"gold_gain":0,"player_choice":"Forget","damage_taken":0,"max_hp_gain":0,"max_hp_loss":0,"event_name":"Living Wall","floor":9,"gold_loss":0},{"damage_healed":0,"gold_gain":0,"player_choice":"Rummage","damage_taken":0,"relics_obtained":["WarpedTongs"],"max_hp_gain":0,"max_hp_loss":0,"event_name":"Accursed Blacksmith","floor":12,"gold_loss":0,"cards_obtained":["Pain"]}],"is_beta":false,"boss_relics":[],"items_purged_floors":[],"is_endless":false,"potions_floor_spawned":[5,10,13,14],"killed_by":"DF_ARCHETYPE_STREAMLINE","ascension_level":0}}