{"host":"orwsrz1cc0wttjjy","time":1611341618,"event":{"mods":["100% Spire Juice","2.2 Compatiblity","AchievementEnabler","Arknights The Spire","Astrologer","BaseMod","Better Altar","Better Match","Better Skull","Better Third Choice","BetterRewards","CapriCore","ChefMod","Colored Map","Colored Powertips","Conspire","DeckTracker","Friendly Minions","Halation","Hermit","Hubris","Infinite Spire","Mimic Mod","Minty Spire (QoL Compilation)","MostiFishMod","Permanent Neow","Puzzle Mod","Relic Sorter","Relic Stats","Shop Mod","Spicy Shops","StSLib","Td1madao Mod","The Accelerator","The Animator","The Cursed","The Gatherer","The Hierophant","The Marked","The Poker Player","The Runesmith","Treasure Hunter","everything is the same but u backflip on backflip","vexMod"],"gold_per_floor":[116,136,148,158,123,123,154,154,199,49,80,80,90,90,90,192,192,209,209,222,147,164,189,204,8,8,8,40,56,81,81,81,185,185,203,222,222,239,250,280,280,300,337,351,377,389,299,299,299],"floor_reached":48,"language":"KOR","playtime":3287,"items_purged":[],"score":794,"play_id":"72480c9b-2b35-4565-bc49-54bdf38c1a8e","local_time":"20210123035337","is_ascension_mode":false,"campfire_choices":[{"data":"MostiFishMod:WinterMarkForm","floor":6,"key":"SMITH"},{"floor":8,"key":"RECALL"},{"floor":15,"key":"REST"},{"floor":27,"key":"REST"},{"floor":32,"key":"REST"},{"floor":41,"key":"REST"}],"circlet_count":0,"master_deck":["ats:Strike C","ats:Strike G","ats:Strike S","ats:Strike V","ats:Armor Crushing Shot","ats:Defend","ats:Defend","ats:Defend","ats:Defend","ats:Emotion Absorption","MostiFishMod:FrostNova","MostiFishMod:WinterMarkForm+1","ats:Powerful Strike","ats:Rapid Magazine","ats:Consecutive Shot Auto+1","ats:Sword Rain","TH:ArmorSpikes","ats:Cat Scratch","TH:DeckOfManyThings+1","ats:Hammer On","ats:Blood Oath","ats:Part Time Job","TH:BikiniMail","ats:Ignite","ats:Mental Burst","TH:ElvenBoots","TH:ElvenBoots+1","ats:Echo Reverb","CurseOfTheBell","ats:Poison Spread","ats:Leaping Hammer+1","ats:Shell Defense","TH:DeckOfManyThings","ats:Soul Absorption+1","ats:Burning Ground","ats:Powerful Strike","TH:DeckOfManyThings","TH:DeckOfManyThings","ats:Charging Defense+1","ats:Chain Hook+1","ats:Burning Ground","TH:CopperCoins","ats:Shadow Assault","ats:Curse Doll+1","ats:Support Order","ats:Guardian Obelisk+1","ats:Counter Healing Mode","TH:CopperCoins","ats:Ignite","ats:Composite Medical Shells+1","ats:Very Hot Blade+1","ats:Sunburst+1","TH:DeckOfManyThings","ats:Soul Rend+1","ats:Song Of Battle+1"],"relics":["ats:Sanity","DaveBox","FrostBlade","Boot","SynthV:TestCard","ats:Originium","halation:PromiseList","Pen Nib","ats:Industrial Water Cannon","Anchor","infinitespire:ShieldingShard","Calling Bell","Vajra","TH:Strongbox","halation:QuantumPhysicsTextbook","Toy Ornithopter","ats:Defend","Matryoshka","vexMod:InvisibilityCloak","ats:Lavender","halation:Toothbrush","ShadowXiaoBlade","Nunchaku","Frozen Egg 2","halation:LettersToHer","Bronze Scales"],"acts_visited":["Exordium","TheCity","TheBeyond"],"potions_floor_usage":[28,35,35,38,39,44],"damage_taken":[{"damage":3,"enemies":"conspire:RoseBush","floor":1,"turns":4},{"damage":11,"enemies":"Jaw Worm","floor":2,"turns":2},{"damage":5,"enemies":"infinitespire:Voidling","floor":3,"turns":3},{"damage":8,"enemies":"conspire:2 RoseBushes","floor":4,"turns":4},{"damage":9,"enemies":"3 Sentries","floor":7,"turns":3},{"damage":37,"enemies":"Gremlin Nob","floor":11,"turns":5},{"damage":10,"enemies":"Looter","floor":13,"turns":4},{"damage":0,"enemies":"Slime Boss","floor":16,"turns":3},{"damage":4,"enemies":"Spheric Guardian","floor":18,"turns":3},{"damage":13,"enemies":"2 Thieves","floor":20,"turns":4},{"damage":7,"enemies":"conspire:HollyBat","floor":22,"turns":7},{"damage":0,"enemies":"conspire:Head Lice","floor":23,"turns":3},{"damage":1,"enemies":"Centurion and Healer","floor":24,"turns":5},{"damage":13,"enemies":"Book of Stabbing","floor":28,"turns":4},{"damage":1,"enemies":"Chosen and Byrds","floor":29,"turns":3},{"damage":20,"enemies":"conspire:MimicChest","floor":30,"turns":6},{"damage":12,"enemies":"hubris:MusketHawk","floor":33,"turns":5},{"damage":0,"enemies":"3 Shapes","floor":35,"turns":4},{"damage":0,"enemies":"Orb Walker","floor":36,"turns":3},{"damage":0,"enemies":"Maw","floor":38,"turns":6},{"damage":37,"enemies":"Sphere and 2 Shapes","floor":39,"turns":6},{"damage":0,"enemies":"Nemesis","floor":40,"turns":3},{"damage":16,"enemies":"Spire Growth","floor":42,"turns":3},{"damage":0,"enemies":"Writhing Mass","floor":43,"turns":3},{"damage":24,"enemies":"Writhing Mass","floor":44,"turns":5},{"damage":15,"enemies":"Reptomancer","floor":45,"turns":4},{"damage":9,"enemies":"Maw","floor":46,"turns":5},{"damage":37,"enemies":"Transient","floor":48,"turns":3}],"seed_played":"-6669177409353872628","potions_obtained":[{"floor":2,"key":"EssenceOfSteel"},{"floor":3,"key":"Regen Potion"},{"floor":7,"key":"Explosive Potion"},{"floor":29,"key":"LiquidMemories"},{"floor":33,"key":"Fire Potion"},{"floor":38,"key":"SkillPotion"},{"floor":39,"key":"Ancient Potion"},{"floor":40,"key":"infinitespire:BlackPotion"},{"floor":44,"key":"SpeedPotion"},{"floor":45,"key":"DistilledChaos"}],"is_trial":false,"path_per_floor":["M","M","M","M","?","R","E","R","T","$","E","?","M","T","R","B",null,"M","?","M","?","M","E","M","$","T","R","E","M","?","?","R","B",null,"M","M","?","M","M","E","R","M","MIM","M","E","M","?","M"],"character_chosen":"DOCTOR_CLASS","items_purchased":["ats:Hammer On","ats:Blood Oath","ats:Part Time Job","ats:Defend","ats:Powerful Strike"],"campfire_rested":4,"item_purchase_floors":[10,10,10,25,25],"current_hp_per_floor":[69,58,57,49,67,67,58,58,58,58,27,27,25,25,46,46,72,68,68,57,57,56,56,55,55,55,72,59,64,53,53,72,65,72,72,72,32,59,51,53,72,56,61,46,34,31,34,0,0],"gold":299,"neow_bonus":"RANDOM_COMMON_RELIC","is_daily":false,"chose_seed":false,"campfire_upgraded":1,"win_rate":0.0,"timestamp":1611341617,"path_taken":["M","M","M","M","?","R","E","R","T","$","E","?","M","?","R","BOSS","M","?","M","?","M","E","M","?","T","R","E","?","?","?","R","BOSS","M","M","?","M","M","E","R","M","MIM","M","E","?","?","M"],"items_purchased_type":["Card","Card","Card","Card","Card"],"build_version":"2020-12-22","purchased_purges":0,"victory":false,"max_hp_per_floor":[72,72,72,72,72,72,72,72,72,72,72,72,72,72,72,72,72,72,72,72,72,72,72,72,72,72,72,72,72,72,72,72,72,72,72,72,72,72,72,72,72,72,72,72,72,72,75,75,75],"relic_stats":{"Nunchaku":[5],"counters":[28,112],"Bronze Scales":[9],"Pen Nib":[16],"Boot":[3],"obtain_stats":[{"DaveBox":0,"Vajra":17,"TH:Strongbox":17,"Boot":0,"ats:Industrial Water Cannon":11,"vexMod:InvisibilityCloak":28,"Nunchaku":37,"infinitespire:ShieldingShard":14,"Matryoshka":26,"halation:Toothbrush":31,"halation:PromiseList":7,"ats:Sanity":0,"halation:LettersToHer":43,"ats:Defend":25,"halation:QuantumPhysicsTextbook":17,"ats:Lavender":30,"ShadowXiaoBlade":34,"Pen Nib":9,"Frozen Egg 2":40,"FrostBlade":0,"Calling Bell":17,"Anchor":12,"SynthV:TestCard":1,"ats:Originium":7,"Bronze Scales":45,"Toy Ornithopter":23},{"DaveBox":0,"Vajra":8,"TH:Strongbox":8,"Boot":0,"ats:Industrial Water Cannon":6,"vexMod:InvisibilityCloak":14,"Nunchaku":19,"infinitespire:ShieldingShard":7,"Matryoshka":13,"halation:Toothbrush":16,"halation:PromiseList":5,"ats:Sanity":0,"halation:LettersToHer":24,"ats:Defend":13,"halation:QuantumPhysicsTextbook":8,"ats:Lavender":16,"ShadowXiaoBlade":17,"Pen Nib":5,"Frozen Egg 2":22,"FrostBlade":0,"Calling Bell":8,"Anchor":6,"SynthV:TestCard":1,"ats:Originium":5,"Bronze Scales":26,"Toy Ornithopter":12},{"DaveBox":0,"Vajra":28,"TH:Strongbox":28,"Boot":0,"ats:Industrial Water Cannon":21,"vexMod:InvisibilityCloak":54,"Nunchaku":74,"infinitespire:ShieldingShard":25,"Matryoshka":50,"halation:Toothbrush":63,"halation:PromiseList":16,"ats:Sanity":0,"halation:LettersToHer":95,"ats:Defend":50,"halation:QuantumPhysicsTextbook":28,"ats:Lavender":63,"ShadowXiaoBlade":68,"Pen Nib":16,"Frozen Egg 2":89,"FrostBlade":0,"Calling Bell":28,"Anchor":21,"SynthV:TestCard":4,"ats:Originium":16,"Bronze Scales":104,"Toy Ornithopter":45}],"Toy Ornithopter":15},"card_choices":[{"not_picked":["ats:Ignite","ats:Sashimi Platter"],"picked":"ats:Powerful Strike","floor":1},{"not_picked":["ats:Flexible Camouflage","ats:Powerful Strike","ats:Assault Order","ats:Closed Bolt Burst Fire"],"picked":"ats:Rapid Magazine","floor":2},{"not_picked":["ats:Childhood Dance","ats:Disruption Kick","ats:Shell Defense","ats:Soul Absorption"],"picked":"ats:Consecutive Shot Auto","floor":3},{"not_picked":["ats:Serious Mode","ats:Childhood Dance","ats:Explosion Area Strengthen","ats:Very Hot Blade"],"picked":"ats:Sword Rain","floor":4},{"not_picked":["TH:Mimic","TH:DeckOfManyThings","TH:TreasureMap"],"picked":"TH:ArmorSpikes","floor":7},{"not_picked":["ats:Assault Order","ats:Explosion Area Strengthen","ats:Directed Diagnosis","ats:Leaping Hammer"],"picked":"ats:Cat Scratch","floor":7},{"not_picked":["TH:ArmorSpikes","TH:PixieDust","TH:Mimic"],"picked":"TH:DeckOfManyThings","floor":9},{"not_picked":["TH:TreasureMap","TH:ElvenBoots","TH:PixieDust"],"picked":"TH:BikiniMail","floor":11},{"not_picked":["ats:Composite Medical Shells","ats:Rapid Magazine","ats:Closed Bolt Burst Fire","ats:Explosion Area Strengthen"],"picked":"ats:Ignite","floor":11},{"not_picked":["ats:Assault Order","ats:Explosion Area Strengthen","ats:Blood Oath","ats:Very Hot Blade"],"picked":"ats:Mental Burst","floor":13},{"not_picked":["TH:ArmorSpikes","TH:EnergyPotion","TH:Mimic"],"picked":"TH:ElvenBoots","floor":14},{"not_picked":["TH:PixieDust","TH:CursedSword","TH:Mimic"],"picked":"TH:ElvenBoots","floor":16},{"not_picked":["ats:True Silver Slash","ats:Fractured Body","ats:Wolf Pack","ats:Durian"],"picked":"ats:Echo Reverb","floor":16},{"not_picked":["ats:Ignite","ats:Encircling Forest","ats:Mental Burst","ats:Closed Bolt Burst Fire"],"picked":"ats:Poison Spread","floor":18},{"not_picked":["ats:Fractured Body","ats:Revitalization","ats:Very Hot Blade","ats:Consecutive Shot Auto"],"picked":"ats:Leaping Hammer+1","floor":20},{"not_picked":["ats:Childhood Dance","ats:Powerful Strike+1","ats:Directed Diagnosis","ats:Leaping Hammer"],"picked":"ats:Shell Defense","floor":22},{"not_picked":["TH:BikiniMail","TH:CursedSword","TH:EnergyPotion"],"picked":"TH:DeckOfManyThings","floor":23},{"not_picked":["ats:Apocalypse","ats:Revitalization","ats:Consecutive Shot Auto+1","ats:Flexible Camouflage+1"],"picked":"ats:Soul Absorption+1","floor":23},{"not_picked":["ats:Cat Scratch","ats:Sword Rain+1","ats:Thermite Blade","ats:Soul Absorption"],"picked":"ats:Burning Ground","floor":24},{"not_picked":["TH:CopperCoins","TH:TreasureMap","TH:ElvenBoots"],"picked":"TH:DeckOfManyThings","floor":26},{"not_picked":["TH:PixieDust","TH:CursedSword","TH:EnergyPotion"],"picked":"TH:DeckOfManyThings","floor":28},{"not_picked":["ats:Apocalypse","ats:Thermite Blade","ats:Soul Absorption","ats:Serious Mode"],"picked":"ats:Charging Defense+1","floor":28},{"not_picked":["ats:Explosion Area Strengthen","ats:Hammer On","ats:Healing Strengthening","ats:Revitalization"],"picked":"ats:Chain Hook+1","floor":29},{"not_picked":["ats:Powerful Strike","ats:Rapid Magazine","ats:Poison Spread+1","ats:Leaping Hammer"],"picked":"ats:Burning Ground","floor":30},{"not_picked":["TH:Mimic","TH:ArmorSpikes","TH:EnergyPotion"],"picked":"TH:CopperCoins","floor":33},{"not_picked":["ats:Dogmatic Field","ats:Echo Reverb","ats:True Silver Slash","ats:Rat Pack"],"picked":"ats:Shadow Assault","floor":33},{"not_picked":["ats:Consecutive Shot Auto","ats:Explosion Area Strengthen","ats:Collapsing Strike+1","ats:Apocalypse"],"picked":"ats:Curse Doll+1","floor":35},{"not_picked":["ats:Blood Oath","ats:Beaten Up","ats:Assault Order+1","ats:Powerful Strike"],"picked":"ats:Support Order","floor":36},{"not_picked":["ats:Curse Doll","ats:Revitalization+1","ats:Serious Mode+1","ats:Closed Bolt Burst Fire"],"picked":"ats:Guardian Obelisk+1","floor":38},{"not_picked":["ats:Assault Order+1","ats:Consecutive Shot Auto","ats:Ignite+1","ats:Revitalization+1"],"picked":"ats:Counter Healing Mode","floor":39},{"not_picked":["TH:TreasureMap","TH:BikiniMail","TH:EnergyPotion"],"picked":"TH:CopperCoins","floor":40},{"not_picked":["ats:Assault Order","ats:Sunburst","ats:Shell Defense+1","ats:Neurotoxin+1"],"picked":"ats:Ignite","floor":40},{"not_picked":["ats:Assault Order+1","ats:Closed Bolt Burst Fire+1","ats:Hammer On+1","ats:Childhood Dance"],"picked":"ats:Composite Medical Shells+1","floor":42},{"not_picked":["ats:Flexible Camouflage+1","ats:Disruption Kick","ats:Phantom+1","ats:Poison Spread"],"picked":"ats:Very Hot Blade+1","floor":43},{"not_picked":["ats:Leaping Hammer","ats:Closed Bolt Burst Fire+1","ats:Apocalypse","ats:Very Hot Blade"],"picked":"ats:Sunburst+1","floor":44},{"not_picked":["TH:EnergyPotion","TH:CopperCoins","TH:CursedSword"],"picked":"TH:DeckOfManyThings","floor":45},{"not_picked":["ats:Shadow Raid+1","ats:Childhood Dance+1","ats:Part Time Job+1","ats:Sword Rain"],"picked":"ats:Soul Rend+1","floor":45},{"not_picked":["ats:Flame Of Heaven","ats:Collapsing Strike","ats:Very Hot Blade","ats:Curse Doll"],"picked":"ats:Song Of Battle+1","floor":46}],"player_experience":302043,"relics_obtained":[{"floor":1,"key":"SynthV:TestCard"},{"floor":7,"key":"ats:Originium"},{"floor":7,"key":"halation:PromiseList"},{"floor":9,"key":"Pen Nib"},{"floor":11,"key":"ats:Originium"},{"floor":11,"key":"ats:Industrial Water Cannon"},{"floor":14,"key":"infinitespire:ShieldingShard"},{"floor":17,"key":"Vajra"},{"floor":17,"key":"TH:Strongbox"},{"floor":17,"key":"halation:QuantumPhysicsTextbook"},{"floor":23,"key":"ats:Originium"},{"floor":23,"key":"Toy Ornithopter"},{"floor":26,"key":"Matryoshka"},{"floor":28,"key":"ats:Originium"},{"floor":28,"key":"vexMod:InvisibilityCloak"},{"floor":30,"key":"ats:Lavender"},{"floor":40,"key":"Frozen Egg 2"},{"floor":43,"key":"halation:LettersToHer"},{"floor":45,"key":"Bronze Scales"}],"event_choices":[{"damage_healed":18,"gold_gain":0,"player_choice":"Healed","damage_taken":0,"max_hp_gain":0,"max_hp_loss":0,"event_name":"The Cleric","floor":5,"gold_loss":35},{"damage_healed":0,"gold_gain":0,"player_choice":"Box","damage_taken":0,"relics_obtained":["Anchor"],"max_hp_gain":0,"max_hp_loss":0,"event_name":"Big Fish","floor":12,"gold_loss":0,"cards_obtained":["Regret"]},{"damage_healed":0,"gold_gain":0,"player_choice":"Leave","damage_taken":0,"max_hp_gain":0,"max_hp_loss":0,"event_name":"conspire:Investor","floor":19,"gold_loss":0},{"cards_removed":["Regret"],"damage_healed":0,"gold_gain":0,"player_choice":"Gave Gold","damage_taken":0,"max_hp_gain":0,"max_hp_loss":0,"event_name":"Beggar","floor":21,"gold_loss":75},{"damage_healed":0,"gold_gain":0,"player_choice":"Stole Relic","damage_taken":0,"relics_obtained":["halation:Toothbrush"],"max_hp_gain":0,"max_hp_loss":0,"event_name":"Addict","floor":31,"gold_loss":0,"cards_obtained":["Shame"]},{"damage_healed":0,"gold_gain":0,"player_choice":"UP RE UP ","damage_taken":46,"relics_obtained":["Nunchaku"],"max_hp_gain":0,"max_hp_loss":0,"event_name":"betterSkull:BetterSkull","floor":37,"gold_loss":0,"cards_upgraded":["TH:DeckOfManyThings","ats:Consecutive Shot Auto"]},{"cards_removed":["Shame"],"damage_healed":0,"gold_gain":0,"player_choice":"Upgrade and Remove","damage_taken":0,"max_hp_gain":0,"max_hp_loss":0,"event_name":"Designer","floor":47,"gold_loss":90,"cards_upgraded":["TH:ElvenBoots"]}],"is_beta":false,"boss_relics":[{"not_picked":["Fusion Hammer","Velvet Choker"],"picked":"Calling Bell"},{"not_picked":["hubris:VirtuousBlindfold","halation:MonkeysPaw"],"picked":"ShadowXiaoBlade"}],"items_purged_floors":[],"is_endless":false,"potions_floor_spawned":[2,3,7,13,18,24,29,33,38,39,40,44,45],"killed_by":"Transient","ascension_level":0}}