{"host":"BinaryLev","time":1611335877,"event":{"mods":["BaseMod","Colored Map","Colored Powertips","Conspire","DeckTracker","Downfall","Highlight Path","Infinite Spire","Minty Spire (QoL Compilation)","Quick Restart","Random Character Button","Relic Sorter","Relic Stats","StSLib","The Animator","The Blue Laboratory"],"gold_per_floor":[109,139,139,139,154,154,2,2,2,13,68,68,94,109,109,109,109],"floor_reached":16,"language":"ENG","playtime":1012,"items_purged":[],"score":90,"play_id":"9a30784c-82d1-49ee-b48c-43b9b0eda8f2","local_time":"20210122221757","is_ascension_mode":false,"campfire_choices":[{"data":"animator:Caster","floor":6,"key":"SMITH"},{"data":"animator:Aqua","floor":8,"key":"SMITH"},{"data":"animator:Kazuma","floor":15,"key":"SMITH"}],"circlet_count":0,"master_deck":["animator:Strike_Konosuba","animator:Defend_Konosuba","animator:Strike","animator:Strike","animator:Strike","animator:Defend","animator:Defend","animator:Defend","animator:Kazuma+1","animator:Aqua+1","animator:Caster+1","animator:Verdia"],"relics":["animator:LivingPicture","animator:TheMissingPiece","animator:PurgingStone","NeowsBlessing","Paper Crane","animator:ShionDessert","animator:Hoodie","infinitespire:ShieldingShard"],"acts_visited":["Exordium"],"potions_floor_usage":[1,14,14,16],"damage_taken":[{"damage":0,"enemies":"2 Louse","floor":1,"turns":1},{"damage":0,"enemies":"conspire:MimicChest","floor":2,"turns":1},{"damage":0,"enemies":"Small Slimes","floor":5,"turns":2},{"damage":0,"enemies":"conspire:RoseBush","floor":10,"turns":4},{"damage":33,"enemies":"Lagavulin Event","floor":11,"turns":8},{"damage":5,"enemies":"Red Slaver","floor":13,"turns":6},{"damage":11,"enemies":"Lots of Slimes","floor":14,"turns":4},{"damage":40,"enemies":"Slime Boss","floor":16,"turns":9}],"seed_played":"-1363137737502267181","potions_obtained":[{"floor":1,"key":"Fruit Juice"},{"floor":11,"key":"Slimebound:ThreeZeroPotion"},{"floor":13,"key":"blueLaboratory:PyrophylliteBrew"},{"floor":14,"key":"blueLaboratory:BottleOfRum"}],"is_trial":false,"path_per_floor":["M","?","?","$","M","R","$","R","T","M","?","?","M","M","R","B"],"character_chosen":"THE_ANIMATOR","items_purchased":["animator:ShionDessert"],"campfire_rested":0,"item_purchase_floors":[7],"current_hp_per_floor":[71,71,71,71,71,71,71,71,71,74,44,44,42,37,37,0,0],"gold":109,"neow_bonus":"THREE_ENEMY_KILL","is_daily":false,"chose_seed":false,"campfire_upgraded":3,"win_rate":0.0,"timestamp":1611335877,"path_taken":["M","?","?","$","?","R","$","R","T","?","?","?","?","M","R","BOSS"],"items_purchased_type":["Relic"],"build_version":"2020-12-18","purchased_purges":0,"victory":false,"max_hp_per_floor":[71,71,71,71,71,71,71,71,71,74,74,74,74,74,74,74,74],"relic_stats":{"counters":[8,35],"obtain_stats":[{"animator:ShionDessert":7,"animator:Hoodie":9,"infinitespire:ShieldingShard":11,"animator:PurgingStone":0,"NeowsBlessing":0,"animator:TheMissingPiece":0,"animator:LivingPicture":0,"Paper Crane":2},{"animator:ShionDessert":3,"animator:Hoodie":3,"infinitespire:ShieldingShard":4,"animator:PurgingStone":0,"NeowsBlessing":0,"animator:TheMissingPiece":0,"animator:LivingPicture":0,"Paper Crane":2},{"animator:ShionDessert":4,"animator:Hoodie":4,"infinitespire:ShieldingShard":8,"animator:PurgingStone":0,"NeowsBlessing":0,"animator:TheMissingPiece":0,"animator:LivingPicture":0,"Paper Crane":2}]},"card_choices":[{"not_picked":["animator:ElricAlphonse","animator:Sebas"],"picked":"animator:Caster","floor":1},{"not_picked":["animator:Saitama","animator:Rena","animator:Demiurge"],"picked":"SKIP","floor":5},{"not_picked":["animator:GuildGirl","animator:Priestess","animator:DolaCouronne"],"picked":"SKIP","floor":10},{"not_picked":["animator:Illya","animator:Shalltear"],"picked":"animator:Verdia","floor":13},{"not_picked":["animator:Greed","animator:Tatsumaki","animator:Tet"],"picked":"SKIP","floor":14}],"player_experience":1459202,"relics_obtained":[{"floor":2,"key":"Paper Crane"},{"floor":9,"key":"animator:Hoodie"}],"event_choices":[{"damage_healed":0,"gold_gain":0,"player_choice":"Ignored","damage_taken":0,"max_hp_gain":0,"max_hp_loss":0,"event_name":"Transmorgrifier","floor":3,"gold_loss":0},{"damage_healed":0,"gold_gain":0,"player_choice":"Searched \u00272\u0027 times","damage_taken":0,"relics_obtained":["infinitespire:ShieldingShard"],"max_hp_gain":0,"max_hp_loss":0,"event_name":"Dead Adventurer","floor":11,"gold_loss":0},{"damage_healed":0,"gold_gain":0,"player_choice":"Ignored","damage_taken":0,"max_hp_gain":0,"max_hp_loss":0,"event_name":"NoteForYourself","floor":12,"gold_loss":0}],"is_beta":true,"boss_relics":[],"items_purged_floors":[],"is_endless":false,"potions_floor_spawned":[1,11,13,14],"killed_by":"Slime Boss","ascension_level":0}}