{"host":"c95txy58ipbu969e","time":1611329118,"event":{"mods":["Act Like it!","BaseMod","Downfall","Minty Spire (QoL Compilation)","Quick Restart","StSLib"],"gold_per_floor":[99,99,99,199,199,219,219,236,236,236,236],"floor_reached":9,"language":"ENG","playtime":413,"items_purged":[],"score":54,"play_id":"91bd0aa2-7454-42aa-83c7-1814d43e2103","local_time":"20210122232518","is_ascension_mode":true,"campfire_choices":[{"data":"champ:Taunt","floor":1.0,"key":"SMITH"}],"circlet_count":1,"master_deck":["champ:Strike","champ:Strike","champ:Strike","champ:Strike","champ:Defend","champ:Defend","champ:Defend","champ:Defend","champ:Execute","champ:Taunt+1","champ:Circumvent","champ:ShieldSigil","champ:Lariat"],"relics":["champ:ChampionCrown","downfall:HeartsMalice","Circlet"],"acts_visited":["Exordium"],"potions_floor_usage":[],"damage_taken":[{"damage":0.0,"enemies":"Jaw Worm","floor":2.0,"turns":1.0},{"damage":0.0,"enemies":"Cultist","floor":3.0,"turns":1.0},{"damage":0.0,"enemies":"Small Slimes","floor":5.0,"turns":1.0},{"damage":21.0,"enemies":"Exordium Wildlife","floor":6.0,"turns":7.0},{"damage":44.0,"enemies":"Exordium Thugs","floor":8.0,"turns":6.0},{"damage":0,"enemies":"Gremlin Nob","floor":9,"turns":1}],"seed_played":"3552316240837041364","potions_obtained":[{"floor":6.0,"key":"PowerPotion"}],"is_trial":false,"path_per_floor":["R","M","M","?","M","M","T","M","E"],"character_chosen":"THE_CHAMP","items_purchased":[],"campfire_rested":0,"item_purchase_floors":[],"current_hp_per_floor":[90,90,90,90,90,69,69,30,30,30,30],"gold":236,"neow_bonus":"THREE_ENEMY_KILL","is_daily":false,"chose_seed":false,"campfire_upgraded":1,"win_rate":0.0,"timestamp":1611329118,"path_taken":["R","M","M","?","M","M","T","M","E"],"items_purchased_type":[],"build_version":"2020-12-22","purchased_purges":0,"victory":false,"max_hp_per_floor":[90,90,90,90,90,90,90,90,90,90,90],"card_choices":[{"not_picked":["champ:BringItOn","champ:CrookedStrike"],"picked":"champ:Circumvent","floor":2.0},{"not_picked":["champ:RageSigil","champ:Backstep"],"picked":"champ:ShieldSigil","floor":3.0},{"not_picked":["champ:HeartStrike","champ:Backstep","champ:Balance"],"picked":"SKIP","floor":5.0},{"not_picked":["champ:GladiatorsShout","champ:DefensiveShout"],"picked":"champ:Lariat","floor":6.0},{"not_picked":["champ:FlashCut","champ:BringItOn","champ:Duel"],"picked":"SKIP","floor":8.0}],"player_experience":495297,"relics_obtained":[{"floor":7.0,"key":"Golden Egg"}],"event_choices":[],"is_beta":false,"boss_relics":[],"items_purged_floors":[],"is_endless":false,"potions_floor_spawned":[6],"killed_by":"Gremlin Nob","ascension_level":2}}