{"host":"uv5ws9rdk87e8i5k","time":1611341009,"event":{"mods":["AchievementEnabler","BaseMod","Colored Map","Minty Spire (QoL Compilation)","StSLib","SuperFastMode"],"gold_per_floor":[114,129,147,147,147,147,172,194,288,320,332,364,376,415,427,535,547,575,597,53,68,81,408,428,463,486,486,519,531,531,547,547,650,700,720,732,747,797,808,808,808],"floor_reached":40,"language":"ENG","playtime":1345,"items_purged":[],"score":693,"play_id":"d7310250-4316-486a-a687-0799bd1dcc33","local_time":"20210122124329","is_ascension_mode":true,"campfire_choices":[{"data":"Dash","floor":6,"key":"SMITH"},{"floor":11,"key":"REST"},{"data":"Cloak And Dagger","floor":13,"key":"SMITH"},{"data":"Blade Dance","floor":15,"key":"SMITH"},{"floor":27,"key":"REST"},{"floor":32,"key":"REST"}],"circlet_count":0,"master_deck":["Strike_G","Strike_G","Strike_G","Strike_G","Defend_G","Defend_G","Defend_G+1","Defend_G","Survivor","Neutralize","Bane","Finisher","Dash+1","Dagger Spray","Infinite Blades+1","Dagger Throw","Cloak And Dagger+1","Blade Dance+1","A Thousand Cuts+1","Finisher","Prepared+1","Infinite Blades+1","Cloak And Dagger","Cloak And Dagger+1","Adrenaline","Blade Dance+1","Adrenaline","Escape Plan+1","Blade Dance","PiercingWail+1","Blade Dance+1"],"relics":["Ring of the Snake","TungstenRod","MawBank","Frozen Egg 2","Lantern","Sozu","Thread and Needle","Question Card","Old Coin","Blood Vial","Ancient Tea Set","White Beast Statue","Mummified Hand","Tiny House","Peace Pipe"],"acts_visited":["Exordium","TheCity","TheBeyond"],"potions_floor_usage":[7,8,10,14,19],"damage_taken":[{"damage":2.0,"enemies":"2 Louse","floor":1.0,"turns":4.0},{"damage":2,"enemies":"Jaw Worm","floor":2,"turns":3},{"damage":0,"enemies":"Cultist","floor":3,"turns":3},{"damage":0,"enemies":"3 Sentries","floor":7,"turns":5},{"damage":0,"enemies":"Lots of Slimes","floor":8,"turns":1},{"damage":8,"enemies":"Exordium Wildlife","floor":10,"turns":3},{"damage":1,"enemies":"3 Louse","floor":12,"turns":3},{"damage":0,"enemies":"Gremlin Nob","floor":14,"turns":2},{"damage":4,"enemies":"Slime Boss","floor":16,"turns":8},{"damage":0,"enemies":"Spheric Guardian","floor":18,"turns":3},{"damage":0,"enemies":"3 Byrds","floor":19,"turns":2},{"damage":4,"enemies":"Centurion and Healer","floor":21,"turns":5},{"damage":0,"enemies":"Snecko","floor":22,"turns":3},{"damage":16,"enemies":"Gremlin Leader","floor":23,"turns":5},{"damage":0,"enemies":"Cultist and Chosen","floor":24,"turns":3},{"damage":15,"enemies":"Book of Stabbing","floor":25,"turns":5},{"damage":10,"enemies":"Slavers","floor":28,"turns":2},{"damage":4,"enemies":"Centurion and Healer","floor":29,"turns":4},{"damage":7,"enemies":"Shelled Parasite and Fungi","floor":31,"turns":3},{"damage":5,"enemies":"Automaton","floor":33,"turns":6},{"damage":36,"enemies":"3 Shapes","floor":35,"turns":3},{"damage":0,"enemies":"3 Darklings","floor":36,"turns":2},{"damage":9,"enemies":"Transient","floor":37,"turns":5},{"damage":0,"enemies":"Mind Bloom Boss Battle","floor":38,"turns":4},{"damage":19,"enemies":"Maw","floor":39,"turns":5},{"damage":20,"enemies":"Reptomancer","floor":40,"turns":4}],"seed_played":"4599889141410518485","potions_obtained":[{"floor":3,"key":"EssenceOfSteel"},{"floor":7,"key":"Explosive Potion"},{"floor":8,"key":"DistilledChaos"},{"floor":12,"key":"DistilledChaos"},{"floor":16,"key":"Explosive Potion"}],"is_trial":false,"path_per_floor":["M","M","M","?","?","R","E","M","T","M","R","M","R","E","R","B",null,"M","M","$","M","M","E","M","E","T","R","E","M","?","M","R","B",null,"M","M","M","?","M","E"],"character_chosen":"THE_SILENT","items_purchased":["Thread and Needle","Question Card"],"campfire_rested":3,"item_purchase_floors":[20,20],"current_hp_per_floor":[47,45,45,38,38,38,38,38,38,30,51,50,50,50,50,46,64,64,64,64,60,60,44,44,29,29,50,42,40,40,35,56,53,71,37,39,32,34,17,0,0],"gold":808,"neow_bonus":"TRANSFORM_TWO_CARDS","is_daily":false,"chose_seed":false,"campfire_upgraded":3,"win_rate":0.0,"timestamp":1611341009,"path_taken":["M","M","M","?","?","R","E","M","T","M","R","M","R","E","R","BOSS","M","M","$","M","M","E","M","E","T","R","E","M","?","?","R","BOSS","M","M","M","?","M","E"],"items_purchased_type":["Relic","Relic"],"build_version":"2020-12-22","purchased_purges":0,"victory":false,"max_hp_per_floor":[70,70,70,70,70,70,70,70,70,70,70,70,70,70,70,70,70,70,70,70,70,70,70,70,70,70,70,70,70,70,70,70,70,75,75,75,75,75,75,75,75],"card_choices":[{"not_picked":["Bane","Underhanded Strike"],"picked":"Dash","floor":1.0},{"not_picked":["Catalyst","Bane"],"picked":"Dagger Spray","floor":2},{"not_picked":["Deadly Poison","A Thousand Cuts"],"picked":"Infinite Blades","floor":3},{"not_picked":["Flying Knee","Concentrate"],"picked":"Dagger Throw","floor":7},{"not_picked":["Bouncing Flask","Acrobatics","Deflect"],"picked":"SKIP","floor":8},{"not_picked":["Heel Hook","Quick Slash"],"picked":"Cloak And Dagger","floor":10},{"not_picked":["Heel Hook","Predator","Dagger Spray"],"picked":"SKIP","floor":12},{"not_picked":["Corpse Explosion","Expertise"],"picked":"Blade Dance","floor":14},{"not_picked":["Adrenaline","Venomology"],"picked":"A Thousand Cuts+1","floor":16},{"not_picked":["Eviscerate+1","Dagger Spray"],"picked":"Finisher","floor":18},{"not_picked":["Acrobatics","PiercingWail","Backflip"],"picked":"SKIP","floor":19},{"not_picked":["Dagger Spray","Tactician+1","PiercingWail","Die Die Die"],"picked":"SKIP","floor":21},{"not_picked":["Catalyst","Flechettes","Eviscerate","Outmaneuver"],"picked":"SKIP","floor":22},{"not_picked":["Blur","Flying Knee","Storm of Steel"],"picked":"Prepared+1","floor":23},{"not_picked":["Dodge and Roll+1","Backflip","Deflect"],"picked":"Infinite Blades+1","floor":24},{"not_picked":["Eviscerate","Footwork+1","Underhanded Strike"],"picked":"Cloak And Dagger","floor":25},{"not_picked":["Slice","Dodge and Roll+1","Expertise+1"],"picked":"Cloak And Dagger+1","floor":28},{"not_picked":["Tactician+1","Quick Slash+1","Cloak And Dagger"],"picked":"Adrenaline","floor":29},{"not_picked":["Bane","Backflip+1","Finisher"],"picked":"Blade Dance+1","floor":31},{"not_picked":["Tools of the Trade+1","Corpse Explosion","Grand Finale"],"picked":"Adrenaline","floor":33},{"not_picked":["Masterful Stab","Reflex","Acrobatics"],"picked":"Escape Plan+1","floor":34},{"not_picked":["Reflex","Riddle With Holes+1","Underhanded Strike+1"],"picked":"Blade Dance","floor":35},{"not_picked":["Backflip","Dagger Spray","Reflex"],"picked":"PiercingWail+1","floor":36},{"not_picked":["Tactician+1","Sucker Punch","PiercingWail","Bouncing Flask"],"picked":"SKIP","floor":37},{"not_picked":["Blur+1","Deadly Poison+1","Prepared"],"picked":"Blade Dance+1","floor":39}],"player_experience":162293,"relics_obtained":[{"floor":7,"key":"MawBank"},{"floor":9,"key":"Frozen Egg 2"},{"floor":14,"key":"Lantern"},{"floor":23,"key":"Old Coin"},{"floor":25,"key":"Blood Vial"},{"floor":26,"key":"Ancient Tea Set"},{"floor":28,"key":"White Beast Statue"},{"floor":30,"key":"Mummified Hand"},{"floor":38,"key":"Peace Pipe"}],"event_choices":[{"damage_healed":0,"gold_gain":0,"player_choice":"Success","damage_taken":7,"relics_obtained":["TungstenRod"],"max_hp_gain":0,"max_hp_loss":0,"event_name":"Scrap Ooze","floor":4,"gold_loss":0},{"damage_healed":0,"gold_gain":0,"player_choice":"Upgraded","damage_taken":0,"max_hp_gain":0,"max_hp_loss":0,"event_name":"Upgrade Shrine","floor":5,"gold_loss":0,"cards_upgraded":["Infinite Blades"]},{"damage_healed":0,"gold_gain":0,"player_choice":"Relic","damage_taken":0,"max_hp_gain":0,"max_hp_loss":0,"event_name":"Wheel of Change","floor":30,"gold_loss":0},{"damage_healed":0,"gold_gain":0,"player_choice":"Fight","damage_taken":0,"max_hp_gain":0,"max_hp_loss":0,"event_name":"MindBloom","floor":38,"gold_loss":0}],"is_beta":false,"boss_relics":[{"not_picked":["Runic Dome","HoveringKite"],"picked":"Sozu"},{"not_picked":["Cursed Key","Philosopher\u0027s Stone"],"picked":"Tiny House"}],"items_purged_floors":[],"is_endless":false,"potions_floor_spawned":[3,7,8,12,16,19,21,23,25,29,31,33,35,36,37,38,39],"killed_by":"Reptomancer","ascension_level":5}}