{"host":"7qoz5gmva6til3yp","time":1611346324,"event":{"mods":["AchievementEnabler","BaseMod","Minty Spire (QoL Compilation)","StSLib","SuperFastMode"],"gold_per_floor":[111,126,126,142,142,142,156,156,156,98,108,108,108,122,122,122,122],"floor_reached":16,"language":"KOR","playtime":332,"items_purged":["Defend_P"],"score":133,"play_id":"6dea1ef1-f90d-4429-87d3-b20428ab89b7","local_time":"20210123051204","is_ascension_mode":true,"campfire_choices":[{"data":"Eruption","floor":6.0,"key":"SMITH"},{"data":"Adaptation","floor":12,"key":"SMITH"},{"data":"InnerPeace","floor":15,"key":"SMITH"}],"circlet_count":0,"master_deck":["Strike_P","Strike_P","Strike_P","Defend_P","Defend_P","Defend_P","Eruption+1","Vigilance","FollowUp","Protect","Wallop","Adaptation+1","InnerPeace+1"],"relics":["PureWater","Turnip","Membership Card"],"acts_visited":["Exordium"],"potions_floor_usage":[16],"damage_taken":[{"damage":9.0,"enemies":"2 Louse","floor":1.0,"turns":3.0},{"damage":0.0,"enemies":"Small Slimes","floor":2.0,"turns":2.0},{"damage":0.0,"enemies":"Jaw Worm","floor":4.0,"turns":3.0},{"damage":13,"enemies":"2 Fungi Beasts","floor":7,"turns":3},{"damage":1,"enemies":"Large Slime","floor":11,"turns":6},{"damage":9,"enemies":"Blue Slaver","floor":14,"turns":4},{"damage":37,"enemies":"Hexaghost","floor":16,"turns":9}],"seed_played":"-5073774401108306089","potions_obtained":[{"floor":2.0,"key":"Dexterity Potion"},{"floor":11,"key":"SpeedPotion"}],"is_trial":false,"path_per_floor":["M","M","?","M","?","R","M","?","T","$","M","R","?","M","R","B"],"character_chosen":"WATCHER","items_purchased":["Membership Card","Adaptation","InnerPeace"],"campfire_rested":0,"item_purchase_floors":[10,10,10],"current_hp_per_floor":[56,56,56,56,56,56,43,36,36,36,35,35,40,31,31,0,0],"gold":122,"neow_bonus":"THREE_CARDS","is_daily":false,"chose_seed":false,"campfire_upgraded":3,"win_rate":0.0,"timestamp":1611346324,"path_taken":["M","M","?","M","?","R","M","?","T","$","M","R","?","M","R","BOSS"],"items_purchased_type":["Relic","Card","Card"],"build_version":"2020-12-22","purchased_purges":1,"victory":false,"max_hp_per_floor":[72,72,72,72,72,72,72,72,72,72,72,72,77,77,77,77,77],"card_choices":[{"not_picked":["Evaluate","DeceiveReality"],"picked":"FollowUp","floor":0.0},{"not_picked":["JustLucky","FollowUp","Protect"],"picked":"SKIP","floor":1.0},{"not_picked":["JustLucky","FollowUp"],"picked":"Protect","floor":1.0},{"not_picked":["FollowUp","ThirdEye","EmptyBody"],"picked":"SKIP","floor":2.0},{"not_picked":["SashWhip","ClearTheMind"],"picked":"Wallop","floor":4.0},{"not_picked":["FlyingSleeves","Protect","Conclude"],"picked":"SKIP","floor":7},{"not_picked":["Halt","FlurryOfBlows","JustLucky"],"picked":"SKIP","floor":11},{"not_picked":["Indignation","Prostrate","ForeignInfluence"],"picked":"SKIP","floor":14}],"player_experience":416983,"relics_obtained":[{"floor":9,"key":"Turnip"}],"event_choices":[{"damage_healed":0.0,"max_hp_gain":0.0,"max_hp_loss":0.0,"gold_gain":0.0,"event_name":"Liars Game","player_choice":"Ignored","floor":3.0,"gold_loss":0.0,"damage_taken":0.0},{"damage_healed":0.0,"max_hp_gain":0.0,"max_hp_loss":0.0,"gold_gain":0.0,"event_name":"Golden Idol","player_choice":"Ignored","floor":5.0,"gold_loss":0.0,"damage_taken":0.0},{"cards_removed":["Strike_P"],"damage_healed":0,"gold_gain":0,"player_choice":"Card Removal","damage_taken":7,"max_hp_gain":0,"max_hp_loss":0,"event_name":"Golden Wing","floor":8,"gold_loss":0},{"damage_healed":0,"gold_gain":0,"player_choice":"Donut","damage_taken":0,"max_hp_gain":5,"max_hp_loss":0,"event_name":"Big Fish","floor":13,"gold_loss":0}],"is_beta":false,"boss_relics":[],"items_purged_floors":[10],"is_endless":false,"potions_floor_spawned":[2,11],"killed_by":"Hexaghost","ascension_level":9}}