{"host":"snn1c4qsf0fj7fzf","time":1611276862,"event":{"mods":["AchievementEnabler","Act Like it!","Aspiration","Astrologer","BaseMod","Colored Powertips","Gensokyo","Gremlin Mod","Hallownest","Hermit","Hubris","Infinite Spire","Lobotomy","LobotomyExtend","Marisa????????","Minty Spire (QoL Compilation)","Random Character Button","Rare Cards Sparkle","Reimu??????","Replay The Spire","Shop Mod","StSLib","The Administrix","The Animator","The Bug Knight","The Cursed","The Gatherer","The Hierophant","The Poker Player","The Runesmith","Yuyuko"],"gold_per_floor":[111,111,143,159,171,196,206,220,244,244,274,38,55,86,86,183,283,300,300,317,328,346,346,346],"floor_reached":23,"language":"ENG","playtime":2595,"items_purged":["Strike_G"],"score":339,"play_id":"3e8c4fae-cdd1-45f2-b71d-57d37242d588","local_time":"20210122085422","is_ascension_mode":true,"campfire_choices":[{"floor":15,"key":"REST"}],"circlet_count":0,"master_deck":["Strike_G","Strike_G","Strike_G","Strike_G","Defend_G","Defend_G","Defend_G","Defend_G","Defend_G","Survivor","Neutralize+1","Toxin Wave+1","Caltrops","Poisoned Stab","Dagger Throw","Flying Knee","Dagger Throw","Reflex","ReplayTheSpireMod:The Works+1","Deadly Poison","Escape Plan","After Image","Prepared","Gensokyo:AllTheWorldsEvil","ReplayTheSpireMod:Scrap Shanks","Prepared","Hidden Blade+1"],"relics":["Ring of the Snake","aspiration:Nostalgia","Runesmith:BrokenRuby","LetterFromLob","Gensokyo:CelestialsFlawlessClothing","Gremlin Food","Smiling Mask","hubris:SlimyHat","Moonlight_r","Pen Nib","MerchantsRug","Ninja Scroll","Replay:Wanted Poster"],"acts_visited":["Gensokyo:Gensokyo","Gensokyo:Gensokyoer"],"potions_floor_usage":[3,6,11,16,16,16,21,22],"damage_taken":[{"damage":0,"enemies":"Gensokyo:Gryphon","floor":1,"turns":5},{"damage":7,"enemies":"Gensokyo:Aya","floor":3,"turns":7},{"damage":0,"enemies":"Gensokyo:2_Kodama","floor":4,"turns":3},{"damage":2,"enemies":"Gensokyo:Python","floor":5,"turns":3},{"damage":0,"enemies":"Gensokyo:Mamizou","floor":6,"turns":7},{"damage":0,"enemies":"Gensokyo:LivingMonolith","floor":7,"turns":2},{"damage":7,"enemies":"Gensokyo:Kitsune","floor":8,"turns":3},{"damage":7,"enemies":"Gensokyo:Cirno","floor":11,"turns":6},{"damage":1,"enemies":"Gensokyo:VengefulSpirit","floor":13,"turns":3},{"damage":0,"enemies":"Gensokyo:Aya","floor":14,"turns":3},{"damage":0,"enemies":"Gensokyo:Reimu","floor":16,"turns":5},{"damage":10,"enemies":"Gensokyo:3_Dogs","floor":18,"turns":5},{"damage":0,"enemies":"Gensokyo:CosmicMonolith","floor":20,"turns":2},{"damage":104,"enemies":"Gensokyo:3_Gloops","floor":21,"turns":12},{"damage":90,"enemies":"Gensokyo:Slime_Group","floor":22,"turns":9},{"damage":90,"enemies":"Gensokyo:Tenshi","floor":23,"turns":5}],"seed_played":"-1979278335960488692","potions_obtained":[{"floor":1,"key":"Weak Potion"},{"floor":3,"key":"PowerPotion"},{"floor":5,"key":"Block Potion"},{"floor":7,"key":"LifebloodPotion"},{"floor":11,"key":"PowerPotion"},{"floor":14,"key":"Poison Potion"},{"floor":20,"key":"SpeedPotion"},{"floor":21,"key":"GrandPatriotsElixir:ReiMu"}],"is_trial":false,"path_per_floor":["M","?","?","M","M","E","M","M","T","M","E","$","M","E","R","B",null,"M","?","M","M","M","E"],"character_chosen":"THE_SILENT","items_purchased":["MerchantsRug","ReplayTheSpireMod:The Works"],"campfire_rested":1,"item_purchase_floors":[12,12],"current_hp_per_floor":[70,53,46,46,44,44,44,37,37,9,2,2,1,1,22,22,70,60,60,60,26,10,0,0],"gold":346,"neow_bonus":"NOSTALGIA","is_daily":false,"chose_seed":false,"campfire_upgraded":0,"win_rate":0.0,"timestamp":1611276862,"path_taken":["M","?","?","M","M","E","M","M","T","M","E","?","M","E","R","BOSS","M","?","M","M","M","E"],"items_purchased_type":["Relic","Card"],"build_version":"2020-12-22","purchased_purges":1,"victory":false,"max_hp_per_floor":[70,70,70,70,70,70,70,70,70,70,70,70,70,70,70,70,70,70,70,70,70,70,70,70],"card_choices":[{"not_picked":["Deflect","Terror"],"picked":"Toxin Wave","floor":1},{"not_picked":["hubris:TrickCloak","Quick Slash"],"picked":"Caltrops","floor":3},{"not_picked":["Masterful Stab","Reflex"],"picked":"Poisoned Stab","floor":4},{"not_picked":["Accuracy","Deflect"],"picked":"Dagger Throw","floor":5},{"not_picked":["Burst","ReplayTheSpireMod:Tripwire"],"picked":"Flying Knee","floor":6},{"not_picked":["Quick Slash","Predator"],"picked":"Dagger Throw","floor":7},{"not_picked":["Burst","hubris:Sniper","Draining Mist"],"picked":"SKIP","floor":8},{"not_picked":["Finisher","Underhanded Strike"],"picked":"Reflex","floor":11},{"not_picked":["Flying Knee","Reflex"],"picked":"Deadly Poison","floor":13},{"not_picked":["hubris:Counter","Acrobatics"],"picked":"Escape Plan","floor":14},{"not_picked":["ReplayTheSpireMod:Necrosis","ReplayTheSpireMod:From All Sides"],"picked":"After Image","floor":16},{"not_picked":["Dodge and Roll","Flechettes"],"picked":"Prepared","floor":18},{"not_picked":["Bouncing Flask","Choke"],"picked":"ReplayTheSpireMod:Scrap Shanks","floor":20},{"not_picked":["Backflip","Hidden Blade"],"picked":"Prepared","floor":21},{"not_picked":["Backflip","Bouncing Flask"],"picked":"Hidden Blade+1","floor":22}],"player_experience":249716,"relics_obtained":[{"floor":1,"key":"LetterFromLob"},{"floor":3,"key":"Gremlin Food"},{"floor":6,"key":"Smiling Mask"},{"floor":9,"key":"hubris:SlimyHat"},{"floor":11,"key":"Pen Nib"},{"floor":14,"key":"Ninja Scroll"}],"event_choices":[],"is_beta":false,"boss_relics":[{"not_picked":["Ectoplasm","hubris:ScarierMask"],"picked":"Replay:Wanted Poster"}],"items_purged_floors":[12],"is_endless":false,"potions_floor_spawned":[1,3,5,7,11,14,20,21],"killed_by":"Gensokyo:Tenshi","ascension_level":1}}