{"host":"pi8b3ffzwvxqztac","time":1611359316,"event":{"mods":["BaseMod","Colored Map","Downfall","Minty Spire (QoL Compilation)","StSLib","The Jungle"],"gold_per_floor":[99,119,135,151,151,151,174,174,174,174],"floor_reached":8,"language":"ENG","playtime":373,"items_purged":[],"score":55,"play_id":"af7c05c8-3441-48ef-b671-919cb1651a38","local_time":"20210123124836","is_ascension_mode":true,"campfire_choices":[{"floor":1,"key":"RECALL"}],"circlet_count":0,"master_deck":["bronze:Strike","bronze:Strike","bronze:Strike","bronze:Strike","bronze:Defend","bronze:Defend","bronze:Defend","bronze:Defend","bronze:Replicate","bronze:Goto","bronze:HardenedForm","bronze:DelayedSlice","bronze:MaxOutput"],"relics":["bronze:BronzeCore","Ice Cream"],"acts_visited":["Exordium"],"potions_floor_usage":[],"damage_taken":[{"damage":2,"enemies":"Jaw Worm","floor":2,"turns":5},{"damage":0,"enemies":"Cultist","floor":3,"turns":3},{"damage":8,"enemies":"Small Slimes","floor":4,"turns":3},{"damage":51,"enemies":"3 Sentries","floor":8,"turns":11}],"seed_played":"-5282247781593397835","potions_obtained":[{"floor":4,"key":"hexamod:SoulburnPotion"}],"is_trial":false,"path_per_floor":["R","M","M","M","?","?","T","E"],"character_chosen":"THE_AUTOMATON","items_purchased":[],"campfire_rested":0,"item_purchase_floors":[],"current_hp_per_floor":[63,61,61,53,58,46,46,0,0,0],"gold":174,"neow_bonus":"THREE_RARE_CARDS","is_daily":false,"chose_seed":false,"campfire_upgraded":0,"win_rate":0.0,"timestamp":1611359316,"path_taken":["R","M","M","M","?","?","T","E"],"items_purchased_type":[],"build_version":"2020-12-22","purchased_purges":0,"victory":false,"max_hp_per_floor":[63,63,63,63,68,68,68,68,68,68],"card_choices":[{"not_picked":["bronze:Break","bronze:ThunderWave"],"picked":"bronze:HardenedForm","floor":0},{"not_picked":["bronze:BitShift","bronze:Optimize"],"picked":"bronze:DelayedSlice","floor":2},{"not_picked":["bronze:BuggyMess","bronze:ChildClass","bronze:Overheat"],"picked":"SKIP","floor":3},{"not_picked":["bronze:Fortify","bronze:Safeguard"],"picked":"bronze:MaxOutput","floor":4}],"player_experience":566916,"relics_obtained":[],"event_choices":[{"damage_healed":0,"gold_gain":0,"player_choice":"Donut","damage_taken":0,"max_hp_gain":5,"max_hp_loss":0,"event_name":"Big Fish","floor":5,"gold_loss":0},{"damage_healed":0,"gold_gain":0,"player_choice":"Success","damage_taken":12,"relics_obtained":["Ice Cream"],"max_hp_gain":0,"max_hp_loss":0,"event_name":"Scrap Ooze","floor":6,"gold_loss":0}],"is_beta":false,"boss_relics":[],"items_purged_floors":[],"is_endless":false,"potions_floor_spawned":[4],"killed_by":"3 Sentries","ascension_level":4}}