{"host":"uzcks4yhskks9i02","time":1611334030,"event":{"mods":["BaseMod","Minty Spire (QoL Compilation)","Quick Restart"],"gold_per_floor":[118,137,153,118,118,144,154,154,154,164,179,213,33,58,58,132,132,151,50,66,86,99,99,99,99,171,214,238,238,238],"floor_reached":29,"language":"ENG","playtime":5649,"items_purged":[],"score":509,"play_id":"82be6ada-c34a-4692-9b53-cbef5b977bab","local_time":"20210122094710","is_ascension_mode":true,"campfire_choices":[{"floor":8.0,"key":"REST"},{"floor":15.0,"key":"REST"},{"floor":23.0,"key":"REST"},{"data":"Magnetism","floor":25.0,"key":"SMITH"}],"circlet_count":0,"master_deck":["AscendersBane","Strike_R","Strike_R","Strike_R","Strike_R","Strike_R","Defend_R","Defend_R","Defend_R","Defend_R","Bash","Magnetism+1","Headbutt","Iron Wave","Power Through","Metallicize","Metallicize","Cleave","Evolve","Hemokinesis","Reckless Charge","Feed","Shrug It Off","Searing Blow","Immolate","Dropkick","Swift Strike","Flex","Offering","Rage","Thunderclap","Ghostly","Ghostly","Ghostly","Reaper","Dark Embrace+1"],"relics":["Black Blood","Lizard Tail","Dream Catcher","Potion Belt","Bottled Tornado","Darkstone Periapt","CeramicFish"],"acts_visited":["Exordium","TheCity"],"potions_floor_usage":[],"damage_taken":[{"damage":19.0,"enemies":"Small Slimes","floor":1.0,"turns":6.0},{"damage":14.0,"enemies":"Jaw Worm","floor":2.0,"turns":7.0},{"damage":0.0,"enemies":"2 Louse","floor":3.0,"turns":3.0},{"damage":14.0,"enemies":"Exordium Thugs","floor":5.0,"turns":7.0},{"damage":36.0,"enemies":"3 Sentries","floor":6.0,"turns":10.0},{"damage":2.0,"enemies":"Blue Slaver","floor":7.0,"turns":6.0},{"damage":5.0,"enemies":"3 Louse","floor":10.0,"turns":3.0},{"damage":17.0,"enemies":"Red Slaver","floor":11.0,"turns":5.0},{"damage":37.0,"enemies":"Lagavulin","floor":12.0,"turns":14.0},{"damage":7.0,"enemies":"Gremlin Nob","floor":14.0,"turns":4.0},{"damage":38.0,"enemies":"Hexaghost","floor":16.0,"turns":14.0},{"damage":18.0,"enemies":"Shell Parasite","floor":18.0,"turns":9.0},{"damage":13.0,"enemies":"Chosen","floor":20.0,"turns":7.0},{"damage":39.0,"enemies":"Shelled Parasite and Fungi","floor":21.0,"turns":10.0},{"damage":20.0,"enemies":"3 Cultists","floor":22.0,"turns":5.0},{"damage":38.0,"enemies":"Slavers","floor":27.0,"turns":9.0},{"damage":13,"enemies":"Snecko","floor":28,"turns":6},{"damage":45,"enemies":"Snake Plant","floor":29,"turns":5}],"seed_played":"-7019281617330888437","potions_obtained":[{"floor":3.0,"key":"Block Potion"},{"floor":6.0,"key":"BloodPotion"},{"floor":7.0,"key":"Block Potion"},{"floor":11.0,"key":"DuplicationPotion"},{"floor":12.0,"key":"EssenceOfSteel"},{"floor":16.0,"key":"SpeedPotion"},{"floor":20.0,"key":"Energy Potion"},{"floor":21.0,"key":"CultistPotion"},{"floor":22.0,"key":"Dexterity Potion"},{"floor":27,"key":"FearPotion"}],"is_trial":false,"path_per_floor":["M","M","M","?","M","E","M","R","T","M","M","E","$","E","R","B",null,"M","$","M","M","M","R","?","R","T","E","M","M"],"character_chosen":"IRONCLAD","items_purchased":["Feed","Swift Strike"],"campfire_rested":3,"item_purchase_floors":[13,19],"current_hp_per_floor":[55,47,53,68,60,30,34,54,54,55,57,26,26,25,45,13,54,51,51,53,26,18,40,37,37,37,14,17,0,0],"gold":238,"neow_bonus":"RANDOM_COLORLESS_2","is_daily":false,"chose_seed":false,"campfire_upgraded":1,"win_rate":0.0,"timestamp":1611334030,"path_taken":["M","M","M","?","M","E","M","R","T","M","M","E","$","E","R","BOSS","M","$","M","M","M","R","?","R","T","E","M","M"],"items_purchased_type":["Card","Card"],"build_version":"2020-12-22","purchased_purges":0,"victory":false,"max_hp_per_floor":[68,68,68,68,68,68,68,68,68,68,68,68,68,68,68,68,68,71,71,74,74,74,74,37,37,37,40,40,40,40],"card_choices":[{"not_picked":["Mayhem","Secret Weapon"],"picked":"Magnetism","floor":0.0},{"not_picked":["Entrench","Body Slam"],"picked":"Headbutt","floor":1.0},{"not_picked":["Flex","Body Slam"],"picked":"Iron Wave","floor":2.0},{"not_picked":["Body Slam","Shrug It Off"],"picked":"Power Through","floor":3.0},{"not_picked":["Pommel Strike","Sword Boomerang"],"picked":"Metallicize","floor":5.0},{"not_picked":["Thunderclap","Dark Embrace"],"picked":"Metallicize","floor":6.0},{"not_picked":["Warcry","Clothesline"],"picked":"Cleave","floor":7.0},{"not_picked":["Armaments","Twin Strike"],"picked":"Evolve","floor":10.0},{"not_picked":["Iron Wave","Perfected Strike"],"picked":"Hemokinesis","floor":11.0},{"not_picked":["Heavy Blade","Iron Wave"],"picked":"Reckless Charge","floor":12.0},{"not_picked":["Seeing Red","Wild Strike"],"picked":"Shrug It Off","floor":14.0},{"not_picked":["Perfected Strike","Infernal Blade"],"picked":"Searing Blow","floor":15.0},{"not_picked":["Juggernaut","Limit Break"],"picked":"Immolate","floor":16.0},{"not_picked":["Body Slam","Sever Soul"],"picked":"Dropkick","floor":18.0},{"not_picked":["Wild Strike","Warcry"],"picked":"Flex","floor":20.0},{"not_picked":["Flex","Clash"],"picked":"Offering","floor":21.0},{"not_picked":["Flex","Clothesline"],"picked":"Rage","floor":22.0},{"not_picked":["Metallicize","Intimidate"],"picked":"Thunderclap","floor":23.0},{"not_picked":["Anger","Havoc"],"picked":"Reaper","floor":27},{"not_picked":["Body Slam","Headbutt"],"picked":"Dark Embrace+1","floor":28}],"player_experience":518256,"relics_obtained":[{"floor":6.0,"key":"Lizard Tail"},{"floor":9.0,"key":"Dream Catcher"},{"floor":12.0,"key":"Potion Belt"},{"floor":14.0,"key":"Bottled Tornado"},{"floor":26.0,"key":"Darkstone Periapt"},{"floor":27,"key":"CeramicFish"}],"event_choices":[{"damage_healed":17.0,"max_hp_gain":0.0,"max_hp_loss":0.0,"gold_gain":0.0,"event_name":"The Cleric","player_choice":"Healed","floor":4.0,"gold_loss":35.0,"damage_taken":0.0},{"damage_healed":0.0,"max_hp_gain":0.0,"max_hp_loss":37.0,"gold_gain":0.0,"event_name":"Ghosts","player_choice":"Became a Ghost","floor":24.0,"gold_loss":0.0,"damage_taken":0.0,"cards_obtained":["Ghostly","Ghostly","Ghostly"]}],"is_beta":false,"boss_relics":[{"not_picked":["Philosopher\u0027s Stone","Sozu"],"picked":"Black Blood"}],"items_purged_floors":[],"is_endless":false,"potions_floor_spawned":[3,6,7,11,12,16,20,21,22,27],"killed_by":"Snake Plant","ascension_level":16}}