{"host":"rl5ku05escnl5kxo","time":1611288338,"event":{"mods":["Act Like it!","BaseMod","Hallownest","Minty Spire (QoL Compilation)","StSLib","The Bug Knight"],"gold_per_floor":[119,119,139,57,73,73,73,90,90,90,265,296,314,327,327,426,426,439,439,439,51,64,64,84,98,98,111,111,142,142,152,152,249,299,315,315,315,263,277,277,39,39,64,64,41,60,75,75,75,75],"floor_reached":51,"language":"ENG","playtime":2339,"items_purged":["Parasite"],"score":742,"play_id":"14a56403-0a98-44bf-a736-16c5682640c5","local_time":"20210121200538","is_ascension_mode":false,"campfire_choices":[{"data":"HollowMod:GoodIntentions","floor":6,"key":"SMITH"},{"data":"HollowMod:HowlingWraiths","floor":10,"key":"SMITH"},{"data":"HollowMod:MantisMark","floor":15,"key":"SMITH"},{"floor":23,"key":"DIG"},{"data":"HollowMod:PerfectDash","floor":30,"key":"SMITH"},{"data":"HollowMod:QuirrelsAssistance","floor":32,"key":"SMITH"},{"floor":40,"key":"DIG"},{"floor":42,"key":"DIG"},{"data":"HollowMod:CycloneSlash","floor":49,"key":"SMITH"}],"circlet_count":0,"master_deck":["HollowMod:NailStrikeStart+1","HollowMod:NailStrikeStart+1","HollowMod:NailStrikeStart+1","HollowMod:NailStrikeStart+1","HollowMod:QuickDashStart+1","HollowMod:QuickDashStart+1","HollowMod:QuickDashStart+1","HollowMod:FocusHealStart+1","HollowMod:PogoStrike","HollowMod:DashSlash+1","HollowMod:SoulVessel","HollowMod:GoodIntentions+1","HollowMod:HowlingWraiths+1","HollowMod:MantisMark+1","HollowMod:DashSlash","HollowMod:Grubsong","HollowMod:VengefulSpirit","HollowMod:HowlingWraiths","HollowMod:GoodIntentions+1","HollowMod:QuirrelsAssistance+1","HollowMod:PerfectDash+1","HollowMod:VengefulSpirit","HollowMod:SoulStrike","Swift Strike","Dramatic Entrance","HollowMod:CycloneSlash+1"],"relics":["HollowMod:VesselMask","Mercury Hourglass","Letter Opener","Bag of Preparation","Velvet Choker","Shovel","HollowMod:PaleOreRelic","Singing Bowl","Blue Candle","Tiny House","Juzu Bracelet","ClockworkSouvenir","Happy Flower","Omamori"],"acts_visited":["Exordium","TheCity","TheBeyond"],"potions_floor_usage":[12,16,25,29,29,33,50],"damage_taken":[{"damage":0,"enemies":"Small Slimes","floor":1,"turns":3},{"damage":0,"enemies":"2 Louse","floor":3,"turns":2},{"damage":1,"enemies":"Jaw Worm","floor":5,"turns":4},{"damage":0,"enemies":"2 Fungi Beasts","floor":8,"turns":4},{"damage":0,"enemies":"HollowMod:MossKnight","floor":12,"turns":10},{"damage":0,"enemies":"Red Slaver","floor":13,"turns":2},{"damage":0,"enemies":"Looter","floor":14,"turns":3},{"damage":26,"enemies":"HollowMod:FalseKnight","floor":16,"turns":8},{"damage":6,"enemies":"Spheric Guardian","floor":18,"turns":5},{"damage":1,"enemies":"3 Byrds","floor":22,"turns":3},{"damage":5,"enemies":"Centurion and Healer","floor":24,"turns":5},{"damage":2,"enemies":"Shelled Parasite and Fungi","floor":25,"turns":3},{"damage":4,"enemies":"Snecko","floor":27,"turns":5},{"damage":11,"enemies":"Gremlin Leader","floor":29,"turns":5},{"damage":10,"enemies":"Snake Plant","floor":31,"turns":5},{"damage":52,"enemies":"Collector","floor":33,"turns":11},{"damage":0,"enemies":"Orb Walker","floor":35,"turns":4},{"damage":8,"enemies":"3 Shapes","floor":39,"turns":3},{"damage":10,"enemies":"Jaw Worm Horde","floor":46,"turns":2},{"damage":11,"enemies":"4 Shapes","floor":47,"turns":3},{"damage":11,"enemies":"HollowMod:Radiance","floor":50,"turns":25}],"seed_played":"5653595689626617401","potions_obtained":[{"floor":5,"key":"LiquidMemories"},{"floor":12,"key":"FearPotion"},{"floor":14,"key":"LiquidMemories"},{"floor":16,"key":"Swift Potion"},{"floor":22,"key":"Block Potion"},{"floor":24,"key":"AttackPotion"},{"floor":25,"key":"Weak Potion"},{"floor":27,"key":"AttackPotion"},{"floor":31,"key":"Energy Potion"},{"floor":34,"key":"PowerPotion"},{"floor":47,"key":"Dexterity Potion"}],"is_trial":false,"path_per_floor":["M","?","M","$","M","R","?","M","T","R","?","E","M","M","R","B",null,"M","?","?","$","M","R","M","M","T","M","?","E","R","M","R","B",null,"M","?","?","$","M","R","$","R","T","?","$","M","M","?","R","B",null],"character_chosen":"THE_BUGKNIGHT","items_purchased":["HollowMod:SoulVessel","Shovel","HollowMod:SoulStrike","ClockworkSouvenir","Swift Strike","HollowMod:CycloneSlash"],"campfire_rested":0,"item_purchase_floors":[4,21,38,41,41,45],"current_hp_per_floor":[75,75,75,75,74,74,71,75,75,75,75,75,75,75,75,54,75,75,75,75,72,71,71,72,70,70,74,74,69,69,65,65,25,83,85,81,81,81,78,78,78,78,78,78,78,70,67,67,67,68],"gold":75,"neow_bonus":"UPGRADE_CARD","is_daily":false,"chose_seed":false,"campfire_upgraded":6,"win_rate":0.0,"timestamp":1611288338,"path_taken":["M","?","M","$","M","R","?","M","T","R","?","E","M","M","R","BOSS","M","?","?","$","M","R","?","M","T","M","?","E","R","?","R","BOSS","M","?","?","$","M","R","$","R","T","?","$","M","M","?","R","BOSS"],"items_purchased_type":["Card","Relic","Card","Relic","Card","Card"],"build_version":"2020-12-22","purchased_purges":1,"victory":true,"max_hp_per_floor":[75,75,75,75,75,75,75,75,75,75,75,75,75,75,75,75,75,75,75,75,72,72,72,72,72,72,74,74,74,74,74,74,76,83,85,81,81,81,83,83,83,83,83,83,83,85,87,87,87,87],"card_choices":[{"not_picked":["HollowMod:ShadowDash","HollowMod:BaldurShell"],"picked":"HollowMod:DashSlash","floor":1},{"not_picked":["HollowMod:NewLittleFool","HollowMod:SoulSplash","HollowMod:InfectedCysts"],"picked":"SKIP","floor":3},{"not_picked":["HollowMod:AbyssShriek","HollowMod:CloakDash"],"picked":"HollowMod:GoodIntentions","floor":5},{"not_picked":["HollowMod:SoulStrike","HollowMod:MonomonsArchive"],"picked":"HollowMod:HowlingWraiths","floor":8},{"not_picked":["HollowMod:BrokenVessel","HollowMod:SoulMaster"],"picked":"HollowMod:MantisMark","floor":12},{"not_picked":["HollowMod:TaintedHusks","HollowMod:CoiledNail"],"picked":"HollowMod:DashSlash","floor":13},{"not_picked":["HollowMod:GreatSlash","HollowMod:MonomonsArchive"],"picked":"HollowMod:Grubsong","floor":14},{"not_picked":["HollowMod:FastStrike","HollowMod:SiblingsSouls","HollowMod:DescendingDark"],"picked":"SKIP","floor":18},{"not_picked":["HollowMod:HuntersJournal","HollowMod:DashSlash"],"picked":"HollowMod:VengefulSpirit","floor":22},{"not_picked":["HollowMod:NewLittleFool","HollowMod:VengefulVoid"],"picked":"HollowMod:HowlingWraiths","floor":24},{"not_picked":["HollowMod:BrokenVessel","HollowMod:NewLittleFool"],"picked":"HollowMod:GoodIntentions","floor":25},{"not_picked":["HollowMod:VengefulVoid","HollowMod:DashSlash","HollowMod:CloakDash+1"],"picked":"Singing Bowl","floor":27},{"not_picked":["HollowMod:SoulStrike","HollowMod:FallenFury"],"picked":"HollowMod:PerfectDash","floor":29},{"not_picked":["HollowMod:LifebloodCocoon","HollowMod:CrystalDash"],"picked":"HollowMod:VengefulSpirit","floor":31},{"not_picked":["HollowMod:NewInfectedGuardian","HollowMod:theNailsmith","HollowMod:MidwifesHunger"],"picked":"Singing Bowl","floor":33},{"not_picked":["HollowMod:VengefulVoid","HollowMod:GrimmsGift","HollowMod:CrystalDash+1"],"picked":"Singing Bowl","floor":34},{"not_picked":["HollowMod:HeavyBlow+1","HollowMod:RecoilStrike+1","HollowMod:BlackTendrils"],"picked":"Singing Bowl","floor":35},{"not_picked":["HollowMod:SoulSplash+1","HollowMod:ShadowDash+1","HollowMod:LifebloodCocoon"],"picked":"Singing Bowl","floor":39},{"not_picked":["Apotheosis","Violence"],"picked":"Dramatic Entrance","floor":44},{"not_picked":["HollowMod:DashSlash","HollowMod:DoubleDash","HollowMod:SoulSplash+1"],"picked":"Singing Bowl","floor":46},{"not_picked":["HollowMod:HowlingWraiths+1","HollowMod:RecoilStrike","HollowMod:BaldurShell+1"],"picked":"Singing Bowl","floor":47}],"player_experience":511362,"relics_obtained":[{"floor":9,"key":"Letter Opener"},{"floor":12,"key":"Bag of Preparation"},{"floor":23,"key":"HollowMod:PaleOreRelic"},{"floor":26,"key":"Singing Bowl"},{"floor":29,"key":"Blue Candle"},{"floor":40,"key":"Juzu Bracelet"},{"floor":42,"key":"Happy Flower"},{"floor":43,"key":"Omamori"}],"event_choices":[{"damage_healed":0,"gold_gain":0,"player_choice":"Grow","damage_taken":0,"max_hp_gain":0,"max_hp_loss":0,"event_name":"Living Wall","floor":2,"gold_loss":0,"cards_upgraded":["HollowMod:DashSlash"]},{"damage_healed":0,"gold_gain":0,"player_choice":"Success","damage_taken":3,"relics_obtained":["Mercury Hourglass"],"max_hp_gain":0,"max_hp_loss":0,"event_name":"Scrap Ooze","floor":7,"gold_loss":0},{"damage_healed":0,"gold_gain":175,"player_choice":"AGREE","damage_taken":0,"max_hp_gain":0,"max_hp_loss":0,"event_name":"Liars Game","floor":11,"gold_loss":0,"cards_obtained":["Doubt"]},{"damage_healed":0,"gold_gain":0,"player_choice":"Simplicity","damage_taken":0,"max_hp_gain":0,"max_hp_loss":0,"event_name":"Back to Basics","floor":19,"gold_loss":0,"cards_upgraded":["HollowMod:NailStrikeStart","HollowMod:NailStrikeStart","HollowMod:NailStrikeStart","HollowMod:NailStrikeStart","HollowMod:QuickDashStart","HollowMod:QuickDashStart","HollowMod:QuickDashStart","HollowMod:QuickDashStart"]},{"damage_healed":0,"gold_gain":0,"cards_transformed":["Doubt"],"player_choice":"Transformed","damage_taken":0,"max_hp_gain":0,"max_hp_loss":0,"event_name":"Transmorgrifier","floor":20,"gold_loss":0,"cards_obtained":["Parasite"]},{"damage_healed":0,"gold_gain":0,"player_choice":"1 cards matched","damage_taken":0,"max_hp_gain":0,"max_hp_loss":0,"event_name":"Match and Keep!","floor":28,"gold_loss":0,"cards_obtained":["HollowMod:QuirrelsAssistance"]},{"damage_healed":0,"gold_gain":0,"player_choice":"Max HP","damage_taken":0,"max_hp_gain":0,"max_hp_loss":4,"event_name":"Winding Halls","floor":36,"gold_loss":0},{"cards_removed":["HollowMod:QuickDashStart"],"damage_healed":0,"gold_gain":0,"player_choice":"Removed Skill","damage_taken":0,"max_hp_gain":0,"max_hp_loss":0,"event_name":"Falling","floor":37,"gold_loss":0},{"damage_healed":0,"gold_gain":0,"player_choice":"Memory 1","damage_taken":0,"max_hp_gain":0,"max_hp_loss":0,"event_name":"SensoryStone","floor":44,"gold_loss":0},{"damage_healed":0,"gold_gain":0,"player_choice":"Ignored","damage_taken":0,"max_hp_gain":0,"max_hp_loss":0,"event_name":"Mysterious Sphere","floor":48,"gold_loss":0}],"is_beta":false,"boss_relics":[{"not_picked":["Calling Bell","Cursed Key"],"picked":"Velvet Choker"},{"not_picked":["SacredBark","Sozu"],"picked":"Tiny House"}],"items_purged_floors":[21],"is_endless":false,"potions_floor_spawned":[5,12,14,16,22,24,25,27,31,47],"ascension_level":0}}