{"host":"3jpwrwmmgyabjceh","time":1611352890,"event":{"mods":["AchievementEnabler","BaseMod","Colored Map","Colored Powertips","Highlight Path","Minty Spire (QoL Compilation)","Quick Restart","Relic Stats","StSLib","SuperFastMode"],"gold_per_floor":[367,381,82,82,94,121,121,141,166,166,196,52,52,69,69,173,173,188,113,113,127,4,4,24,24,24],"floor_reached":25,"language":"ENG","playtime":508,"items_purged":[],"score":274,"play_id":"57819a49-2bce-48cb-bfa9-7dc6b6f9b8b6","local_time":"20210123010130","is_ascension_mode":true,"campfire_choices":[{"data":"Die Die Die","floor":7,"key":"SMITH"},{"data":"Eviscerate","floor":10,"key":"SMITH"},{"floor":15,"key":"REST"},{"data":"Envenom","floor":23,"key":"SMITH"}],"circlet_count":0,"master_deck":["Strike_G","Strike_G","Defend_G","Defend_G","Defend_G","Defend_G","Defend_G","Survivor","Neutralize+1","Flying Knee","Dagger Spray","Unload","Eviscerate+1","Caltrops","Dagger Spray","Die Die Die+1","Die Die Die","Backflip","Blade Dance","Envenom+1","Endless Agony","Grand Finale","PiercingWail","Noxious Fumes"],"relics":["Ring of the Snake","Ancient Tea Set","Boot","Blood Vial","Bag of Marbles","StoneCalendar","Busted Crown"],"acts_visited":["Exordium","TheCity"],"potions_floor_usage":[6,6,6],"damage_taken":[{"damage":0,"enemies":"Small Slimes","floor":1,"turns":3},{"damage":2,"enemies":"Cultist","floor":2,"turns":4},{"damage":0,"enemies":"2 Louse","floor":5,"turns":3},{"damage":15,"enemies":"Lagavulin","floor":6,"turns":3},{"damage":4,"enemies":"Exordium Wildlife","floor":8,"turns":3},{"damage":12,"enemies":"Gremlin Nob","floor":11,"turns":3},{"damage":1,"enemies":"Large Slime","floor":14,"turns":3},{"damage":39,"enemies":"Hexaghost","floor":16,"turns":7},{"damage":0,"enemies":"3 Byrds","floor":18,"turns":4},{"damage":6,"enemies":"Spheric Guardian","floor":21,"turns":3},{"damage":0,"enemies":"Snake Plant","floor":24,"turns":2},{"damage":55,"enemies":"Book of Stabbing","floor":25,"turns":5}],"seed_played":"-6436704773518475648","potions_obtained":[{"floor":1,"key":"DistilledChaos"},{"floor":2,"key":"Energy Potion"},{"floor":5,"key":"SteroidPotion"},{"floor":18,"key":"Strength Potion"},{"floor":24,"key":"BlessingOfTheForge"}],"is_trial":false,"path_per_floor":["M","M","$","?","M","E","R","M","T","R","E","$","T","M","R","B",null,"M","?","?","M","$","R","M","E"],"character_chosen":"THE_SILENT","items_purchased":["Unload","Eviscerate","Caltrops","Bag of Marbles","PiercingWail","Noxious Fumes"],"campfire_rested":1,"item_purchase_floors":[3,3,3,12,22,22],"current_hp_per_floor":[63,61,61,61,61,46,46,42,42,42,30,30,30,31,49,12,50,52,52,52,48,48,48,50,0,0],"gold":24,"neow_bonus":"TWO_FIFTY_GOLD","is_daily":false,"chose_seed":false,"campfire_upgraded":3,"win_rate":0.0,"timestamp":1611352890,"path_taken":["M","M","$","?","M","E","R","M","T","R","E","$","?","M","R","BOSS","M","?","?","M","$","R","M","E"],"items_purchased_type":["Card","Card","Card","Relic","Card","Card"],"build_version":"2020-12-22","purchased_purges":0,"victory":false,"max_hp_per_floor":[63,63,63,63,63,63,63,63,63,63,63,63,63,63,63,63,63,63,63,63,63,63,63,63,63,63],"relic_stats":{"Blood Vial":12,"Busted Crown":6,"counters":[12,43],"StoneCalendar":[0],"Boot":[46],"obtain_stats":[{"Blood Vial":11,"Busted Crown":17,"StoneCalendar":13,"Bag of Marbles":12,"Ancient Tea Set":6,"Boot":9,"Ring of the Snake":0},{"Blood Vial":6,"Busted Crown":8,"StoneCalendar":6,"Bag of Marbles":6,"Ancient Tea Set":4,"Boot":5,"Ring of the Snake":0},{"Blood Vial":19,"Busted Crown":29,"StoneCalendar":19,"Bag of Marbles":19,"Ancient Tea Set":13,"Boot":16,"Ring of the Snake":0}],"Ring of the Snake":[25]},"card_choices":[{"not_picked":["Expertise","Escape Plan"],"picked":"Flying Knee","floor":1},{"not_picked":["Cloak And Dagger","Prepared"],"picked":"Dagger Spray","floor":2},{"not_picked":["Sucker Punch","Flying Knee"],"picked":"Dagger Spray","floor":5},{"not_picked":["Catalyst","Quick Slash"],"picked":"Die Die Die","floor":6},{"not_picked":["Quick Slash","Cloak And Dagger"],"picked":"Die Die Die","floor":8},{"not_picked":["Poisoned Stab","Riddle With Holes"],"picked":"Backflip","floor":11},{"not_picked":["Choke","Outmaneuver"],"picked":"Blade Dance","floor":14},{"not_picked":["Die Die Die","Tools of the Trade"],"picked":"Envenom","floor":16},{"not_picked":["Setup+1"],"picked":"SKIP","floor":18},{"not_picked":["Eviscerate+1"],"picked":"SKIP","floor":21},{"not_picked":["Deadly Poison"],"picked":"SKIP","floor":24}],"player_experience":261555,"relics_obtained":[{"floor":6,"key":"Ancient Tea Set"},{"floor":9,"key":"Boot"},{"floor":11,"key":"Blood Vial"},{"floor":13,"key":"StoneCalendar"}],"event_choices":[{"damage_healed":0,"gold_gain":0,"player_choice":"Upgraded","damage_taken":0,"max_hp_gain":0,"max_hp_loss":0,"event_name":"Upgrade Shrine","floor":4,"gold_loss":0,"cards_upgraded":["Neutralize"]},{"cards_removed":["Strike_G"],"damage_healed":0,"gold_gain":0,"player_choice":"Gave Gold","damage_taken":0,"max_hp_gain":0,"max_hp_loss":0,"event_name":"Beggar","floor":19,"gold_loss":75},{"damage_healed":0,"gold_gain":0,"cards_transformed":["Strike_G","Strike_G"],"player_choice":"Became Test Subject","damage_taken":0,"max_hp_gain":0,"max_hp_loss":0,"event_name":"Drug Dealer","floor":20,"gold_loss":0,"cards_obtained":["Endless Agony","Grand Finale"]}],"is_beta":false,"boss_relics":[{"not_picked":["Runic Dome","SlaversCollar"],"picked":"Busted Crown"}],"items_purged_floors":[],"is_endless":false,"potions_floor_spawned":[1,2,5,18,24],"killed_by":"Book of Stabbing","ascension_level":6}}