{"host":"i9wanet4r0ff4t9y","time":1611317997,"event":{"mods":["2.2 Compatiblity","Act Like it!","BaseMod","Bestiary","Better Altar","Better Match","Better Note","Better Sensory Stone","Better Skull","Better Third Choice","Better Vampires","BetterRewards","CapriCore","Curses Come First","Downfall","Minty Spire (QoL Compilation)","Quick Restart","READ ME - Guardian Mod","READ ME - Snecko Mod","Relic Stats","Say the Spire","Spicy Shops","StSLib","The Disciple","Waifu the Spire"],"gold_per_floor":[119,131,150,150,7,7,24,24,51,51,32,45,45,45,45,147,147,158,158,158,178,191,491,503,522,522,522,522,539,539,572,572,668,668,687,707,734,734,744,744,769,769,769,802,815,17,17,31,31,31],"floor_reached":51,"language":"POL","playtime":1357,"items_purged":[],"score":1519,"play_id":"8ed1db27-c0f7-4e5a-b399-a979b047d83c","local_time":"20210122131957","is_ascension_mode":true,"campfire_choices":[{"floor":6.0,"key":"DIG"},{"floor":8.0,"key":"DIG"},{"floor":10.0,"key":"DIG"},{"floor":13.0,"key":"DIG"},{"floor":15,"key":"REST"},{"floor":23,"key":"DIG"},{"floor":28,"key":"DIG"},{"floor":32,"key":"DIG"},{"floor":40,"key":"DIG"},{"floor":42,"key":"REST"},{"floor":49,"key":"DIG"}],"circlet_count":0,"master_deck":["AscendersBane","Strike_R","Strike_R","Strike_R","Strike_R","Strike_R","Defend_R","Defend_R+1","Defend_R","Defend_R","Magnetism+1","Disarm+1","Blood for Blood+1","Immolate","Hemokinesis","Cleave","Infernal Blade","Dropkick","Shrug It Off","Combust+1","Dark Shackles","Dropkick","Anger","Spot Weakness","Metamorphosis+1","Thunderclap","Headbutt","Offering","Flex+1","Slimebound:CheckThePlaybook","downfall:Icky","Power Through","Whirlwind","Clothesline+1","Reaper","Limit Break","CurseOfTheBell","Metallicize+1","Cleave+1","Infernal Blade+1","Writhe","Fire Breathing+1","Sword Boomerang+1","Metallicize+1","Flex+1","Reaper","Heavy Blade+1","Rupture+1","Disarm+1","Dropkick","Feel No Pain+1","Carnage+1","Shockwave+1","Seeing Red+1"],"relics":["Burning Blood","Membership Card","Darkstone Periapt","Frozen Egg 2","StoneCalendar","Question Card","Orrery","CaptainsWheel","Shovel","Tiny Chest","Singing Bowl","Art of War","HornCleat","The Courier","Black Star","Champion Belt","Old Coin","Nunchaku","Self Forming Clay","Prayer Wheel","Bottled Flame","Paper Frog","Calling Bell","Pen Nib","Gremlin Horn","Lizard Tail","Bag of Marbles","Orichalcum","Regal Pillow","Pantograph","Omamori","Incense Burner","Toxic Egg 2","Ice Cream","hexamod:CandleOfCauterizing","White Beast Statue","Shuriken","TheAbacus","Molten Egg 2","Potion Belt","Mummified Hand","War Paint","InkBottle"],"acts_visited":["Exordium","TheCity","TheBeyond"],"potions_floor_usage":[16,22,24,33,41,50],"damage_taken":[{"damage":5.0,"enemies":"Jaw Worm","floor":1.0,"turns":3.0},{"damage":10.0,"enemies":"2 Louse","floor":2.0,"turns":3.0},{"damage":3.0,"enemies":"Cultist","floor":3.0,"turns":3.0},{"damage":8.0,"enemies":"Large Slime","floor":7.0,"turns":4.0},{"damage":4.0,"enemies":"Exordium Wildlife","floor":12.0,"turns":4.0},{"damage":25,"enemies":"Hexaghost","floor":16,"turns":5},{"damage":14,"enemies":"2 Thieves","floor":18,"turns":4},{"damage":9,"enemies":"Spheric Guardian","floor":21,"turns":3},{"damage":4,"enemies":"Snake Plant","floor":22,"turns":4},{"damage":19,"enemies":"Centurion and Healer","floor":24,"turns":3},{"damage":2,"enemies":"Snecko","floor":25,"turns":3},{"damage":34,"enemies":"Snake Plant","floor":29,"turns":5},{"damage":25,"enemies":"Gremlin Leader","floor":31,"turns":5},{"damage":51,"enemies":"Champ","floor":33,"turns":9},{"damage":15,"enemies":"3 Shapes","floor":35,"turns":2},{"damage":6,"enemies":"Orb Walker","floor":36,"turns":3},{"damage":2,"enemies":"Jaw Worm Horde","floor":39,"turns":3},{"damage":84,"enemies":"Giant Head","floor":41,"turns":9},{"damage":18,"enemies":"Nemesis","floor":44,"turns":7},{"damage":10,"enemies":"Sphere and 2 Shapes","floor":45,"turns":3},{"damage":0,"enemies":"4 Shapes","floor":48,"turns":1},{"damage":41,"enemies":"Donu and Deca","floor":50,"turns":6}],"seed_played":"-5975741426106779198","potions_obtained":[{"floor":7.0,"key":"EntropicBrew"},{"floor":12.0,"key":"Regen Potion"},{"floor":18,"key":"LiquidBronze"},{"floor":22,"key":"AttackPotion"},{"floor":25,"key":"LiquidMemories"},{"floor":35,"key":"SkillPotion"},{"floor":45,"key":"DistilledChaos"},{"floor":48,"key":"BlessingOfTheForge"}],"is_trial":false,"path_per_floor":["M","M","M","?","$","R","M","R","T","R","$","M","R","?","R","B",null,"M","?","T","M","M","R","M","M","T","?","R","M","?","E","R","B",null,"M","M","T","?","M","R","E","R","T","E","M","$","?","M","R","B",null],"character_chosen":"IRONCLAD","items_purchased":["Membership Card","Darkstone Periapt","Frozen Egg 2","StoneCalendar","Question Card","Magnetism+1","Orrery","Infernal Blade","Dropkick","Shrug It Off","Combust+1","Dark Shackles","Shovel","Headbutt","Ice Cream","hexamod:CandleOfCauterizing","White Beast Statue","Shuriken","TheAbacus","Rupture+1","Disarm+1","Dropkick","Feel No Pain+1","Molten Egg 2","Potion Belt","Mummified Hand","War Paint","Carnage+1"],"campfire_rested":2,"item_purchase_floors":[0,0,0,0,0,0,0,0,0,0,0,0,5,11,46,46,46,46,46,46,46,46,46,46,46,46,46,46],"current_hp_per_floor":[41,37,40,40,40,40,38,38,38,38,38,42,42,24,50,45,77,69,75,75,72,76,76,63,67,67,67,67,39,93,74,74,38,85,82,82,82,107,107,107,29,76,76,78,74,74,74,80,80,72],"gold":31,"neow_bonus":"","is_daily":false,"chose_seed":false,"campfire_upgraded":0,"win_rate":0.0,"timestamp":1611317997,"path_taken":["M","M","M","?","$","R","M","R","T","R","?","M","R","?","R","BOSS","M","?","?","M","M","R","M","M","T","?","R","?","?","E","R","BOSS","M","M","?","?","M","R","E","R","T","E","M","$","?","M","R","BOSS"],"items_purchased_type":["Relic","Relic","Relic","Relic","Relic","Card","Relic","Card","Card","Card","Card","Card","Relic","Card","Relic","Relic","Relic","Relic","Relic","Card","Card","Card","Card","Relic","Relic","Relic","Relic","Card"],"build_version":"2020-12-22","purchased_purges":0,"victory":true,"max_hp_per_floor":[86,86,86,86,86,86,86,86,86,86,86,88,88,88,88,88,88,88,94,94,94,96,96,96,96,96,93,93,93,93,93,93,93,99,101,101,101,107,107,107,107,107,107,107,107,107,107,107,107,107],"relic_stats":{"Darkstone Periapt":24,"Regal Pillow":75,"Singing Bowl":6,"Gremlin Horn":[10,10],"StoneCalendar":[104],"Burning Blood":2639,"Nunchaku":[35],"Lizard Tail":0,"Shovel":8,"TheAbacus":[0],"Mummified Hand":[5],"Pantograph":49,"Tiny Chest":2,"Prayer Wheel":5,"InkBottle":[2],"counters":[471,2183],"Self Forming Clay":[120],"Pen Nib":[21],"Orichalcum":[36],"War Paint":["Eclipse","Defend_R","Power Through","Spot Weakness","Shrug It Off","Defend_R","Disarm","Defend_R"],"Question Card":55,"Shuriken":[22],"Art of War":[5],"Black Star":5,"Champion Belt":[25],"obtain_stats":[{"Golden Egg":34,"Replay:Accelerometer":0,"Spirit Poop":4,"Ginger":17,"Whetstone":27,"Bottled Tornado":10,"Sling":47,"Old Coin":24,"Ring of Searing":15,"Blood Vial":22,"Replay:Ringing Soul":47,"Sundial":17,"MealTicket":26,"Replay:Bottled Flurry":49,"HandDrill":31,"Kunai":10,"Replay:Wax Seal":0,"Electric Blood":17,"Replay:Bottled Steam":23,"betterAltar:BloodRelic":27,"ReplayTheSpireMod:Ring of Addiction":36,"Blue Candle":7,"Pen Nib":0,"Replay:Ancient Bell":34,"Akabeko":31,"SlaversCollar":17,"Ooze Armor":34,"Bird Faced Urn":9,"ReplayTheSpireMod:Ring of Collecting":5,"Pandora\u0027s Box":34,"Mark of Pain":17,"StrikeDummy":0,"Unceasing Top":0,"Regal Pillow":24,"Lantern":34,"Torii":47,"Singing Bowl":0,"Magic Flower":0,"StoneCalendar":0,"Blue Doll":43,"King of Hearts":47,"Replay:Multitool":25,"Bag of Preparation":54,"Cursed Key":34,"Smiling Mask":27,"Burning Blood":0,"Pet Ghost":44,"Replay:Rubber Ducky":34,"Shovel":34,"Ring of Peace":5,"Toolbox":0,"WingedGreaves":37,"Chemical X":21,"Replay:Bottled Eggs":0,"InkBottle":34,"Paper Frog":23,"Potion Belt":36,"Lee\u0027s Waffle":44,"Golden Idol":3,"Self Forming Clay":6,"Thread and Needle":20,"PreservedInsect":22,"The Courier":9,"betterThird:NestCultRelic":22,"Omamori":42,"Ring of Greed":10,"Frozen Egg 2":0,"MawBank":27,"Replay:Arrowhead":48,"Busted Crown":17,"Ornamental Fan":37,"Bloody Idol":22,"Ring of Misfortune":36,"betterThird:SlimedRelic":3,"Orrery":36,"Turnip":23,"Art of War":40,"Garlic":12,"Durian":0,"Champion Belt":20,"hexamod:BolsterEngine":11,"ReplayTheSpireMod:Lightbulb":27,"Toy Ornithopter":28,"Ice Cream":6,"Divine Protection":0,"Calipers":6,"Tiny House":36,"Gremlin Horn":10,"Nilry\u0027s Codex":22,"CeramicFish":24,"Vajra":8,"Lizard Tail":42,"Centennial Puzzle":2,"HornCleat":52,"downfall:GremlinWheel":0,"FaceOfCleric":13,"DollysMirror":44,"Strawberry":10,"Honey Jar":17,"Prayer Wheel":40,"Philosopher\u0027s Stone":17,"Iron Hammer":9,"Toxic Egg 2":36,"Girya":23,"Happy Flower":14,"Ring of Hypnosis":27,"ReplayTheSpireMod:CursedCoin":19,"Dead Branch":17,"Replay:Grab Bag":34,"Oddly Smooth Stone":41,"Charon\u0027s Ashes":0,"Letter Opener":9,"Replay:Kaleidoscope":37,"War Paint":6,"Question Card":19,"WarpedTongs":29,"Bottled Flame":26,"Replay:Baseball":38,"ReplayTheSpireMod:Spearhead":31,"ReplayTheSpireMod:Shallot":27,"Shuriken":34,"Bronze Scales":45,"Molten Egg 2":43,"Onion Ring":54,"Simple Rune":27,"ReplayTheSpireMod:TigerMarble":23,"Nloth\u0027s Gift":0,"Black Star":17,"Grinning Jar":6,"Mirror":45,"Pocketwatch":10,"Meat on the Bone":45,"ReplayFunnel":14,"Darkstone Periapt":0,"ReplayTheSpireMod:Ring of Exchange":26,"Replay:PocketPolymizer":34,"Black Blood":34,"Mango":40,"Juzu Bracelet":19,"Incense Burner":0,"Replay:Mystery Machine":26,"Empty Cage":34,"ClockworkSouvenir":44,"Frozen Eye":0,"SsserpentHead":20,"Nunchaku":45,"Dream Catcher":9,"Replay:Bandana":20,"Chameleon Ring":49,"TheAbacus":0,"Mummified Hand":9,"Pantograph":0,"Tiny Chest":12,"Red Mask":41,"Replay:Bottled Snecko":0,"Red Skull":17,"Runic Pyramid":34,"Gremlin Food":37,"BargainBundle":19,"hexamod:CandleOfCauterizing":46,"ReplayTheSpireMod:Ninjato":48,"Replay:Towering Pillar of Hats":50,"Quantum Egg":42,"Guide Book":38,"Replay:WaspNest":3,"Odd Mushroom":12,"Orichalcum":43,"White Beast Statue":36,"Mercury Hourglass":43,"Calling Bell":17,"Peace Pipe":0,"Strange Spoon":44,"CaptainsWheel":0,"Anchor":38,"Pondfish Scales":0,"ChewingGum":17,"Another Sword":47,"Snack Pack":28,"Bag of Marbles":0,"Coffee Dripper":0,"Membership Card":24,"FossilizedHelix":12,"TungstenRod":7,"ReplayTheSpireMod:ShopPack":20},{"Golden Egg":146,"Replay:Accelerometer":210,"Spirit Poop":432,"Ginger":226,"Whetstone":417,"Bottled Tornado":235,"Sling":102,"Old Coin":92,"Ring of Searing":340,"Blood Vial":39,"Replay:Ringing Soul":102,"Sundial":11,"MealTicket":14,"Replay:Bottled Flurry":153,"HandDrill":200,"Kunai":33,"Replay:Wax Seal":28,"Electric Blood":62,"Replay:Bottled Steam":399,"betterAltar:BloodRelic":171,"ReplayTheSpireMod:Ring of Addiction":47,"Blue Candle":234,"Pen Nib":387,"Replay:Ancient Bell":46,"Akabeko":94,"SlaversCollar":369,"Ooze Armor":175,"Bird Faced Urn":7,"ReplayTheSpireMod:Ring of Collecting":186,"Pandora\u0027s Box":420,"Mark of Pain":37,"StrikeDummy":404,"Unceasing Top":429,"Regal Pillow":14,"Lantern":46,"Torii":77,"Singing Bowl":104,"Magic Flower":28,"StoneCalendar":55,"Blue Doll":180,"King of Hearts":102,"Replay:Multitool":117,"Bag of Preparation":155,"Cursed Key":19,"Smiling Mask":281,"Burning Blood":0,"Pet Ghost":75,"Replay:Rubber Ducky":122,"Shovel":46,"Ring of Peace":186,"Toolbox":28,"WingedGreaves":287,"Chemical X":13,"Replay:Bottled Eggs":321,"InkBottle":122,"Paper Frog":40,"Potion Belt":47,"Lee\u0027s Waffle":75,"Golden Idol":186,"Self Forming Clay":272,"Thread and Needle":167,"PreservedInsect":140,"The Courier":324,"betterThird:NestCultRelic":329,"Omamori":100,"Ring of Greed":134,"Frozen Egg 2":156,"MawBank":92,"Replay:Arrowhead":183,"Busted Crown":112,"Ornamental Fan":177,"Bloody Idol":39,"Ring of Misfortune":47,"betterThird:SlimedRelic":105,"Orrery":421,"Turnip":141,"Art of War":49,"Garlic":136,"Durian":156,"Champion Belt":456,"hexamod:BolsterEngine":366,"ReplayTheSpireMod:Lightbulb":92,"Toy Ornithopter":92,"Ice Cream":83,"Divine Protection":243,"Calipers":32,"Tiny House":350,"Gremlin Horn":250,"Nilry\u0027s Codex":13,"CeramicFish":66,"Vajra":7,"Lizard Tail":24,"Centennial Puzzle":105,"HornCleat":54,"downfall:GremlinWheel":387,"FaceOfCleric":9,"DollysMirror":151,"Strawberry":85,"Honey Jar":276,"Prayer Wheel":23,"Philosopher\u0027s Stone":253,"Iron Hammer":33,"Toxic Egg 2":20,"Girya":115,"Happy Flower":36,"Ring of Hypnosis":375,"ReplayTheSpireMod:CursedCoin":113,"Dead Branch":11,"Replay:Grab Bag":261,"Oddly Smooth Stone":75,"Charon\u0027s Ashes":184,"Letter Opener":60,"Replay:Kaleidoscope":73,"War Paint":160,"Question Card":396,"WarpedTongs":67,"Bottled Flame":41,"Replay:Baseball":97,"ReplayTheSpireMod:Spearhead":200,"ReplayTheSpireMod:Shallot":67,"Shuriken":46,"Bronze Scales":127,"Molten Egg 2":24,"Onion Ring":55,"Simple Rune":118,"ReplayTheSpireMod:TigerMarble":66,"Nloth\u0027s Gift":387,"Black Star":439,"Grinning Jar":106,"Mirror":265,"Pocketwatch":217,"Meat on the Bone":290,"ReplayFunnel":137,"Darkstone Periapt":293,"ReplayTheSpireMod:Ring of Exchange":197,"Replay:PocketPolymizer":122,"Black Blood":261,"Mango":99,"Juzu Bracelet":113,"Incense Burner":156,"Replay:Mystery Machine":66,"Empty Cage":201,"ClockworkSouvenir":75,"Frozen Eye":184,"SsserpentHead":441,"Nunchaku":51,"Dream Catcher":249,"Replay:Bandana":254,"Chameleon Ring":53,"TheAbacus":321,"Mummified Hand":216,"Pantograph":55,"Tiny Chest":410,"Red Mask":23,"Replay:Bottled Snecko":293,"Red Skull":11,"Runic Pyramid":261,"Gremlin Food":47,"BargainBundle":89,"hexamod:CandleOfCauterizing":469,"ReplayTheSpireMod:Ninjato":129,"Replay:Towering Pillar of Hats":358,"Quantum Egg":50,"Guide Book":379,"Replay:WaspNest":29,"Odd Mushroom":9,"Orichalcum":100,"White Beast Statue":47,"Mercury Hourglass":75,"Calling Bell":11,"Peace Pipe":156,"Strange Spoon":151,"CaptainsWheel":0,"Anchor":123,"Pondfish Scales":130,"ChewingGum":138,"Another Sword":102,"Snack Pack":92,"Bag of Marbles":104,"Coffee Dripper":130,"Membership Card":66,"FossilizedHelix":34,"TungstenRod":59,"ReplayTheSpireMod:ShopPack":194},{"Golden Egg":696,"Replay:Accelerometer":982,"Spirit Poop":2006,"Ginger":1054,"Whetstone":1947,"Bottled Tornado":1090,"Sling":464,"Old Coin":431,"Ring of Searing":1582,"Blood Vial":183,"Replay:Ringing Soul":464,"Sundial":38,"MealTicket":52,"Replay:Bottled Flurry":727,"HandDrill":928,"Kunai":146,"Replay:Wax Seal":125,"Electric Blood":319,"Replay:Bottled Steam":1866,"betterAltar:BloodRelic":802,"ReplayTheSpireMod:Ring of Addiction":228,"Blue Candle":1086,"Pen Nib":1804,"Replay:Ancient Bell":224,"Akabeko":436,"SlaversCollar":1719,"Ooze Armor":825,"Bird Faced Urn":28,"ReplayTheSpireMod:Ring of Collecting":865,"Pandora\u0027s Box":1961,"Mark of Pain":174,"StrikeDummy":1896,"Unceasing Top":1996,"Regal Pillow":52,"Lantern":224,"Torii":381,"Singing Bowl":473,"Magic Flower":125,"StoneCalendar":286,"Blue Doll":845,"King of Hearts":464,"Replay:Multitool":528,"Bag of Preparation":741,"Cursed Key":81,"Smiling Mask":1297,"Burning Blood":0,"Pet Ghost":375,"Replay:Rubber Ducky":565,"Shovel":224,"Ring of Peace":865,"Toolbox":125,"WingedGreaves":1330,"Chemical X":46,"Replay:Bottled Eggs":1495,"InkBottle":565,"Paper Frog":188,"Potion Belt":228,"Lee\u0027s Waffle":375,"Golden Idol":865,"Self Forming Clay":1254,"Thread and Needle":782,"PreservedInsect":668,"The Courier":1501,"betterThird:NestCultRelic":1532,"Omamori":460,"Ring of Greed":637,"Frozen Egg 2":749,"MawBank":431,"Replay:Arrowhead":853,"Busted Crown":501,"Ornamental Fan":833,"Bloody Idol":183,"Ring of Misfortune":228,"betterThird:SlimedRelic":475,"Orrery":1965,"Turnip":671,"Art of War":239,"Garlic":644,"Durian":749,"Champion Belt":2117,"hexamod:BolsterEngine":1700,"ReplayTheSpireMod:Lightbulb":431,"Toy Ornithopter":431,"Ice Cream":404,"Divine Protection":1125,"Calipers":142,"Tiny House":1630,"Gremlin Horn":1157,"Nilry\u0027s Codex":46,"CeramicFish":335,"Vajra":28,"Lizard Tail":102,"Centennial Puzzle":475,"HornCleat":280,"downfall:GremlinWheel":1804,"FaceOfCleric":32,"DollysMirror":718,"Strawberry":409,"Honey Jar":1274,"Prayer Wheel":101,"Philosopher\u0027s Stone":1174,"Iron Hammer":146,"Toxic Egg 2":85,"Girya":519,"Happy Flower":161,"Ring of Hypnosis":1743,"ReplayTheSpireMod:CursedCoin":506,"Dead Branch":38,"Replay:Grab Bag":1209,"Oddly Smooth Stone":375,"Charon\u0027s Ashes":860,"Letter Opener":306,"Replay:Kaleidoscope":363,"War Paint":759,"Question Card":1848,"WarpedTongs":338,"Bottled Flame":193,"Replay:Baseball":448,"ReplayTheSpireMod:Spearhead":928,"ReplayTheSpireMod:Shallot":338,"Shuriken":224,"Bronze Scales":593,"Molten Egg 2":102,"Onion Ring":286,"Simple Rune":534,"ReplayTheSpireMod:TigerMarble":335,"Nloth\u0027s Gift":1804,"Black Star":2041,"Grinning Jar":479,"Mirror":1228,"Pocketwatch":1017,"Meat on the Bone":1347,"ReplayFunnel":648,"Darkstone Periapt":1364,"ReplayTheSpireMod:Ring of Exchange":916,"Replay:PocketPolymizer":565,"Black Blood":1209,"Mango":458,"Juzu Bracelet":506,"Incense Burner":749,"Replay:Mystery Machine":335,"Empty Cage":935,"ClockworkSouvenir":375,"Frozen Eye":860,"SsserpentHead":2050,"Nunchaku":256,"Dream Catcher":1150,"Replay:Bandana":1178,"Chameleon Ring":267,"TheAbacus":1495,"Mummified Hand":1010,"Pantograph":286,"Tiny Chest":1920,"Red Mask":101,"Replay:Bottled Snecko":1364,"Red Skull":38,"Runic Pyramid":1209,"Gremlin Food":228,"BargainBundle":422,"hexamod:CandleOfCauterizing":2176,"ReplayTheSpireMod:Ninjato":608,"Replay:Towering Pillar of Hats":1662,"Quantum Egg":245,"Guide Book":1761,"Replay:WaspNest":129,"Odd Mushroom":32,"Orichalcum":460,"White Beast Statue":228,"Mercury Hourglass":375,"Calling Bell":38,"Peace Pipe":749,"Strange Spoon":718,"CaptainsWheel":0,"Anchor":570,"Pondfish Scales":625,"ChewingGum":659,"Another Sword":464,"Snack Pack":431,"Bag of Marbles":473,"Coffee Dripper":625,"Membership Card":335,"FossilizedHelix":150,"TungstenRod":303,"ReplayTheSpireMod:ShopPack":898}]},"card_choices":[{"not_picked":["Cleave","Twin Strike","Thunderclap"],"picked":"Disarm","floor":0.0},{"not_picked":["Pommel Strike","Clash","Wild Strike"],"picked":"Blood for Blood","floor":0.0},{"not_picked":["Reckless Charge","Body Slam","Wild Strike"],"picked":"Immolate","floor":0.0},{"not_picked":["Pommel Strike","Heavy Blade","Searing Blow"],"picked":"Hemokinesis","floor":0.0},{"not_picked":["True Grit","Reckless Charge","Sever Soul"],"picked":"Cleave","floor":0.0},{"not_picked":["Anger","Thunderclap","Rage"],"picked":"Dropkick","floor":1.0},{"not_picked":["Armaments","Heavy Blade","Thunderclap"],"picked":"Anger","floor":2.0},{"not_picked":["Anger","Headbutt","Clothesline"],"picked":"Spot Weakness","floor":3.0},{"not_picked":["HandOfGreed","Purity","Impatience"],"picked":"Metamorphosis","floor":4.0},{"not_picked":["Ghostly Armor","Anger","Cleave"],"picked":"Thunderclap","floor":7.0},{"not_picked":["Burning Pact","Anger","Thunderclap","Clothesline"],"picked":"Singing Bowl","floor":12.0},{"not_picked":["Fiend Fire","Berserk+1","Exhume"],"picked":"Offering","floor":16},{"not_picked":["Sword Boomerang","Havoc","Twin Strike"],"picked":"Flex+1","floor":18},{"not_picked":["Clothesline","Battle Trance","Searing Blow"],"picked":"Seeing Red","floor":21},{"not_picked":["Pommel Strike","True Grit","Havoc","Iron Wave"],"picked":"Singing Bowl","floor":22},{"not_picked":["Cleave","Havoc","Searing Blow"],"picked":"Power Through","floor":24},{"not_picked":["Dual Wield","Havoc","Flex"],"picked":"Whirlwind","floor":25},{"not_picked":["Thunderclap","Clash","Rampage"],"picked":"Clothesline+1","floor":29},{"not_picked":["Reckless Charge+1","Feel No Pain+1","Corruption+1"],"picked":"Reaper","floor":31},{"not_picked":["Berserk+1","Offering","Brutality+1"],"picked":"Limit Break","floor":33},{"not_picked":["Whirlwind+1","Headbutt","Dark Embrace+1","Sword Boomerang"],"picked":"Singing Bowl","floor":35},{"not_picked":["Iron Wave","Entrench","Intimidate"],"picked":"Metallicize+1","floor":35},{"not_picked":["Armaments","Headbutt+1","Clothesline"],"picked":"Cleave+1","floor":36},{"not_picked":["Fiend Fire","Metallicize+1","Carnage+1"],"picked":"Infernal Blade+1","floor":36},{"not_picked":["Heavy Blade","Thunderclap+1","Havoc+1"],"picked":"Fire Breathing+1","floor":39},{"not_picked":["Cleave+1","Blood for Blood","Clash"],"picked":"Sword Boomerang+1","floor":39},{"not_picked":["Reckless Charge","Iron Wave","True Grit+1"],"picked":"Metallicize+1","floor":41},{"not_picked":["Clash","Twin Strike","Entrench+1"],"picked":"Flex+1","floor":44},{"not_picked":["Twin Strike","Clothesline+1","Warcry+1"],"picked":"Reaper","floor":45},{"not_picked":["Whirlwind+1","Headbutt","Warcry+1"],"picked":"Heavy Blade+1","floor":45},{"not_picked":["Whirlwind+1","Burning Pact+1","Shrug It Off+1"],"picked":"Shockwave+1","floor":48},{"not_picked":["Thunderclap+1","Warcry+1","Disarm+1"],"picked":"Seeing Red+1","floor":48}],"player_experience":422510,"relics_obtained":[{"floor":6.0,"key":"Tiny Chest"},{"floor":8.0,"key":"Singing Bowl"},{"floor":9.0,"key":"Art of War"},{"floor":10.0,"key":"HornCleat"},{"floor":13.0,"key":"The Courier"},{"floor":20,"key":"Champion Belt"},{"floor":23,"key":"Old Coin"},{"floor":26,"key":"Nunchaku"},{"floor":28,"key":"Self Forming Clay"},{"floor":31,"key":"Prayer Wheel"},{"floor":31,"key":"Bottled Flame"},{"floor":32,"key":"Paper Frog"},{"floor":34,"key":"Pen Nib"},{"floor":34,"key":"Gremlin Horn"},{"floor":34,"key":"Lizard Tail"},{"floor":37,"key":"Bag of Marbles"},{"floor":40,"key":"Orichalcum"},{"floor":41,"key":"Regal Pillow"},{"floor":41,"key":"Pantograph"},{"floor":43,"key":"Omamori"},{"floor":44,"key":"Incense Burner"},{"floor":44,"key":"Toxic Egg 2"},{"floor":49,"key":"InkBottle"}],"event_choices":[{"damage_healed":0.0,"max_hp_gain":0.0,"max_hp_loss":0.0,"gold_gain":1.0,"event_name":"betterStone:BetterStone","player_choice":"1","floor":4.0,"gold_loss":0.0,"damage_taken":0.0},{"damage_healed":42,"gold_gain":0,"player_choice":"Upgrade","damage_taken":18,"max_hp_gain":0,"max_hp_loss":88,"event_name":"betterThird:BetterShining","floor":14,"gold_loss":0,"cards_upgraded":["Metamorphosis","Blood for Blood"]},{"cards_removed":["Parasite"],"damage_healed":0,"gold_gain":0,"player_choice":"Purged","damage_taken":0,"max_hp_gain":0,"max_hp_loss":0,"event_name":"Purifier","floor":27,"gold_loss":0},{"cards_removed":["Seeing Red"],"damage_healed":54,"gold_gain":0,"player_choice":"Offered Uncommon","damage_taken":0,"max_hp_gain":0,"max_hp_loss":0,"event_name":"Bonfire Elementals","floor":30,"gold_loss":0},{"damage_healed":25,"gold_gain":0,"player_choice":"Writhe","damage_taken":0,"max_hp_gain":0,"max_hp_loss":0,"event_name":"Winding Halls","floor":38,"gold_loss":0,"cards_obtained":["Writhe"]},{"cards_removed":["Bash"],"damage_healed":0,"gold_gain":0,"player_choice":"Removed Attack","damage_taken":0,"max_hp_gain":0,"max_hp_loss":0,"event_name":"Falling","floor":47,"gold_loss":0}],"is_beta":false,"boss_relics":[{"not_picked":["Ectoplasm","Coffee Dripper"],"picked":"Black Star"},{"not_picked":["SacredBark","Velvet Choker"],"picked":"Calling Bell"}],"items_purged_floors":[],"is_endless":false,"potions_floor_spawned":[7,12,18,22,25,29,31,35,36,45,48],"ascension_level":11}}