{"host":"nbmmy2ys5j9alw05","time":1611303339,"event":{"mods":["AchievementEnabler","BaseMod","Bestiary","Better Vampires","Colored Map","Colored Powertips","Googly Eyes","Hermit","Mad Scientist","Minty Spire (QoL Compilation)","Quick Restart","StSLib","The Blackbeard","The Hierophant","The IronCluck","everything is the same but u backflip on backflip"],"gold_per_floor":[109,57,57,75,90,90,116,116,116,116,126,51,68,97,97,192,192,209,229,229,176,176,176,187,187,187,206,60,85,85,117,117,217,217,231,247,261,261,261,261,289,316,316,376,407,407,439,488,488,488,488,488],"floor_reached":50,"language":"ENG","playtime":2018,"items_purged":["blackbeard:BlackbeardStrike"],"score":675,"play_id":"8048fc46-b17d-4997-bee8-018b13936041","local_time":"20210122001539","is_ascension_mode":false,"campfire_choices":[{"data":"blackbeard:FieryDefense","floor":6,"key":"SMITH"},{"data":"blackbeard:CaptainsHat","floor":8,"key":"SMITH"},{"data":"blackbeard:Cutlass","floor":10,"key":"SMITH"},{"floor":15,"key":"REST"},{"data":"blackbeard:PowerHungry","floor":23,"key":"SMITH"},{"data":"blackbeard:RemoveScurvy","floor":25,"key":"SMITH"},{"data":"blackbeard:CaptainsCabin","floor":30,"key":"SMITH"},{"data":"blackbeard:CatONineTails","floor":32,"key":"SMITH"},{"data":"blackbeard:FinalBarrage","floor":40,"key":"SMITH"},{"data":"blackbeard:TerrorOfTheSeas","floor":46,"key":"SMITH"},{"data":"blackbeard:BlindAttacks","floor":49,"key":"SMITH"}],"circlet_count":0,"master_deck":["blackbeard:BlackbeardStrike+1","blackbeard:BlackbeardStrike","blackbeard:BlackbeardStrike+1","blackbeard:IntimidatingStrike","blackbeard:BlackbeardDefend","blackbeard:BlackbeardDefend","blackbeard:BlackbeardDefend","blackbeard:BlackbeardDefend","blackbeard:Cutlass+1","blackbeard:TerrorOfTheSeas+1","blackbeard:CatONineTails+1","blackbeard:Dagger","blackbeard:CloakAndCannonball","blackbeard:FieryDefense+1","blackbeard:CaptainsHat+1","blackbeard:GoldenDefense","blackbeard:CaptainsCabin+1","blackbeard:PowerHungry+1","blackbeard:RemoveScurvy+1","blackbeard:BlindAttacks+1","blackbeard:PirateHook+1","blackbeard:BeatUp+1","blackbeard:FinalBarrage+1","blackbeard:SwordDance","blackbeard:Parrot","blackbeard:CloakAndCannonball+1","blackbeard:AgileStrike"],"relics":["blackbeard:LoadTheCannons","Dead Branch","Mummified Hand","Unceasing Top","Coffee Dripper","Ancient Tea Set","CaptainsWheel","TungstenRod","Turnip","blackbeard:GoldenRing","Black Star","blackbeard:TreasureChest","blackbeard:Penknife","Toxic Egg 2","Calipers","blackbeard:PoorMathSkills","Blue Candle"],"acts_visited":["Exordium","TheCity","TheBeyond"],"potions_floor_usage":[11,11,16,33,48,48,50],"damage_taken":[{"damage":4,"enemies":"Cultist","floor":1,"turns":4},{"damage":3,"enemies":"Jaw Worm","floor":4,"turns":2},{"damage":0,"enemies":"2 Louse","floor":5,"turns":2},{"damage":13,"enemies":"Gremlin Nob","floor":7,"turns":3},{"damage":10,"enemies":"Exordium Thugs","floor":11,"turns":3},{"damage":13,"enemies":"Large Slime","floor":13,"turns":5},{"damage":1,"enemies":"3 Sentries","floor":14,"turns":6},{"damage":0,"enemies":"Slime Boss","floor":16,"turns":7},{"damage":0,"enemies":"Spheric Guardian","floor":18,"turns":1},{"damage":4,"enemies":"Shell Parasite","floor":19,"turns":4},{"damage":5,"enemies":"Centurion and Healer","floor":24,"turns":2},{"damage":0,"enemies":"3 Cultists","floor":27,"turns":4},{"damage":1,"enemies":"Book of Stabbing","floor":29,"turns":4},{"damage":0,"enemies":"Slavers","floor":31,"turns":4},{"damage":0,"enemies":"Champ","floor":33,"turns":5},{"damage":1,"enemies":"3 Shapes","floor":35,"turns":3},{"damage":3,"enemies":"3 Darklings","floor":36,"turns":4},{"damage":0,"enemies":"Spire Growth","floor":37,"turns":3},{"damage":14,"enemies":"Reptomancer","floor":41,"turns":5},{"damage":19,"enemies":"Jaw Worm Horde","floor":42,"turns":3},{"damage":5,"enemies":"2 Orb Walkers","floor":44,"turns":4},{"damage":0,"enemies":"Maw","floor":45,"turns":6},{"damage":0,"enemies":"Spire Growth","floor":47,"turns":3},{"damage":6,"enemies":"Nemesis","floor":48,"turns":5},{"damage":74,"enemies":"Time Eater","floor":50,"turns":8}],"seed_played":"5000173615952184189","potions_obtained":[{"floor":1,"key":"Explosive Potion"},{"floor":5,"key":"SpeedPotion"},{"floor":14,"key":"PowerPotion"},{"floor":16,"key":"AttackPotion"},{"floor":18,"key":"SteroidPotion"},{"floor":29,"key":"SkillPotion"},{"floor":33,"key":"LiquidMemories"},{"floor":48,"key":"Swift Potion"}],"is_trial":false,"path_per_floor":["M","$","?","M","M","R","E","R","T","R","M","$","M","E","R","B",null,"M","M","?","$","?","R","M","R","T","M","$","E","R","E","R","B",null,"M","M","M","?","?","R","E","M","T","?","M","R","M","E","R","B"],"character_chosen":"BLACKBEARD_CLASS","items_purchased":["blackbeard:Dagger","blackbeard:BlindAttacks","blackbeard:FinalBarrage"],"campfire_rested":1,"item_purchase_floors":[2,21,28],"current_hp_per_floor":[71,71,56,53,53,53,40,40,40,40,30,30,17,16,38,38,75,75,71,71,71,64,64,59,59,59,59,59,66,66,66,66,74,75,74,71,71,71,71,71,65,52,52,47,55,55,63,65,65,0,0,0],"gold":488,"neow_bonus":"THREE_CARDS","is_daily":false,"chose_seed":false,"campfire_upgraded":10,"win_rate":0.0,"timestamp":1611303339,"path_taken":["M","?","?","M","M","R","E","R","T","R","M","?","M","E","R","BOSS","M","M","?","$","?","R","M","R","T","M","$","E","R","E","R","BOSS","M","M","M","?","?","R","E","M","T","?","?","R","M","E","R","BOSS"],"items_purchased_type":["Card","Card","Card"],"build_version":"2020-12-22","purchased_purges":1,"victory":false,"max_hp_per_floor":[75,75,75,75,75,75,75,75,75,75,75,75,75,75,75,75,75,75,75,75,75,75,75,75,75,75,75,75,75,75,75,75,75,75,75,75,75,71,71,71,71,71,71,71,71,71,71,71,71,71,71,71],"card_choices":[{"not_picked":["blackbeard:Shrapnel","blackbeard:TacticalRetreat"],"picked":"blackbeard:TerrorOfTheSeas","floor":0},{"not_picked":["blackbeard:Recklessness","blackbeard:DeadlyArsenal"],"picked":"blackbeard:CatONineTails","floor":1},{"not_picked":["blackbeard:Shrapnel","blackbeard:PiratesWill"],"picked":"blackbeard:CloakAndCannonball","floor":4},{"not_picked":["blackbeard:GoldenCannonball","blackbeard:TacticalRetreat"],"picked":"blackbeard:FieryDefense","floor":5},{"not_picked":["blackbeard:Eyepatch","blackbeard:DoubleCannonball"],"picked":"blackbeard:CaptainsHat","floor":7},{"not_picked":["blackbeard:ChaoticDefense","blackbeard:Spear"],"picked":"blackbeard:GoldenDefense","floor":11},{"not_picked":["blackbeard:Fencing","blackbeard:RemoveScurvy"],"picked":"blackbeard:CaptainsCabin","floor":13},{"not_picked":["blackbeard:BrownPants","blackbeard:Toast","blackbeard:FieryDefense"],"picked":"SKIP","floor":14},{"not_picked":["blackbeard:Salvager","blackbeard:BountyHunter"],"picked":"blackbeard:PowerHungry","floor":16},{"not_picked":["blackbeard:DelayedPain","blackbeard:CloakAndCannonball","blackbeard:GoldenStrike"],"picked":"SKIP","floor":18},{"not_picked":["blackbeard:Fencing","blackbeard:Rum"],"picked":"blackbeard:RemoveScurvy","floor":19},{"not_picked":["blackbeard:Fencing","blackbeard:BlindAttacks"],"picked":"blackbeard:PirateHook+1","floor":24},{"not_picked":["blackbeard:Dagger","blackbeard:Sharpening"],"picked":"blackbeard:BeatUp+1","floor":27},{"not_picked":["blackbeard:Rum+1","blackbeard:Shrapnel+1","blackbeard:CloakAndCannonball"],"picked":"SKIP","floor":29},{"not_picked":["blackbeard:GhostInTheRum","blackbeard:WiseDefense"],"picked":"blackbeard:SwordDance","floor":31},{"not_picked":["blackbeard:BoostMorale","blackbeard:Intoxication"],"picked":"blackbeard:Parrot","floor":33},{"not_picked":["blackbeard:Shrapnel+1","blackbeard:GoldenDefense"],"picked":"blackbeard:CloakAndCannonball+1","floor":35},{"not_picked":["blackbeard:CloakAndCannonball+1","blackbeard:BlindAttacks+1"],"picked":"blackbeard:AgileStrike","floor":36},{"not_picked":["blackbeard:VengefulSpirit","blackbeard:DangerousBlow+1","blackbeard:GoldenDefense+1"],"picked":"SKIP","floor":37},{"not_picked":["blackbeard:Sword+1","blackbeard:WiseDefense","blackbeard:Toast"],"picked":"SKIP","floor":41},{"not_picked":["blackbeard:Eyepatch+1","blackbeard:GoldenStrike","blackbeard:Sharpening"],"picked":"SKIP","floor":42},{"not_picked":["blackbeard:BlindAttacks","blackbeard:GoldenDefense+1","blackbeard:TacticalRetreat+1"],"picked":"SKIP","floor":45},{"not_picked":["blackbeard:DeadlyArsenal+1","blackbeard:VengefulSpirit+1","blackbeard:Toast+1"],"picked":"SKIP","floor":47},{"not_picked":["blackbeard:GoldenDefense+1","blackbeard:FishingNets+1","blackbeard:Toast+1"],"picked":"SKIP","floor":48}],"player_experience":536268,"relics_obtained":[{"floor":7,"key":"Dead Branch"},{"floor":9,"key":"Mummified Hand"},{"floor":14,"key":"Unceasing Top"},{"floor":20,"key":"Ancient Tea Set"},{"floor":26,"key":"TungstenRod"},{"floor":29,"key":"Turnip"},{"floor":31,"key":"blackbeard:GoldenRing"},{"floor":41,"key":"blackbeard:TreasureChest"},{"floor":41,"key":"blackbeard:Penknife"},{"floor":43,"key":"Toxic Egg 2"},{"floor":44,"key":"Calipers"},{"floor":48,"key":"blackbeard:PoorMathSkills"},{"floor":48,"key":"Blue Candle"}],"event_choices":[{"damage_healed":0,"gold_gain":0,"player_choice":"Entered Light","damage_taken":15,"max_hp_gain":0,"max_hp_loss":0,"event_name":"Shining Light","floor":3,"gold_loss":0,"cards_upgraded":["blackbeard:BlackbeardStrike","blackbeard:BlackbeardStrike"]},{"damage_healed":0,"gold_gain":0,"player_choice":"Relic","damage_taken":0,"max_hp_gain":0,"max_hp_loss":0,"event_name":"Wheel of Change","floor":20,"gold_loss":0},{"damage_healed":0,"gold_gain":0,"player_choice":"CaptainsWheel","damage_taken":0,"relics_obtained":["CaptainsWheel"],"max_hp_gain":0,"max_hp_loss":0,"event_name":"blackbeard:ShipwreckEvent","floor":22,"gold_loss":0},{"damage_healed":0,"gold_gain":0,"player_choice":"Max HP","damage_taken":0,"max_hp_gain":0,"max_hp_loss":4,"event_name":"Winding Halls","floor":38,"gold_loss":0},{"damage_healed":0,"gold_gain":0,"player_choice":"Memory 1","damage_taken":0,"max_hp_gain":0,"max_hp_loss":0,"event_name":"SensoryStone","floor":39,"gold_loss":0},{"damage_healed":0,"gold_gain":0,"player_choice":"Fight","damage_taken":0,"max_hp_gain":0,"max_hp_loss":0,"event_name":"Mysterious Sphere","floor":44,"gold_loss":0}],"is_beta":false,"boss_relics":[{"not_picked":["Velvet Choker","Ectoplasm"],"picked":"Coffee Dripper"},{"not_picked":["blackbeard:Karategi","SacredBark"],"picked":"Black Star"}],"items_purged_floors":[12],"is_endless":false,"potions_floor_spawned":[1,5,14,16,18,29,33,36,37,44,48],"killed_by":"Time Eater","ascension_level":0}}