{"host":"dpbezu80jg8zk7un","time":1611290502,"event":{"mods":["BaseMod","Colored Map","Colored Powertips","Custom Start","DeckTracker","Minty Spire (QoL Compilation)","Quick Restart","StSLib","SuperFastMode"],"gold_per_floor":[17,17,17,17,31,31,47,90,90,90,129,129,129,145,145,238,238,254,254,254,179,204,204,239,260,339,339,352,477,477,517,517,613,613,633,533,866,866,880,880,913,913,994,1022,1022,1022,1022,1051,1051,1051,1051,1051,1051,473,498,498],"floor_reached":57,"language":"KOR","playtime":4172,"items_purged":["ConjureBlade","FlyingSleeves","FollowUp+1"],"score":3135,"play_id":"8b051b13-3a74-4364-b716-9b6262c9ee3b","local_time":"20210122134142","is_ascension_mode":true,"campfire_choices":[{"data":"Eruption","floor":6.0,"key":"SMITH"},{"floor":10.0,"key":"REST"},{"data":"Adaptation","floor":12.0,"key":"SMITH"},{"floor":15.0,"key":"REST"},{"floor":23.0,"key":"REST"},{"floor":27.0,"key":"REST"},{"floor":30.0,"key":"RECALL"},{"data":"MentalFortress","floor":32.0,"key":"SMITH"},{"data":"Halt","floor":40.0,"key":"SMITH"},{"floor":42.0,"key":"REST"},{"floor":49.0,"key":"REST"},{"floor":53.0,"key":"REST"}],"circlet_count":0,"master_deck":["AscendersBane","Eruption+1","Vigilance+1","Master of Strategy+1","LessonLearned+1","Adaptation+1","WheelKick+1","Weave+1","FlurryOfBlows+1","Fasting2+1","Halt+1","Necronomicurse","MentalFortress+1","Ragnarok+1","Wallop+1","Pray+1","InnerPeace+1","Worship+1"],"relics":["PureWater","Pantograph","Akabeko","Damaru","Pandora\u0027s Box","Necronomicon","CloakClasp","Ornamental Fan","Gambling Chip","Toxic Egg 2","Boot","Black Star","Meat on the Bone","Blue Candle","Centennial Puzzle","Du-Vu Doll","HornCleat","Bag of Marbles","Mercury Hourglass","Bronze Scales","Happy Flower","Eternal Feather","Blood Vial"],"acts_visited":["Exordium","TheCity","TheBeyond","TheEnding"],"potions_floor_usage":[56],"damage_taken":[{"damage":0.0,"enemies":"Jaw Worm","floor":1.0,"turns":3.0},{"damage":0.0,"enemies":"2 Louse","floor":5.0,"turns":2.0},{"damage":0.0,"enemies":"Cultist","floor":7.0,"turns":3.0},{"damage":43.0,"enemies":"3 Sentries","floor":8.0,"turns":12.0},{"damage":0.0,"enemies":"Gremlin Nob","floor":11.0,"turns":2.0},{"damage":0.0,"enemies":"2 Fungi Beasts","floor":14.0,"turns":1.0},{"damage":36.0,"enemies":"The Guardian","floor":16.0,"turns":9.0},{"damage":0.0,"enemies":"Spheric Guardian","floor":18.0,"turns":2.0},{"damage":8.0,"enemies":"2 Thieves","floor":22.0,"turns":3.0},{"damage":20.0,"enemies":"Slavers","floor":24.0,"turns":3.0},{"damage":0.0,"enemies":"Sentry and Sphere","floor":25.0,"turns":1.0},{"damage":0.0,"enemies":"Centurion and Healer","floor":28.0,"turns":2.0},{"damage":0.0,"enemies":"Colosseum Slavers","floor":29.0,"turns":1.0},{"damage":0.0,"enemies":"Colosseum Nobs","floor":29.0,"turns":4.0},{"damage":6.0,"enemies":"Book of Stabbing","floor":31.0,"turns":3.0},{"damage":0.0,"enemies":"Automaton","floor":33.0,"turns":5.0},{"damage":0.0,"enemies":"Orb Walker","floor":35.0,"turns":3.0},{"damage":9.0,"enemies":"3 Shapes","floor":39.0,"turns":3.0},{"damage":10.0,"enemies":"Reptomancer","floor":41.0,"turns":5.0},{"damage":0.0,"enemies":"Giant Head","floor":44.0,"turns":4.0},{"damage":3.0,"enemies":"Nemesis","floor":48.0,"turns":3.0},{"damage":23.0,"enemies":"Time Eater","floor":50.0,"turns":8.0},{"damage":0.0,"enemies":"Donu and Deca","floor":51.0,"turns":6.0},{"damage":0,"enemies":"Shield and Spear","floor":55,"turns":3},{"damage":67,"enemies":"The Heart","floor":56,"turns":8}],"seed_played":"2246071379361811670","potions_obtained":[{"floor":1.0,"key":"Swift Potion"},{"floor":8.0,"key":"SneckoOil"},{"floor":11.0,"key":"FairyPotion"},{"floor":18.0,"key":"StancePotion"},{"floor":33.0,"key":"SmokeBomb"},{"floor":44.0,"key":"Fire Potion"}],"is_trial":false,"path_per_floor":["M","?","?","?","M","R","M","E","T","R","E","R","?","M","R","B",null,"M","?","?","$","M","R","E","M","T","R","M","?","R","E","R","B",null,"M","$","?","?","M","R","E","R","T","E","T","?","?","E","R","B","B",null,"R","$","E","B",null],"character_chosen":"WATCHER","items_purchased":["Bronze Scales","Happy Flower","Weak Potion","Worship+1"],"campfire_rested":7,"item_purchase_floors":[54,54,54,54],"current_hp_per_floor":[61,61,61,61,61,61,61,18,18,36,36,36,17,17,35,24,53,53,53,32,32,24,42,22,22,22,40,40,40,40,34,34,59,61,61,61,61,61,52,52,42,60,60,60,60,59,59,56,59,36,59,59,59,59,59,21],"gold":498,"neow_bonus":"RANDOM_COLORLESS_2","is_daily":false,"chose_seed":false,"campfire_upgraded":4,"win_rate":0.0,"timestamp":1611290502,"path_taken":["M","?","?","?","?","R","M","E","T","R","E","R","?","M","R","BOSS","M","?","?","$","M","R","E","M","T","R","?","?","R","E","R","BOSS","M","$","?","?","M","R","E","R","T","E","?","?","?","E","R","BOSS","BOSS","R","$","E","BOSS"],"items_purchased_type":["Relic","Relic","Potion","Card"],"build_version":"2020-12-22","purchased_purges":3,"victory":true,"max_hp_per_floor":[68,68,62,62,62,62,62,62,62,62,62,62,62,62,62,62,62,62,62,62,62,62,62,62,62,62,62,62,62,62,62,62,62,62,62,62,62,62,62,62,62,62,62,62,62,59,59,59,59,59,59,59,59,59,59,59],"card_choices":[{"not_picked":["Sadistic Nature","Chrysalis"],"picked":"Master of Strategy","floor":0.0},{"not_picked":["BowlingBash","Protect","Crescendo"],"picked":"SKIP","floor":1.0},{"not_picked":["Sanctity","LikeWater","BowlingBash"],"picked":"SKIP","floor":5.0},{"not_picked":["Indignation","Evaluate","Wireheading"],"picked":"SKIP","floor":7.0},{"not_picked":["Blasphemy","SashWhip"],"picked":"FollowUp","floor":8.0},{"not_picked":["DeceiveReality","CrushJoints"],"picked":"Adaptation","floor":11.0},{"not_picked":["ClearTheMind","EmptyFist"],"picked":"WheelKick","floor":14.0},{"not_picked":["Evaluate","TalkToTheHand","ClearTheMind"],"picked":"SKIP","floor":18.0},{"not_picked":["ReachHeaven","ClearTheMind"],"picked":"MentalFortress","floor":22.0},{"not_picked":["FollowUp","BowlingBash+1"],"picked":"Ragnarok","floor":24.0},{"not_picked":["DeceiveReality","JustLucky","WindmillStrike"],"picked":"SKIP","floor":25.0},{"not_picked":["FlurryOfBlows","FlyingSleeves"],"picked":"Wallop","floor":28.0},{"not_picked":["JustLucky","Tantrum"],"picked":"Pray+1","floor":31.0},{"not_picked":["FlyingSleeves","Weave","PathToVictory+1"],"picked":"SKIP","floor":35.0},{"not_picked":["Crescendo+1","PathToVictory+1","Nirvana"],"picked":"SKIP","floor":39.0},{"not_picked":["SandsOfTime","ForeignInfluence+1"],"picked":"InnerPeace+1","floor":41.0},{"not_picked":["SashWhip","Protect+1","Conclude"],"picked":"SKIP","floor":44.0},{"not_picked":["Perseverance+1","SignatureMove","Wallop"],"picked":"SKIP","floor":48.0},{"not_picked":["Evaluate+1","SandsOfTime+1","Consecrate"],"picked":"SKIP","floor":55}],"player_experience":2915617,"relics_obtained":[{"floor":8.0,"key":"Pantograph"},{"floor":9.0,"key":"Akabeko"},{"floor":11.0,"key":"Damaru"},{"floor":20.0,"key":"Necronomicon"},{"floor":24.0,"key":"CloakClasp"},{"floor":26.0,"key":"Ornamental Fan"},{"floor":29.0,"key":"Gambling Chip"},{"floor":29.0,"key":"Toxic Egg 2"},{"floor":31.0,"key":"Boot"},{"floor":41.0,"key":"Meat on the Bone"},{"floor":41.0,"key":"Blue Candle"},{"floor":44.0,"key":"Centennial Puzzle"},{"floor":44.0,"key":"Du-Vu Doll"},{"floor":45.0,"key":"HornCleat"},{"floor":48.0,"key":"Bag of Marbles"},{"floor":48.0,"key":"Mercury Hourglass"},{"floor":55,"key":"Eternal Feather"},{"floor":55,"key":"Blood Vial"}],"event_choices":[{"cards_removed":["Defend_P"],"damage_healed":0.0,"max_hp_gain":0.0,"max_hp_loss":0.0,"gold_gain":0.0,"event_name":"Living Wall","player_choice":"Forget","floor":2.0,"gold_loss":0.0,"damage_taken":0.0},{"damage_healed":0.0,"max_hp_gain":0.0,"max_hp_loss":6.0,"gold_gain":0.0,"event_name":"Golden Idol","player_choice":"Lose Max HP","floor":3.0,"gold_loss":0.0,"damage_taken":0.0,"relics_obtained":["Golden Idol"]},{"damage_healed":0.0,"max_hp_gain":0.0,"max_hp_loss":0.0,"gold_gain":0.0,"event_name":"Match and Keep!","player_choice":"1 cards matched","floor":4.0,"gold_loss":0.0,"damage_taken":0.0,"cards_obtained":["LessonLearned"]},{"damage_healed":0.0,"max_hp_gain":0.0,"max_hp_loss":0.0,"gold_gain":0.0,"event_name":"Shining Light","player_choice":"Entered Light","floor":13.0,"gold_loss":0.0,"damage_taken":19.0,"cards_upgraded":["Defend_P","FollowUp"]},{"damage_healed":0.0,"max_hp_gain":0.0,"max_hp_loss":0.0,"gold_gain":0.0,"event_name":"Vampires","player_choice":"Ignored","floor":19.0,"gold_loss":0.0,"damage_taken":0.0},{"damage_healed":0.0,"max_hp_gain":0.0,"max_hp_loss":0.0,"gold_gain":0.0,"event_name":"Cursed Tome","player_choice":"Obtained Book","floor":20.0,"gold_loss":0.0,"damage_taken":21.0},{"damage_healed":0.0,"max_hp_gain":0.0,"max_hp_loss":0.0,"gold_gain":0.0,"event_name":"Colosseum","player_choice":"Fight","floor":29.0,"gold_loss":0.0,"damage_taken":0.0},{"damage_healed":0.0,"max_hp_gain":0.0,"max_hp_loss":0.0,"gold_gain":0.0,"event_name":"Colosseum","player_choice":"Fought Nobs","floor":29.0,"gold_loss":0.0,"damage_taken":0.0},{"damage_healed":0.0,"max_hp_gain":0.0,"max_hp_loss":0.0,"gold_gain":333.0,"event_name":"The Moai Head","player_choice":"Gave Idol","floor":37.0,"relics_lost":["Golden Idol"],"gold_loss":0.0,"damage_taken":0.0},{"cards_removed":["FlurryOfBlows"],"damage_healed":0.0,"max_hp_gain":0.0,"max_hp_loss":0.0,"gold_gain":0.0,"event_name":"Falling","player_choice":"Removed Attack","floor":38.0,"gold_loss":0.0,"damage_taken":0.0},{"damage_healed":0.0,"max_hp_gain":0.0,"max_hp_loss":3.0,"gold_gain":0.0,"event_name":"Winding Halls","player_choice":"Max HP","floor":46.0,"gold_loss":0.0,"damage_taken":0.0},{"damage_healed":0.0,"max_hp_gain":0.0,"max_hp_loss":0.0,"gold_gain":0.0,"event_name":"Tomb of Lord Red Mask","player_choice":"Ignored","floor":47.0,"gold_loss":0.0,"damage_taken":0.0}],"is_beta":false,"boss_relics":[{"not_picked":["Busted Crown","Philosopher\u0027s Stone"],"picked":"Pandora\u0027s Box"},{"not_picked":["Velvet Choker","Astrolabe"],"picked":"Black Star"}],"items_purged_floors":[21,36,54],"is_endless":false,"potions_floor_spawned":[1,8,11,18,29,33,44],"ascension_level":20}}