{"host":"x7xd4wkamhrqrrvw","time":1611358296,"event":{"mods":["AchievementEnabler","BaseMod","Minty Spire (QoL Compilation)","StSLib"],"gold_per_floor":[117,131,131,131,145,145,170,182,194,206,218,250,262,301,313,400,412,413,425,450,462,492,504,546,558,570,582,91,111,111,111,111,190,240,260,260,260,271,323,323,323],"floor_reached":40,"language":"ENG","playtime":1506,"items_purged":["Parasite"],"score":740,"play_id":"a0b13fd2-f662-4ea6-abcc-1f7c6ba7e7a8","local_time":"20210122213136","is_ascension_mode":true,"campfire_choices":[{"data":"Reprogram","floor":6.0,"key":"SMITH"},{"data":"Beam Cell","floor":8.0,"key":"SMITH"},{"data":"Melter","floor":10.0,"key":"SMITH"},{"floor":13,"key":"REST"},{"data":"Self Repair","floor":15,"key":"SMITH"},{"data":"Go for the Eyes","floor":23,"key":"SMITH"},{"data":"All For One","floor":25,"key":"SMITH"},{"data":"Melter","floor":27,"key":"SMITH"},{"data":"Steam","floor":30,"key":"SMITH"},{"data":"Defend_B","floor":32,"key":"SMITH"}],"circlet_count":0,"master_deck":["AscendersBane","Strike_B","Defend_B+1","Defend_B+1","Defend_B+1","Defend_B","Melter+1","Beam Cell+1","Reprogram+1","Gash","Self Repair+1","All For One+1","Steam+1","Melter+1","Go for the Eyes+1","Violence","Hyperbeam+1","Gash","Reinforced Body+1"],"relics":["Cursed Key","MawBank","Question Card","Empty Cage","Dead Branch","Bottled Lightning","Tiny House","Shovel"],"acts_visited":["Exordium","TheCity","TheBeyond"],"potions_floor_usage":[14,18,22,33,39,39],"damage_taken":[{"damage":2.0,"enemies":"Jaw Worm","floor":1.0,"turns":3.0},{"damage":0.0,"enemies":"Cultist","floor":2.0,"turns":4.0},{"damage":0.0,"enemies":"Small Slimes","floor":5.0,"turns":3.0},{"damage":12.0,"enemies":"3 Sentries","floor":7.0,"turns":5.0},{"damage":9,"enemies":"2 Fungi Beasts","floor":12,"turns":3},{"damage":0,"enemies":"Gremlin Nob","floor":14,"turns":4},{"damage":37,"enemies":"Slime Boss","floor":16,"turns":11},{"damage":12,"enemies":"2 Thieves","floor":18,"turns":4},{"damage":4,"enemies":"Chosen","floor":20,"turns":3},{"damage":17,"enemies":"3 Cultists","floor":22,"turns":6},{"damage":35,"enemies":"Slavers","floor":24,"turns":7},{"damage":0,"enemies":"Sentry and Sphere","floor":29,"turns":3},{"damage":39,"enemies":"Collector","floor":33,"turns":12},{"damage":0,"enemies":"3 Darklings","floor":35,"turns":2},{"damage":0,"enemies":"Orb Walker","floor":38,"turns":2},{"damage":18,"enemies":"2 Orb Walkers","floor":39,"turns":2},{"damage":66,"enemies":"Reptomancer","floor":40,"turns":7}],"seed_played":"5095852323366898015","potions_obtained":[{"floor":1.0,"key":"FearPotion"},{"floor":2.0,"key":"PowerPotion"},{"floor":5.0,"key":"PowerPotion"},{"floor":12,"key":"EssenceOfSteel"},{"floor":16,"key":"Weak Potion"},{"floor":18,"key":"Explosive Potion"},{"floor":33,"key":"Swift Potion"},{"floor":34,"key":"FearPotion"},{"floor":35,"key":"Explosive Potion"},{"floor":38,"key":"Weak Potion"}],"is_trial":false,"path_per_floor":["M","M","?","?","M","R","E","R","T","R","?","M","R","E","R","B",null,"M","?","M","$","M","R","E","R","T","R","$","M","R","?","R","B",null,"M","?","?","M","?","E"],"character_chosen":"DEFECT","items_purchased":["Violence","Bottled Lightning"],"campfire_rested":1,"item_purchase_floors":[28,28],"current_hp_per_floor":[62,62,48,48,48,48,36,36,36,36,29,20,41,48,48,21,59,57,57,63,63,56,56,31,31,31,31,31,41,41,41,41,12,59,59,59,69,69,51,0,0],"gold":323,"neow_bonus":"BOSS_RELIC","is_daily":false,"chose_seed":false,"campfire_upgraded":9,"win_rate":0.0,"timestamp":1611358296,"path_taken":["M","M","?","?","?","R","E","R","T","R","?","M","R","E","R","BOSS","M","?","?","?","?","R","E","R","T","R","$","?","R","?","R","BOSS","M","?","?","?","?","E"],"items_purchased_type":["Card","Relic"],"build_version":"2020-12-22","purchased_purges":1,"victory":false,"max_hp_per_floor":[71,71,71,71,71,71,71,71,71,71,71,71,71,71,71,71,71,71,71,71,71,71,71,71,71,71,71,68,68,68,68,68,68,73,73,69,69,69,69,69,69],"card_choices":[{"not_picked":["Scrape","Double Energy"],"picked":"Melter","floor":1.0},{"not_picked":["Steam","Cold Snap"],"picked":"Beam Cell","floor":2.0},{"not_picked":["Coolheaded","Hello World"],"picked":"Reprogram","floor":5.0},{"not_picked":["Cold Snap","Coolheaded"],"picked":"Gash","floor":7.0},{"not_picked":["Compile Driver","Glacier"],"picked":"Self Repair","floor":12},{"not_picked":["Double Energy","Tempest","Blizzard"],"picked":"SKIP","floor":14},{"not_picked":["Creative AI","Fission","Amplify"],"picked":"All For One","floor":16},{"not_picked":["Redo+1","Conserve Battery","Compile Driver"],"picked":"Steam","floor":18},{"not_picked":["Compile Driver","Conserve Battery","Reinforced Body"],"picked":"Go for the Eyes","floor":20},{"not_picked":["Coolheaded","Barrage","Cold Snap","Tempest"],"picked":"SKIP","floor":22},{"not_picked":["Doom and Gloom","Double Energy","Consume","Aggregate"],"picked":"SKIP","floor":24},{"not_picked":["Storm+1","Undo","Electrodynamics","Hello World"],"picked":"SKIP","floor":29},{"not_picked":["Machine Learning","Amplify","Biased Cognition"],"picked":"Hyperbeam","floor":33},{"not_picked":["Cold Snap","Streamline","Blizzard"],"picked":"Gash","floor":34},{"not_picked":["Melter","Stack","Undo","Coolheaded"],"picked":"SKIP","floor":35},{"not_picked":["Barrage","Stack","Cold Snap","White Noise"],"picked":"SKIP","floor":38},{"not_picked":["Beam Cell","Capacitor+1","Genetic Algorithm+1"],"picked":"Reinforced Body+1","floor":39}],"player_experience":389990,"relics_obtained":[{"floor":7.0,"key":"MawBank"},{"floor":14,"key":"Question Card"},{"floor":24,"key":"Dead Branch"},{"floor":39,"key":"Shovel"}],"event_choices":[{"damage_healed":0.0,"max_hp_gain":0.0,"max_hp_loss":0.0,"gold_gain":0.0,"event_name":"Shining Light","player_choice":"Entered Light","floor":3.0,"gold_loss":0.0,"damage_taken":14.0,"cards_upgraded":["Defend_B","Defend_B"]},{"damage_healed":0.0,"max_hp_gain":0.0,"max_hp_loss":0.0,"gold_gain":0.0,"event_name":"The Woman in Blue","player_choice":"Bought 0 Potions","floor":4.0,"gold_loss":0.0,"damage_taken":0.0},{"cards_removed":["Dualcast"],"damage_healed":0,"gold_gain":0,"player_choice":"Card Removal","damage_taken":7,"max_hp_gain":0,"max_hp_loss":0,"event_name":"Golden Wing","floor":11,"gold_loss":0},{"damage_healed":0,"gold_gain":0,"cards_transformed":["Strike_B"],"player_choice":"Transformed","damage_taken":0,"max_hp_gain":0,"max_hp_loss":0,"event_name":"Transmorgrifier","floor":19,"gold_loss":0,"cards_obtained":["Melter"]},{"cards_removed":["Strike_B"],"damage_healed":0,"gold_gain":0,"player_choice":"Elegance","damage_taken":0,"max_hp_gain":0,"max_hp_loss":0,"event_name":"Back to Basics","floor":31,"gold_loss":0},{"damage_healed":0,"gold_gain":0,"player_choice":"Max HP","damage_taken":0,"max_hp_gain":0,"max_hp_loss":4,"event_name":"Winding Halls","floor":36,"gold_loss":0},{"damage_healed":10,"gold_gain":0,"player_choice":"Full Heal","damage_taken":0,"max_hp_gain":0,"max_hp_loss":0,"event_name":"Wheel of Change","floor":37,"gold_loss":0},{"damage_healed":0,"gold_gain":0,"player_choice":"Fight","damage_taken":0,"max_hp_gain":0,"max_hp_loss":0,"event_name":"Mysterious Sphere","floor":39,"gold_loss":0}],"is_beta":false,"boss_relics":[{"not_picked":["Coffee Dripper","Sozu"],"picked":"Empty Cage"},{"not_picked":["Philosopher\u0027s Stone","SacredBark"],"picked":"Tiny House"}],"items_purged_floors":[28],"is_endless":false,"potions_floor_spawned":[1,2,5,12,16,18,33,35,38],"killed_by":"Reptomancer","ascension_level":14}}