{"host":"xc18ixkpjvqrt8st","time":1611329994,"event":{"mods":["Act Like it!","BaseMod","Better Match","Better Third Choice","Conspire","Hallownest","Hermit","Hubris","Infinite Spire","Minty Spire (QoL Compilation)","Robot Space Explorer","Shop Mod","Spicy Shops","StSLib","The Animator","The Jungle","The Marked","The Sage"],"gold_per_floor":[181,181,181,181,38,38,73,73,100,117,137,137,168,185,185,185,185],"floor_reached":16,"language":"ENG","playtime":896,"items_purged":[],"score":108,"play_id":"70bff643-cf93-4441-b7fc-0bfeae3a7998","local_time":"20210122093954","is_ascension_mode":false,"campfire_choices":[{"floor":6,"key":"RECALL"},{"floor":8,"key":"REST"},{"data":"sagemod:About_Clark","floor":12,"key":"SMITH"},{"floor":15,"key":"REST"}],"circlet_count":0,"master_deck":["sagemod:Strike","sagemod:Strike","sagemod:Strike","sagemod:Strike","sagemod:Defend","sagemod:Defend","sagemod:Defend","sagemod:Defend","sagemod:Fly","sagemod:Upwards+1","sagemod:Turn_Around","sagemod:Armor_Brew","sagemod:About_Clark+1","sagemod:On_The_Head","sagemod:Burning_Flask","sagemod:Lunchtime"],"relics":["sagemod:Flying_Carpet","Regal Pillow","Turnip","hubris:TenFootPole"],"acts_visited":["Exordium"],"potions_floor_usage":[13,14,16,16,16,16],"damage_taken":[{"damage":0,"enemies":"2 Louse","floor":1,"turns":4},{"damage":27,"enemies":"Lagavulin","floor":7,"turns":11},{"damage":0,"enemies":"Small Slimes","floor":10,"turns":3},{"damage":3,"enemies":"conspire:RoseBush","floor":11,"turns":3},{"damage":8,"enemies":"3 Sentries","floor":13,"turns":7},{"damage":5,"enemies":"Exordium Thugs","floor":14,"turns":3},{"damage":60,"enemies":"Slime Boss","floor":16,"turns":18}],"seed_played":"6026235396608055967","potions_obtained":[{"floor":1,"key":"Strength Potion"},{"floor":10,"key":"SkillPotion"}],"is_trial":false,"path_per_floor":["M","?","?","?","$","R","E","R","T","M","M","R","E","M","R","B"],"character_chosen":"THE_SAGE","items_purchased":["Regal Pillow"],"campfire_rested":2,"item_purchase_floors":[5],"current_hp_per_floor":[55,55,60,60,60,60,33,60,60,60,57,57,49,44,60,0,0],"gold":185,"neow_bonus":"TEN_PERCENT_HP_BONUS","is_daily":false,"chose_seed":false,"campfire_upgraded":1,"win_rate":0.0,"timestamp":1611329994,"path_taken":["M","?","?","?","?","R","E","R","T","M","?","R","E","M","R","BOSS"],"items_purchased_type":["Relic"],"build_version":"2020-12-22","purchased_purges":0,"victory":false,"max_hp_per_floor":[55,55,60,60,60,60,60,60,60,60,60,60,60,60,60,60,60],"card_choices":[{"not_picked":["sagemod:How_To_Warm_Elephants","sagemod:Potion_Explosion"],"picked":"sagemod:Turn_Around","floor":1},{"not_picked":["sagemod:Momentum","sagemod:Pincer_Repair"],"picked":"sagemod:Armor_Brew","floor":7},{"not_picked":["sagemod:Bookworm","sagemod:Slalom"],"picked":"sagemod:About_Clark","floor":10},{"not_picked":["sagemod:Step_Back","sagemod:Gearwheel_Master"],"picked":"sagemod:On_The_Head","floor":11},{"not_picked":["sagemod:Spoiled_Food","sagemod:About_Clark"],"picked":"sagemod:Burning_Flask","floor":13},{"not_picked":["sagemod:Pour_Tar_Pitch","sagemod:Armor_Brew"],"picked":"sagemod:Lunchtime","floor":14}],"player_experience":579427,"relics_obtained":[{"floor":7,"key":"Turnip"},{"floor":13,"key":"hubris:TenFootPole"}],"event_choices":[{"damage_healed":0,"gold_gain":0,"player_choice":"Donut","damage_taken":0,"max_hp_gain":5,"max_hp_loss":0,"event_name":"Big Fish","floor":3,"gold_loss":0},{"damage_healed":0,"gold_gain":0,"player_choice":"Grow","damage_taken":0,"max_hp_gain":0,"max_hp_loss":0,"event_name":"Living Wall","floor":4,"gold_loss":0,"cards_upgraded":["sagemod:Upwards"]}],"is_beta":false,"boss_relics":[],"items_purged_floors":[],"is_endless":false,"potions_floor_spawned":[1,10,13],"killed_by":"Slime Boss","ascension_level":0}}