{"host":"y1oqg7uy0jc6f5mb","time":1611315826,"event":{"mods":["BaseMod","Better Altar","Better Match","Better Note","Better Sensory Stone","Better Skull","Better Third Choice","BetterRewards","Block Reminder","Colored Map","Colored Powertips","Custom Start","DeckTracker","Displayed Cursed Tome","Highlight Path","Ironclad Rager","Minty Spire (QoL Compilation)","Permanent Neow","Quick Restart","Relic Sorter","Relic Stats","Shop Mod","StSLib"],"gold_per_floor":[114,125,142,159,159,159,30,30,30,30,43,58,90,103,103,200,200,215,233,233,10,22,22,39,52,78,78,105,57,75,86,86,189,189,207,1,14,14,14,14,48,60,98,123,60,74,74,74,74,74],"floor_reached":51,"language":"ENG","playtime":5060,"items_purged":["Strike_B"],"score":726,"play_id":"eaa66a9b-dad1-4882-a191-2e52c3934b6b","local_time":"20210122194346","is_ascension_mode":false,"campfire_choices":[{"data":"Dualcast","floor":6.0,"key":"SMITH"},{"data":"Coolheaded","floor":8.0,"key":"SMITH"},{"floor":15.0,"key":"REST"},{"data":"Amplify","floor":23.0,"key":"SMITH"},{"data":"Genetic Algorithm","floor":27.0,"key":"SMITH"},{"data":"Go for the Eyes","floor":32.0,"key":"SMITH"},{"floor":40.0,"key":"REST"},{"floor":42.0,"key":"REST"},{"floor":47,"key":"REST"},{"floor":49,"key":"REST"}],"circlet_count":0,"master_deck":["Strike_B","Strike_B","Strike_B","Defend_B","Defend_B","Defend_B","Defend_B","Zap+1","Dualcast+1","Defragment","Genetic Algorithm+1","Hologram+1","Loop","Coolheaded+1","Sanctity+1","Conserve Battery","Electrodynamics","Conserve Battery","Amplify+1","Steam Power","Sanctity+1","Self Repair","Heatsinks","Force Field+1","Go for the Eyes+1","Lockon","Cold Snap+1","Capacitor","Machine Learning","Force Field+1","Cold Snap+1","BootSequence+1","Creative AI","Blizzard","Beam Cell+1","Hologram+1","Barrage+1","Madness","Madness","BootSequence+1"],"relics":["Cracked Core","Art of War","Tiny Chest","Question Card","Inserter","Bag of Preparation","Strawberry","Pen Nib","Fusion Hammer","DollysMirror","Dream Catcher","MawBank","Centennial Puzzle"],"acts_visited":["Exordium","TheCity","TheBeyond"],"potions_floor_usage":[50,50,50],"damage_taken":[{"damage":1.0,"enemies":"Cultist","floor":1.0,"turns":4.0},{"damage":5.0,"enemies":"2 Louse","floor":2.0,"turns":3.0},{"damage":7.0,"enemies":"Jaw Worm","floor":3.0,"turns":3.0},{"damage":13.0,"enemies":"Exordium Wildlife","floor":4.0,"turns":5.0},{"damage":1.0,"enemies":"2 Fungi Beasts","floor":11.0,"turns":4.0},{"damage":4.0,"enemies":"Gremlin Gang","floor":12.0,"turns":4.0},{"damage":2.0,"enemies":"3 Sentries","floor":13.0,"turns":7.0},{"damage":0.0,"enemies":"Exordium Wildlife","floor":14.0,"turns":3.0},{"damage":0.0,"enemies":"The Guardian","floor":16.0,"turns":12.0},{"damage":10.0,"enemies":"3 Byrds","floor":18.0,"turns":3.0},{"damage":4.0,"enemies":"Spheric Guardian","floor":19.0,"turns":4.0},{"damage":2.0,"enemies":"Snake Plant","floor":22.0,"turns":4.0},{"damage":15.0,"enemies":"Chosen and Byrds","floor":24.0,"turns":6.0},{"damage":10.0,"enemies":"3 Cultists","floor":25.0,"turns":5.0},{"damage":9.0,"enemies":"Book of Stabbing","floor":28.0,"turns":10.0},{"damage":10.0,"enemies":"Centurion and Healer","floor":30.0,"turns":6.0},{"damage":16.0,"enemies":"Cultist and Chosen","floor":31.0,"turns":5.0},{"damage":27.0,"enemies":"Automaton","floor":33.0,"turns":14.0},{"damage":21.0,"enemies":"3 Shapes","floor":35.0,"turns":4.0},{"damage":1.0,"enemies":"Orb Walker","floor":37.0,"turns":4.0},{"damage":10.0,"enemies":"Giant Head","floor":41.0,"turns":12.0},{"damage":14.0,"enemies":"Jaw Worm Horde","floor":44.0,"turns":5.0},{"damage":21,"enemies":"Transient","floor":46,"turns":5},{"damage":33,"enemies":"Awakened One","floor":50,"turns":11}],"seed_played":"-7916276980692486894","potions_obtained":[{"floor":2.0,"key":"SpeedPotion"},{"floor":3.0,"key":"DuplicationPotion"},{"floor":11.0,"key":"Regen Potion"},{"floor":14.0,"key":"SkillPotion"},{"floor":24.0,"key":"Explosive Potion"},{"floor":25.0,"key":"SteroidPotion"},{"floor":28.0,"key":"LiquidBronze"},{"floor":35.0,"key":"CultistPotion"},{"floor":37.0,"key":"ColorlessPotion"},{"floor":46,"key":"SneckoOil"}],"is_trial":false,"path_per_floor":["M","M","M","M","?","R","$","R","T","?","M","M","E","M","R","B",null,"M","M","?","$","M","R","M","M","T","R","E","$","M","M","R","B",null,"M","$","M","$","T","R","E","R","T","M","$","M","R","?","R","B",null],"character_chosen":"DEFECT","items_purchased":["Loop","Coolheaded","Self Repair","Bag of Preparation","Dexterity Potion","DollysMirror","FocusPotion"],"campfire_rested":5,"item_purchase_floors":[7,7,21,21,29,36,36],"current_hp_per_floor":[74,69,62,49,49,49,49,49,49,35,34,42,40,40,62,62,75,65,61,61,61,66,66,58,62,69,69,67,67,71,55,55,35,82,68,68,67,67,67,82,79,82,82,75,75,61,82,72,82,56],"gold":74,"neow_bonus":"UPGRADE_CARD","is_daily":false,"chose_seed":false,"campfire_upgraded":5,"win_rate":0.0,"timestamp":1611315826,"path_taken":["M","M","M","M","?","R","$","R","T","?","M","?","E","M","R","BOSS","M","M","?","$","?","R","M","M","T","R","E","$","M","M","R","BOSS","M","$","M","$","?","R","E","R","T","?","?","M","R","?","R","BOSS"],"items_purchased_type":["Card","Card","Card","Relic","Potion","Relic","Potion"],"build_version":"2020-12-22","purchased_purges":1,"victory":true,"max_hp_per_floor":[75,75,75,75,75,75,75,75,75,75,75,75,75,75,75,75,75,75,75,75,75,75,75,75,75,82,82,82,82,82,82,82,82,82,82,82,82,82,82,82,82,82,82,82,82,82,82,82,82,82],"relic_stats":{"Dream Catcher":4,"Centennial Puzzle":[9],"Inserter":[45],"counters":[24,143],"Tiny Chest":1,"Pen Nib":[8],"Art of War":[39],"Bag of Preparation":[26],"Question Card":20,"MawBank":48,"obtain_stats":[{"Inserter":17,"Pen Nib":28,"Bag of Preparation":21,"Question Card":13,"MawBank":41,"Dream Catcher":39,"Centennial Puzzle":43,"DollysMirror":36,"Strawberry":26,"Tiny Chest":10,"Fusion Hammer":34,"Art of War":9,"Cracked Core":0},{"Inserter":9,"Pen Nib":15,"Bag of Preparation":11,"Question Card":7,"MawBank":21,"Dream Catcher":20,"Centennial Puzzle":21,"DollysMirror":19,"Strawberry":14,"Tiny Chest":4,"Fusion Hammer":18,"Art of War":4,"Cracked Core":0},{"Inserter":45,"Pen Nib":77,"Bag of Preparation":52,"Question Card":30,"MawBank":122,"Dream Catcher":110,"Centennial Puzzle":122,"DollysMirror":106,"Strawberry":67,"Tiny Chest":15,"Fusion Hammer":102,"Art of War":15,"Cracked Core":0}]},"card_choices":[{"not_picked":["Barrage","Force Field"],"picked":"Defragment","floor":1.0},{"not_picked":["Reinforced Body","Consume"],"picked":"Genetic Algorithm","floor":2.0},{"not_picked":["Gash","Reinforced Body"],"picked":"Conserve Battery","floor":3.0},{"not_picked":["Static Discharge","Streamline"],"picked":"Hologram","floor":4.0},{"not_picked":["Stack","Compile Driver"],"picked":"Conserve Battery","floor":11.0},{"not_picked":["Streamline","Genetic Algorithm","Scrape"],"picked":"SKIP","floor":12.0},{"not_picked":["Compile Driver","Streamline"],"picked":"Electrodynamics","floor":13.0},{"not_picked":["Sweeping Beam","Hologram","Gash"],"picked":"Conserve Battery","floor":14.0},{"not_picked":["Creative AI","Multi-Cast","Biased Cognition"],"picked":"Amplify","floor":16.0},{"not_picked":["Ball Lightning","Aggregate","Leap"],"picked":"Steam Power","floor":18.0},{"not_picked":["Consume","Streamline","Conserve Battery+1","Force Field"],"picked":"SKIP","floor":19.0},{"not_picked":["Redo","Doom and Gloom","Conserve Battery"],"picked":"Heatsinks","floor":22.0},{"not_picked":["Blizzard","Beam Cell","Ball Lightning"],"picked":"Force Field+1","floor":24.0},{"not_picked":["Loop","Cold Snap","Hologram"],"picked":"Go for the Eyes","floor":25.0},{"not_picked":["Chill","Darkness+1","Buffer"],"picked":"Lockon","floor":28.0},{"not_picked":["Skim","Double Energy","Sweeping Beam"],"picked":"Cold Snap+1","floor":30.0},{"not_picked":["Barrage","BootSequence","Rip and Tear"],"picked":"Capacitor","floor":31.0},{"not_picked":["Electrodynamics","Thunder Strike","Seek"],"picked":"Machine Learning","floor":33.0},{"not_picked":["Scrape+1","Streamline","Glacier","Ball Lightning"],"picked":"SKIP","floor":35.0},{"not_picked":["Heatsinks","Streamline+1","Sweeping Beam"],"picked":"Cold Snap+1","floor":37.0},{"not_picked":["Compile Driver","Reinforced Body","Heatsinks+1"],"picked":"BootSequence+1","floor":40.0},{"not_picked":["Barrage","Fusion+1","Fission"],"picked":"Creative AI","floor":41.0},{"not_picked":["Redo","Conserve Battery+1","Gash"],"picked":"Blizzard","floor":42.0},{"not_picked":["Ball Lightning","Scrape+1","Compile Driver+1"],"picked":"Beam Cell+1","floor":44.0},{"not_picked":["Conserve Battery+1","Lockon+1","Blizzard+1"],"picked":"Hologram+1","floor":46},{"not_picked":["Streamline","Sweeping Beam+1","Creative AI"],"picked":"Barrage+1","floor":47},{"not_picked":["Capacitor+1","Cold Snap","Streamline+1"],"picked":"BootSequence+1","floor":49}],"player_experience":137785,"relics_obtained":[{"floor":9.0,"key":"Art of War"},{"floor":13.0,"key":"Question Card"},{"floor":26.0,"key":"Strawberry"},{"floor":28.0,"key":"Pen Nib"},{"floor":39.0,"key":"Dream Catcher"},{"floor":41.0,"key":"MawBank"},{"floor":43.0,"key":"Centennial Puzzle"}],"event_choices":[{"damage_healed":0.0,"max_hp_gain":0.0,"max_hp_loss":0.0,"gold_gain":0.0,"event_name":"Living Wall","player_choice":"Grow","floor":5.0,"gold_loss":0.0,"damage_taken":0.0,"cards_upgraded":["Hologram"]},{"damage_healed":0.0,"max_hp_gain":0.0,"max_hp_loss":0.0,"gold_gain":0.0,"event_name":"Duplicator","player_choice":"Copied","floor":20.0,"gold_loss":0.0,"damage_taken":0.0,"cards_obtained":["Sanctity"]},{"damage_healed":0,"gold_gain":0,"player_choice":"Embrace Madness","damage_taken":10,"max_hp_gain":0,"max_hp_loss":0,"event_name":"Winding Halls","floor":48,"gold_loss":0,"cards_obtained":["Madness","Madness"]}],"is_beta":false,"boss_relics":[{"not_picked":["Astrolabe","Runic Pyramid"],"picked":"Inserter"},{"not_picked":["Snecko Eye","Busted Crown"],"picked":"Fusion Hammer"}],"items_purged_floors":[45],"is_endless":false,"potions_floor_spawned":[2,3,11,14,24,25,28,35,37,46],"ascension_level":0}}