{"host":"jjunaul04msmo6r1","time":1611295376,"event":{"mods":["BaseMod","Better Third Choice","Booster Modes","Colored Map","Downfall","Minty Spire (QoL Compilation)","Relic Stats","StSLib","UnlockEverythingMod","everything is the same but u backflip on backflip"],"gold_per_floor":[99,109,109,126,140,172,172,188,198,38,138,169,69,137,155,259,259,59,73,123,33,47,117,117,135,185,235,285,298,308,325,339,435,435,435,452,466,483,420,439,439,240,273,116,166,185,235,303,321,321,321,356,57,57,57,57],"floor_reached":57,"language":"ENG","playtime":11232,"items_purged":["bronze:Defend","bronze:Defend","bronze:Defend"],"score":1279,"play_id":"71ae138b-4bc8-428d-8ab3-a7efa56e14a8","local_time":"20210121230256","is_ascension_mode":false,"campfire_choices":[{"data":"bronze:Replicate","floor":1.0,"key":"SMITH"},{"floor":13.0,"key":"RECALL"},{"data":"bronze:Allocate","floor":18.0,"key":"SMITH"},{"data":"bronze:ItsAFeature","floor":35.0,"key":"SMITH"},{"floor":54,"key":"REST"}],"circlet_count":0,"master_deck":["bronze:Strike","bronze:Strike","bronze:Strike","bronze:Replicate+1","bronze:Goto+1","bronze:Allocate+1","bronze:Flail","bronze:FineTuning","bronze:Iterate","bronze:Repair","bronze:Shield","bronze:MaxOutput","bronze:ItsAFeature+1","bronze:Frontload+1","bronze:FollowUp+1","bronze:Shield","bronze:RecursiveStrike","bronze:BronzeOrb","bronze:Frontload+1","bronze:ForLoop+1","bronze:Repair","bronze:ClassDefault+1","bronze:GetLatest+1","bronze:GetLatest+1","bronze:Assembly","bronze:BuggyMess+1","bronze:FineTuning","bronze:ItsAFeature+1","bronze:Format","bronze:MaxOutput+1","bronze:CutThrough+1","bronze:Optimize+1","bronze:BurnOut","bronze:Allocate+1","Parasite","bronze:Return","bronze:Repulsor+1","bronze:SpaghettiCode","bronze:Frontload"],"relics":["bronze:BronzeCore","StrikeDummy","Sling","downfall:CloakOfManyFaces","CultistMask","FaceOfCleric","NlothsMask","GremlinMask","SsserpentHead","Frozen Egg 2","downfall:HeartBlessingBlue","Black Star","downfall:HeartBlessingRed","downfall:HeartBlessingGreen","Enchiridion","bronze:BottledCode","bronze:MakeshiftBattery","champ:Barbells","Darkstone Periapt","Anchor","Whetstone","Oddly Smooth Stone","Happy Flower","Vajra"],"acts_visited":["Exordium","TheCity","TheBeyond","TheEnding"],"potions_floor_usage":[52,55,56,56],"damage_taken":[{"damage":0.0,"enemies":"2 Louse","floor":2.0,"turns":3.0},{"damage":0.0,"enemies":"Cultist","floor":4.0,"turns":4.0},{"damage":6.0,"enemies":"Jaw Worm","floor":5.0,"turns":2.0},{"damage":33.0,"enemies":"Gremlin Nob","floor":6.0,"turns":5.0},{"damage":0.0,"enemies":"Lots of Slimes","floor":8.0,"turns":1.0},{"damage":3.0,"enemies":"3 Louse","floor":9.0,"turns":2.0},{"damage":5.0,"enemies":"downfall:FleeingMerchant","floor":10.0,"turns":4.0},{"damage":10.0,"enemies":"downfall:FaceTrader","floor":11.0,"turns":6.0},{"damage":9.0,"enemies":"3 Sentries","floor":12.0,"turns":3.0},{"damage":0.0,"enemies":"2 Fungi Beasts","floor":14.0,"turns":2.0},{"damage":0.0,"enemies":"3 Louse","floor":15.0,"turns":1.0},{"damage":22.0,"enemies":"DF_ARCHETYPE_STREAMLINE","floor":16.0,"turns":11.0},{"damage":0.0,"enemies":"Spheric Guardian","floor":19.0,"turns":3.0},{"damage":0.0,"enemies":"downfall:FleeingMerchant","floor":21.0,"turns":4.0},{"damage":7.0,"enemies":"Shell Parasite","floor":22.0,"turns":7.0},{"damage":12.0,"enemies":"Sentry and Sphere","floor":23.0,"turns":8.0},{"damage":23.0,"enemies":"Shelled Parasite and Fungi","floor":25.0,"turns":6.0},{"damage":1.0,"enemies":"Centurion and Healer","floor":29.0,"turns":6.0},{"damage":18.0,"enemies":"Cultist and Chosen","floor":30.0,"turns":6.0},{"damage":14.0,"enemies":"Chosen and Byrds","floor":31.0,"turns":6.0},{"damage":3.0,"enemies":"Snake Plant","floor":32.0,"turns":8.0},{"damage":58.0,"enemies":"WA_ARCHETYPE_CALM","floor":33.0,"turns":10.0},{"damage":3.0,"enemies":"Orb Walker","floor":36.0,"turns":5.0},{"damage":0.0,"enemies":"3 Shapes","floor":37.0,"turns":5.0},{"damage":0.0,"enemies":"Sphere and 2 Shapes","floor":38.0,"turns":3.0},{"damage":0.0,"enemies":"downfall:FleeingMerchant","floor":39.0,"turns":4.0},{"damage":0.0,"enemies":"Spire Growth","floor":40.0,"turns":3.0},{"damage":22.0,"enemies":"Nemesis","floor":43.0,"turns":7.0},{"damage":5.0,"enemies":"4 Shapes","floor":46.0,"turns":4.0},{"damage":4.0,"enemies":"Writhing Mass","floor":48.0,"turns":5.0},{"damage":0.0,"enemies":"Sphere and 2 Shapes","floor":49.0,"turns":4.0},{"damage":31.0,"enemies":"SI_POISON_ARCHETYPE","floor":50.0,"turns":9.0},{"damage":45,"enemies":"downfall:CharBossMerchant","floor":52,"turns":9},{"damage":5,"enemies":"downfall:NeowBoss","floor":55,"turns":10},{"damage":14,"enemies":"downfall:NeowBossFinal","floor":56,"turns":8}],"seed_played":"-4308963353413089985","potions_obtained":[{"floor":4.0,"key":"Weak Potion"},{"floor":8.0,"key":"Energy Potion"},{"floor":9.0,"key":"GamblersBrew"},{"floor":11.0,"key":"sneckomod:MuddlingPotion"},{"floor":12.0,"key":"bronze:BuildAFunctionPotion"},{"floor":23.0,"key":"bronze:CleanCodePotion"},{"floor":29.0,"key":"Strength Potion"},{"floor":31.0,"key":"Fruit Juice"},{"floor":32.0,"key":"EntropicBrew"},{"floor":33.0,"key":"Regen Potion"},{"floor":36.0,"key":"LiquidMemories"},{"floor":38.0,"key":"Explosive Potion"},{"floor":40.0,"key":"Strength Potion"}],"is_trial":false,"path_per_floor":["R","M","?","M","M","E","T","M","M","$","?","E","R","M","M","B",null,"R","M","?","$","M","M","T","M","?","?","?","M","M","M","M","B",null,"R","M","M","M","$","M","T","$","E","$","?","M","?","M","M","B",null,"E","$","R","B","B",null],"character_chosen":"THE_AUTOMATON","items_purchased":["Sling","bronze:Format","bronze:MaxOutput+1","champ:Barbells","bronze:Optimize+1","bronze:BurnOut","bronze:BuildAFunctionPotion","Vajra","bronze:Frontload"],"campfire_rested":1,"item_purchase_floors":[10,39,39,39,42,44,53,53,53],"current_hp_per_floor":[77,77,77,77,71,38,38,38,42,45,42,41,51,52,60,46,91,91,92,84,93,87,83,83,68,52,52,52,59,56,50,68,29,96,96,97,98,99,100,101,101,101,91,91,91,97,97,110,111,93,112,75,75,108,109,101],"gold":57,"neow_bonus":"TEN_PERCENT_HP_BONUS","is_daily":false,"chose_seed":false,"campfire_upgraded":3,"win_rate":0.0,"timestamp":1611295376,"path_taken":["R","M","?","M","M","E","T","M","M","$","?","E","R","?","M","BOSS","R","M","?","$","M","?","T","M","?","?","?","M","M","M","M","BOSS","R","M","M","M","$","M","T","$","E","$","?","M","?","?","M","BOSS","E","$","R","BOSS","BOSS"],"items_purchased_type":["Relic","Card","Card","Relic","Card","Card","Potion","Relic","Card"],"build_version":"2020-12-22","purchased_purges":3,"victory":true,"max_hp_per_floor":[77,77,77,77,77,77,77,77,77,77,77,78,88,89,90,91,91,91,92,92,93,94,95,95,96,96,96,86,87,88,89,95,96,96,96,97,98,99,100,101,101,101,102,102,102,103,103,110,111,112,112,113,113,113,114,115],"relic_stats":{"Darkstone Periapt":6,"SsserpentHead":450,"FaceOfCleric":27,"Happy Flower":[6],"counters":[35,184],"Black Star":2,"Whetstone":["bronze:FollowUp","bronze:BugBarrage"],"obtain_stats":[{"Darkstone Periapt":41,"champ:Barbells":39,"bronze:BronzeCore":0,"downfall:HeartBlessingRed":18,"Happy Flower":52,"Enchiridion":26,"Oddly Smooth Stone":52,"Vajra":53,"GremlinMask":11,"downfall:HeartBlessingGreen":18,"Whetstone":43,"Frozen Egg 2":12,"Sling":10,"bronze:BottledCode":28,"SsserpentHead":11,"Anchor":43,"FaceOfCleric":11,"downfall:HeartBlessingBlue":13,"CultistMask":11,"downfall:CloakOfManyFaces":11,"Black Star":17,"StrikeDummy":6,"bronze:MakeshiftBattery":34,"NlothsMask":11},{"Darkstone Periapt":27,"champ:Barbells":26,"bronze:BronzeCore":0,"downfall:HeartBlessingRed":12,"Happy Flower":33,"Enchiridion":17,"Oddly Smooth Stone":33,"Vajra":33,"GremlinMask":8,"downfall:HeartBlessingGreen":12,"Whetstone":28,"Frozen Egg 2":9,"Sling":7,"bronze:BottledCode":17,"SsserpentHead":8,"Anchor":28,"FaceOfCleric":8,"downfall:HeartBlessingBlue":9,"CultistMask":8,"downfall:CloakOfManyFaces":8,"Black Star":12,"StrikeDummy":4,"bronze:MakeshiftBattery":22,"NlothsMask":8},{"Darkstone Periapt":128,"champ:Barbells":125,"bronze:BronzeCore":0,"downfall:HeartBlessingRed":44,"Happy Flower":166,"Enchiridion":72,"Oddly Smooth Stone":166,"Vajra":166,"GremlinMask":27,"downfall:HeartBlessingGreen":44,"Whetstone":135,"Frozen Egg 2":30,"Sling":21,"bronze:BottledCode":72,"SsserpentHead":27,"Anchor":135,"FaceOfCleric":27,"downfall:HeartBlessingBlue":30,"CultistMask":27,"downfall:CloakOfManyFaces":27,"Black Star":44,"StrikeDummy":14,"bronze:MakeshiftBattery":108,"NlothsMask":27}]},"card_choices":[{"not_picked":["bronze:DelayedSlice","bronze:BronzeArmor"],"picked":"bronze:Allocate","floor":2.0},{"not_picked":["bronze:Deprecate","bronze:DarkDash"],"picked":"bronze:Flail","floor":4.0},{"not_picked":["bronze:Invalidate","bronze:CloningBeam"],"picked":"bronze:FineTuning","floor":5.0},{"not_picked":["bronze:ClassDefault","bronze:DelayedGuard"],"picked":"bronze:Iterate","floor":6.0},{"not_picked":["bronze:ChildClass","bronze:Backtrace"],"picked":"bronze:Repair","floor":8.0},{"not_picked":["bronze:Overheat","bronze:CleanCode"],"picked":"bronze:Shield","floor":9.0},{"not_picked":["bronze:FollowUp","bronze:Repair"],"picked":"bronze:MaxOutput","floor":10.0},{"not_picked":["bronze:Repulsor","bronze:Turbo"],"picked":"bronze:ItsAFeature","floor":11.0},{"not_picked":["bronze:OilSpill","bronze:ForLoop"],"picked":"bronze:Frontload","floor":12.0},{"not_picked":["bronze:WildBeam","bronze:Deprecate"],"picked":"bronze:FollowUp","floor":14.0},{"not_picked":["bronze:DelayedSlice","bronze:DelayedGuard"],"picked":"bronze:Shield","floor":15.0},{"not_picked":["bronze:SpaghettiCode","bronze:Virus"],"picked":"bronze:RecursiveStrike","floor":16.0},{"not_picked":["bronze:Flail","bronze:Branch"],"picked":"bronze:BronzeOrb","floor":19.0},{"not_picked":["bronze:Invalidate","bronze:GetLatest","bronze:ForceShield"],"picked":"SKIP","floor":21.0},{"not_picked":["bronze:BuggyMess","bronze:Flail"],"picked":"bronze:Frontload+1","floor":22.0},{"not_picked":["bronze:Deprecate+1","bronze:Invalidate","bronze:WildBeam"],"picked":"SKIP","floor":23.0},{"not_picked":["bronze:WhirlingStrike","bronze:OilSpill"],"picked":"bronze:ForLoop+1","floor":25.0},{"not_picked":["bronze:DelayedSlice","bronze:Shield+1"],"picked":"bronze:Repair","floor":29.0},{"not_picked":["bronze:Deprecate","bronze:Safeguard"],"picked":"bronze:ClassDefault+1","floor":30.0},{"not_picked":["bronze:ThunderWave","bronze:DarkDash"],"picked":"bronze:GetLatest+1","floor":31.0},{"not_picked":["bronze:Flail+1","bronze:Shield"],"picked":"bronze:GetLatest+1","floor":32.0},{"not_picked":["bronze:CleanCode+1","bronze:BurnOut"],"picked":"bronze:Assembly","floor":33.0},{"not_picked":["bronze:Invalidate+1","bronze:Shield+1","bronze:WhirlingStrike+1"],"picked":"SKIP","floor":36.0},{"not_picked":["bronze:BronzeOrb+1","bronze:DelayedSlice"],"picked":"bronze:BuggyMess+1","floor":37.0},{"not_picked":["bronze:FindAndReplace","bronze:Deprecate"],"picked":"bronze:FineTuning","floor":38.0},{"not_picked":["bronze:BuggyMess+1","bronze:Return"],"picked":"bronze:ItsAFeature+1","floor":39.0},{"not_picked":["bronze:Backtrace+1","bronze:Turbo+1"],"picked":"bronze:CutThrough+1","floor":40.0},{"not_picked":["bronze:MaxOutput+1","bronze:Repair+1"],"picked":"bronze:BugBarrage","floor":43.0},{"not_picked":["bronze:Branch","bronze:Deprecate+1","bronze:NullPointer"],"picked":"SKIP","floor":46.0},{"not_picked":["bronze:Flail+1","bronze:Deprecate+1"],"picked":"bronze:Return","floor":48.0},{"not_picked":["bronze:Allocate+1","bronze:Boost"],"picked":"bronze:Repulsor+1","floor":49.0},{"not_picked":["bronze:DelayedGuard+1","bronze:Repair"],"picked":"bronze:SpaghettiCode","floor":52}],"player_experience":455435,"relics_obtained":[{"floor":6.0,"key":"StrikeDummy"},{"floor":11.0,"key":"downfall:CloakOfManyFaces"},{"floor":12.0,"key":"Frozen Egg 2"},{"floor":26.0,"key":"Enchiridion"},{"floor":41.0,"key":"Darkstone Periapt"},{"floor":43.0,"key":"Anchor"},{"floor":43.0,"key":"Whetstone"},{"floor":52,"key":"Oddly Smooth Stone"},{"floor":52,"key":"Happy Flower"}],"event_choices":[{"cards_removed":["bronze:Strike"],"damage_healed":0.0,"max_hp_gain":0.0,"max_hp_loss":0.0,"gold_gain":0.0,"event_name":"The Cleric","player_choice":"Card Removal","floor":3.0,"gold_loss":0.0,"damage_taken":0.0},{"cards_removed":["bronze:BugBarrage"],"damage_healed":0.0,"max_hp_gain":0.0,"max_hp_loss":0.0,"gold_gain":0.0,"event_name":"Falling","player_choice":"Removed Attack","floor":45.0,"gold_loss":0.0,"damage_taken":0.0}],"is_beta":false,"boss_relics":[{"not_picked":["Empty Cage","Astrolabe"],"picked":"Black Star"},{"not_picked":["Runic Dome","Runic Pyramid"],"picked":"bronze:MakeshiftBattery"}],"items_purged_floors":[21,39,42],"is_endless":false,"potions_floor_spawned":[4,8,9,11,12,14,23,29,31,32,33,36,38,40,43,48],"ascension_level":0}}