{"host":"9ndbo4kgsfoemf7y","time":1611308827,"event":{"mods":["AchievementEnabler","BaseMod","Colored Map","DeckTracker","Keyboard Shortcuts","Minty Spire (QoL Compilation)","Permanent Neow","Quick Restart","Relic Stats","StSLib","SuperFastMode"],"gold_per_floor":[111,111,286,303,315,341,341,371,371,398,338,338,349,367,367,468,468,487,497,36,49,49,74,90,90,116,129,129,149,149,161,161,161,161],"floor_reached":33,"language":"KOR","playtime":1171,"items_purged":[],"score":269,"play_id":"8a6a988d-4180-44a1-8fd8-bfd6afa9ef9b","local_time":"20210122184707","is_ascension_mode":false,"campfire_choices":[{"floor":7.0,"key":"REST"},{"floor":12.0,"key":"REST"},{"data":"Second Wind","floor":15.0,"key":"SMITH"},{"floor":28.0,"key":"REST"},{"data":"Wild Strike","floor":30.0,"key":"PURGE"},{"data":"Strike_R","floor":32.0,"key":"PURGE"}],"circlet_count":0,"master_deck":["Strike_R","Strike_R","Defend_R","Defend_R","Defend_R","Defend_R","Bash","Perfected Strike","Shockwave","Second Wind+1","Twin Strike","Pommel Strike+1","Blood for Blood+1","Double Tap","Perfected Strike+1","Wild Strike+1","Mayhem+1","Twin Strike+1","Fiend Fire+1","Pommel Strike+1","Flame Barrier+1","Bludgeon+1","Armaments+1"],"relics":["Burning Blood","Champion Belt","Prayer Wheel","Frozen Egg 2","Molten Egg 2","Self Forming Clay","Blue Candle","Empty Cage","Peace Pipe","Red Mask","Nunchaku"],"acts_visited":["Exordium","TheCity"],"potions_floor_usage":[33,33],"damage_taken":[{"damage":6.0,"enemies":"Jaw Worm","floor":1.0,"turns":3.0},{"damage":5.0,"enemies":"2 Louse","floor":4.0,"turns":3.0},{"damage":0.0,"enemies":"Cultist","floor":5.0,"turns":3.0},{"damage":42.0,"enemies":"3 Sentries","floor":6.0,"turns":10.0},{"damage":31.0,"enemies":"Lagavulin","floor":8.0,"turns":9.0},{"damage":8.0,"enemies":"Gremlin Nob","floor":10.0,"turns":4.0},{"damage":0.0,"enemies":"Blue Slaver","floor":13.0,"turns":3.0},{"damage":4.0,"enemies":"Red Slaver","floor":14.0,"turns":2.0},{"damage":21.0,"enemies":"Hexaghost","floor":16.0,"turns":9.0},{"damage":21.0,"enemies":"Spheric Guardian","floor":18.0,"turns":5.0},{"damage":19.0,"enemies":"2 Thieves","floor":19.0,"turns":4.0},{"damage":14.0,"enemies":"3 Cultists","floor":21.0,"turns":4.0},{"damage":18.0,"enemies":"Masked Bandits","floor":23.0,"turns":4.0},{"damage":18.0,"enemies":"Sentry and Sphere","floor":24.0,"turns":5.0},{"damage":16.0,"enemies":"Snake Plant","floor":27.0,"turns":3.0},{"damage":14.0,"enemies":"Shelled Parasite and Fungi","floor":29.0,"turns":4.0},{"damage":0.0,"enemies":"Centurion and Healer","floor":31.0,"turns":4.0},{"damage":52,"enemies":"Champ","floor":33,"turns":8}],"seed_played":"-8779852793304204537","potions_obtained":[{"floor":1.0,"key":"AttackPotion"},{"floor":8.0,"key":"Strength Potion"},{"floor":13.0,"key":"SkillPotion"},{"floor":14.0,"key":"PowerPotion"},{"floor":16.0,"key":"Weak Potion"},{"floor":18.0,"key":"EssenceOfSteel"},{"floor":23.0,"key":"Weak Potion"},{"floor":31.0,"key":"EntropicBrew"}],"is_trial":false,"path_per_floor":["M","?","?","M","M","E","R","E","T","E","?","R","M","M","R","B",null,"M","M","$","M","$","?","M","?","T","M","R","M","R","M","R","B"],"character_chosen":"IRONCLAD","items_purchased":["Peace Pipe","Mayhem+1"],"campfire_rested":3,"item_purchase_floors":[20,20],"current_hp_per_floor":[56,49,49,50,56,20,44,19,19,17,17,41,47,49,49,34,80,65,52,52,44,44,32,20,20,20,10,34,26,26,32,32,0,0],"gold":161,"neow_bonus":"ONE_RARE_RELIC","is_daily":false,"chose_seed":false,"campfire_upgraded":1,"win_rate":0.0,"timestamp":1611308827,"path_taken":["M","?","?","M","M","E","R","E","T","E","?","R","M","M","R","BOSS","M","?","$","M","$","?","M","?","T","M","R","?","R","M","R","BOSS"],"items_purchased_type":["Relic","Card"],"build_version":"2020-12-22","purchased_purges":0,"victory":false,"max_hp_per_floor":[80,80,80,80,80,80,80,80,80,80,80,80,80,80,80,80,80,80,80,80,80,80,80,80,80,80,80,80,80,80,80,80,80,80],"relic_stats":{"Peace Pipe":2,"Nunchaku":[2],"counters":[18,87],"Self Forming Clay":[96],"Blue Candle":[0],"Prayer Wheel":9,"Champion Belt":[28],"obtain_stats":[{"Peace Pipe":20,"Nunchaku":26,"Self Forming Clay":10,"Blue Candle":11,"Prayer Wheel":6,"Molten Egg 2":9,"Red Mask":23,"Champion Belt":0,"Frozen Egg 2":8,"Empty Cage":17,"Burning Blood":0},{"Peace Pipe":11,"Nunchaku":14,"Self Forming Clay":6,"Blue Candle":6,"Prayer Wheel":4,"Molten Egg 2":5,"Red Mask":13,"Champion Belt":0,"Frozen Egg 2":5,"Empty Cage":9,"Burning Blood":0},{"Peace Pipe":55,"Nunchaku":68,"Self Forming Clay":32,"Blue Candle":32,"Prayer Wheel":19,"Molten Egg 2":28,"Red Mask":63,"Champion Belt":0,"Frozen Egg 2":28,"Empty Cage":46,"Burning Blood":0}],"Burning Blood":102},"card_choices":[{"not_picked":["Second Wind","Wild Strike"],"picked":"Perfected Strike","floor":1.0},{"not_picked":["Sword Boomerang","Bludgeon"],"picked":"Shockwave","floor":4.0},{"not_picked":["Iron Wave","Havoc"],"picked":"Second Wind","floor":5.0},{"not_picked":["Shrug It Off","Sword Boomerang"],"picked":"Wild Strike","floor":6.0},{"not_picked":["Disarm","Clash"],"picked":"Twin Strike","floor":8.0},{"not_picked":["Anger+1","Whirlwind+1","Juggernaut+1"],"picked":"SKIP","floor":10.0},{"not_picked":["Anger+1","Uppercut+1"],"picked":"Pommel Strike+1","floor":13.0},{"not_picked":["Rupture+1","Shrug It Off"],"picked":"Blood for Blood+1","floor":13.0},{"not_picked":["Rupture+1","Clothesline+1","Headbutt+1"],"picked":"SKIP","floor":14.0},{"not_picked":["Flex","Iron Wave+1","Hemokinesis+1"],"picked":"SKIP","floor":14.0},{"not_picked":["Impervious","Berserk+1"],"picked":"Double Tap","floor":16.0},{"not_picked":["Body Slam+1","Second Wind+1"],"picked":"Perfected Strike+1","floor":18.0},{"not_picked":["Pummel+1","True Grit","Sword Boomerang+1"],"picked":"SKIP","floor":18.0},{"not_picked":["Havoc","Sword Boomerang+1"],"picked":"Wild Strike+1","floor":19.0},{"not_picked":["True Grit+1","Clothesline+1","Warcry"],"picked":"SKIP","floor":19.0},{"not_picked":["Shrug It Off","Evolve+1"],"picked":"Twin Strike+1","floor":21.0},{"not_picked":["Anger+1","Thunderclap+1"],"picked":"Fiend Fire+1","floor":21.0},{"not_picked":["Anger+1","Power Through"],"picked":"Pommel Strike+1","floor":24.0},{"not_picked":["Ghostly Armor","Flex"],"picked":"Flame Barrier+1","floor":24.0},{"not_picked":["Flame Barrier","Twin Strike+1"],"picked":"Bludgeon+1","floor":27.0},{"not_picked":["Anger+1","True Grit+1","Rampage+1"],"picked":"SKIP","floor":27.0},{"not_picked":["Rupture+1","Iron Wave+1","True Grit+1"],"picked":"SKIP","floor":29.0},{"not_picked":["Rampage+1","Heavy Blade+1","Bloodletting"],"picked":"SKIP","floor":29.0},{"not_picked":["Shockwave","Iron Wave+1"],"picked":"Armaments+1","floor":31.0},{"not_picked":["Rupture+1","Fiend Fire+1","Dual Wield"],"picked":"SKIP","floor":31.0}],"player_experience":839364,"relics_obtained":[{"floor":6.0,"key":"Prayer Wheel"},{"floor":8.0,"key":"Frozen Egg 2"},{"floor":9.0,"key":"Molten Egg 2"},{"floor":10.0,"key":"Self Forming Clay"},{"floor":23.0,"key":"Red Mask"},{"floor":26.0,"key":"Nunchaku"}],"event_choices":[{"cards_removed":["Strike_R"],"damage_healed":0.0,"max_hp_gain":0.0,"max_hp_loss":0.0,"gold_gain":0.0,"event_name":"Golden Wing","player_choice":"Card Removal","floor":2.0,"gold_loss":0.0,"damage_taken":7.0},{"damage_healed":0.0,"max_hp_gain":0.0,"max_hp_loss":0.0,"gold_gain":175.0,"event_name":"Liars Game","player_choice":"AGREE","floor":3.0,"gold_loss":0.0,"damage_taken":0.0,"cards_obtained":["Doubt"]},{"damage_healed":0.0,"max_hp_gain":0.0,"max_hp_loss":0.0,"gold_gain":0.0,"event_name":"WeMeetAgain","player_choice":"Paid Gold","floor":11.0,"gold_loss":60.0,"damage_taken":0.0,"relics_obtained":["Blue Candle"]},{"damage_healed":0.0,"max_hp_gain":0.0,"max_hp_loss":0.0,"gold_gain":0.0,"event_name":"Masked Bandits","player_choice":"Fought Bandits","floor":23.0,"gold_loss":0.0,"damage_taken":0.0},{"damage_healed":0.0,"max_hp_gain":0.0,"max_hp_loss":0.0,"gold_gain":0.0,"event_name":"The Woman in Blue","player_choice":"Bought 0 Potions","floor":25.0,"gold_loss":0.0,"damage_taken":0.0}],"is_beta":false,"boss_relics":[{"not_picked":["Runic Cube","SacredBark"],"picked":"Empty Cage"}],"items_purged_floors":[],"is_endless":false,"potions_floor_spawned":[1,8,13,14,16,18,19,23,31],"killed_by":"Champ","ascension_level":0}}