{"host":"15ff3ltgpietarej","time":1611303213,"event":{"mods":["BaseMod","Bestiary","Downfall","Highlight Path","Minty Spire (QoL Compilation)","Relic Stats","StSLib"],"gold_per_floor":[99,115,115,25,25,44,44,44,56,56,56,89,109,109,119,119,119,119],"floor_reached":16,"language":"ENG","playtime":798,"items_purged":["downfall:Malfunctioning"],"score":100,"play_id":"a36386a5-c833-4622-bed2-2af142a6505f","local_time":"20210122091333","is_ascension_mode":false,"campfire_choices":[{"floor":1.0,"key":"DIG"},{"floor":8.0,"key":"DIG"},{"data":"bronze:FineTuning","floor":10.0,"key":"SMITH"}],"circlet_count":0,"master_deck":["bronze:Strike","bronze:Strike+1","bronze:Strike","bronze:Strike","bronze:Defend","bronze:Defend","bronze:Defend","bronze:Defend","bronze:Replicate+1","bronze:Goto+1","bronze:FineTuning+1","bronze:BronzeArmor","bronze:WhirlingStrike","bronze:BugBarrage","bronze:BuggyMess","bronze:ItsAFeature+1","bronze:WhirlingStrike"],"relics":["bronze:BronzeCore","Shovel","Eternal Feather","bronze:ProtectiveGoggles","Pear","Frozen Egg 2","White Beast Statue","Dream Catcher"],"acts_visited":["Exordium"],"potions_floor_usage":[13,16,16],"damage_taken":[{"damage":5.0,"enemies":"Jaw Worm","floor":2.0,"turns":4.0},{"damage":0.0,"enemies":"downfall:FleeingMerchant","floor":4.0,"turns":4.0},{"damage":0.0,"enemies":"Small Slimes","floor":6.0,"turns":3.0},{"damage":0.0,"enemies":"2 Louse","floor":9.0,"turns":2.0},{"damage":32.0,"enemies":"Gremlin Nob","floor":12.0,"turns":4.0},{"damage":12,"enemies":"Large Slime","floor":13,"turns":3},{"damage":3,"enemies":"Blue Slaver","floor":15,"turns":3},{"damage":30,"enemies":"DF_ARCHETYPE_STREAMLINE","floor":16,"turns":4}],"seed_played":"9052544184474846092","potions_obtained":[{"floor":2.0,"key":"Ancient Potion"},{"floor":6.0,"key":"bronze:BurnAndBuffPotion"},{"floor":12.0,"key":"sneckomod:MuddlingPotion"},{"floor":13,"key":"bronze:CleanCodePotion"},{"floor":15,"key":"LiquidMemories"}],"is_trial":false,"path_per_floor":["R","M","?","$","?","M","T","R","M","R","T","E","M","T","M","B"],"character_chosen":"THE_AUTOMATON","items_purchased":[],"campfire_rested":0,"item_purchase_floors":[],"current_hp_per_floor":[63,58,58,58,51,51,61,67,67,73,73,41,29,29,26,0,0,0],"gold":119,"neow_bonus":"ONE_RARE_RELIC","is_daily":false,"chose_seed":false,"campfire_upgraded":1,"win_rate":0.0,"timestamp":1611303213,"path_taken":["R","M","?","$","?","M","T","R","M","R","?","E","M","?","M","BOSS"],"items_purchased_type":[],"build_version":"2020-12-22","purchased_purges":1,"victory":false,"max_hp_per_floor":[63,63,63,63,63,63,73,73,73,73,73,73,73,73,73,73,73,73],"relic_stats":{"Dream Catcher":0,"Shovel":2,"counters":[8,27],"Eternal Feather":12,"obtain_stats":[{"Dream Catcher":12,"bronze:BronzeCore":0,"Shovel":0,"Pear":7,"bronze:ProtectiveGoggles":5,"Eternal Feather":1,"Frozen Egg 2":8,"White Beast Statue":11},{"Dream Catcher":5,"bronze:BronzeCore":0,"Shovel":0,"Pear":3,"bronze:ProtectiveGoggles":2,"Eternal Feather":0,"Frozen Egg 2":3,"White Beast Statue":4},{"Dream Catcher":17,"bronze:BronzeCore":0,"Shovel":0,"Pear":11,"bronze:ProtectiveGoggles":8,"Eternal Feather":0,"Frozen Egg 2":11,"White Beast Statue":13}]},"card_choices":[{"not_picked":["bronze:Invalidate","bronze:Separator"],"picked":"bronze:FineTuning","floor":2.0},{"not_picked":["bronze:Invalidate","bronze:DelayedGuard"],"picked":"bronze:BronzeArmor","floor":4.0},{"not_picked":["bronze:Invalidate","bronze:Safeguard"],"picked":"bronze:WhirlingStrike","floor":6.0},{"not_picked":["bronze:Separator","bronze:Safeguard"],"picked":"bronze:BugBarrage","floor":9.0},{"not_picked":["bronze:Overheat","bronze:Deprecate"],"picked":"bronze:BuggyMess","floor":12.0},{"not_picked":["bronze:DelayedSlice","bronze:RecursiveStrike"],"picked":"bronze:ItsAFeature+1","floor":13},{"not_picked":["bronze:Fortify","bronze:FineTuning"],"picked":"bronze:WhirlingStrike","floor":15}],"player_experience":429303,"relics_obtained":[{"floor":1.0,"key":"Eternal Feather"},{"floor":7.0,"key":"Pear"},{"floor":8.0,"key":"Frozen Egg 2"},{"floor":11.0,"key":"White Beast Statue"},{"floor":12.0,"key":"Dream Catcher"}],"event_choices":[{"damage_healed":0.0,"max_hp_gain":0.0,"max_hp_loss":0.0,"gold_gain":0.0,"event_name":"Scrap Ooze","player_choice":"Success","floor":5.0,"gold_loss":0.0,"damage_taken":7.0,"relics_obtained":["bronze:ProtectiveGoggles"]}],"is_beta":false,"boss_relics":[],"items_purged_floors":[4],"is_endless":false,"potions_floor_spawned":[2,6,12,13,15],"killed_by":"DF_ARCHETYPE_STREAMLINE","ascension_level":0}}