{"host":"sc0o2qwpf9j16a4i","time":1611348742,"event":{"mods":["AchievementEnabler","BaseMod","BetterRewards","Block Reminder","Colored Map","Colored Powertips","Custom Start","Highlight Path","Minty Spire (QoL Compilation)","Relic Stats"],"gold_per_floor":[110,129,129,148,167,167,180,180,203,228,228,248,9,33,33,128,128,139,155,166,166,166],"floor_reached":21,"language":"ENG","playtime":745,"items_purged":[],"score":183,"play_id":"a01cd553-b737-4ab3-99bc-602cec602189","local_time":"20210122225222","daily_mods":["Cursed Run","Uncertain Future","Terminal"],"is_ascension_mode":false,"campfire_choices":[{"data":"Coolheaded","floor":6,"key":"SMITH"},{"data":"Darkness","floor":11,"key":"SMITH"},{"floor":15,"key":"REST"}],"circlet_count":0,"master_deck":["Strike_B","Strike_B+1","Strike_B+1","Defend_B","Defend_B","Defend_B","Defend_B","Zap","Dualcast","Skim","Genetic Algorithm","Coolheaded+1","Ball Lightning","Writhe","Darkness+1","Cold Snap","Decay","Decay","Seek","Redo+1"],"relics":["Cursed Key","Darkstone Periapt","Du-Vu Doll","Smiling Mask","Nunchaku","Frozen Egg 2","Anchor","Snecko Eye"],"acts_visited":["Exordium","TheCity"],"potions_floor_usage":[16,16],"damage_taken":[{"damage":0,"enemies":"Small Slimes","floor":1,"turns":3},{"damage":0,"enemies":"Cultist","floor":2,"turns":4},{"damage":0,"enemies":"Jaw Worm","floor":4,"turns":3},{"damage":0,"enemies":"Gremlin Gang","floor":5,"turns":6},{"damage":0,"enemies":"2 Fungi Beasts","floor":7,"turns":4},{"damage":27,"enemies":"Gremlin Nob","floor":10,"turns":4},{"damage":0,"enemies":"Lots of Slimes","floor":12,"turns":4},{"damage":8,"enemies":"The Guardian","floor":16,"turns":11},{"damage":0,"enemies":"Spheric Guardian","floor":18,"turns":3},{"damage":23,"enemies":"2 Thieves","floor":19,"turns":4},{"damage":44,"enemies":"Shelled Parasite and Fungi","floor":20,"turns":7},{"damage":9,"enemies":"3 Cultists","floor":21,"turns":3}],"seed_played":"7478294648168418076","potions_obtained":[{"floor":4,"key":"PowerPotion"},{"floor":5,"key":"Weak Potion"},{"floor":7,"key":"FearPotion"},{"floor":18,"key":"LiquidBronze"},{"floor":19,"key":"SmokeBomb"}],"is_trial":true,"path_per_floor":["M","M","?","M","M","R","M","?","T","E","R","M","$","T","R","B",null,"M","M","M","M"],"character_chosen":"DEFECT","items_purchased":["Frozen Egg 2"],"campfire_rested":1,"item_purchase_floors":[13],"current_hp_per_floor":[73,72,58,58,58,58,58,51,57,30,30,30,30,36,57,55,75,74,51,7,0,0],"gold":166,"neow_bonus":"","is_daily":false,"chose_seed":false,"campfire_upgraded":2,"win_rate":0.0,"timestamp":1611348742,"path_taken":["M","M","?","M","M","R","M","?","T","E","R","M","$","?","R","BOSS","M","M","?","M"],"items_purchased_type":["Relic"],"build_version":"2020-12-22","purchased_purges":0,"victory":false,"max_hp_per_floor":[73,72,71,70,69,68,67,66,71,70,69,68,67,72,71,76,75,74,73,72,72,72],"relic_stats":{"Darkstone Periapt":18,"Nunchaku":[3],"counters":[12,56],"Snecko Eye":[28,30,36,28],"Cursed Key":2,"Smiling Mask":0,"obtain_stats":[{"Darkstone Periapt":0,"Du-Vu Doll":0,"Nunchaku":10,"Anchor":14,"Snecko Eye":17,"Frozen Egg 2":13,"Cursed Key":0,"Smiling Mask":9},{"Darkstone Periapt":0,"Du-Vu Doll":0,"Nunchaku":6,"Anchor":7,"Snecko Eye":8,"Frozen Egg 2":7,"Cursed Key":0,"Smiling Mask":5},{"Darkstone Periapt":0,"Du-Vu Doll":0,"Nunchaku":24,"Anchor":28,"Snecko Eye":39,"Frozen Egg 2":28,"Cursed Key":0,"Smiling Mask":20}]},"card_choices":[{"not_picked":["Beam Cell","Redo"],"picked":"Skim","floor":1},{"not_picked":["Gash","Go for the Eyes"],"picked":"Genetic Algorithm","floor":2},{"not_picked":["Auto Shields","Rebound"],"picked":"Coolheaded","floor":4},{"not_picked":["Streamline","Force Field","Skim"],"picked":"SKIP","floor":5},{"not_picked":["Leap","Beam Cell"],"picked":"Ball Lightning","floor":7},{"not_picked":["Steam","Go for the Eyes"],"picked":"Darkness","floor":10},{"not_picked":["Skim","Sweeping Beam"],"picked":"Cold Snap","floor":12},{"not_picked":["Fission","All For One"],"picked":"Seek","floor":16},{"not_picked":["Reprogram","Chaos+1"],"picked":"Redo+1","floor":18},{"not_picked":["Rebound+1","Ball Lightning","Fusion"],"picked":"SKIP","floor":19},{"not_picked":["Redo","Barrage","Ball Lightning"],"picked":"SKIP","floor":20}],"player_experience":907697,"relics_obtained":[{"floor":9,"key":"Smiling Mask"},{"floor":10,"key":"Nunchaku"},{"floor":14,"key":"Anchor"}],"event_choices":[{"damage_healed":0,"gold_gain":0,"player_choice":"Entered Light","damage_taken":14,"max_hp_gain":0,"max_hp_loss":0,"event_name":"Shining Light","floor":3,"gold_loss":0,"cards_upgraded":["Strike_B","Strike_B"]},{"cards_removed":["Strike_B"],"damage_healed":0,"gold_gain":0,"player_choice":"Card Removal","damage_taken":7,"max_hp_gain":0,"max_hp_loss":0,"event_name":"Golden Wing","floor":8,"gold_loss":0}],"is_beta":false,"boss_relics":[{"not_picked":["Calling Bell","SacredBark"],"picked":"Snecko Eye"}],"items_purged_floors":[],"is_endless":false,"potions_floor_spawned":[4,5,7,18,19],"killed_by":"3 Cultists","ascension_level":0}}