{"host":"936ed21qgtu8wx79","time":1611346239,"event":{"mods":["AchievementEnabler","Ascension Reborn","BaseMod","BetterRewards","Colored Powertips","Friendly Minions","Infinite Spire","KiyohimeÅiê¥?Åj","Minty Spire (QoL Compilation)","Prisma Mod","Quick Restart","Replay The Spire","Shop Mod","StSLib","SuperFastMode","The Animator","The Jungle"],"gold_per_floor":[114,131,131,131,131,166,166,176,200,223,239,257,75,92,92,189,189,203,213,213,226,244,244,264,277,277,277,297,308,60,71,71,172,172,185,204,216,226,237,237,255,284,284,384,396,409,88,88,88,88,88,88,39,69,69,69],"floor_reached":55,"language":"ENG","playtime":4848,"items_purged":[],"score":736,"play_id":"16dc48ca-69ec-45dd-8972-5badcb186bd2","local_time":"20210122141039","is_ascension_mode":true,"campfire_choices":[{"floor":7.0,"key":"RECALL"},{"floor":15.0,"key":"REST"},{"floor":23.0,"key":"REST"},{"floor":40,"key":"REST"},{"floor":49,"key":"REST"},{"floor":52,"key":"REST"}],"circlet_count":0,"master_deck":["PrismaMod:IllyaCommonAttack+1","PrismaMod:IllyaCommonDefend","PrismaMod:IllyaCommonAttack","PrismaMod:IllyaCommonDefend","PrismaMod:IllyaCommonAttack","PrismaMod:IllyaCommonDefend+1","PrismaMod:IllyaCommonAttack","PrismaMod:IllyaCommonDefend+1","PrismaMod:IllyaCommonAttack","PrismaMod:IllyaCommonDefend","PrismaMod:IllyaUncommonAttack+1","PrismaMod:IllyaUncommonDefend+1","PrismaMod:IllyaCheapChannelDefend","PrismaMod:IllyaFriendMaker","PrismaMod:IllyaBlindPoisonToss","PrismaMod:IllyaPoisonBomb","PrismaMod:IllyaUncommonDefend","PrismaMod:IllyaBlindPoisonToss+1","PrismaMod:IllyaCheapChannelDefend","Bandage Up","PrismaMod:IllyaPoisonTippedWeapons","PrismaMod:IllyaPoisonTippedWeapons","PrismaMod:IllyaMinorZwei","PrismaMod:IllyaUberPoisonChannel","PrismaMod:IllyaStunPoison","PrismaMod:IllyaUpgradeOrbs","GremboGang","PrismaMod:IllyaBoysLove","PrismaMod:IllyaFeed","PrismaMod:IllyaStunPoison+1","PrismaMod:IllyaStunPoison","infinitespire:FutureSight","infinitespire:UltimateForm+1","infinitespire:Fortify","ReplayTheSpireMod:Black Plague","ReplayTheSpireMod:Chaos Vortex","PrismaMod:IllyaMinorRapidFire+1","PrismaMod:IllyaBlindPoisonToss","PrismaMod:IllyaPoisoningPhantasm","PrismaMod:IllyaCheapChannelDefend","PrismaMod:IllyaBride","PrismaMod:IllyaCarnivalDefend","PrismaMod:IllyaPartialInstallAssassin+1","PrismaMod:IllyaHassanGift","PrismaMod:IllyaUberPoisonChannel","PrismaMod:IllyaGrail","PrismaMod:IllyaMinorReinForce+1","PrismaMod:IllyaBlindPoisonToss+1","PrismaMod:IllyaUberChannel+1","PrismaMod:IllyaUberDefendChannel","PrismaMod:IllyaCheapChannelPoison","PrismaMod:IllyaCheapChannelPoison"],"relics":["PrismaMod:PrismaZwei","Strawberry","Anchor","Fusion Hammer","Shuriken","MerchantsRug","Happy Flower","Bag of Preparation","CaptainsWheel","Simple Rune"],"acts_visited":["Exordium","TheCity","TheBeyond","TheEnding"],"potions_floor_usage":[41,50,50,50,55],"damage_taken":[{"damage":0.0,"enemies":"2 Louse","floor":1.0,"turns":2.0},{"damage":0.0,"enemies":"Jaw Worm","floor":2.0,"turns":5.0},{"damage":17.0,"enemies":"Lagavulin","floor":6.0,"turns":10.0},{"damage":0.0,"enemies":"Cultist","floor":8.0,"turns":3.0},{"damage":0.0,"enemies":"Exordium Wildlife","floor":11.0,"turns":3.0},{"damage":0.0,"enemies":"Exordium Thugs","floor":12.0,"turns":5.0},{"damage":0.0,"enemies":"Large Slime","floor":14.0,"turns":7.0},{"damage":24.0,"enemies":"The Guardian","floor":16.0,"turns":11.0},{"damage":0.0,"enemies":"Chosen","floor":18.0,"turns":4.0},{"damage":14.0,"enemies":"Shell Parasite","floor":19.0,"turns":4.0},{"damage":11.0,"enemies":"Sentry and Sphere","floor":21.0,"turns":4.0},{"damage":0.0,"enemies":"Centurion and Healer","floor":22.0,"turns":8.0},{"damage":22.0,"enemies":"3 Cultists","floor":24.0,"turns":6.0},{"damage":17.0,"enemies":"Snake Plant","floor":25.0,"turns":4.0},{"damage":4.0,"enemies":"Chosen and Byrds","floor":28.0,"turns":6.0},{"damage":0.0,"enemies":"Cultist and Chosen","floor":29.0,"turns":5.0},{"damage":15.0,"enemies":"Shelled Parasite and Fungi","floor":31.0,"turns":4.0},{"damage":48.0,"enemies":"Automaton","floor":33.0,"turns":11.0},{"damage":4,"enemies":"3 Shapes","floor":35,"turns":4},{"damage":0,"enemies":"Orb Walker","floor":36,"turns":3},{"damage":0,"enemies":"4 Shapes","floor":37,"turns":4},{"damage":11,"enemies":"Maw","floor":38,"turns":8},{"damage":11,"enemies":"Spire Growth","floor":39,"turns":5},{"damage":0,"enemies":"Transient","floor":41,"turns":5},{"damage":9,"enemies":"Giant Head","floor":42,"turns":9},{"damage":0,"enemies":"3 Darklings","floor":45,"turns":4},{"damage":27,"enemies":"Spire Growth","floor":46,"turns":6},{"damage":16,"enemies":"Donu and Deca","floor":50,"turns":9},{"damage":32,"enemies":"Shield and Spear","floor":54,"turns":7},{"damage":56,"enemies":"The Heart","floor":55,"turns":5}],"seed_played":"-5892138734695894599","potions_obtained":[{"floor":11.0,"key":"Weak Potion"},{"floor":12.0,"key":"Elixir"},{"floor":14.0,"key":"LifebloodPotion"},{"floor":18.0,"key":"LifebloodPotion"},{"floor":19.0,"key":"FearPotion"},{"floor":25.0,"key":"Strength Potion"},{"floor":31.0,"key":"Weak Potion"},{"floor":33.0,"key":"Strength Potion"},{"floor":35,"key":"Flashbang"},{"floor":36,"key":"Fire Potion"},{"floor":41,"key":"Death Potion"}],"is_trial":false,"path_per_floor":["M","M","?","?","?","E","R","M","T","T","M","M","$","M","R","B",null,"M","M","?","M","M","R","M","M","T","AVR","M","M","$","M","R","B",null,"M","M","M","M","M","R","M","E","T","?","M","M","$","?","R","B",null,"R","$","E","B"],"character_chosen":"ILLYA","items_purchased":["PrismaMod:IllyaCheapChannelDefend","Bandage Up","PrismaMod:IllyaPoisonTippedWeapons","PrismaMod:IllyaPoisoningPhantasm","PrismaMod:IllyaCheapChannelDefend","MerchantsRug","Energy Potion","CaptainsWheel","Adrenaline Potion","Adrenaline Potion"],"campfire_rested":5,"item_purchase_floors":[13,13,13,30,30,30,30,47,47,53],"current_hp_per_floor":[75,75,75,75,70,53,53,53,53,53,53,53,53,57,81,61,82,82,72,72,65,69,82,66,68,68,68,68,72,72,71,82,53,82,78,82,82,82,82,82,82,73,73,73,82,59,59,59,82,66,82,82,82,50,0,0],"gold":69,"neow_bonus":"UPGRADE_CARD","is_daily":false,"chose_seed":false,"campfire_upgraded":0,"win_rate":0.0,"timestamp":1611346239,"path_taken":["M","M","?","?","?","E","R","M","T","?","M","?","$","M","R","BOSS","M","M","?","M","M","R","M","M","T","AVR","M","M","$","M","R","BOSS","M","M","M","M","M","R","M","E","T","?","M","M","?","?","R","BOSS","R","$","E","BOSS"],"items_purchased_type":["Card","Card","Card","Card","Card","Relic","Potion","Relic","Potion","Potion"],"build_version":"2020-12-22","purchased_purges":0,"victory":false,"max_hp_per_floor":[75,75,75,75,82,82,82,82,82,82,82,82,82,82,82,82,82,82,82,82,82,82,82,82,82,82,82,82,82,82,82,82,82,82,82,82,82,82,82,82,82,82,82,82,82,82,82,82,82,82,82,82,82,82,82,82],"card_choices":[{"not_picked":["PrismaMod:IllyaCommandSeal","PrismaMod:IllyaCheapChannelPoison"],"picked":"PrismaMod:IllyaCheapChannelDefend","floor":1.0},{"not_picked":["PrismaMod:IllyaGun","PrismaMod:IllyaDualEvoke"],"picked":"PrismaMod:IllyaFriendMaker","floor":2.0},{"not_picked":["PrismaMod:IllyaGrailKun","PrismaMod:IllyaDevil"],"picked":"PrismaMod:IllyaBlindPoisonToss","floor":6.0},{"not_picked":["PrismaMod:IllyaPoisonBlock","PrismaMod:IllyaBerserCAR"],"picked":"PrismaMod:IllyaPoisonBomb","floor":8.0},{"not_picked":["PrismaMod:IllyaRussianRoulette","PrismaMod:IllyaZwei"],"picked":"PrismaMod:IllyaUncommonDefend","floor":11.0},{"not_picked":["PrismaMod:IllyaUberChannel","PrismaMod:IllyaSaphire"],"picked":"PrismaMod:IllyaBlindPoisonToss","floor":12.0},{"not_picked":["PrismaMod:IllyaUncommonEvoke","PrismaMod:IllyaPartialInstallAssassin"],"picked":"PrismaMod:IllyaMinorZwei","floor":14.0},{"not_picked":["PrismaMod:IllyaCarnivalOrbs","PrismaMod:IllyaUberAttackChannel"],"picked":"PrismaMod:IllyaUberPoisonChannel","floor":16.0},{"not_picked":["PrismaMod:IllyaGrailKun","PrismaMod:IllyaEvokeAll"],"picked":"PrismaMod:IllyaStunPoison","floor":18.0},{"not_picked":["PrismaMod:IllyaBoysLove","PrismaMod:IllyaFeed"],"picked":"PrismaMod:IllyaUpgradeOrbs","floor":19.0},{"not_picked":["PrismaMod:IllyaTestament+1","PrismaMod:IllyaMinorZwei"],"picked":"PrismaMod:IllyaBoysLove","floor":21.0},{"not_picked":["PrismaMod:IllyaZwei","PrismaMod:IllyaPartialInstallAssassin+1"],"picked":"PrismaMod:IllyaFeed","floor":22.0},{"not_picked":["PrismaMod:IllyaBerserCAR","PrismaMod:IllyaCheapAttack"],"picked":"PrismaMod:IllyaStunPoison+1","floor":24.0},{"not_picked":["PrismaMod:IllyaPoisonBlock","PrismaMod:IllyaCheapDefend+1"],"picked":"PrismaMod:IllyaStunPoison","floor":25.0},{"not_picked":["PrismaMod:IllyaUncommonAttack","PrismaMod:IllyaAssassinRevenge"],"picked":"PrismaMod:IllyaMinorRapidFire+1","floor":28.0},{"not_picked":["PrismaMod:IllyaUberPoisonBlock+1","PrismaMod:IllyaEvokeAll+1"],"picked":"PrismaMod:IllyaBlindPoisonToss","floor":29.0},{"not_picked":["PrismaMod:IllyaCarnivalOrbs","PrismaMod:IllyaGrailKun"],"picked":"PrismaMod:IllyaBride","floor":31.0},{"not_picked":["PrismaMod:IllyaInstallMoonCancer","PrismaMod:IllyaInstallCaster"],"picked":"PrismaMod:IllyaCarnivalDefend","floor":33.0},{"not_picked":["PrismaMod:IllyaUpgradeOrbs+1","PrismaMod:IllyaUberPoisonBlock"],"picked":"PrismaMod:IllyaPartialInstallAssassin+1","floor":35},{"not_picked":["PrismaMod:IllyaEvokeAll","PrismaMod:IllyaAOECommonAttack+1"],"picked":"PrismaMod:IllyaHassanGift","floor":36},{"not_picked":["PrismaMod:IllyaStunPoison+1","PrismaMod:IllyaCommonEvoke+1"],"picked":"PrismaMod:IllyaUberPoisonChannel","floor":37},{"not_picked":["PrismaMod:IllyaGun+1","PrismaMod:IllyaUberChannel"],"picked":"PrismaMod:IllyaGrail","floor":38},{"not_picked":["PrismaMod:IllyaPoisonTippedWeapons","PrismaMod:IllyaCommonEvoke"],"picked":"PrismaMod:IllyaMinorReinForce+1","floor":39},{"not_picked":["PrismaMod:IllyaCommonEvoke+1","PrismaMod:IllyaPoisoningPhantasm+1"],"picked":"PrismaMod:IllyaBlindPoisonToss+1","floor":41},{"not_picked":["PrismaMod:IllyaCheapChannelDefend+1","PrismaMod:IllyaMinorZwei+1"],"picked":"PrismaMod:IllyaUberChannel+1","floor":42},{"not_picked":["PrismaMod:IllyaAOECommonAttack","PrismaMod:IllyaMinorRapidFire"],"picked":"PrismaMod:IllyaUberDefendChannel","floor":45},{"not_picked":["PrismaMod:IllyaAssassinRevenge","PrismaMod:IllyaUberChannel"],"picked":"PrismaMod:IllyaCheapChannelPoison","floor":46},{"not_picked":["PrismaMod:IllyaRussianRoulette+1","PrismaMod:IllyaPoisonTippedWeapons"],"picked":"PrismaMod:IllyaCheapChannelPoison","floor":54}],"player_experience":265283,"relics_obtained":[{"floor":6.0,"key":"Anchor"},{"floor":10.0,"key":"Gremlin Food"},{"floor":26.0,"key":"Shuriken"},{"floor":42,"key":"Happy Flower"},{"floor":43,"key":"Bag of Preparation"},{"floor":54,"key":"Simple Rune"}],"event_choices":[{"damage_healed":0.0,"max_hp_gain":0.0,"max_hp_loss":0.0,"gold_gain":0.0,"event_name":"The Cleric","player_choice":"Leave","floor":3.0,"gold_loss":0.0,"damage_taken":0.0},{"damage_healed":0.0,"max_hp_gain":0.0,"max_hp_loss":0.0,"gold_gain":0.0,"event_name":"Scrap Ooze","player_choice":"Success","floor":5.0,"gold_loss":0.0,"damage_taken":12.0,"relics_obtained":["Strawberry"]},{"damage_healed":0,"gold_gain":100,"player_choice":"Pray","damage_taken":0,"max_hp_gain":0,"max_hp_loss":0,"event_name":"Golden Shrine","floor":44,"gold_loss":0},{"damage_healed":0,"gold_gain":0,"player_choice":"Forge","damage_taken":0,"max_hp_gain":0,"max_hp_loss":0,"event_name":"Accursed Blacksmith","floor":48,"gold_loss":0,"cards_upgraded":["infinitespire:UltimateForm"]}],"is_beta":false,"boss_relics":[{"not_picked":["Pandora\u0027s Box","Tiny House"],"picked":"Fusion Hammer"},{"not_picked":["Sozu","ReplayTheSpireMod:DimensionalGlitch"],"picked":"PrismaMod:PrismaZwei"}],"items_purged_floors":[],"is_endless":false,"potions_floor_spawned":[11,12,14,18,19,25,31,33,35,36,41],"killed_by":"The Heart","ascension_level":0}}