{"host":"qsusua7l529r8z9k","time":1611295878,"event":{"mods":["BaseMod","Minty Spire (QoL Compilation)","Spicy Shops","StSLib"],"gold_per_floor":[115,115,115,132,151,183,183,195,195,195,195],"floor_reached":10,"language":"ZHS","playtime":271,"items_purged":[],"score":112,"play_id":"f1d1b376-f93d-4ce9-a812-f0ee97977b29","local_time":"20210122141118","is_ascension_mode":true,"campfire_choices":[{"data":"Seek","floor":7.0,"key":"SMITH"}],"circlet_count":0,"master_deck":["AscendersBane","Strike_B","Strike_B","Strike_B","Defend_B","Defend_B","Defend_B","Defend_B","Zap","Dualcast","Seek+1","Coolheaded","Skim","Sunder"],"relics":["Cracked Core","NeowsBlessing","Juzu Bracelet","Shuriken","Eternal Feather"],"acts_visited":["Exordium"],"potions_floor_usage":[10],"damage_taken":[{"damage":0.0,"enemies":"Jaw Worm","floor":1.0,"turns":1.0},{"damage":0.0,"enemies":"2 Louse","floor":4.0,"turns":1.0},{"damage":0.0,"enemies":"Small Slimes","floor":5.0,"turns":1.0},{"damage":23.0,"enemies":"Lagavulin","floor":6.0,"turns":10.0},{"damage":8.0,"enemies":"3 Louse","floor":8.0,"turns":5.0},{"damage":38,"enemies":"Gremlin Nob","floor":10,"turns":3}],"seed_played":"-3662226744643077677","potions_obtained":[{"floor":1.0,"key":"Swift Potion"},{"floor":5.0,"key":"AttackPotion"}],"is_trial":false,"path_per_floor":["M","?","?","M","M","E","R","M","T","E"],"character_chosen":"DEFECT","items_purchased":[],"campfire_rested":0,"item_purchase_floors":[],"current_hp_per_floor":[68,68,56,56,56,33,33,25,25,0,0],"gold":195,"neow_bonus":"THREE_ENEMY_KILL","is_daily":false,"chose_seed":false,"campfire_upgraded":1,"win_rate":0.0,"timestamp":1611295878,"path_taken":["M","?","?","M","M","E","R","M","T","E"],"items_purchased_type":[],"build_version":"2020-12-22","purchased_purges":0,"victory":false,"max_hp_per_floor":[75,75,75,75,75,75,75,75,75,75,75],"card_choices":[{"not_picked":["Hello World","Chaos","Static Discharge"],"picked":"SKIP","floor":1.0},{"not_picked":["Darkness","Stack","Gash"],"picked":"SKIP","floor":4.0},{"not_picked":["Cold Snap","Gash"],"picked":"Coolheaded","floor":5.0},{"not_picked":["Beam Cell","Rebound"],"picked":"Skim","floor":6.0},{"not_picked":["Double Energy","Stack"],"picked":"Sunder","floor":8.0}],"player_experience":446305,"relics_obtained":[{"floor":6.0,"key":"Shuriken"},{"floor":9.0,"key":"Eternal Feather"}],"event_choices":[{"damage_healed":0.0,"max_hp_gain":0.0,"max_hp_loss":0.0,"gold_gain":0.0,"cards_transformed":["Strike_B"],"event_name":"Living Wall","player_choice":"Change","floor":2.0,"gold_loss":0.0,"damage_taken":0.0,"cards_obtained":["Seek"]},{"damage_healed":0.0,"max_hp_gain":0.0,"max_hp_loss":0.0,"gold_gain":0.0,"event_name":"Scrap Ooze","player_choice":"Success","floor":3.0,"gold_loss":0.0,"damage_taken":12.0,"relics_obtained":["Juzu Bracelet"]}],"is_beta":false,"boss_relics":[],"items_purged_floors":[],"is_endless":false,"potions_floor_spawned":[1,5],"killed_by":"Gremlin Nob","ascension_level":13}}