{"host":"gg","time":1611357807,"event":{"mods":["BaseMod","Colored Map","Googly Eyes","Minty Spire (QoL Compilation)","Permanent Neow","Relic Stats","The IronCluck"],"gold_per_floor":[112,262,262,187,212,237,237,263,263,283,283,75,117,145,145,230,230,254,279,313,127,127,127,127,127],"floor_reached":24,"language":"ENG","playtime":774,"items_purged":[],"score":620,"play_id":"483f2c28-4c35-4b48-829b-1b347c3dab10","local_time":"20210122152327","is_ascension_mode":true,"campfire_choices":[{"data":"Zap","floor":7,"key":"SMITH"},{"data":"Electrodynamics","floor":15,"key":"SMITH"},{"data":"Seek","floor":23,"key":"SMITH"}],"circlet_count":0,"master_deck":["AscendersBane","Strike_B","Strike_B","Strike_B","Strike_B","Defend_B","Defend_B","Defend_B","Defend_B","Zap+1","Dualcast","Conserve Battery+1","Coolheaded","Electrodynamics+1","Barrage","Melter","Glacier","Conserve Battery","Seek+1","Doom and Gloom","Consume+1","Rip and Tear","Leap+1"],"relics":["Cracked Core","NeowsBlessing","White Beast Statue","DataDisk","Strawberry","Ginger","Symbiotic Virus","Runic Capacitor","CeramicFish","Nuclear Battery","Red Mask","War Paint"],"acts_visited":["Exordium","TheCity"],"potions_floor_usage":[20,24,24],"damage_taken":[{"damage":0,"enemies":"Jaw Worm","floor":1,"turns":1},{"damage":0,"enemies":"Gremlin Nob","floor":6,"turns":1},{"damage":0,"enemies":"3 Sentries","floor":8,"turns":1},{"damage":3,"enemies":"Small Slimes","floor":10,"turns":2},{"damage":25,"enemies":"Lagavulin","floor":13,"turns":5},{"damage":0,"enemies":"2 Louse","floor":14,"turns":1},{"damage":0,"enemies":"Hexaghost","floor":16,"turns":9},{"damage":18,"enemies":"Shell Parasite","floor":18,"turns":3},{"damage":10,"enemies":"2 Thieves","floor":19,"turns":3},{"damage":14,"enemies":"Masked Bandits","floor":20,"turns":4},{"damage":31,"enemies":"Gremlin Leader","floor":24,"turns":5}],"seed_played":"-1819334897211139720","potions_obtained":[{"floor":6,"key":"Explosive Potion"},{"floor":8,"key":"SpeedPotion"},{"floor":14,"key":"Fire Potion"},{"floor":18,"key":"AttackPotion"},{"floor":20,"key":"PowerPotion"}],"is_trial":false,"path_per_floor":["M","?","?","?","T","E","R","E","T","M","?","$","E","M","R","B",null,"M","M","?","$","?","R","E"],"character_chosen":"DEFECT","items_purchased":["Runic Capacitor","Melter","Leap","War Paint"],"campfire_rested":0,"item_purchase_floors":[12,12,21,21],"current_hp_per_floor":[64,64,29,29,29,36,36,36,36,33,38,38,13,13,13,13,66,48,38,24,24,24,24,0,0],"gold":127,"neow_bonus":"THREE_ENEMY_KILL","is_daily":false,"chose_seed":false,"campfire_upgraded":3,"win_rate":0.0,"timestamp":1611357807,"path_taken":["M","?","?","?","?","E","R","E","T","?","?","?","E","M","R","BOSS","M","M","?","$","?","R","E"],"items_purchased_type":["Relic","Card","Card","Relic"],"build_version":"2020-12-18","purchased_purges":0,"victory":false,"max_hp_per_floor":[71,71,71,71,71,78,78,78,78,78,83,83,83,83,83,83,83,83,83,83,83,83,83,83,83],"relic_stats":{"counters":[11,35],"CeramicFish":63,"Ginger":[3],"War Paint":["Conserve Battery","Leap"],"obtain_stats":[{"DataDisk":5,"NeowsBlessing":0,"Strawberry":6,"CeramicFish":13,"Runic Capacitor":12,"Red Mask":20,"Ginger":8,"War Paint":21,"Cracked Core":0,"Symbiotic Virus":9,"White Beast Statue":3,"Nuclear Battery":17},{"DataDisk":1,"NeowsBlessing":0,"Strawberry":2,"CeramicFish":5,"Runic Capacitor":4,"Red Mask":10,"Ginger":3,"War Paint":10,"Cracked Core":0,"Symbiotic Virus":3,"White Beast Statue":1,"Nuclear Battery":7},{"DataDisk":1,"NeowsBlessing":0,"Strawberry":2,"CeramicFish":10,"Runic Capacitor":5,"Red Mask":30,"Ginger":3,"War Paint":30,"Cracked Core":0,"Symbiotic Virus":3,"White Beast Statue":1,"Nuclear Battery":20}]},"card_choices":[{"not_picked":["Gash","Streamline"],"picked":"Conserve Battery","floor":1},{"not_picked":["Go for the Eyes","Amplify"],"picked":"Coolheaded","floor":6},{"not_picked":["Ball Lightning","Chill"],"picked":"Electrodynamics","floor":8},{"not_picked":["Steam Power","Beam Cell"],"picked":"Barrage","floor":10},{"not_picked":["Cold Snap","Heatsinks"],"picked":"Glacier","floor":13},{"not_picked":["Turbo","Steam"],"picked":"Conserve Battery","floor":14},{"not_picked":["Creative AI","Fission"],"picked":"Seek","floor":16},{"not_picked":["Double Energy","Defragment"],"picked":"Doom and Gloom","floor":18},{"not_picked":["Barrage","Steam"],"picked":"Consume+1","floor":19},{"not_picked":["Reprogram","Scrape+1"],"picked":"Rip and Tear","floor":20}],"player_experience":1254765,"relics_obtained":[{"floor":5,"key":"DataDisk"},{"floor":6,"key":"Strawberry"},{"floor":8,"key":"Ginger"},{"floor":9,"key":"Symbiotic Virus"},{"floor":13,"key":"CeramicFish"},{"floor":20,"key":"Red Mask"}],"event_choices":[{"damage_healed":0,"gold_gain":150,"player_choice":"AGREE","damage_taken":0,"max_hp_gain":0,"max_hp_loss":0,"event_name":"Liars Game","floor":2,"gold_loss":0,"cards_obtained":["Doubt"]},{"damage_healed":0,"gold_gain":0,"player_choice":"Success","damage_taken":35,"relics_obtained":["White Beast Statue"],"max_hp_gain":0,"max_hp_loss":0,"event_name":"Scrap Ooze","floor":3,"gold_loss":0},{"cards_removed":["Doubt"],"damage_healed":0,"gold_gain":0,"player_choice":"Card Removal","damage_taken":0,"max_hp_gain":0,"max_hp_loss":0,"event_name":"The Cleric","floor":4,"gold_loss":75},{"damage_healed":0,"gold_gain":0,"player_choice":"Donut","damage_taken":0,"max_hp_gain":5,"max_hp_loss":0,"event_name":"Big Fish","floor":11,"gold_loss":0},{"damage_healed":0,"gold_gain":0,"player_choice":"Fought Bandits","damage_taken":0,"max_hp_gain":0,"max_hp_loss":0,"event_name":"Masked Bandits","floor":20,"gold_loss":0},{"damage_healed":0,"gold_gain":0,"player_choice":"Ignored","damage_taken":0,"max_hp_gain":0,"max_hp_loss":0,"event_name":"The Mausoleum","floor":22,"gold_loss":0}],"is_beta":true,"boss_relics":[{"not_picked":["SlaversCollar","Cursed Key"],"picked":"Nuclear Battery"}],"items_purged_floors":[],"is_endless":false,"potions_floor_spawned":[6,8,10,13,14,16,18,19,20],"killed_by":"Gremlin Leader","ascension_level":20}}