{"host":"och2iitg9ibgz06n","time":1611344340,"event":{"mods":["Abigail Mod","AchievementEnabler","Aspiration","BaseMod","Colored Powertips","Dio Mod","Hubris","Hyrulean Relics","Infinite Spire","Minty Spire (QoL Compilation)","Replay The Spire","Small Relic Pack","StSLib","The Animator","The Bug Knight","The Hierophant","The Jungle","The Saiyan","TheHero","Wandering Minibosses","everything is the same but u backflip on backflip","slay the spire mod where everything is the same but ironclad has a cowboy hat","vexMod"],"gold_per_floor":[119,137,151,151,151,151,483,499,499,499,512,512,196,212,212,308,308,308,326,326,345,345,378,388,402,470,470,470,470,161,161,161,256,256,266,279,297,397,92,92,92,92],"floor_reached":41,"language":"ENG","playtime":2192,"items_purged":[],"score":543,"play_id":"4010fb63-b5f7-4dc0-b759-93dd29def0e0","local_time":"20210122133900","is_ascension_mode":true,"campfire_choices":[{"data":"animeID:Deku","floor":6,"key":"SMITH"},{"data":"animeID:Deku","floor":10,"key":"SMITH"},{"data":"animeID:Mineta","floor":12,"key":"SMITH"},{"floor":28,"key":"RECALL"},{"data":"animeID:PresentMic","floor":32,"key":"SMITH"},{"floor":40,"key":"REST"}],"circlet_count":0,"master_deck":["animeID:Deku+1","animeID:Bakugo","animeID:Smash","animeID:Smash","animeID:Smash","animeID:Smash","animeID:DefendMH","animeID:DefendMH+1","animeID:DefendMH","animeID:DefendMH","animeID:Bakugo","animeID:Bakugo","animeID:Mineta+1","animeID:Tamaki+1","animeID:Deku+1","animeID:DelawareSmash+1","animeID:HowitzerImpact+1","animeID:PresentMic+1","animeID:DelawareSmash+1","animeID:NightEye+1","animeID:FullCowl+1","animeID:FatGum+1","animeID:ToruHagakure","animeID:Iida","animeID:DetroitDelaware+1","animeID:Uraraka+1"],"relics":["animeID:HeroCostume","Old Coin","Pear","relicPack:WeightedSword","SlaversCollar","vexMod:InvisibilityCloak","Garlic","StrikeDummy","vexMod:ImprovementManual","Oddly Smooth Stone","hubris:EmptyBottle"],"acts_visited":["Exordium","TheCity","TheBeyond"],"potions_floor_usage":[5,7,13,23,41,41,41,41],"damage_taken":[{"damage":0,"enemies":"Small Slimes","floor":1,"turns":2},{"damage":0,"enemies":"Cultist","floor":2,"turns":3},{"damage":9,"enemies":"infinitespire:Voidling","floor":3,"turns":4},{"damage":42,"enemies":"Lagavulin","floor":7,"turns":8},{"damage":0,"enemies":"Lots of Slimes","floor":8,"turns":1},{"damage":5,"enemies":"Blue Slaver","floor":11,"turns":5},{"damage":2,"enemies":"Red Slaver","floor":14,"turns":3},{"damage":42,"enemies":"The Guardian","floor":16,"turns":18},{"damage":7,"enemies":"Chosen","floor":18,"turns":2},{"damage":19,"enemies":"Snake Plant","floor":19,"turns":3},{"damage":40,"enemies":"Cultist and Chosen","floor":21,"turns":5},{"damage":39,"enemies":"Slavers","floor":23,"turns":4},{"damage":8,"enemies":"Chosen and Byrds","floor":24,"turns":6},{"damage":83,"enemies":"Sentry and Sphere","floor":25,"turns":18},{"damage":123,"enemies":"Automaton","floor":33,"turns":9},{"damage":7,"enemies":"3 Shapes","floor":35,"turns":9},{"damage":43,"enemies":"3 Darklings","floor":36,"turns":5},{"damage":88,"enemies":"Transient","floor":37,"turns":5},{"damage":64,"enemies":"Nemesis","floor":41,"turns":8}],"seed_played":"-3372224815965576457","potions_obtained":[{"floor":1,"key":"Reflective Coating"},{"floor":5,"key":"Fruit Juice"},{"floor":5,"key":"Ancient Potion"},{"floor":5,"key":"SkillPotion"},{"floor":8,"key":"Dexterity Potion"},{"floor":14,"key":"Strength Potion"},{"floor":25,"key":"LifebloodPotion"}],"is_trial":false,"path_per_floor":["M","M","M","$","?","R","E","M","T","R","M","R","$","M","R","B",null,"M","M","?","M","?","E","M","M","T","?","R","?","$","?","R","B",null,"M","M","M","?","$","R","E"],"character_chosen":"THE_HERO","items_purchased":["relicPack:WeightedSword","animeID:HowitzerImpact","Fruit Juice","StrikeDummy","AttackPotion","Oddly Smooth Stone","hubris:EmptyBottle"],"campfire_rested":1,"item_purchase_floors":[13,13,13,30,30,39,39],"current_hp_per_floor":[82,82,82,82,87,87,49,49,59,59,58,58,63,63,63,31,102,97,80,112,76,76,41,35,88,88,88,88,88,88,88,88,17,112,112,81,7,7,7,40,0,0],"gold":92,"neow_bonus":"TEN_PERCENT_HP_BONUS","is_daily":false,"chose_seed":false,"campfire_upgraded":4,"win_rate":0.0,"timestamp":1611344340,"path_taken":["M","M","M","$","?","R","E","?","T","R","M","R","$","?","R","BOSS","M","M","?","?","?","E","M","M","T","?","R","?","$","?","R","BOSS","M","M","M","?","?","R","E"],"items_purchased_type":["Relic","Card","Potion","Relic","Potion","Relic","Relic"],"build_version":"2020-12-22","purchased_purges":0,"victory":false,"max_hp_per_floor":[82,82,82,82,87,87,87,87,97,97,97,97,102,102,102,102,102,102,102,112,112,112,112,112,112,112,112,112,112,112,112,112,112,112,112,112,112,112,112,112,112,112],"card_choices":[{"not_picked":["animeID:Mineta","animeID:Kaminari"],"picked":"animeID:Bakugo","floor":1},{"not_picked":["animeID:SkinnyGum","animeID:Aoyama"],"picked":"animeID:Bakugo","floor":2},{"not_picked":["animeID:TodorokiShoto","animeID:Mina"],"picked":"animeID:Mineta","floor":3},{"not_picked":["animeID:Tengai","animeID:Mina"],"picked":"animeID:Tamaki","floor":7},{"not_picked":["animeID:Muscular","animeID:Tomura"],"picked":"animeID:Deku","floor":8},{"not_picked":["animeID:Kirishima","animeID:ShootStyle"],"picked":"animeID:DelawareSmash","floor":11},{"not_picked":["animeID:Uraraka","animeID:Tsuyu"],"picked":"animeID:AllForOne","floor":14},{"not_picked":["animeID:Endeavor","animeID:AllForOne"],"picked":"animeID:PresentMic","floor":16},{"not_picked":["animeID:ToruHagakure","animeID:Mezo"],"picked":"animeID:DelawareSmash","floor":18},{"not_picked":["animeID:Mineta","animeID:Mina","animeID:Tsuyu"],"picked":"SKIP","floor":19},{"not_picked":["animeID:Bakugo","animeID:Uraraka"],"picked":"animeID:NightEye+1","floor":21},{"not_picked":["animeID:PresentMic","animeID:Kirishima"],"picked":"animeID:FullCowl","floor":23},{"not_picked":["animeID:Bakugo","animeID:DetroitSmash"],"picked":"animeID:FatGum+1","floor":24},{"not_picked":["animeID:Aoyama","animeID:TodorokiShoto"],"picked":"animeID:ToruHagakure","floor":25},{"not_picked":["animeID:Himiko","animeID:GranTorino+1"],"picked":"animeID:Iida","floor":35},{"not_picked":["animeID:Uraraka+1","animeID:Stain"],"picked":"animeID:DetroitDelaware+1","floor":36},{"not_picked":["animeID:MtLady+1","animeID:Crystallize"],"picked":"animeID:Uraraka+1","floor":37}],"player_experience":461384,"relics_obtained":[{"floor":7,"key":"Old Coin"},{"floor":9,"key":"Pear"},{"floor":23,"key":"vexMod:InvisibilityCloak"},{"floor":26,"key":"Garlic"}],"event_choices":[{"damage_healed":0,"gold_gain":0,"player_choice":"Got Potions","damage_taken":0,"max_hp_gain":0,"max_hp_loss":0,"event_name":"Lab","floor":5,"gold_loss":0},{"damage_healed":0,"gold_gain":0,"player_choice":"Upgraded","damage_taken":0,"max_hp_gain":0,"max_hp_loss":0,"event_name":"Upgrade Shrine","floor":15,"gold_loss":0,"cards_upgraded":["animeID:HowitzerImpact"]},{"cards_removed":["animeID:AllForOne"],"damage_healed":22,"gold_gain":0,"player_choice":"Offered Rare","damage_taken":0,"max_hp_gain":10,"max_hp_loss":0,"event_name":"Bonfire Elementals","floor":20,"gold_loss":0},{"damage_healed":0,"gold_gain":0,"player_choice":"Ignored","damage_taken":0,"max_hp_gain":0,"max_hp_loss":0,"event_name":"Vampires","floor":29,"gold_loss":0},{"damage_healed":0,"gold_gain":100,"player_choice":"Pray","damage_taken":0,"max_hp_gain":0,"max_hp_loss":0,"event_name":"Golden Shrine","floor":38,"gold_loss":0}],"is_beta":false,"boss_relics":[{"not_picked":["hubris:HollowSoul","relicPack:KazumaCape"],"picked":"SlaversCollar"},{"not_picked":["vexMod:RockOfEvil","vexMod:MysteryBossChallenge"],"picked":"vexMod:ImprovementManual"}],"items_purged_floors":[],"is_endless":false,"potions_floor_spawned":[1,8,14,16,21,25,33],"killed_by":"Nemesis","ascension_level":4}}