{"host":"Bilverbakes","time":1611352005,"event":{"mods":["2.2 Compatiblity","AchievementEnabler","BaseMod","Bestiary","Colored Map","Minty Spire (QoL Compilation)","Relic Stats","StSLib","ojb\u0027s Info Mod"],"gold_per_floor":[135,135,170,241,285,313,313,238,291,329,379,379,379,410,410,549,549,598,642,654,730,173,173,8,71,71,142,142,142,142,153,153,227,227,273,345,20,20,35,35,35],"floor_reached":40,"language":"ENG","playtime":2298,"items_purged":[],"score":1167,"play_id":"8fed29a3-dfd4-4596-a7d2-e7e6f827b761","local_time":"20210122154645","is_ascension_mode":true,"campfire_choices":[{"data":"Eruption","floor":7.0,"key":"SMITH"},{"data":"Wish","floor":13.0,"key":"SMITH"},{"data":"Wish","floor":15.0,"key":"SMITH"},{"floor":23.0,"key":"RECALL"},{"floor":29.0,"key":"REST"},{"floor":32.0,"key":"REST"}],"circlet_count":0,"master_deck":["AscendersBane","Eruption+1","Vigilance","Evaluate","Devotion+1","Collect","DeceiveReality","SignatureMove+1","Wish+1","BowlingBash","Wish+1","CrushJoints","Wallop","MasterReality","Wallop","Wireheading","FearNoEvil+1","SandsOfTime","LessonLearned+1","Evaluate+1"],"relics":["Pandora\u0027s Box","HornCleat","Sundial","Vajra","Mummified Hand","Centennial Puzzle","Fusion Hammer","Prayer Wheel","Chemical X","Damaru","TungstenRod","InkBottle","SlaversCollar","Membership Card","Pocketwatch"],"acts_visited":["Exordium","TheCity","TheBeyond"],"potions_floor_usage":[40,40],"damage_taken":[{"damage":0.0,"enemies":"Cultist","floor":1.0,"turns":3.0},{"damage":0.0,"enemies":"Small Slimes","floor":3.0,"turns":5.0},{"damage":0.0,"enemies":"2 Louse","floor":5.0,"turns":4.0},{"damage":0.0,"enemies":"Lagavulin","floor":6.0,"turns":6.0},{"damage":9.0,"enemies":"Exordium Thugs","floor":10.0,"turns":5.0},{"damage":4.0,"enemies":"3 Sentries","floor":11.0,"turns":4.0},{"damage":0.0,"enemies":"Gremlin Nob","floor":14.0,"turns":3.0},{"damage":20.0,"enemies":"Slime Boss","floor":16.0,"turns":6.0},{"damage":5.0,"enemies":"Spheric Guardian","floor":18.0,"turns":4.0},{"damage":0.0,"enemies":"Chosen","floor":19.0,"turns":3.0},{"damage":2.0,"enemies":"Snake Plant","floor":20.0,"turns":3.0},{"damage":4.0,"enemies":"Centurion and Healer","floor":21.0,"turns":4.0},{"damage":9.0,"enemies":"Slavers","floor":25.0,"turns":8.0},{"damage":13.0,"enemies":"Snecko","floor":27.0,"turns":4.0},{"damage":0.0,"enemies":"Gremlin Leader","floor":30.0,"turns":1.0},{"damage":0.0,"enemies":"Snake Plant","floor":31.0,"turns":1.0},{"damage":0.0,"enemies":"Collector","floor":33.0,"turns":4.0},{"damage":12.0,"enemies":"Orb Walker","floor":35.0,"turns":3.0},{"damage":8.0,"enemies":"3 Shapes","floor":36.0,"turns":4.0},{"damage":0.0,"enemies":"Maw","floor":39.0,"turns":4.0},{"damage":80,"enemies":"Reptomancer","floor":40,"turns":4}],"seed_played":"-1360089571440121999","potions_obtained":[{"floor":5.0,"key":"Ancient Potion"},{"floor":11.0,"key":"EssenceOfSteel"},{"floor":25.0,"key":"FearPotion"},{"floor":27.0,"key":"SmokeBomb"},{"floor":31.0,"key":"BottledMiracle"},{"floor":35.0,"key":"Ambrosia"},{"floor":39.0,"key":"Fire Potion"}],"is_trial":false,"path_per_floor":["M","T","M","?","M","E","R","?","T","M","E","?","R","E","R","B",null,"M","M","M","M","$","R","$","E","T","M","?","R","E","M","R","B",null,"M","M","$","?","M","E"],"character_chosen":"WATCHER","items_purchased":["Prayer Wheel","Chemical X","DuplicationPotion","Damaru","Membership Card","Pocketwatch"],"campfire_rested":2,"item_purchase_floors":[22,22,22,24,37,37],"current_hp_per_floor":[61,61,61,61,61,61,61,61,61,52,48,48,48,48,48,28,58,53,53,51,47,47,47,47,38,38,25,25,45,45,45,65,65,67,55,47,47,78,78,0,0],"gold":35,"neow_bonus":"BOSS_RELIC","is_daily":false,"chose_seed":false,"campfire_upgraded":3,"win_rate":0.0,"timestamp":1611352005,"path_taken":["M","?","M","?","M","E","R","?","T","M","E","?","R","E","R","BOSS","M","M","M","M","$","R","$","E","T","M","?","R","E","M","R","BOSS","M","M","$","?","?","E"],"items_purchased_type":["Relic","Relic","Potion","Relic","Relic","Relic"],"build_version":"2020-12-18","purchased_purges":0,"victory":false,"max_hp_per_floor":[68,68,68,68,68,68,68,68,68,68,68,68,68,68,68,68,68,68,68,68,68,68,68,68,68,68,68,68,68,68,68,68,68,68,68,68,68,78,78,78,78],"relic_stats":{"Centennial Puzzle":[27],"counters":[21,83],"Sundial":[12],"Mummified Hand":[44],"Pandora\u0027s Box":["Evaluate","ThirdEye","DeusExMachina","Devotion","Collect","DeceiveReality","SignatureMove","Wish"],"Prayer Wheel":5,"Chemical X":[7],"obtain_stats":[{"Vajra":9,"Damaru":24,"SlaversCollar":34,"Centennial Puzzle":14,"HornCleat":2,"Sundial":6,"Mummified Hand":11,"Pandora\u0027s Box":0,"Prayer Wheel":22,"Fusion Hammer":17,"Chemical X":22,"Membership Card":37,"PureWater":0,"TungstenRod":25,"InkBottle":26,"Pocketwatch":37},{"Vajra":4,"Damaru":12,"SlaversCollar":17,"Centennial Puzzle":7,"HornCleat":1,"Sundial":4,"Mummified Hand":6,"Pandora\u0027s Box":0,"Prayer Wheel":12,"Fusion Hammer":8,"Chemical X":12,"Membership Card":19,"PureWater":0,"TungstenRod":13,"InkBottle":13,"Pocketwatch":19},{"Vajra":18,"Damaru":50,"SlaversCollar":68,"Centennial Puzzle":30,"HornCleat":3,"Sundial":18,"Mummified Hand":27,"Pandora\u0027s Box":0,"Prayer Wheel":50,"Fusion Hammer":36,"Chemical X":50,"Membership Card":75,"PureWater":0,"TungstenRod":58,"InkBottle":58,"Pocketwatch":75}],"TungstenRod":8,"InkBottle":[11],"Pocketwatch":[5]},"card_choices":[{"not_picked":["ThirdEye","CrushJoints","EmptyFist"],"picked":"SKIP","floor":1.0},{"not_picked":["Consecrate","FlyingSleeves"],"picked":"BowlingBash","floor":3.0},{"not_picked":["FollowUp","EmptyFist"],"picked":"Wish","floor":5.0},{"not_picked":["EmptyBody","Fasting2","Sanctity"],"picked":"SKIP","floor":6.0},{"not_picked":["FollowUp","JustLucky"],"picked":"CrushJoints","floor":10.0},{"not_picked":["InnerPeace","FlurryOfBlows"],"picked":"Wallop","floor":11.0},{"not_picked":["Ragnarok","ClearTheMind","Judgement"],"picked":"SKIP","floor":14.0},{"not_picked":["Judgement","Blasphemy"],"picked":"MasterReality","floor":16.0},{"not_picked":["ThirdEye","FlyingSleeves","Evaluate"],"picked":"SKIP","floor":18.0},{"not_picked":["FlyingSleeves","FearNoEvil"],"picked":"Wallop","floor":19.0},{"not_picked":["ForeignInfluence","EmptyBody","WindmillStrike"],"picked":"SKIP","floor":20.0},{"not_picked":["JustLucky","Evaluate","EmptyFist"],"picked":"SKIP","floor":21.0},{"not_picked":["WindmillStrike","Vengeance","Protect"],"picked":"SKIP","floor":25.0},{"not_picked":["EmptyFist","JustLucky"],"picked":"Wireheading","floor":27.0},{"not_picked":["FlurryOfBlows","FlyingSleeves","Wireheading"],"picked":"SKIP","floor":27.0},{"not_picked":["Wish","JustLucky"],"picked":"FearNoEvil","floor":31.0},{"not_picked":["Worship","Prostrate"],"picked":"SandsOfTime","floor":31.0},{"not_picked":["ConjureBlade","Alpha"],"picked":"LessonLearned","floor":33.0},{"not_picked":["CutThroughFate","Evaluate","SashWhip"],"picked":"SKIP","floor":35.0},{"not_picked":["DeceiveReality","Crescendo","ClearTheMind"],"picked":"SKIP","floor":35.0},{"not_picked":["MentalFortress","SashWhip","PathToVictory"],"picked":"SKIP","floor":36.0},{"not_picked":["BowlingBash+1","FlurryOfBlows","Consecrate"],"picked":"SKIP","floor":36.0},{"not_picked":["Judgement","EmptyBody+1"],"picked":"Evaluate+1","floor":39.0},{"not_picked":["Prostrate","Halt","FollowUp"],"picked":"SKIP","floor":39.0}],"player_experience":776140,"relics_obtained":[{"floor":2.0,"key":"HornCleat"},{"floor":6.0,"key":"Sundial"},{"floor":9.0,"key":"Vajra"},{"floor":11.0,"key":"Mummified Hand"},{"floor":14.0,"key":"Centennial Puzzle"},{"floor":25.0,"key":"TungstenRod"},{"floor":26.0,"key":"InkBottle"}],"event_choices":[{"damage_healed":0.0,"max_hp_gain":0.0,"max_hp_loss":0.0,"gold_gain":71.0,"event_name":"Golden Wing","player_choice":"Gained Gold","floor":4.0,"gold_loss":0.0,"damage_taken":0.0},{"cards_removed":["ThirdEye"],"damage_healed":0.0,"max_hp_gain":0.0,"max_hp_loss":0.0,"gold_gain":0.0,"event_name":"The Cleric","player_choice":"Card Removal","floor":8.0,"gold_loss":75.0,"damage_taken":0.0},{"damage_healed":0.0,"max_hp_gain":0.0,"max_hp_loss":0.0,"gold_gain":0.0,"event_name":"Accursed Blacksmith","player_choice":"Forge","floor":12.0,"gold_loss":0.0,"damage_taken":0.0,"cards_upgraded":["SignatureMove"]},{"damage_healed":0.0,"max_hp_gain":0.0,"max_hp_loss":0.0,"gold_gain":0.0,"event_name":"Vampires","player_choice":"Ignored","floor":28.0,"gold_loss":0.0,"damage_taken":0.0},{"cards_removed":["DeusExMachina"],"damage_healed":21.0,"max_hp_gain":10.0,"max_hp_loss":0.0,"gold_gain":0.0,"event_name":"Bonfire Elementals","player_choice":"Offered Rare","floor":38.0,"gold_loss":0.0,"damage_taken":0.0}],"is_beta":true,"boss_relics":[{"not_picked":["SacredBark","Cursed Key"],"picked":"Fusion Hammer"},{"not_picked":["Tiny House","Coffee Dripper"],"picked":"SlaversCollar"}],"items_purged_floors":[],"is_endless":false,"potions_floor_spawned":[5,11,16,18,25,27,31,33,35,39],"killed_by":"Reptomancer","ascension_level":20}}