{"host":"KYO","time":1611312340,"event":{"mods":["ATMod(°¢èªMod)","BaseMod","Minty Spire (QoL Compilation)","Permanent Neow","Shop Mod","StSLib","SuperFastMode","TestMod","[IsaacMod]ÒÔÈö¼âËþ","¡¾ÒÅÎï¿¨ÅÆ¡¿REMEMod"],"gold_per_floor":[116,135,535,554,629,629,661,661,711,722,772,807,418,447,447,545,545,592,507,507,507,244,309,309,377,377,431,477,525,573,590,590,726,726,733,733],"floor_reached":35,"language":"ZHS","playtime":2427,"items_purged":["Defend_P"],"score":1091,"play_id":"7639e363-e455-40f4-aded-4c07fdcd35ee","local_time":"20210122184540","is_ascension_mode":true,"campfire_choices":[{"data":"AT_LightSaberMaster","floor":6.0,"key":"SMITH"},{"data":"Study","floor":8.0,"key":"SMITH"},{"data":"Eruption","floor":15.0,"key":"SMITH"},{"data":"Adaptation","floor":32.0,"key":"SMITH"}],"circlet_count":0,"master_deck":["AscendersBane","Strike_P","Strike_P","Strike_P","Strike_P","Defend_P","Defend_P","Defend_P","Eruption+1","Vigilance","AT_LightSaberMaster+1","After Image","JustLucky","FollowUp","Study+1","Adaptation+1","Wish","Prostrate","Brilliance","REME_MusicOfDeath","AT_MachinaRedman"],"relics":["HushsDoor","REME_ComplimentaryCards","testmod-TestBox","MoneyPower","testmod-SaigiyounoYou","VioletLotus","REME_PuzzleBoxRelic","Thread and Needle","SteamSale","MerchantsRug","AT_PhaseBoots","testmod-Acrobat","testmod-CardMagician","Oddly Smooth Stone","Bag of Marbles","TheAbacus","Bottled Tornado","AT_BellDemon","PunchingBag","AT_ForceNature","testmod-LifeArmor","Busted Crown"],"acts_visited":["Exordium","TheCity","TheBeyond"],"potions_floor_usage":[35],"damage_taken":[{"damage":15.0,"enemies":"Jaw Worm","floor":1.0,"turns":6.0},{"damage":15.0,"enemies":"Small Slimes","floor":2.0,"turns":5.0},{"damage":0.0,"enemies":"2 Louse","floor":4.0,"turns":3.0},{"damage":11.0,"enemies":"Lagavulin","floor":7.0,"turns":6.0},{"damage":6.0,"enemies":"Exordium Thugs","floor":10.0,"turns":2.0},{"damage":10.0,"enemies":"3 Sentries","floor":12.0,"turns":5.0},{"damage":15.0,"enemies":"Lagavulin","floor":14.0,"turns":5.0},{"damage":0.0,"enemies":"Slime Boss","floor":16.0,"turns":6.0},{"damage":5.0,"enemies":"2 Thieves","floor":18.0,"turns":4.0},{"damage":41.0,"enemies":"Gremlin Leader","floor":23.0,"turns":5.0},{"damage":3.0,"enemies":"REME_1_Revenger","floor":25.0,"turns":5.0},{"damage":10.0,"enemies":"3 Byrds","floor":27.0,"turns":7.0},{"damage":9.0,"enemies":"Gremlin Leader","floor":28.0,"turns":4.0},{"damage":10.0,"enemies":"Shelled Parasite and Fungi","floor":29.0,"turns":5.0},{"damage":0.0,"enemies":"3 Cultists","floor":30.0,"turns":3.0},{"damage":1.0,"enemies":"Snake Plant","floor":31.0,"turns":3.0},{"damage":23,"enemies":"Collector","floor":33,"turns":8},{"damage":50000004,"enemies":"3 Darklings","floor":35,"turns":4}],"seed_played":"-9082382052555505686","potions_obtained":[{"floor":1.0,"key":"CultistPotion"},{"floor":4.0,"key":"SteroidPotion"},{"floor":10.0,"key":"ColorlessPotion"},{"floor":16.0,"key":"testmod-SpacePotion"},{"floor":23.0,"key":"BlessingOfTheForge"},{"floor":30.0,"key":"Weak Potion"},{"floor":31.0,"key":"Block Potion"},{"floor":33,"key":"Strength Potion"}],"is_trial":false,"path_per_floor":["M","M","?","M","?","R","E","R","T","M","?","E","$","E","R","B",null,"M","?","?","?","$","E","T","E","T","M","E","M","M","M","R","B",null,"M"],"character_chosen":"WATCHER","items_purchased":["SteamSale","MerchantsRug","AT_SpeedBoots","EntropicBrew","Adaptation","Bag of Marbles","TheAbacus","Fruit Juice"],"campfire_rested":0,"item_purchase_floors":[13,13,13,13,13,22,22,22],"current_hp_per_floor":[55,46,46,50,39,39,37,37,37,35,35,34,34,34,34,53,64,68,68,68,68,73,42,42,52,52,62,66,66,73,73,73,72,73,0,0],"gold":733,"neow_bonus":"BOSS_RELIC","is_daily":false,"chose_seed":false,"campfire_upgraded":4,"win_rate":0.0,"timestamp":1611312340,"path_taken":["M","M","?","M","?","R","E","R","T","M","?","E","$","E","R","BOSS","M","?","?","?","$","E","?","E","T","?","E","M","M","M","R","BOSS","M"],"items_purchased_type":["Relic","Relic","Relic","Potion","Card","Relic","Relic","Potion"],"build_version":"2020-12-18","purchased_purges":1,"victory":false,"max_hp_per_floor":[68,68,68,68,68,68,68,68,68,68,68,68,68,68,68,68,68,68,68,68,68,73,73,73,73,73,73,73,73,73,73,73,73,73,73,73],"card_choices":[{"not_picked":[],"picked":"Bomb","floor":0.0},{"not_picked":["DeceiveReality","ClearTheMind"],"picked":"JustLucky","floor":1.0},{"not_picked":["SandsOfTime","Vengeance"],"picked":"FollowUp","floor":2.0},{"not_picked":["DeceiveReality","Vengeance","REME_Repentance"],"picked":"SKIP","floor":4.0},{"not_picked":["CarveReality","PathToVictory"],"picked":"Study","floor":7.0},{"not_picked":["Tantrum","Conclude","Halt"],"picked":"SKIP","floor":10.0},{"not_picked":["WaveOfTheHand","ReachHeaven","Evaluate"],"picked":"SKIP","floor":12.0},{"not_picked":["Conclude","Tantrum","Halt"],"picked":"SKIP","floor":14.0},{"not_picked":["AT_ChampionKick","DeusExMachina"],"picked":"Wish","floor":16.0},{"not_picked":["EmptyBody","EmptyFist"],"picked":"Prostrate","floor":18.0},{"not_picked":["AT_SoftenMuscles","Conclude"],"picked":"Brilliance","floor":23.0},{"not_picked":["Consecrate+1","BowlingBash"],"picked":"REME_MusicOfDeath","floor":25.0},{"not_picked":["Conclude","Halt","SandsOfTime"],"picked":"SKIP","floor":27.0},{"not_picked":["Weave","EmptyFist","Worship"],"picked":"SKIP","floor":28.0},{"not_picked":["Evaluate","Meditate+1","Worship"],"picked":"SKIP","floor":29.0},{"not_picked":["Prostrate","REME_WorshipGod","ClearTheMind"],"picked":"SKIP","floor":30.0},{"not_picked":["EmptyBody","CarveReality","WheelKick"],"picked":"SKIP","floor":31.0},{"not_picked":["Omniscience","Judgement"],"picked":"AT_MachinaRedman","floor":33}],"player_experience":651930,"relics_obtained":[{"floor":7.0,"key":"REME_PuzzleBoxRelic"},{"floor":12.0,"key":"Thread and Needle"},{"floor":14.0,"key":"testmod-Acrobat"},{"floor":23.0,"key":"Bottled Tornado"},{"floor":24.0,"key":"AT_BellDemon"},{"floor":25.0,"key":"PunchingBag"},{"floor":26.0,"key":"AT_ForceNature"},{"floor":28.0,"key":"testmod-LifeArmor"}],"event_choices":[{"damage_healed":0.0,"max_hp_gain":0.0,"max_hp_loss":0.0,"gold_gain":400.0,"event_name":"¶÷ÂåË¹µÄÅÌ×Ó","player_choice":"Sell","floor":3.0,"relics_lost":["AT_ATBox"],"gold_loss":0.0,"damage_taken":0.0},{"damage_healed":0.0,"max_hp_gain":0.0,"max_hp_loss":0.0,"gold_gain":75.0,"event_name":"World of Goop","player_choice":"Gather Gold","floor":5.0,"gold_loss":0.0,"damage_taken":11.0},{"damage_healed":0.0,"max_hp_gain":0.0,"max_hp_loss":0.0,"gold_gain":50.0,"event_name":"Golden Shrine","player_choice":"Pray","floor":11.0,"gold_loss":0.0,"damage_taken":0.0},{"damage_healed":0.0,"max_hp_gain":0.0,"max_hp_loss":0.0,"gold_gain":0.0,"event_name":"Addict","player_choice":"Obtained Relic","floor":19.0,"gold_loss":85.0,"damage_taken":0.0,"relics_obtained":["Oddly Smooth Stone"]},{"damage_healed":0.0,"max_hp_gain":0.0,"max_hp_loss":0.0,"gold_gain":0.0,"event_name":"Ghosts","player_choice":"Ignored","floor":20.0,"gold_loss":0.0,"damage_taken":0.0},{"damage_healed":0.0,"max_hp_gain":0.0,"max_hp_loss":0.0,"gold_gain":0.0,"event_name":"Cursed Tome","player_choice":"Ignored","floor":21.0,"gold_loss":0.0,"damage_taken":0.0}],"is_beta":true,"boss_relics":[{"not_picked":["Fusion Hammer","testmod-Temperance"],"picked":"testmod-CardMagician"},{"not_picked":[]},{"not_picked":["Runic Dome","testmod-KeyOfTheVoid"],"picked":"Busted Crown"},{"not_picked":[]}],"items_purged_floors":[22],"is_endless":false,"potions_floor_spawned":[1,4,10,16,23,30,31,33],"killed_by":"3 Darklings","ascension_level":20}}