{"host":"scy0o1xotfn36lpl","time":1611341641,"event":{"mods":["AchievementEnabler","Aspiration","BaseMod","Better Altar","Better Note","Better Sensory Stone","Better Skull","Better Third Choice","Colored Map","Curses Come First","Downfall","GifTheSpireLib","Googly Eyes","Highlight Path","Minty Spire (QoL Compilation)","Permanent Neow","Spicy Shops","StSLib","everything is the same but u backflip on backflip"],"gold_per_floor":[110,129,146,156,166,199,199,214,214,214,214,214,232,263,263,359,359,372,372,387,404,404,404,404,404],"floor_reached":24,"language":"ENG","playtime":2422,"items_purged":[],"score":210,"play_id":"190a280e-1ae7-4163-9e9f-6f2f2e7c2be0","local_time":"20210122105401","is_ascension_mode":false,"campfire_choices":[{"floor":7,"key":"REST"},{"data":"Eruption","floor":10,"key":"SMITH"},{"data":"Collect","floor":12,"key":"SMITH"},{"floor":15,"key":"REST"},{"floor":23,"key":"REST"}],"circlet_count":0,"master_deck":["Strike_P","Strike_P","Strike_P","Strike_P","Defend_P","Defend_P","Defend_P","Defend_P","Eruption+1","Vigilance","Ragnarok","ClearTheMind","EmptyBody","CutThroughFate","FlurryOfBlows","Collect+1","EmptyFist","FlurryOfBlows","DevaForm","Evaluate+1","FlurryOfBlows+1"],"relics":["PureWater","Mango","StoneCalendar","MealTicket","Black Star","betterThird:NestCultRelic"],"acts_visited":["Exordium","TheCity"],"potions_floor_usage":[6,6,16],"damage_taken":[{"damage":14,"enemies":"Jaw Worm","floor":1,"turns":3},{"damage":7,"enemies":"Cultist","floor":2,"turns":4},{"damage":5,"enemies":"Small Slimes","floor":3,"turns":4},{"damage":2,"enemies":"Looter","floor":4,"turns":4},{"damage":10,"enemies":"Gremlin Gang","floor":5,"turns":5},{"damage":10,"enemies":"3 Sentries","floor":6,"turns":3},{"damage":0,"enemies":"Blue Slaver","floor":8,"turns":4},{"damage":28,"enemies":"Large Slime","floor":13,"turns":6},{"damage":18,"enemies":"Lagavulin","floor":14,"turns":7},{"damage":24,"enemies":"Slime Boss","floor":16,"turns":7},{"damage":27,"enemies":"Shell Parasite","floor":18,"turns":5},{"damage":17,"enemies":"Spheric Guardian","floor":20,"turns":4},{"damage":38,"enemies":"3 Cultists","floor":21,"turns":6},{"damage":0,"enemies":"Slavers","floor":24,"turns":1}],"seed_played":"8222429994304995566","potions_obtained":[{"floor":1,"key":"BlessingOfTheForge"},{"floor":4,"key":"SteroidPotion"},{"floor":5,"key":"Weak Potion"},{"floor":14,"key":"Explosive Potion"},{"floor":16,"key":"FearPotion"},{"floor":18,"key":"bronze:BurnAndBuffPotion"}],"is_trial":false,"path_per_floor":["M","M","M","M","M","E","R","M","T","R","?","R","M","E","R","B",null,"M","?","M","M","?","R","E"],"character_chosen":"WATCHER","items_purchased":[],"campfire_rested":3,"item_purchase_floors":[],"current_hp_per_floor":[58,51,46,44,34,38,63,63,63,63,63,63,35,17,42,18,86,59,59,42,4,4,29,29,29],"gold":404,"neow_bonus":"ONE_RANDOM_RARE_CARD","is_daily":false,"chose_seed":false,"campfire_upgraded":2,"win_rate":0.0,"timestamp":1611341641,"path_taken":["M","M","M","M","M","E","R","M","T","R","?","R","M","E","R","BOSS","M","?","M","?","?","R","E"],"items_purchased_type":[],"build_version":"2020-12-22","purchased_purges":0,"victory":false,"max_hp_per_floor":[72,72,72,72,72,86,86,86,86,86,86,86,86,86,86,86,86,86,86,86,86,86,86,86,86],"card_choices":[{"not_picked":["Indignation","SashWhip"],"picked":"ClearTheMind","floor":1},{"not_picked":["Worship","ClearTheMind"],"picked":"EmptyBody","floor":2},{"not_picked":["Nirvana","FearNoEvil"],"picked":"CutThroughFate","floor":3},{"not_picked":["Perseverance","Adaptation"],"picked":"FlurryOfBlows","floor":4},{"not_picked":["EmptyMind","Halt"],"picked":"Collect","floor":5},{"not_picked":["CrushJoints","Vault","FlyingSleeves"],"picked":"SKIP","floor":6},{"not_picked":["WheelKick","Protect"],"picked":"EmptyFist","floor":8},{"not_picked":["EmptyBody","Crescendo"],"picked":"FlurryOfBlows","floor":13},{"not_picked":["Collect","SignatureMove"],"picked":"DevaForm","floor":14},{"not_picked":["FearNoEvil","Adaptation+1"],"picked":"Evaluate+1","floor":18},{"not_picked":["ClearTheMind","WreathOfFlame","EmptyMind"],"picked":"SKIP","floor":20},{"not_picked":["EmptyBody","Nirvana+1"],"picked":"FlurryOfBlows+1","floor":21}],"player_experience":47965,"relics_obtained":[{"floor":6,"key":"Mango"},{"floor":9,"key":"StoneCalendar"},{"floor":14,"key":"MealTicket"}],"event_choices":[{"damage_healed":0,"gold_gain":0,"player_choice":"Ignored","damage_taken":0,"max_hp_gain":0,"max_hp_loss":0,"event_name":"Golden Wing","floor":11,"gold_loss":0},{"damage_healed":0,"gold_gain":0,"player_choice":"Ignored","damage_taken":0,"max_hp_gain":0,"max_hp_loss":0,"event_name":"betterNote:BetterNote","floor":19,"gold_loss":0,"cards_obtained":["MasterReality"]},{"damage_healed":0,"gold_gain":0,"player_choice":"Madness","damage_taken":0,"relics_obtained":["betterThird:NestCultRelic"],"max_hp_gain":0,"max_hp_loss":0,"event_name":"betterThird:BetterNest","floor":22,"gold_loss":0}],"is_beta":false,"boss_relics":[{"not_picked":["aspiration:PoetsPen_weak","Busted Crown"],"picked":"Black Star"}],"items_purged_floors":[],"is_endless":false,"potions_floor_spawned":[1,4,5,14,16,18,21],"killed_by":"Slavers","ascension_level":0}}