{"host":"sc0o2qwpf9j16a4i","time":1611326592,"event":{"mods":["AchievementEnabler","BaseMod","BetterRewards","Block Reminder","Colored Map","Colored Powertips","Custom Start","Highlight Path","Minty Spire (QoL Compilation)","Relic Stats"],"gold_per_floor":[119,130,130,405,424,451,451,451,451],"floor_reached":8,"language":"ENG","playtime":209,"items_purged":[],"score":112,"play_id":"c5b87f2f-b83c-4d92-9084-a66cbffc419f","local_time":"20210122164312","daily_mods":["Allstar","Green Cards","Elite Swarm"],"is_ascension_mode":true,"campfire_choices":[{"floor":7,"key":"REST"}],"circlet_count":0,"master_deck":["AscendersBane","Strike_B","Strike_B","Strike_B","Strike_B","Defend_B","Defend_B","Defend_B","Defend_B","Zap","Dualcast","Impatience","Thinking Ahead","Mayhem","Mayhem","Sadistic Nature","White Noise","Storm","Regret","Crippling Poison","Core Surge"],"relics":["Cracked Core","Gremlin Horn"],"acts_visited":["Exordium"],"potions_floor_usage":[],"damage_taken":[{"damage":2,"enemies":"Cultist","floor":1,"turns":4},{"damage":0,"enemies":"Small Slimes","floor":2,"turns":3},{"damage":7,"enemies":"2 Louse","floor":5,"turns":3},{"damage":44,"enemies":"Lagavulin","floor":6,"turns":7},{"damage":51,"enemies":"Gremlin Nob","floor":8,"turns":4}],"seed_played":"-3256060952249910659","potions_obtained":[],"is_trial":true,"path_per_floor":["M","M","?","?","M","E","R","E"],"character_chosen":"DEFECT","items_purchased":[],"campfire_rested":1,"item_purchase_floors":[],"current_hp_per_floor":[62,62,67,67,60,16,38,0,0],"gold":451,"neow_bonus":"","is_daily":false,"chose_seed":false,"campfire_upgraded":0,"win_rate":0.0,"timestamp":1611326592,"path_taken":["M","M","?","?","?","E","R","E"],"items_purchased_type":[],"build_version":"2020-12-22","purchased_purges":0,"victory":false,"max_hp_per_floor":[71,71,76,76,76,76,76,76,76],"relic_stats":{"Gremlin Horn":[0,0],"counters":[5,21],"obtain_stats":[{"Gremlin Horn":6,"Cracked Core":0},{"Gremlin Horn":4,"Cracked Core":0},{"Gremlin Horn":17,"Cracked Core":0}]},"card_choices":[{"not_picked":["Beam Cell","Bane"],"picked":"White Noise","floor":1},{"not_picked":["Dagger Throw","Steam"],"picked":"Storm","floor":2},{"not_picked":["Recycle","Cloak And Dagger"],"picked":"Crippling Poison","floor":5},{"not_picked":["All For One","Die Die Die"],"picked":"Core Surge","floor":6}],"player_experience":886923,"relics_obtained":[{"floor":6,"key":"Gremlin Horn"}],"event_choices":[{"damage_healed":0,"gold_gain":0,"player_choice":"Donut","damage_taken":0,"max_hp_gain":5,"max_hp_loss":0,"event_name":"Big Fish","floor":3,"gold_loss":0},{"damage_healed":0,"gold_gain":275,"player_choice":"Desecrate","damage_taken":0,"max_hp_gain":0,"max_hp_loss":0,"event_name":"Golden Shrine","floor":4,"gold_loss":0,"cards_obtained":["Regret"]}],"is_beta":false,"boss_relics":[],"items_purged_floors":[],"is_endless":false,"potions_floor_spawned":[],"killed_by":"Gremlin Nob","ascension_level":20}}