{"host":"mi0eibewekhugwl1","time":1611317404,"event":{"mods":["AchievementEnabler","BaseMod","Colored Map","Colored Powertips","DeckTracker","Keyboard Shortcuts","Minty Spire (QoL Compilation)","Quick Restart","Rare Cards Sparkle","Relic Stats","StSLib","SuperFastMode","everything is the same but u backflip on backflip"],"gold_per_floor":[110,110,129,140,65,65,81,81,126,136,136,154,172,190,190,190,190],"floor_reached":16,"language":"KOR","playtime":214,"items_purged":[],"score":192,"play_id":"28d542a2-acf2-4c64-888d-cb04c8d05b61","local_time":"20210122211004","is_ascension_mode":true,"campfire_choices":[{"data":"Beam Cell","floor":6,"key":"SMITH"},{"data":"Rip and Tear","floor":8,"key":"SMITH"},{"data":"Sunder","floor":15,"key":"SMITH"}],"circlet_count":0,"master_deck":["AscendersBane","Strike_B","Strike_B","Strike_B","Defend_B","Defend_B","Defend_B","Defend_B","Zap+1","Dualcast","Beam Cell+1","Rip and Tear+1","FTL","Sunder+1","Glacier","Sweeping Beam","Coolheaded"],"relics":["Cracked Core","NeowsBlessing","Nunchaku","Ancient Tea Set"],"acts_visited":["Exordium"],"potions_floor_usage":[16],"damage_taken":[{"damage":0,"enemies":"Cultist","floor":1,"turns":1},{"damage":0,"enemies":"Small Slimes","floor":3,"turns":1},{"damage":0,"enemies":"Jaw Worm","floor":4,"turns":1},{"damage":3,"enemies":"Blue Slaver","floor":7,"turns":2},{"damage":0,"enemies":"3 Louse","floor":10,"turns":3},{"damage":21,"enemies":"Gremlin Gang","floor":12,"turns":3},{"damage":0,"enemies":"Exordium Wildlife","floor":13,"turns":3},{"damage":11,"enemies":"2 Fungi Beasts","floor":14,"turns":3},{"damage":21,"enemies":"Slime Boss","floor":16,"turns":6}],"seed_played":"-8532553905621513282","potions_obtained":[{"floor":3,"key":"SpeedPotion"},{"floor":7,"key":"GamblersBrew"},{"floor":14,"key":"FocusPotion"}],"is_trial":false,"path_per_floor":["M","?","M","M","?","R","M","R","T","M","?","M","M","M","R","B"],"character_chosen":"DEFECT","items_purchased":[],"campfire_rested":0,"item_purchase_floors":[],"current_hp_per_floor":[64,64,64,64,64,64,61,61,61,61,50,29,29,18,18,0,0],"gold":190,"neow_bonus":"THREE_ENEMY_KILL","is_daily":false,"chose_seed":false,"campfire_upgraded":3,"win_rate":0.0,"timestamp":1611317404,"path_taken":["M","?","?","M","?","R","M","R","T","M","?","M","M","M","R","BOSS"],"items_purchased_type":[],"build_version":"2020-12-22","purchased_purges":0,"victory":false,"max_hp_per_floor":[71,71,71,71,71,71,71,71,71,71,71,71,71,71,71,71,71],"relic_stats":{"Nunchaku":[3],"counters":[9,23],"obtain_stats":[{"Nunchaku":9,"NeowsBlessing":0,"Cracked Core":0,"Ancient Tea Set":11},{"Nunchaku":4,"NeowsBlessing":0,"Cracked Core":0,"Ancient Tea Set":5},{"Nunchaku":5,"NeowsBlessing":0,"Cracked Core":0,"Ancient Tea Set":8}]},"card_choices":[{"not_picked":["Aggregate","Conserve Battery"],"picked":"Beam Cell","floor":1},{"not_picked":["Auto Shields","Turbo"],"picked":"Rip and Tear","floor":3},{"not_picked":["Compile Driver","Streamline"],"picked":"FTL","floor":4},{"not_picked":["Double Energy","Fusion","Compile Driver"],"picked":"SKIP","floor":7},{"not_picked":["Meteor Strike","Coolheaded"],"picked":"Sunder","floor":10},{"not_picked":["Aggregate","Conserve Battery"],"picked":"Glacier","floor":12},{"not_picked":["Streamline","Stack"],"picked":"Sweeping Beam","floor":13},{"not_picked":["Storm","Rebound"],"picked":"Coolheaded","floor":14}],"player_experience":1753105,"relics_obtained":[{"floor":9,"key":"Nunchaku"}],"event_choices":[{"damage_healed":0,"gold_gain":0,"player_choice":"Forge","damage_taken":0,"max_hp_gain":0,"max_hp_loss":0,"event_name":"Accursed Blacksmith","floor":2,"gold_loss":0,"cards_upgraded":["Zap"]},{"cards_removed":["Strike_B"],"damage_healed":0,"gold_gain":0,"player_choice":"Card Removal","damage_taken":0,"max_hp_gain":0,"max_hp_loss":0,"event_name":"The Cleric","floor":5,"gold_loss":75},{"damage_healed":0,"gold_gain":0,"player_choice":"Success","damage_taken":11,"relics_obtained":["Ancient Tea Set"],"max_hp_gain":0,"max_hp_loss":0,"event_name":"Scrap Ooze","floor":11,"gold_loss":0}],"is_beta":false,"boss_relics":[],"items_purged_floors":[],"is_endless":false,"potions_floor_spawned":[3,7,12,14],"killed_by":"Slime Boss","ascension_level":20}}