{"host":"qmnyg5dk1o6rw6mz","time":1611335963,"event":{"mods":["100% Spire Juice","2.2 Compatiblity","AchievementEnabler","Act Like it!","Arknights The Spire","Aspiration","Astrologer","BaseMod","Better Third Choice","Blackmage（黑魔法?）","CapriCore","Challenge The Spire","Colored Map","Colored Powertips","Conjunction","Conspire","DeckTracker","Defuse TimeMaze Blight","Disable Question Mark Monsters","Energized Spire","Friendly Minions","Gensokyo","GifTheSpireLib","Hermit","Highlight Path","HololiveMod","HornydragonMod","Hubris","Infinite Spire","Jedi Mod","KinomotoSakuraMod(木之本?)","Kiyohime（清姬）","Koishi","KomeijiMod","LagranYue(拉格朗·月)","Marisa（霧雨　魔理沙）","Minty Spire (QoL Compilation)","Pale of the Ancients","Permanent Neow","Prisma Mod","Quick Restart","Reimu（博???）","SIMod","StSLib","Stuff the Spire","The Administrix","The Alterego","The Animator","The Cursed","The Gatherer","The Hierophant","The Immortal","The Marked","The Mystic","The Runesmith","The Saiyan","The Senshi","The Showman","Unceasing Turn Reminder","Waifu the Spire","WarShipGirlsR/??少女R mod","Youmu（魂魄妖?）","Yuri Mod","Yuyuko","vexMod"],"gold_per_floor":[115,132,232,252,269,295,295,312,366,380,397,411,411,430,430,430,430],"floor_reached":16,"language":"ZHS","playtime":552,"items_purged":[],"score":108,"play_id":"63f92437-d0a5-41b5-a212-0963b3bfa41d","local_time":"20210123011923","is_ascension_mode":false,"campfire_choices":[{"data":"KiyohimeMod:JeweledSword","floor":7,"key":"SMITH"},{"floor":13,"key":"REST"},{"data":"KiyohimeMod:CommandCard_Buster","floor":15,"key":"SMITH"}],"circlet_count":0,"master_deck":["KiyohimeMod:Strike","KiyohimeMod:Strike","KiyohimeMod:Strike","KiyohimeMod:Strike","KiyohimeMod:Defend","KiyohimeMod:Defend","KiyohimeMod:Defend","KiyohimeMod:Defend","KiyohimeMod:Track","KiyohimeMod:FlameKiss","KiyohimeMod:Shapeshift","KiyohimeMod:DragonVein","KiyohimeMod:Fragarach","KiyohimeMod:BlueBlackKey","KiyohimeMod:RedBlackKey","KiyohimeMod:JeweledSword+1","KiyohimeMod:CommandCard_Buster+1","KiyohimeMod:Preemptive","KiyohimeMod:Preemptive"],"relics":["KiyohimeMod:FireDragon","LagranYue:RandomDrawCardRelic","aspiration:Nostalgia","alterego_mod:MasochisticConstitution","hubris:OldNail"],"acts_visited":["Exordium"],"potions_floor_usage":[6,12,14],"damage_taken":[{"damage":0,"enemies":"2 Louse","floor":1,"turns":3},{"damage":5,"enemies":"Cultist","floor":2,"turns":4},{"damage":12,"enemies":"Small Slimes","floor":4,"turns":4},{"damage":8,"enemies":"Exordium Wildlife","floor":5,"turns":4},{"damage":15,"enemies":"Gremlin Nob","floor":6,"turns":4},{"damage":5,"enemies":"Looter","floor":8,"turns":2},{"damage":0,"enemies":"3 Louse","floor":10,"turns":3},{"damage":13,"enemies":"Blue Slaver","floor":11,"turns":2},{"damage":0,"enemies":"2 Fungi Beasts","floor":12,"turns":3},{"damage":7,"enemies":"conspire:2 RoseBushes","floor":14,"turns":4},{"damage":21,"enemies":"The Guardian","floor":16,"turns":3}],"seed_played":"-7815931061995940422","potions_obtained":[{"floor":1,"key":"EssenceOfSteel"},{"floor":4,"key":"Energy Potion"},{"floor":5,"key":"SkillPotion"},{"floor":12,"key":"Fire Potion"}],"is_trial":false,"path_per_floor":["M","M","?","M","M","E","R","M","T","M","M","M","R","M","R","B"],"character_chosen":"Kiyohime","items_purchased":[],"campfire_rested":1,"item_purchase_floors":[],"current_hp_per_floor":[60,56,56,45,38,24,24,20,20,20,8,8,27,21,21,0,0],"gold":430,"neow_bonus":"NOSTALGIA","is_daily":false,"chose_seed":false,"campfire_upgraded":2,"win_rate":0.0,"timestamp":1611335963,"path_taken":["M","M","?","M","M","E","R","?","T","M","M","M","R","?","R","BOSS"],"items_purchased_type":[],"build_version":"2020-12-22","purchased_purges":0,"victory":false,"max_hp_per_floor":[60,61,61,62,63,64,64,65,65,65,66,66,66,67,67,67,67],"card_choices":[{"not_picked":["KiyohimeMod:RedBlackKey","KiyohimeMod:CommandCard_Quick"],"picked":"KiyohimeMod:DragonVein","floor":1},{"not_picked":["KiyohimeMod:WaterTurn","KiyohimeMod:AndSoTheShipConquers"],"picked":"KiyohimeMod:Fragarach","floor":2},{"not_picked":["KiyohimeMod:BeElegant","KiyohimeMod:DivineConstruct"],"picked":"KiyohimeMod:BlueBlackKey","floor":4},{"not_picked":["KiyohimeMod:Tenacious","KiyohimeMod:ExSpicyMapoTofu"],"picked":"KiyohimeMod:RedBlackKey","floor":5},{"not_picked":["KiyohimeMod:CommandCard_Quick","KiyohimeMod:BlueBlackKey"],"picked":"KiyohimeMod:JeweledSword","floor":6},{"not_picked":["KiyohimeMod:AndSoTheShipConquers","KiyohimeMod:Grimoire"],"picked":"KiyohimeMod:CommandCard_Buster","floor":8},{"not_picked":["KiyohimeMod:FirstPremonition","KiyohimeMod:CelestialInvertedMoon"],"picked":"KiyohimeMod:Preemptive","floor":10},{"not_picked":["KiyohimeMod:Preemptive","KiyohimeMod:BlueBlackKey","KiyohimeMod:AndSoTheShipConquers"],"picked":"SKIP","floor":11},{"not_picked":["KiyohimeMod:AndSoTheShipConquers","KiyohimeMod:EatSoul"],"picked":"KiyohimeMod:Preemptive","floor":12},{"not_picked":["KiyohimeMod:AgainstMagic","KiyohimeMod:GreenBlackKey","KiyohimeMod:Preemptive"],"picked":"SKIP","floor":14}],"player_experience":215504,"relics_obtained":[{"floor":6,"key":"hubris:OldNail"}],"event_choices":[{"damage_healed":0,"gold_gain":100,"player_choice":"Gold","damage_taken":0,"max_hp_gain":0,"max_hp_loss":0,"event_name":"Wheel of Change","floor":3,"gold_loss":0}],"is_beta":false,"boss_relics":[],"items_purged_floors":[],"is_endless":false,"potions_floor_spawned":[1,4,5,12],"killed_by":"The Guardian","ascension_level":0}}