{"host":"agbyy69nq62afhwx","time":1611338866,"event":{"mods":["BaseMod","Colored Map","DeckTracker","Highlight Path","Keyboard Shortcuts","Minty Spire (QoL Compilation)","Quick Restart","StSLib","SuperFastMode","everything is the same but u backflip on backflip"],"gold_per_floor":[16,16,29,48,59,89,89,108,108,108,108,148,39,74,74,195,195,219,132,146,146,159,159,494,494,518,518,518,518,518,531,531,652,652,665,737,330,354,354,354,372,408,408,439,439,480,480,499,499,499],"floor_reached":51,"language":"KOR","playtime":1638,"items_purged":["Strike_P","Conclude"],"score":1344,"play_id":"b7391198-49e0-4f82-9b5e-64b2508e53b9","local_time":"20210123030746","is_ascension_mode":true,"campfire_choices":[{"data":"Eruption","floor":10.0,"key":"SMITH"},{"data":"Ragnarok","floor":15.0,"key":"SMITH"},{"floor":23.0,"key":"REST"},{"floor":27.0,"key":"REST"},{"data":"Adaptation","floor":29.0,"key":"SMITH"},{"data":"Scrawl","floor":32.0,"key":"SMITH"},{"data":"SpiritShield","floor":40.0,"key":"SMITH"},{"floor":47.0,"key":"REST"},{"floor":49.0,"key":"REST"}],"circlet_count":0,"master_deck":["AscendersBane","Eruption+1","Vigilance","Ragnarok+1","Halt","Perseverance","Adaptation+1","FollowUp","Study+1","Prostrate","BattleHymn+1","InnerPeace","DevaForm+1","Scrawl+1","FollowUp","Adaptation+1","Adaptation+1","ThirdEye","ConjureBlade","LikeWater+1","Flash of Steel","Tantrum","FlurryOfBlows","Flash of Steel","FearNoEvil","SpiritShield+1","Perseverance+1"],"relics":["PureWater","Frozen Egg 2","Happy Flower","Golden Idol","Art of War","InkBottle","Pandora\u0027s Box","MutagenicStrength","Old Coin","Pen Nib","Lantern","Sozu","Yang","Oddly Smooth Stone","ClockworkSouvenir","Sundial","Lizard Tail","Juzu Bracelet","Bottled Flame"],"acts_visited":["Exordium","TheCity","TheBeyond"],"potions_floor_usage":[50,50,50],"damage_taken":[{"damage":7.0,"enemies":"2 Louse","floor":1.0,"turns":4.0},{"damage":0.0,"enemies":"Small Slimes","floor":3.0,"turns":2.0},{"damage":7.0,"enemies":"Jaw Worm","floor":4.0,"turns":2.0},{"damage":0.0,"enemies":"2 Fungi Beasts","floor":5.0,"turns":4.0},{"damage":29.0,"enemies":"3 Sentries","floor":6.0,"turns":6.0},{"damage":0.0,"enemies":"Large Slime","floor":8.0,"turns":4.0},{"damage":0.0,"enemies":"Gremlin Nob","floor":12.0,"turns":2.0},{"damage":0.0,"enemies":"Lagavulin","floor":14.0,"turns":4.0},{"damage":0.0,"enemies":"Slime Boss","floor":16.0,"turns":3.0},{"damage":8.0,"enemies":"Spheric Guardian","floor":18.0,"turns":4.0},{"damage":7.0,"enemies":"Shell Parasite","floor":20.0,"turns":4.0},{"damage":17.0,"enemies":"Snecko","floor":22.0,"turns":5.0},{"damage":24.0,"enemies":"Book of Stabbing","floor":24.0,"turns":4.0},{"damage":0.0,"enemies":"3 Cultists","floor":31.0,"turns":3.0},{"damage":21.0,"enemies":"Collector","floor":33.0,"turns":5.0},{"damage":1.0,"enemies":"3 Shapes","floor":35.0,"turns":5.0},{"damage":8.0,"enemies":"3 Darklings","floor":38.0,"turns":3.0},{"damage":0.0,"enemies":"Jaw Worm Horde","floor":41.0,"turns":1.0},{"damage":0.0,"enemies":"Giant Head","floor":42.0,"turns":3.0},{"damage":17.0,"enemies":"Reptomancer","floor":44.0,"turns":4.0},{"damage":10.0,"enemies":"Giant Head","floor":46.0,"turns":4.0},{"damage":8.0,"enemies":"Maw","floor":48.0,"turns":5.0},{"damage":20,"enemies":"Time Eater","floor":50,"turns":6}],"seed_played":"2899142558472632043","potions_obtained":[{"floor":4.0,"key":"DistilledChaos"},{"floor":5.0,"key":"Energy Potion"},{"floor":8.0,"key":"Ancient Potion"},{"floor":12.0,"key":"EssenceOfSteel"},{"floor":24.0,"key":"Fruit Juice"},{"floor":33.0,"key":"DistilledChaos"}],"is_trial":false,"path_per_floor":["M","$","M","M","M","E","?","M","T","R","?","E","$","E","R","B",null,"M","$","M","?","M","R","E","?","T","R","?","R","?","M","R","B",null,"M","T","$","M","?","R","M","E","T","E","?","E","R","M","R","B",null],"character_chosen":"WATCHER","items_purchased":["BattleHymn+1","Flash of Steel","Oddly Smooth Stone","ClockworkSouvenir"],"campfire_rested":4,"item_purchase_floors":[13,19,37,37],"current_hp_per_floor":[58,58,58,51,51,22,22,22,22,22,22,22,22,22,22,22,56,48,48,41,41,24,44,25,25,25,46,46,46,46,46,46,25,60,59,59,59,51,51,51,51,51,51,34,34,24,44,36,56,36],"gold":499,"neow_bonus":"THREE_RARE_CARDS","is_daily":false,"chose_seed":false,"campfire_upgraded":5,"win_rate":0.0,"timestamp":1611338866,"path_taken":["M","$","M","M","M","E","?","M","T","R","?","E","$","E","R","BOSS","M","$","M","?","M","R","E","?","T","R","?","R","?","M","R","BOSS","M","?","$","M","?","R","M","E","T","E","?","E","R","M","R","BOSS"],"items_purchased_type":["Card","Card","Relic","Relic"],"build_version":"2020-12-22","purchased_purges":2,"victory":true,"max_hp_per_floor":[72,72,72,72,72,72,72,72,72,72,67,67,67,67,67,67,67,67,67,67,67,67,67,72,72,72,72,72,72,72,72,72,72,72,72,72,72,72,72,72,72,72,72,72,68,68,68,68,68,68],"card_choices":[{"not_picked":["Omniscience","Alpha"],"picked":"Ragnarok","floor":0.0},{"not_picked":["BowlingBash","EmptyFist"],"picked":"Halt","floor":1.0},{"not_picked":["ThirdEye","ClearTheMind"],"picked":"Perseverance","floor":3.0},{"not_picked":["CutThroughFate","ThirdEye"],"picked":"Adaptation","floor":4.0},{"not_picked":["JustLucky","EmptyFist"],"picked":"FollowUp","floor":5.0},{"not_picked":["FlyingSleeves","Brilliance"],"picked":"Study+1","floor":6.0},{"not_picked":["Protect","JustLucky"],"picked":"Conclude","floor":8.0},{"not_picked":["Fasting2+1","FlyingSleeves"],"picked":"Prostrate","floor":12.0},{"not_picked":["EmptyMind","CrushJoints"],"picked":"InnerPeace","floor":14.0},{"not_picked":["Ragnarok","Omniscience"],"picked":"DevaForm+1","floor":16.0},{"not_picked":["ThirdEye","Prostrate+1"],"picked":"LikeWater+1","floor":18.0},{"not_picked":["LikeWater+1","Study+1","EmptyBody"],"picked":"SKIP","floor":20.0},{"not_picked":["Worship","ForeignInfluence","CarveReality"],"picked":"SKIP","floor":22.0},{"not_picked":["FearNoEvil","BowlingBash+1"],"picked":"Tantrum","floor":24.0},{"not_picked":["BowlingBash","ThirdEye+1"],"picked":"FearNoEvil","floor":31.0},{"not_picked":["Alpha","MasterReality+1"],"picked":"SpiritShield","floor":33.0},{"not_picked":["ReachHeaven+1","Tantrum","Consecrate+1"],"picked":"SKIP","floor":35.0},{"not_picked":["Study+1","FlyingSleeves+1","Weave"],"picked":"SKIP","floor":38.0},{"not_picked":["CrushJoints","Weave+1"],"picked":"Perseverance+1","floor":41.0},{"not_picked":["FlyingSleeves+1","CarveReality","Protect"],"picked":"SKIP","floor":42.0},{"not_picked":["BowlingBash+1","EmptyBody","JustLucky"],"picked":"SKIP","floor":44.0},{"not_picked":["Pray","Conclude+1","Crescendo+1"],"picked":"SKIP","floor":46.0},{"not_picked":["Pray","Conclude+1","Crescendo+1"],"picked":"SKIP","floor":46.0},{"not_picked":["Conclude","Indignation","EmptyMind"],"picked":"SKIP","floor":48.0}],"player_experience":434921,"relics_obtained":[{"floor":6.0,"key":"Frozen Egg 2"},{"floor":9.0,"key":"Happy Flower"},{"floor":12.0,"key":"Art of War"},{"floor":14.0,"key":"InkBottle"},{"floor":24.0,"key":"Old Coin"},{"floor":26.0,"key":"Lantern"},{"floor":36.0,"key":"Yang"},{"floor":42.0,"key":"Sundial"},{"floor":43.0,"key":"Lizard Tail"},{"floor":44.0,"key":"Juzu Bracelet"},{"floor":46.0,"key":"Bottled Flame"}],"event_choices":[{"damage_healed":0.0,"max_hp_gain":0.0,"max_hp_loss":0.0,"gold_gain":0.0,"event_name":"Scrap Ooze","player_choice":"Fled","floor":7.0,"gold_loss":0.0,"damage_taken":0.0},{"damage_healed":0.0,"max_hp_gain":0.0,"max_hp_loss":5.0,"gold_gain":0.0,"event_name":"Golden Idol","player_choice":"Lose Max HP","floor":11.0,"gold_loss":0.0,"damage_taken":0.0,"relics_obtained":["Golden Idol"]},{"damage_healed":0.0,"max_hp_gain":0.0,"max_hp_loss":0.0,"gold_gain":0.0,"event_name":"Drug Dealer","player_choice":"Inject Mutagens","floor":21.0,"gold_loss":0.0,"damage_taken":0.0,"relics_obtained":["MutagenicStrength"]},{"damage_healed":0.0,"max_hp_gain":0.0,"max_hp_loss":0.0,"gold_gain":0.0,"event_name":"The Mausoleum","player_choice":"Opened","floor":25.0,"gold_loss":0.0,"damage_taken":0.0,"relics_obtained":["Pen Nib"]},{"damage_healed":0.0,"max_hp_gain":0.0,"max_hp_loss":0.0,"gold_gain":0.0,"event_name":"The Library","player_choice":"Read","floor":28.0,"gold_loss":0.0,"damage_taken":0.0,"cards_obtained":["FlurryOfBlows"]},{"damage_healed":0.0,"max_hp_gain":0.0,"max_hp_loss":0.0,"gold_gain":0.0,"event_name":"Duplicator","player_choice":"Copied","floor":30.0,"gold_loss":0.0,"damage_taken":0.0,"cards_obtained":["Flash of Steel"]},{"cards_removed":["LikeWater"],"damage_healed":0.0,"max_hp_gain":0.0,"max_hp_loss":0.0,"gold_gain":0.0,"event_name":"Falling","player_choice":"Removed Power","floor":39.0,"gold_loss":0.0,"damage_taken":0.0},{"damage_healed":0.0,"max_hp_gain":0.0,"max_hp_loss":4.0,"gold_gain":0.0,"event_name":"Winding Halls","player_choice":"Max HP","floor":45.0,"gold_loss":0.0,"damage_taken":0.0}],"is_beta":false,"boss_relics":[{"not_picked":["Black Star","Snecko Eye"],"picked":"Pandora\u0027s Box"},{"not_picked":["Velvet Choker","Empty Cage"],"picked":"Sozu"}],"items_purged_floors":[13,37],"is_endless":false,"potions_floor_spawned":[4,5,8,12,18,20,22,24,33,38,48],"ascension_level":10}}