{"host":"d61fcf2p3sjwe6yo","time":1611350216,"event":{"mods":["AchievementEnabler","BaseMod","Colored Map","Downfall","Minty Spire (QoL Compilation)","StSLib","SuperFastMode"],"gold_per_floor":[99,112,112,125,139,39,108,108,108,120,120,131,131,144,155,155,155,155],"floor_reached":16,"language":"ENG","playtime":488,"items_purged":[],"score":146,"play_id":"99719a35-9020-44f4-bad1-f6772944e573","local_time":"20210123001656","is_ascension_mode":true,"campfire_choices":[{"floor":1,"key":"RECALL"}],"circlet_count":0,"master_deck":["AscendersBane","sneckomod:Strike","sneckomod:Strike","sneckomod:Defend","sneckomod:Defend","sneckomod:Defend","sneckomod:TailWhip","sneckomod:SnekBite","sneckomod:Unknown","sneckomod:Unknown1Cost","Slimebound:CheckThePlaybook+1","sneckomod:UnknownStrength","Mayhem+1","sneckomod:UnknownWeak","hexamod:PowerFromBeyond","sneckomod:UnknownUncommonPower+1","sneckomod:UnknownUncommonAttack"],"relics":["sneckomod:SneckoSoul","downfall:HeartBlessingRed","Frozen Egg 2"],"acts_visited":["Exordium"],"potions_floor_usage":[],"damage_taken":[{"damage":7,"enemies":"Small Slimes","floor":2,"turns":4},{"damage":7,"enemies":"2 Louse","floor":4,"turns":2},{"damage":0,"enemies":"Cultist","floor":5,"turns":3},{"damage":21,"enemies":"Gremlin Gang","floor":10,"turns":4},{"damage":15,"enemies":"Lots of Slimes","floor":12,"turns":4},{"damage":27,"enemies":"Exordium Thugs","floor":14,"turns":3},{"damage":2,"enemies":"Blue Slaver","floor":15,"turns":2},{"damage":16,"enemies":"WA_ARCHETYPE_RETAIN","floor":16,"turns":2}],"seed_played":"-6626311213213549137","potions_obtained":[{"floor":4,"key":"sneckomod:OffclassReductionPotion"},{"floor":12,"key":"sneckomod:OffclassReductionPotion"}],"is_trial":false,"path_per_floor":["R","M","?","M","M","R","T","?","?","M","R","M","R","M","M","B"],"character_chosen":"THE_SNECKO","items_purchased":[],"campfire_rested":0,"item_purchase_floors":[],"current_hp_per_floor":[90,83,83,76,76,76,76,76,76,59,59,44,44,17,15,0,0,0],"gold":155,"neow_bonus":"TEN_PERCENT_HP_BONUS","is_daily":false,"chose_seed":false,"campfire_upgraded":0,"win_rate":0.0,"timestamp":1611350216,"path_taken":["R","M","?","M","M","R","T","?","?","M","R","M","R","M","M","BOSS"],"items_purchased_type":[],"build_version":"2020-12-22","purchased_purges":0,"victory":false,"max_hp_per_floor":[99,99,99,99,99,99,99,99,99,99,99,99,99,99,99,99,99,99],"card_choices":[{"not_picked":["sneckomod:SoulDraw","sneckomod:CheapStock"],"picked":"sneckomod:Unknown1Cost","floor":2},{"not_picked":["sneckomod:Unknown1Cost","sneckomod:PureSnecko"],"picked":"sneckomod:UnknownColorless","floor":4},{"not_picked":["sneckomod:QuickMove","sneckomod:UnknownColorless"],"picked":"sneckomod:UnknownUncommonSkill","floor":5},{"not_picked":["sneckomod:MixItUp","sneckomod:DiceBoulder"],"picked":"sneckomod:UnknownStrength","floor":10},{"not_picked":["sneckomod:Unknown2Cost","sneckomod:ImprovisedAttack"],"picked":"sneckomod:UnknownWeak","floor":12},{"not_picked":["sneckomod:Unknown2Cost","sneckomod:MasterEye+1"],"picked":"sneckomod:UnknownUncommonPower+1","floor":14},{"not_picked":["sneckomod:PureSnecko","sneckomod:SlitherStrike"],"picked":"sneckomod:UnknownUncommonAttack","floor":15}],"player_experience":669892,"relics_obtained":[{"floor":7,"key":"Frozen Egg 2"}],"event_choices":[{"damage_healed":0,"gold_gain":0,"player_choice":"Forge","damage_taken":0,"max_hp_gain":0,"max_hp_loss":0,"event_name":"Accursed Blacksmith","floor":9,"gold_loss":0,"cards_upgraded":["Slimebound:CheckThePlaybook"]}],"is_beta":false,"boss_relics":[],"items_purged_floors":[],"is_endless":false,"potions_floor_spawned":[4,12],"killed_by":"WA_ARCHETYPE_RETAIN","ascension_level":11}}