{"host":"pesfwaef25r60kxm","time":1611296090,"event":{"mods":["Ascension Reborn","BaseMod","Challenge The Spire","Colored Powertips","Friendly Minions","Hunter ¡‘»À","Kiyohime£®«Âºß£©","Marisa£®ÏF”Í°°ƒß¿Ì…≥£©","Minty Spire (QoL Compilation)","Quick Restart","Remilia£®¿Ÿ√◊¿Ú—«£©","Replay The Spire","RumiaBox-¬∂√◊Ê´µƒ…Ò√ÿ∫–◊”","Shop Mod","StSLib","Td1madao Mod","The Construct","The Cursed","The Poker Player","The Senshi","The Servant 0.9.4","Youmu£®ªÍ∆«—˝√Œ£©","[IsaacMod]“‘»ˆº‚À˛","vexMod"],"gold_per_floor":[218,218,68,84,84,84,101,132,132,142,142,92,92,107,142,142,142,238,238,252,77,103,103,123,135,145,165,233,247,275,294,294,294,294,399,399,415,426,426,479,495,495,495],"floor_reached":42,"language":"ZHS","playtime":2052,"items_purged":["construct:Defend_Gold"],"score":805,"play_id":"6e4b6874-51ac-428c-b2c6-3954c58c9aac","local_time":"20210122141450","is_ascension_mode":true,"campfire_choices":[{"data":"construct:AttackMode","floor":9,"key":"SMITH"},{"data":"construct:ChargeShot","floor":13,"key":"SMITH"},{"floor":17,"key":"REST"},{"floor":32,"key":"REST"},{"floor":34,"key":"DIG"}],"circlet_count":0,"master_deck":["construct:Strike_Gold","construct:Strike_Gold","construct:Strike_Gold","construct:Strike_Gold","construct:Defend_Gold","construct:Defend_Gold","construct:Defend_Gold","construct:AttackMode+1","construct:DefenseMode","EpicFetus","construct:MetalShell","construct:SweepLaser","construct:ChargeShot+1","construct:MemoryTap","construct:OneWayMirror","Apotheosis","construct:ChargeShot","construct:LongRangeLance"],"relics":["construct:Cogwheel","HushsDoor","GuppysTail","AddBug","SecretRecord","SecretRecord","SecretRecord","SecretRecord","SecretRecord","SecretRecord","SecretRecord","SecretRecord","SecretRecord"],"acts_visited":["Exordium","TheCity","TheBeyond"],"potions_floor_usage":[30,30,35,35,40],"damage_taken":[{"damage":6,"enemies":"Cultist","floor":1,"turns":4},{"damage":2,"enemies":"2 Louse","floor":4,"turns":3},{"damage":5,"enemies":"Jaw Worm","floor":7,"turns":4},{"damage":8,"enemies":"Gremlin Nob","floor":8,"turns":4},{"damage":1,"enemies":"Looter","floor":10,"turns":3},{"damage":0,"enemies":"Gremlin Gang","floor":14,"turns":2},{"damage":6,"enemies":"Lagavulin","floor":15,"turns":5},{"damage":0,"enemies":"Fading Forest","floor":18,"turns":11},{"damage":0,"enemies":"Shell Parasite","floor":20,"turns":4},{"damage":19,"enemies":"Masked Bandits","floor":22,"turns":3},{"damage":0,"enemies":"Spheric Guardian","floor":24,"turns":5},{"damage":14,"enemies":"Snake Plant","floor":25,"turns":3},{"damage":22,"enemies":"Shelled Parasite and Fungi","floor":26,"turns":5},{"damage":0,"enemies":"Snecko","floor":27,"turns":4},{"damage":18,"enemies":"Centurion and Healer","floor":29,"turns":4},{"damage":19,"enemies":"Gremlin Leader","floor":30,"turns":4},{"damage":3,"enemies":"3 Cultists","floor":31,"turns":4},{"damage":1,"enemies":"Pondfish","floor":35,"turns":5},{"damage":26,"enemies":"3 Shapes","floor":37,"turns":5},{"damage":8,"enemies":"Orb Walker","floor":38,"turns":3},{"damage":6,"enemies":"Orin","floor":40,"turns":7},{"damage":31,"enemies":"Sphere and 2 Shapes","floor":41,"turns":5},{"damage":26,"enemies":"Giant Head","floor":42,"turns":5}],"seed_played":"-1078951728007046995","potions_obtained":[{"floor":4,"key":"SteroidPotion"},{"floor":8,"key":"SpeedPotion"},{"floor":24,"key":"PowerPotion"},{"floor":26,"key":"Flashbang"},{"floor":30,"key":"Dexterity Potion"},{"floor":35,"key":"Venom Potion"},{"floor":37,"key":"Block Potion"},{"floor":40,"key":"SpeedPotion"}],"is_trial":false,"path_per_floor":["M","?","$","M","PTL","PTL","M","E","R","M","T","?","R","M","E","?","R","B",null,"M","$","?","?","M","M","M","M","T","M","E","M","R","?","R","B",null,"M","M","?","?","M","E"],"character_chosen":"THE_CONSTRUCT_MOD","items_purchased":["vexMod:Spyglass","Apotheosis"],"campfire_rested":2,"item_purchase_floors":[3,21],"current_hp_per_floor":[79,72,72,70,70,70,65,57,57,56,56,56,56,56,50,38,63,73,80,80,80,61,80,80,66,44,44,44,26,7,4,28,28,28,27,80,54,46,46,40,9,0,0],"gold":495,"neow_bonus":"HUNDRED_GOLD","is_daily":false,"chose_seed":false,"campfire_upgraded":2,"win_rate":0.0,"timestamp":1611296090,"path_taken":["M","?","$","M","PTL","PTL","M","E","R","M","T","?","R","?","E","?","R","BOSS","M","$","?","?","M","M","M","M","T","M","E","M","R","?","R","BOSS","M","M","?","?","?","E"],"items_purchased_type":["Relic","Card"],"build_version":"2020-12-22","purchased_purges":1,"victory":false,"max_hp_per_floor":[85,85,85,85,85,85,85,85,85,85,85,85,85,85,85,85,85,85,80,80,80,80,80,80,80,80,80,80,80,80,80,80,80,80,80,80,80,80,80,80,80,80,80],"card_choices":[{"not_picked":[],"picked":"EpicFetus","floor":0},{"not_picked":["construct:Versatility","construct:Forcefield"],"picked":"construct:MetalShell","floor":1},{"not_picked":["construct:LaserCore","construct:FierceBash"],"picked":"Bomb","floor":4},{"not_picked":["construct:Forcefield","construct:ShiftStrike"],"picked":"construct:SweepLaser","floor":7},{"not_picked":["construct:SpinDrive","construct:SweepLaser"],"picked":"construct:ChargeShot","floor":8},{"not_picked":["construct:ReactiveShield","construct:Forcefield","construct:PointDefense"],"picked":"SKIP","floor":10},{"not_picked":["construct:FocusedBeam","construct:Backfire","construct:QuickAttack"],"picked":"SKIP","floor":14},{"not_picked":["construct:SaveState","construct:Backup","construct:Tumble"],"picked":"SKIP","floor":15},{"not_picked":["construct:ShieldGenerator","construct:ClockworkEgg"],"picked":"construct:MemoryTap","floor":18},{"not_picked":["construct:Reinforce","construct:Accumulate"],"picked":"construct:OneWayMirror","floor":20},{"not_picked":["construct:PointDefense","construct:Anticipate"],"picked":"construct:ChargeShot","floor":22},{"not_picked":["construct:ReactiveShield+1","construct:Boost+1","construct:Versatility"],"picked":"SKIP","floor":24},{"not_picked":["construct:Antimatter","construct:ScrapCannon+1","construct:ReactiveShield"],"picked":"SKIP","floor":25},{"not_picked":["construct:Analyze+1","construct:Forcefield","construct:ReactiveShield"],"picked":"SKIP","floor":26},{"not_picked":["construct:ModeShift+1","construct:SweepLaser","construct:OneWayMirror"],"picked":"SKIP","floor":27},{"not_picked":["construct:FocusedBeam","construct:SuppressiveFire","construct:Boost"],"picked":"SKIP","floor":29},{"not_picked":["construct:SaveState+1","construct:Boost","construct:Dampening+1"],"picked":"SKIP","floor":30},{"not_picked":["construct:Anticipate","construct:MassProduction","construct:Zapper"],"picked":"SKIP","floor":31},{"not_picked":["construct:Bunker","construct:HastyRepair"],"picked":"construct:LongRangeLance","floor":35},{"not_picked":["construct:ScrapCannon+1","construct:Overcharge+1","construct:ShiftStrike"],"picked":"SKIP","floor":37},{"not_picked":["construct:OneWayMirror","construct:VentSteam","construct:Failsafe+1"],"picked":"SKIP","floor":38},{"not_picked":["construct:Backfire","construct:Construct_Overclock+1","construct:Synchronize+1"],"picked":"SKIP","floor":41}],"player_experience":162668,"relics_obtained":[{"floor":1,"key":"AddBug"},{"floor":4,"key":"SecretRecord"},{"floor":8,"key":"BookOfRevelations"},{"floor":11,"key":"Leech"},{"floor":15,"key":"SecretRecord"},{"floor":15,"key":"Strawberry"},{"floor":18,"key":"SecretRecord"},{"floor":20,"key":"SecretRecord"},{"floor":22,"key":"Red Mask"},{"floor":28,"key":"Mirror"},{"floor":29,"key":"SecretRecord"},{"floor":30,"key":"SecretRecord"},{"floor":30,"key":"Simple Rune"},{"floor":34,"key":"MagicDraw2"},{"floor":35,"key":"SecretRecord"},{"floor":38,"key":"SecretRecord"},{"floor":40,"key":"CatCart"}],"event_choices":[{"cards_removed":["construct:Defend_Gold"],"damage_healed":0,"gold_gain":0,"player_choice":"Card Removal","damage_taken":7,"max_hp_gain":0,"max_hp_loss":0,"event_name":"Golden Wing","floor":2,"gold_loss":0},{"cards_removed":["construct:Strike_Gold"],"damage_healed":0,"gold_gain":0,"player_choice":"Card Removal","damage_taken":0,"max_hp_gain":0,"max_hp_loss":0,"event_name":"The Cleric","floor":12,"gold_loss":50},{"damage_healed":0,"gold_gain":0,"player_choice":"Success","damage_taken":12,"relics_obtained":["GodSword6"],"max_hp_gain":0,"max_hp_loss":0,"event_name":"Scrap Ooze","floor":16,"gold_loss":0},{"damage_healed":0,"gold_gain":0,"player_choice":"Fought Bandits","damage_taken":0,"max_hp_gain":0,"max_hp_loss":0,"event_name":"Masked Bandits","floor":22,"gold_loss":0},{"damage_healed":26,"gold_gain":0,"player_choice":"Heal","damage_taken":0,"max_hp_gain":0,"max_hp_loss":0,"event_name":"The Library","floor":23,"gold_loss":0},{"damage_healed":0,"gold_gain":0,"player_choice":"Ignored","damage_taken":0,"max_hp_gain":0,"max_hp_loss":0,"event_name":"Vampires","floor":33,"gold_loss":0},{"damage_healed":0,"gold_gain":0,"player_choice":"Memory 1","damage_taken":0,"max_hp_gain":0,"max_hp_loss":0,"event_name":"SensoryStone","floor":39,"gold_loss":0},{"damage_healed":0,"gold_gain":0,"player_choice":"Fight","damage_taken":0,"max_hp_gain":0,"max_hp_loss":0,"event_name":"OrinTheCat","floor":40,"gold_loss":0}],"is_beta":false,"boss_relics":[{"not_picked":["vexMod:EndlessSickness","Calling Bell"],"picked":"Astrolabe"},{"not_picked":[]},{"not_picked":["Ring of Chaos","SlaversCollar"],"picked":"vexMod:ImprovementManual"},{"not_picked":[]}],"items_purged_floors":[19],"is_endless":false,"potions_floor_spawned":[4,8,24,26,27,30,35,37,40],"killed_by":"Giant Head","ascension_level":0}}