{"host":"skr63qsdfgeey3it","time":1611280410,"event":{"mods":["BaseMod","Colored Map","Hubris","Minty Spire (QoL Compilation)","Replay The Spire","Spicy Shops","StSLib"],"gold_per_floor":[117,29,49,67,80,111,111,143,143,153,153,208,228,244,244,323,323,336,351,351,38,50,50,80,80,130,150,180,180,194,209,209,209,209],"floor_reached":33,"language":"ENG","playtime":5243,"items_purged":["Pain"],"score":497,"play_id":"6b37d807-f464-495f-8a26-e27ebdd450c2","local_time":"20210121195330","is_ascension_mode":true,"campfire_choices":[{"floor":7,"key":"REST"},{"floor":11,"key":"REST"},{"floor":15,"key":"REST"},{"floor":23,"key":"REST"},{"floor":29,"key":"REST"},{"floor":32,"key":"REST"}],"circlet_count":0,"master_deck":["AscendersBane","Strike_G","Strike_G","Strike_G","Strike_G","Strike_G+1","Defend_G+1","Defend_G","Defend_G","Defend_G","Defend_G","Survivor","Neutralize","Infinite Blades","Prepared","Flying Knee","Flying Knee+1","Atom Bomb+1","Dodge and Roll","Choke","Prepared","Bullet Time","Hidden Blade","A Thousand Cuts","Blade Dance+1","Hidden Blade","Outmaneuver+1","Underhanded Strike","Acrobatics+1","Burst","Blade Dance+1","Prepared","ReplayTheSpireMod:The Works"],"relics":["Ring of the Snake","NeowsBlessing","StoneCalendar","Gremlin Food","hubris:BottledRain","Chameleon Ring","Dream Catcher","Fusion Hammer","WarpedTongs","hubris:HerbalPaste","TungstenRod","HornCleat","Juzu Bracelet","hubris:ToyBattleship"],"acts_visited":["Exordium","TheCity"],"potions_floor_usage":[12,13,16],"damage_taken":[{"damage":0,"enemies":"Cultist","floor":1,"turns":1},{"damage":0,"enemies":"Jaw Worm","floor":3,"turns":1},{"damage":0,"enemies":"2 Louse","floor":4,"turns":1},{"damage":15,"enemies":"Exordium Thugs","floor":5,"turns":6},{"damage":24,"enemies":"3 Sentries","floor":6,"turns":7},{"damage":40,"enemies":"Gremlin Nob","floor":8,"turns":5},{"damage":3,"enemies":"Blue Slaver","floor":10,"turns":4},{"damage":21,"enemies":"Gremlin Nob","floor":12,"turns":4},{"damage":8,"enemies":"Exordium Wildlife","floor":13,"turns":6},{"damage":0,"enemies":"2 Fungi Beasts","floor":14,"turns":2},{"damage":39,"enemies":"The Guardian","floor":16,"turns":8},{"damage":18,"enemies":"3 Byrds","floor":18,"turns":4},{"damage":7,"enemies":"Chosen","floor":19,"turns":2},{"damage":0,"enemies":"Sentry and Sphere","floor":22,"turns":3},{"damage":42,"enemies":"Book of Stabbing","floor":24,"turns":5},{"damage":12,"enemies":"Shelled Parasite and Fungi","floor":27,"turns":4},{"damage":12,"enemies":"Gremlin Leader","floor":28,"turns":3},{"damage":3,"enemies":"Centurion and Healer","floor":30,"turns":4},{"damage":14,"enemies":"Snake Plant","floor":31,"turns":4},{"damage":76,"enemies":"hubris:MusketHawk","floor":33,"turns":6}],"seed_played":"1877331827575504121","potions_obtained":[{"floor":3,"key":"Doom Potion"},{"floor":8,"key":"Toxic Potion"},{"floor":12,"key":"Regen Potion"},{"floor":14,"key":"DistilledChaos"},{"floor":19,"key":"EssenceOfSteel"}],"is_trial":false,"path_per_floor":["M","$","M","M","M","E","R","E","T","M","R","?","M","M","R","B",null,"M","M","?","$","M","R","E","?","T","M","E","R","M","M","R","B"],"character_chosen":"THE_SILENT","items_purchased":["StoneCalendar","hubris:HerbalPaste","TungstenRod"],"campfire_rested":6,"item_purchase_floors":[2,21,21],"current_hp_per_floor":[63,63,63,63,48,24,45,5,5,2,23,2,19,19,40,1,53,35,28,28,28,34,55,19,19,19,13,6,27,30,22,43,0,0],"gold":209,"neow_bonus":"THREE_ENEMY_KILL","is_daily":false,"chose_seed":false,"campfire_upgraded":0,"win_rate":0.0,"timestamp":1611280410,"path_taken":["M","$","?","M","M","E","R","E","T","M","R","?","M","M","R","BOSS","M","M","?","$","?","R","E","?","T","M","E","R","M","M","R","BOSS"],"items_purchased_type":["Relic","Relic","Relic"],"build_version":"2020-12-22","purchased_purges":1,"victory":false,"max_hp_per_floor":[70,70,70,70,70,70,70,70,70,70,70,70,70,70,70,70,70,70,70,70,70,70,70,70,70,70,70,70,70,70,70,70,70,70],"card_choices":[{"not_picked":["Deadly Poison","Slice"],"picked":"Infinite Blades","floor":1},{"not_picked":["Expertise","Blade Dance"],"picked":"Prepared","floor":3},{"not_picked":["Outmaneuver","Fluid Movement"],"picked":"Flying Knee","floor":4},{"not_picked":["Deadly Poison","Slice"],"picked":"Flying Knee","floor":5},{"not_picked":["Dagger Spray","Hidden Blade"],"picked":"Atom Bomb","floor":6},{"not_picked":["Outmaneuver","Sucker Punch"],"picked":"Dodge and Roll","floor":8},{"not_picked":["Dodge and Roll","Acrobatics"],"picked":"Choke","floor":10},{"not_picked":["Predator","Bouncing Flask"],"picked":"Prepared","floor":12},{"not_picked":["Slice","Noxious Fumes"],"picked":"Bullet Time","floor":13},{"not_picked":["PiercingWail","Deadly Poison","Underhanded Strike"],"picked":"SKIP","floor":14},{"not_picked":["Underhanded Strike","Slice"],"picked":"Hidden Blade","floor":15},{"not_picked":["Bullet Time","Wraith Form v2"],"picked":"A Thousand Cuts","floor":16},{"not_picked":["Hidden Blade","Draining Mist"],"picked":"Blade Dance","floor":18},{"not_picked":["Bane+1","Slice"],"picked":"Hidden Blade","floor":19},{"not_picked":["ReplayTheSpireMod:The Works","Cloak And Dagger"],"picked":"Outmaneuver+1","floor":22},{"not_picked":["ReplayTheSpireMod:Shiv Toss","Slice"],"picked":"Underhanded Strike","floor":23},{"not_picked":["Backflip","Bane+1"],"picked":"Acrobatics","floor":24},{"not_picked":["Concentrate","Underhanded Strike","Replay:Poison Smokescreen"],"picked":"SKIP","floor":27},{"not_picked":["Backstab+1","Deflect+1"],"picked":"Burst","floor":28},{"not_picked":["Outmaneuver","Deflect"],"picked":"Blade Dance+1","floor":29},{"not_picked":["Acrobatics","Hidden Blade"],"picked":"Prepared","floor":30},{"not_picked":["Underhanded Strike","PiercingWail"],"picked":"ReplayTheSpireMod:The Works","floor":31}],"player_experience":792561,"relics_obtained":[{"floor":6,"key":"Gremlin Food"},{"floor":8,"key":"hubris:BottledRain"},{"floor":9,"key":"Chameleon Ring"},{"floor":12,"key":"Dream Catcher"},{"floor":24,"key":"HornCleat"},{"floor":26,"key":"Juzu Bracelet"},{"floor":28,"key":"hubris:ToyBattleship"}],"event_choices":[{"damage_healed":0,"gold_gain":0,"player_choice":"Searched \u00272\u0027 times","damage_taken":0,"max_hp_gain":0,"max_hp_loss":0,"event_name":"Dead Adventurer","floor":12,"gold_loss":0},{"damage_healed":0,"gold_gain":0,"player_choice":"Rummage","damage_taken":0,"relics_obtained":["WarpedTongs"],"max_hp_gain":0,"max_hp_loss":0,"event_name":"Accursed Blacksmith","floor":20,"gold_loss":0,"cards_obtained":["Pain"]},{"damage_healed":0,"gold_gain":0,"player_choice":"Ignored","damage_taken":0,"max_hp_gain":0,"max_hp_loss":0,"event_name":"Cursed Tome","floor":25,"gold_loss":0}],"is_beta":false,"boss_relics":[{"not_picked":["Kintsugi","Snecko Heart"],"picked":"Fusion Hammer"}],"items_purged_floors":[21],"is_endless":false,"potions_floor_spawned":[3,5,8,12,14,19,22,24],"killed_by":"hubris:MusketHawk","ascension_level":13}}