{"host":"sw6p9u0oh417cx03","time":1611309800,"event":{"mods":["AchievementEnabler","Act Like it!","BaseMod","CapriCore","Highlight Path","Minty Spire (QoL Compilation)","Quick Restart","StSLib"],"gold_per_floor":[109,109,284,309,7,7,35,35,35,35,35,60,74,89,89,162,162,180,130,130,146,146,146,146,146],"floor_reached":24,"language":"ZHS","playtime":547,"items_purged":["Doubt","Strike_R"],"score":413,"play_id":"8b1f896e-e009-4642-a3f7-57d01a72b937","local_time":"20210122180320","is_ascension_mode":true,"campfire_choices":[{"data":"Rupture","floor":6.0,"key":"SMITH"},{"data":"Battle Trance","floor":11.0,"key":"SMITH"},{"data":"Pommel Strike","floor":15.0,"key":"SMITH"},{"floor":23,"key":"REST"}],"circlet_count":0,"master_deck":["AscendersBane","Strike_R","Strike_R","Strike_R","Defend_R","Defend_R","Defend_R","Defend_R","Bash","Spot Weakness","Rupture+1","Shrug It Off","Pommel Strike+1","Battle Trance+1","Rampage","Offering","Burning Pact"],"relics":["Burning Blood","NeowsBlessing","Happy Flower","Smiling Mask","Philosopher\u0027s Stone"],"acts_visited":["Exordium","TheCity"],"potions_floor_usage":[18],"damage_taken":[{"damage":0.0,"enemies":"2 Louse","floor":1.0,"turns":1.0},{"damage":0.0,"enemies":"3 Sentries","floor":7.0,"turns":2.0},{"damage":0.0,"enemies":"Lagavulin","floor":12.0,"turns":1.0},{"damage":8.0,"enemies":"Small Slimes","floor":13.0,"turns":3.0},{"damage":21.0,"enemies":"Jaw Worm","floor":14.0,"turns":4.0},{"damage":58.0,"enemies":"Hexaghost","floor":16.0,"turns":9.0},{"damage":21,"enemies":"3 Byrds","floor":18,"turns":5},{"damage":35,"enemies":"2 Thieves","floor":21,"turns":4},{"damage":26,"enemies":"Shelled Parasite and Fungi","floor":24,"turns":3}],"seed_played":"5211076004206322884","potions_obtained":[{"floor":7.0,"key":"SteroidPotion"},{"floor":13.0,"key":"DistilledChaos"},{"floor":18,"key":"BloodPotion"}],"is_trial":false,"path_per_floor":["M","?","?","T","$","R","E","$","T","?","R","E","M","M","R","B",null,"M","$","?","M","?","R","M"],"character_chosen":"IRONCLAD","items_purchased":["Rupture","Shrug It Off","Pommel Strike","Battle Trance"],"campfire_rested":1,"item_purchase_floors":[5,5,5,5],"current_hp_per_floor":[78,71,71,71,71,71,77,77,77,82,82,85,83,68,68,16,68,53,53,53,24,8,35,9,9],"gold":146,"neow_bonus":"THREE_ENEMY_KILL","is_daily":false,"chose_seed":false,"campfire_upgraded":3,"win_rate":0.0,"timestamp":1611309800,"path_taken":["M","?","?","?","$","R","E","?","T","?","R","E","?","M","R","BOSS","M","$","?","?","?","R","M"],"items_purchased_type":["Card","Card","Card","Card"],"build_version":"2020-12-22","purchased_purges":2,"victory":false,"max_hp_per_floor":[80,80,80,80,80,80,80,80,80,85,85,85,85,85,85,85,85,85,85,85,85,90,90,90,90],"card_choices":[{"not_picked":["Thunderclap","Whirlwind"],"picked":"Spot Weakness","floor":1.0},{"not_picked":["Iron Wave","Reckless Charge","Thunderclap"],"picked":"SKIP","floor":7.0},{"not_picked":["Pommel Strike","Warcry","Wild Strike"],"picked":"SKIP","floor":12.0},{"not_picked":["Spot Weakness","Iron Wave","Ghostly Armor"],"picked":"SKIP","floor":13.0},{"not_picked":["Perfected Strike","Sever Soul"],"picked":"Rampage","floor":14.0},{"not_picked":["Berserk","Demon Form"],"picked":"Offering","floor":16.0},{"not_picked":["Dark Embrace","Perfected Strike","Havoc"],"picked":"SKIP","floor":18},{"not_picked":["Anger+1","Body Slam"],"picked":"Burning Pact","floor":21}],"player_experience":314865,"relics_obtained":[{"floor":7.0,"key":"Happy Flower"},{"floor":9.0,"key":"Smiling Mask"}],"event_choices":[{"cards_removed":["Strike_R"],"damage_healed":0.0,"max_hp_gain":0.0,"max_hp_loss":0.0,"gold_gain":0.0,"event_name":"Golden Wing","player_choice":"Card Removal","floor":2.0,"gold_loss":0.0,"damage_taken":7.0},{"damage_healed":0.0,"max_hp_gain":0.0,"max_hp_loss":0.0,"gold_gain":175.0,"event_name":"Liars Game","player_choice":"AGREE","floor":3.0,"gold_loss":0.0,"damage_taken":0.0,"cards_obtained":["Doubt"]},{"damage_healed":0.0,"max_hp_gain":5.0,"max_hp_loss":0.0,"gold_gain":0.0,"event_name":"Big Fish","player_choice":"Donut","floor":10.0,"gold_loss":0.0,"damage_taken":0.0},{"damage_healed":0,"gold_gain":0,"player_choice":"Ignored","damage_taken":0,"max_hp_gain":0,"max_hp_loss":0,"event_name":"N\u0027loth","floor":20,"gold_loss":0},{"damage_healed":0,"gold_gain":0,"player_choice":"Shed Blood","damage_taken":21,"max_hp_gain":5,"max_hp_loss":0,"event_name":"Forgotten Altar","floor":22,"gold_loss":0}],"is_beta":false,"boss_relics":[{"not_picked":["Velvet Choker","Fusion Hammer"],"picked":"Philosopher\u0027s Stone"}],"items_purged_floors":[5,19],"is_endless":false,"potions_floor_spawned":[7,13,18],"killed_by":"Shelled Parasite and Fungi","ascension_level":13}}