{"host":"dqv8oo4v229c1o2l","time":1611347922,"event":{"mods":["AchievementEnabler","BaseMod","Colored Map","Colored Powertips","Minty Spire (QoL Compilation)","Quick Restart","Rare Cards Sparkle","StSLib","Synergy Search","The Bug Knight"],"gold_per_floor":[111,111,111,135,150,191,210,210,235,235,235,279,295,55,55,185,248,272,290,215,234,234,234,257,257,257],"floor_reached":25,"language":"ENG","playtime":1362,"items_purged":[],"score":224,"play_id":"97868b38-a541-4d9c-b43c-a8fdf1ee4577","local_time":"20210122123842","is_ascension_mode":true,"campfire_choices":[{"data":"HollowMod:theNailsmith","floor":8.0,"key":"SMITH"},{"data":"HollowMod:SiblingsSouls","floor":10.0,"key":"SMITH"},{"floor":15.0,"key":"REST"},{"floor":23.0,"key":"REST"}],"circlet_count":0,"master_deck":["HollowMod:NailStrikeStart","HollowMod:NailStrikeStart","HollowMod:NailStrikeStart","HollowMod:NailStrikeStart","HollowMod:QuickDashStart+1","HollowMod:QuickDashStart","HollowMod:QuickDashStart","HollowMod:QuickDashStart","HollowMod:FocusHealStart","HollowMod:PogoStrike","Madness","HollowMod:CycloneSlash","HollowMod:SoulSplash","HollowMod:SoulStrike","HollowMod:SiblingsSouls+1","HollowMod:theNailsmith+1","HollowMod:QuirrelsAssistance","HollowMod:AwokenDreamNail","HollowMod:SoulStrike","HollowMod:PerfectDash","HollowMod:DreamGate","HollowMod:SoulShaman","HollowMod:HerrahsAnger"],"relics":["HollowMod:VesselMask","Golden Idol","HollowMod:PaleOreRelic","HollowMod:KingsBrand","Shovel","Shuriken","Tiny House","Nloth\u0027s Gift"],"acts_visited":["Exordium","TheCity"],"potions_floor_usage":[],"damage_taken":[{"damage":0.0,"enemies":"Small Slimes","floor":1.0,"turns":3.0},{"damage":1.0,"enemies":"Jaw Worm","floor":4.0,"turns":3.0},{"damage":0.0,"enemies":"Cultist","floor":5.0,"turns":3.0},{"damage":35.0,"enemies":"Gremlin Nob","floor":6.0,"turns":5.0},{"damage":0.0,"enemies":"2 Fungi Beasts","floor":7.0,"turns":2.0},{"damage":19.0,"enemies":"Lagavulin","floor":12.0,"turns":6.0},{"damage":0.0,"enemies":"3 Louse","floor":13.0,"turns":2.0},{"damage":11.0,"enemies":"Slime Boss","floor":16.0,"turns":7.0},{"damage":22.0,"enemies":"Spheric Guardian","floor":18.0,"turns":5.0},{"damage":24.0,"enemies":"HollowMod:HuskSentry","floor":19.0,"turns":4.0},{"damage":25.0,"enemies":"Shelled Parasite and Fungi","floor":21.0,"turns":5.0},{"damage":28.0,"enemies":"Centurion and Healer","floor":24.0,"turns":7.0},{"damage":23,"enemies":"Cultist and Chosen","floor":25,"turns":5}],"seed_played":"3531120471080680177","potions_obtained":[{"floor":1.0,"key":"Explosive Potion"},{"floor":6.0,"key":"Block Potion"},{"floor":12.0,"key":"SkillPotion"},{"floor":17.0,"key":"Regen Potion"},{"floor":19.0,"key":"Weak Potion"}],"is_trial":false,"path_per_floor":["M","?","?","M","M","E","M","R","T","R","?","E","M","$","R","B",null,"M","M","$","M","?","R","M","M"],"character_chosen":"THE_BUGKNIGHT","items_purchased":["Shuriken","HollowMod:SoulShaman"],"campfire_rested":2,"item_purchase_floors":[14,20],"current_hp_per_floor":[75,69,69,69,69,40,40,40,40,40,40,27,27,27,47,46,74,52,40,40,21,21,43,21,0,0],"gold":257,"neow_bonus":"RANDOM_COLORLESS","is_daily":false,"chose_seed":false,"campfire_upgraded":2,"win_rate":0.0,"timestamp":1611347922,"path_taken":["M","?","?","?","M","E","M","R","T","R","?","E","M","$","R","BOSS","M","M","$","M","?","R","M","?"],"items_purchased_type":["Relic","Card"],"build_version":"2020-12-22","purchased_purges":0,"victory":false,"max_hp_per_floor":[75,69,69,69,69,69,69,69,69,69,69,69,69,69,69,69,74,74,74,74,74,74,74,74,74,74],"card_choices":[{"not_picked":["Impatience","Dark Shackles"],"picked":"Madness","floor":0.0},{"not_picked":["HollowMod:GoodIntentions","HollowMod:TaintedHusks"],"picked":"HollowMod:CycloneSlash","floor":1.0},{"not_picked":["HollowMod:AbyssShriek","HollowMod:InfectedCysts"],"picked":"HollowMod:SoulSplash","floor":4.0},{"not_picked":["HollowMod:QuirrelsAssistance","HollowMod:NewJinnsSoul"],"picked":"HollowMod:SoulStrike","floor":5.0},{"not_picked":["HollowMod:GrimmsGift","HollowMod:CycloneSlash"],"picked":"HollowMod:SiblingsSouls","floor":6.0},{"not_picked":["HollowMod:ShadowDash","HollowMod:LifebloodCocoon"],"picked":"HollowMod:theNailsmith","floor":7.0},{"not_picked":["HollowMod:SoulSplash","HollowMod:CrystalDash"],"picked":"HollowMod:QuirrelsAssistance","floor":12.0},{"not_picked":["HollowMod:InfectedCysts","HollowMod:SiblingsSouls","HollowMod:ShadowDash"],"picked":"SKIP","floor":13.0},{"not_picked":["HollowMod:MidwifesHunger","HollowMod:PureVessel"],"picked":"HollowMod:AwokenDreamNail","floor":16.0},{"not_picked":["HollowMod:SharpenedShadows","HollowMod:ShadowDash"],"picked":"HollowMod:SoulStrike","floor":17.0},{"not_picked":["HollowMod:Grubsong","HollowMod:LifebloodCocoon+1"],"picked":"HollowMod:PerfectDash","floor":18.0},{"not_picked":["HollowMod:ShadowDash","HollowMod:SoulSplash"],"picked":"HollowMod:DreamGate","floor":19.0},{"not_picked":["HollowMod:NewJinnsSoul","HollowMod:ElderbugsWisdom","HollowMod:InfectionAssault"],"picked":"SKIP","floor":21.0},{"not_picked":["HollowMod:HowlingWraiths","HollowMod:SharpenedShadows+1"],"picked":"HollowMod:HerrahsAnger","floor":24.0}],"player_experience":336925,"relics_obtained":[{"floor":6.0,"key":"HollowMod:PaleOreRelic"},{"floor":9.0,"key":"Oddly Smooth Stone"},{"floor":12.0,"key":"Shovel"}],"event_choices":[{"damage_healed":0.0,"max_hp_gain":0.0,"max_hp_loss":6.0,"gold_gain":0.0,"event_name":"Golden Idol","player_choice":"Lose Max HP","floor":2.0,"gold_loss":0.0,"damage_taken":0.0,"relics_obtained":["Golden Idol"]},{"damage_healed":0.0,"max_hp_gain":0.0,"max_hp_loss":0.0,"gold_gain":0.0,"event_name":"Match and Keep!","player_choice":"0 cards matched","floor":3.0,"gold_loss":0.0,"damage_taken":0.0,"cards_obtained":[]},{"damage_healed":0.0,"max_hp_gain":0.0,"max_hp_loss":0.0,"gold_gain":0.0,"event_name":"Dead Adventurer","player_choice":"Searched \u00271\u0027 times","floor":11.0,"gold_loss":0.0,"damage_taken":0.0,"relics_obtained":["HollowMod:KingsBrand"]},{"damage_healed":0.0,"max_hp_gain":0.0,"max_hp_loss":0.0,"gold_gain":0.0,"event_name":"N\u0027loth","player_choice":"Traded Relic","floor":22.0,"relics_lost":["Oddly Smooth Stone"],"gold_loss":0.0,"damage_taken":0.0,"relics_obtained":["Nloth\u0027s Gift"]}],"is_beta":false,"boss_relics":[{"not_picked":["Velvet Choker","Fusion Hammer"],"picked":"Tiny House"}],"items_purged_floors":[],"is_endless":false,"potions_floor_spawned":[1,6,12,19],"killed_by":"Cultist and Chosen","ascension_level":1}}