{"host":"6xsbn6ynqlzwllfm","time":1611325017,"event":{"mods":["2.2 Compatiblity","BaseMod","Bestiary","Colored Map","Colored Powertips","Curses Come First","Highlight Path","Keyboard Shortcuts","Minty Spire (QoL Compilation)","Quick Restart","Relic Stats","Slay the Relics Exporter","StSLib","SuperFastMode"],"gold_per_floor":[117,128,178,192,205,237,237,268,291,291,321,43,43,54,54,126,126,137,27,44,60,73,102,102,127,127,160,174,174,174],"floor_reached":29,"language":"ENG","playtime":952,"items_purged":["Strike_R"],"score":735,"play_id":"0db1d4d0-d467-4ab8-81bf-6049ce9a2a82","local_time":"20210122091657","is_ascension_mode":true,"campfire_choices":[{"floor":7,"key":"REST"},{"floor":10,"key":"REST"},{"floor":15,"key":"REST"},{"floor":24,"key":"REST"}],"circlet_count":0,"master_deck":["AscendersBane","Strike_R+1","Strike_R","Defend_R","Defend_R","Defend_R","Defend_R","Bash","Shockwave","Carnage","Anger","Feel No Pain","Offering","Sword Boomerang","Cleave","Whirlwind","Bloodletting","Battle Trance","Double Tap","Rupture","Armaments","Feed","Burning Pact","Dark Embrace"],"relics":["Fusion Hammer","PreservedInsect","Centennial Puzzle","Strawberry","MealTicket","Akabeko","Sozu","Pen Nib","Potion Belt","Bronze Scales","Pear"],"acts_visited":["Exordium","TheCity"],"potions_floor_usage":[5,20,29],"damage_taken":[{"damage":0,"enemies":"Cultist","floor":1,"turns":2},{"damage":4,"enemies":"Jaw Worm","floor":2,"turns":3},{"damage":0,"enemies":"2 Louse","floor":4,"turns":3},{"damage":7,"enemies":"Gremlin Gang","floor":5,"turns":4},{"damage":25,"enemies":"Lagavulin","floor":6,"turns":6},{"damage":0,"enemies":"Gremlin Nob","floor":8,"turns":2},{"damage":11,"enemies":"Lagavulin","floor":11,"turns":4},{"damage":6,"enemies":"2 Fungi Beasts","floor":14,"turns":1},{"damage":51,"enemies":"Hexaghost","floor":16,"turns":7},{"damage":3,"enemies":"2 Thieves","floor":18,"turns":1},{"damage":16,"enemies":"Shell Parasite","floor":20,"turns":2},{"damage":6,"enemies":"Chosen and Byrds","floor":21,"turns":1},{"damage":17,"enemies":"3 Cultists","floor":22,"turns":4},{"damage":17,"enemies":"Book of Stabbing","floor":23,"turns":4},{"damage":3,"enemies":"Gremlin Leader","floor":25,"turns":3},{"damage":26,"enemies":"Slavers","floor":27,"turns":2},{"damage":0,"enemies":"Sentry and Sphere","floor":28,"turns":1},{"damage":25,"enemies":"Gremlin Leader","floor":29,"turns":2}],"seed_played":"-1971095022282012875","potions_obtained":[{"floor":1,"key":"DistilledChaos"},{"floor":2,"key":"Energy Potion"},{"floor":14,"key":"Fire Potion"}],"is_trial":false,"path_per_floor":["M","M","?","M","M","E","R","E","T","R","E","$","?","M","R","B",null,"M","?","M","M","M","E","R","E","T","E","M","E"],"character_chosen":"IRONCLAD","items_purchased":["Whirlwind","Akabeko"],"campfire_rested":4,"item_purchase_floors":[12,12],"current_hp_per_floor":[68,64,64,64,57,32,54,54,61,82,71,82,82,76,82,31,69,66,66,50,44,27,10,34,31,31,18,18,0,0],"gold":174,"neow_bonus":"BOSS_RELIC","is_daily":false,"chose_seed":false,"campfire_upgraded":0,"win_rate":0.0,"timestamp":1611325017,"path_taken":["M","M","?","?","M","E","R","E","T","R","E","$","?","M","R","BOSS","M","?","M","M","M","E","R","E","T","E","M","E"],"items_purchased_type":["Card","Relic"],"build_version":"2020-12-22","purchased_purges":1,"victory":false,"max_hp_per_floor":[75,75,75,75,75,75,75,75,82,82,82,82,82,82,82,82,82,82,82,82,82,82,82,82,82,82,95,95,95,95],"relic_stats":{"Sozu":3,"Centennial Puzzle":[27],"counters":[18,52],"Bronze Scales":[15],"MealTicket":11,"PreservedInsect":234,"Pen Nib":[1],"obtain_stats":[{"Sozu":17,"Potion Belt":25,"Centennial Puzzle":8,"Pear":27,"Strawberry":9,"Bronze Scales":26,"MealTicket":11,"Fusion Hammer":0,"PreservedInsect":6,"Pen Nib":23,"Burning Blood":0,"Akabeko":12},{"Sozu":9,"Potion Belt":15,"Centennial Puzzle":6,"Pear":16,"Strawberry":6,"Bronze Scales":15,"MealTicket":7,"Fusion Hammer":0,"PreservedInsect":5,"Pen Nib":14,"Burning Blood":0,"Akabeko":7},{"Sozu":32,"Potion Belt":47,"Centennial Puzzle":20,"Pear":49,"Strawberry":20,"Bronze Scales":47,"MealTicket":24,"Fusion Hammer":0,"PreservedInsect":18,"Pen Nib":44,"Burning Blood":0,"Akabeko":24}]},"card_choices":[{"not_picked":["Intimidate","Metallicize"],"picked":"Shockwave","floor":1},{"not_picked":["Shrug It Off","Clothesline"],"picked":"Carnage","floor":2},{"not_picked":["Sword Boomerang","Dual Wield"],"picked":"Anger","floor":4},{"not_picked":["Armaments","Clash"],"picked":"Feel No Pain","floor":5},{"not_picked":["Anger","Inflame"],"picked":"Offering","floor":6},{"not_picked":["Anger","Shockwave"],"picked":"Sword Boomerang","floor":8},{"not_picked":["Body Slam","Armaments"],"picked":"Cleave","floor":11},{"not_picked":["Perfected Strike","Heavy Blade"],"picked":"Battle Trance","floor":14},{"not_picked":["Impervious","Exhume"],"picked":"Double Tap","floor":16},{"not_picked":["Perfected Strike","Clash"],"picked":"Rupture","floor":18},{"not_picked":["Second Wind","Anger"],"picked":"Armaments","floor":22},{"not_picked":["Thunderclap","Havoc"],"picked":"Feed","floor":23},{"not_picked":["Warcry","Twin Strike"],"picked":"Burning Pact","floor":25},{"not_picked":["Shockwave","Twin Strike"],"picked":"Dark Embrace","floor":28}],"player_experience":1077640,"relics_obtained":[{"floor":6,"key":"PreservedInsect"},{"floor":8,"key":"Centennial Puzzle"},{"floor":9,"key":"Strawberry"},{"floor":11,"key":"MealTicket"},{"floor":23,"key":"Pen Nib"},{"floor":25,"key":"Potion Belt"},{"floor":26,"key":"Bronze Scales"},{"floor":27,"key":"Pear"}],"event_choices":[{"damage_healed":0,"gold_gain":50,"player_choice":"Pray","damage_taken":0,"max_hp_gain":0,"max_hp_loss":0,"event_name":"Golden Shrine","floor":3,"gold_loss":0},{"damage_healed":0,"gold_gain":0,"cards_transformed":["Strike_R"],"player_choice":"Change","damage_taken":0,"max_hp_gain":0,"max_hp_loss":0,"event_name":"Living Wall","floor":13,"gold_loss":0,"cards_obtained":["Bloodletting"]},{"cards_removed":["Strike_R"],"damage_healed":0,"gold_gain":0,"player_choice":"Upgrade and Remove","damage_taken":0,"max_hp_gain":0,"max_hp_loss":0,"event_name":"Designer","floor":19,"gold_loss":110,"cards_upgraded":["Strike_R"]}],"is_beta":false,"boss_relics":[{"not_picked":["Velvet Choker","Empty Cage"],"picked":"Sozu"}],"items_purged_floors":[12],"is_endless":false,"potions_floor_spawned":[1,2,14,16,21,22,28],"killed_by":"Gremlin Leader","ascension_level":20}}