{"host":"wonp23fsqqcu31ie","time":1611283543,"event":{"mods":["2.2 Compatiblity","AchievementEnabler","Aspiration","BaseMod","Bestiary","Better Altar","Better Match","Better Sensory Stone","Better Skull","Better Third Choice","BetterRewards","Block Reminder","Colored Map","Colored Powertips","Conspire","Curses Come First","DeckTracker","Displayed Cursed Tome","Downfall","Energized Spire","Evolution","Hermit","Highlight Path","Hubris","Infinite Spire","Marisa????????","Minty Spire (QoL Compilation)","Permanent Neow","Prisma Mod","Quick Restart","Rare Cards Sparkle","Relic Stats","Robot Space Explorer","Shade Mod","Shop Mod","StSLib","SuperFastMode","The Animator","The Bug Knight","The Construct","The Cursed","The Disciple","The Dragon Tamer","The Gatherer","The Hierophant","The Marked","The Necromancer","The Poker Player","The Runesmith","The Saiyan","The Servant 0.9.4","TheBandit"],"gold_per_floor":[117,44,44,75,99,128,128,179,179,211,211,241,241,241,241,347,347,368,293,293,315,331,361,386,386,386,55,55,82,82,108,108,241,241,275,275,287,287,287,322,212,233,306,321,321,353,353,405,405,417,417,417,12,43,47],"floor_reached":56,"language":"ENG","playtime":1806,"items_purged":[],"score":1967,"play_id":"32bc7cab-7825-4a6d-a71a-d8d4c5f2200e","local_time":"20210122134543","is_ascension_mode":true,"campfire_choices":[{"floor":15,"key":"RECALL"},{"floor":25,"key":"DIG"},{"floor":28,"key":"DIG"},{"floor":32,"key":"REST"},{"floor":45,"key":"DIG"},{"floor":47,"key":"DIG"},{"floor":49,"key":"DIG"},{"floor":52,"key":"DIG"}],"circlet_count":0,"master_deck":["animator:Defend_OnePunchMan","animator:Strike","animator:Defend","animator:Defend","animator:Defend","animator:Genos","animator:MumenRider","animator:LimeBell","animator:Archer","animator:RoyMustang","animator:Archer","animator:Chris","animator:ElricEdward","animator:Viivi","animator:Envy+1","animator:Fredrika","animator:Layla","animator:ChaikaTrabant","animator:Biyorigo","animator:Serara","animator:Greed","animator:AcuraShin","animator:MaesHughes","animator:Darkness","animator:Lancer","animator:AcuraTooru","animator:ElricAlphonse+1","animator:Chris","animator:Melzalgald+1","animator:Shichika","animator:UneriGinkaku"],"relics":["animator:LivingPicture","animator:TheMissingPiece","EVO:Axolotl","hubris:BottledRain","MerchantsRug","Strange Spoon","infinitespire:Satchel","Lizard Tail","hubris:OldNail","Medical Kit","Mercury Hourglass","animator:HallowedScabbard","hexamod:CandleOfCauterizing","White Beast Statue","HollowMod:QueensCombRelic","Pantograph","conspire:DeflatedDodgeball","hubris:BundleOfHerbs","ClockworkSouvenir","Shovel","PreservedInsect","hubris:GlazedTorus","aspiration:FetidBarrel","Meat on the Bone","construct:FoamFinger","hubris:Icosahedron","hubris:Towel","aspiration:BabyByrd","The Specimen","animator:Hoodie","Philosopher\u0027s Stone","infinitespire:Golems Mask","Incense Burner","animator:AlchemistGlove","aspiration:HummingbirdHeart","Bottled Flame","aspiration:FrozenJewel","Enchiridion","Red Skull","Regal Pillow","Bronze Scales","hexamod:BolsterEngine","Runesmith:Nanobots","conspire:DecoderRing","Bag of Marbles","Ginger","Eternal Feather","hubris:EmptyBottle","Blood Vial"],"acts_visited":["Exordium","TheCity","TheBeyond","TheEnding"],"potions_floor_usage":[16,16,16,21,24,24,24,31,33,33,40,40,46,50,50,55,55,55,55],"damage_taken":[{"damage":0,"enemies":"Small Slimes","floor":1,"turns":2},{"damage":0,"enemies":"Jaw Worm","floor":4,"turns":3},{"damage":0,"enemies":"2 Louse","floor":5,"turns":2},{"damage":18,"enemies":"Lagavulin","floor":6,"turns":3},{"damage":0,"enemies":"HollowMod:MossKnight","floor":8,"turns":4},{"damage":8,"enemies":"Gremlin Nob","floor":10,"turns":2},{"damage":7,"enemies":"Exordium Wildlife","floor":12,"turns":3},{"damage":0,"enemies":"Slime Boss","floor":16,"turns":4},{"damage":14,"enemies":"Shell Parasite","floor":18,"turns":3},{"damage":12,"enemies":"3 Byrds","floor":21,"turns":3},{"damage":26,"enemies":"Shelled Parasite and Fungi","floor":22,"turns":4},{"damage":7,"enemies":"conspire:SneckoGhost","floor":23,"turns":4},{"damage":13,"enemies":"conspire:HollyBat","floor":24,"turns":6},{"damage":9,"enemies":"Book of Stabbing","floor":29,"turns":3},{"damage":0,"enemies":"conspire:Head Lice","floor":31,"turns":1},{"damage":9,"enemies":"conspire:MysteriousRune","floor":33,"turns":6},{"damage":4,"enemies":"3 Darklings","floor":35,"turns":3},{"damage":0,"enemies":"3 Shapes","floor":37,"turns":4},{"damage":14,"enemies":"Nemesis","floor":40,"turns":3},{"damage":6,"enemies":"Jaw Worm Horde","floor":42,"turns":2},{"damage":0,"enemies":"Sphere and 2 Shapes","floor":44,"turns":3},{"damage":0,"enemies":"Reptomancer","floor":46,"turns":3},{"damage":3,"enemies":"Giant Head","floor":48,"turns":4},{"damage":34,"enemies":"Awakened One","floor":50,"turns":7},{"damage":14,"enemies":"Shield and Spear","floor":54,"turns":5},{"damage":59,"enemies":"The Heart","floor":55,"turns":5}],"seed_played":"6426777151275931167","potions_obtained":[{"floor":1,"key":"SpeedPotion"},{"floor":4,"key":"champ:CounterPotion"},{"floor":5,"key":"CultistPotion"},{"floor":10,"key":"AttackPotion"},{"floor":16,"key":"animator:GrowthPotion"},{"floor":18,"key":"Energy Potion"},{"floor":21,"key":"FearPotion"},{"floor":22,"key":"Swift Potion"},{"floor":24,"key":"Swift Potion"},{"floor":29,"key":"infinitespire:BlackPotion"},{"floor":31,"key":"SpeedPotion"},{"floor":33,"key":"SpeedPotion"},{"floor":35,"key":"champ:CounterPotion"},{"floor":40,"key":"PowerPotion"},{"floor":42,"key":"SpeedPotion"},{"floor":44,"key":"Weak Potion"},{"floor":46,"key":"Dexterity Potion"},{"floor":48,"key":"FairyPotion"}],"is_trial":false,"path_per_floor":["M","$","?","M","M","E","?","E","T","E","?","M","?","?","R","B",null,"M","?","?","M","M","E","M","R","T","$","R","E","?","E","R","B",null,"M","?","M","?","?","E","$","M","T","M","R","E","R","E","R","B",null,"R","$","E","B",null],"character_chosen":"THE_ANIMATOR","items_purchased":["hubris:BottledRain","MerchantsRug","Strange Spoon","infinitespire:Satchel","animator:LimeBell","hubris:OldNail","Medical Kit","Mercury Hourglass","animator:Archer","hexamod:CandleOfCauterizing","White Beast Statue","Pantograph","conspire:DeflatedDodgeball","ClockworkSouvenir","animator:RoyMustang","animator:Archer","PreservedInsect","animator:Chris","animator:AlchemistGlove","aspiration:HummingbirdHeart","Bronze Scales","animator:Lancer","animator:Shichika","animator:UneriGinkaku","hubris:EmptyBottle","LiquidMemories","bronze:BurnAndBuffPotion"],"campfire_rested":1,"item_purchase_floors":[0,0,0,0,0,0,0,0,0,0,0,0,0,0,0,0,0,2,27,27,41,41,53,53,53,53,53],"current_hp_per_floor":[33,33,33,44,44,31,31,45,45,38,38,35,35,35,35,47,47,37,37,37,29,26,34,27,27,27,27,27,18,2,22,31,22,31,27,27,34,34,34,20,20,23,23,40,40,44,44,41,41,31,44,44,44,30,31],"gold":47,"neow_bonus":"","is_daily":false,"chose_seed":false,"campfire_upgraded":0,"win_rate":0.0,"timestamp":1611283543,"path_taken":["M","$","?","M","M","E","?","E","T","E","?","?","?","?","R","BOSS","M","?","?","M","M","E","M","R","T","$","R","E","?","E","R","BOSS","M","?","?","?","?","E","$","M","T","?","R","E","R","E","R","BOSS","R","$","E","BOSS"],"items_purchased_type":["Relic","Relic","Relic","Relic","Card","Relic","Relic","Relic","Card","Relic","Relic","Relic","Relic","Relic","Card","Card","Relic","Card","Relic","Relic","Relic","Card","Card","Card","Relic","Potion","Potion"],"build_version":"2020-12-22","purchased_purges":0,"victory":true,"max_hp_per_floor":[44,44,44,44,44,45,45,45,45,46,46,46,46,46,46,47,47,47,47,47,47,47,54,27,27,27,27,27,27,27,31,31,31,31,31,31,34,34,34,34,34,36,36,41,41,44,44,44,44,44,44,44,44,44,44],"relic_stats":{"Regal Pillow":0,"counters":[145,516],"Eternal Feather":0,"PreservedInsect":1219,"Ginger":[28],"Medical Kit":[14],"Mercury Hourglass":[496],"Blood Vial":2,"Strange Spoon":[34],"Lizard Tail":0,"Shovel":6,"Pantograph":26,"Bronze Scales":[281],"obtain_stats":[{"TwistedFunnel":3,"infinitespire:BottledMercury":24,"construct:FoamFinger":10,"aspiration:PoetsPen_weak":34,"Ginger":65,"Bottled Tornado":43,"Sling":38,"aspiration:RitualStick":27,"Blood Vial":94,"infinitespire:ShieldingShard":0,"aspiration:BabyByrd":53,"hubris:AstralHammer":136,"infinitespire:Golems Mask":25,"Replay:Bottled Flurry":12,"HandDrill":29,"HollowMod:PaleOreRelic":151,"hubris:TinFlute":22,"MerchantsRug":38,"HollowMod:QueensCombRelic":0,"hubris:SphereOfDissonance":7,"HollowMod:JonisBlessing":4,"Eternal Feather":52,"Guardian:PocketSentry":4,"infinitespire:Magic Flask":42,"Paper Crane":28,"energizedSpire:StickyHand":55,"aspiration:FrozenJewel":29,"SlaversCollar":51,"animator:HolyGrailRelic":17,"hubris:BottledHeart":19,"ReplayTheSpireMod:Ring of Collecting":13,"aspiration:SilentSkillbook":132,"energizedSpire:MagnifyingGlass":17,"hubris:TenFootPole":36,"conspire:BottledYoYo":26,"infinitespire:PuzzleCube":108,"infinitespire:Cupcake":85,"animator:ShionDessert":24,"aspiration:Lifesprig":57,"Lantern":121,"Regal Pillow":146,"animator:Hoodie":20,"animator:TheMissingPiece":0,"hubris:EmptyBottle":53,"Ancient Tea Set":72,"Smiling Mask":77,"Matryoshka":0,"hubris:Backtick":68,"Shovel":0,"hubris:CuriousFeather":63,"animator:HallowedScabbard":0,"hubris:GlazedTorus":6,"Potion Belt":55,"Lee\u0027s Waffle":151,"Runesmith:Nanobots":46,"The Specimen":17,"Thread and Needle":36,"PreservedInsect":117,"infinitespire:CheckeredPen":72,"hubris:Towel":2,"Frozen Egg 2":36,"energizedSpire:DeadBattery":34,"Busted Crown":34,"Bloody Idol":19,"Orrery":136,"animator:LivingPicture":0,"Art of War":24,"Runesmith:AutoHammer":10,"Bottled Lightning":152,"ReplayTheSpireMod:Ring of Challenge":13,"animator:AlchemistGlove":30,"conspire:DeflatedDodgeball":110,"hexamod:BolsterEngine":45,"animator:OldCoffin":90,"hubris:BottledRain":0,"Tiny House":20,"Gremlin Horn":26,"Vajra":7,"EVO:Axolotl":0,"HollowMod:StagPassRelic":12,"Lizard Tail":0,"DollysMirror":22,"Strawberry":29,"conspire:DecoderRing":47,"aspiration:ArtOfWarUpgrade":40,"Philosopher\u0027s Stone":24,"Girya":0,"Happy Flower":95,"aspiration:Nostalgia":0,"animator:BattleDrones":65,"Dead Branch":120,"Oddly Smooth Stone":9,"infinitespire:Beetle Shell":20,"aspiration:SeaSaltIceCream":25,"War Paint":0,"Question Card":124,"hubris:Zylophone":45,"Bottled Flame":29,"energizedSpire:NeverEndingSparkler":17,"Bronze Scales":76,"Nloth\u0027s Gift":73,"CatCart":137,"Meat on the Bone":138,"animator:CursedGlyph":31,"SacredBark":98,"Enchiridion":30,"Mango":101,"aspiration:TomeofQuesting":141,"Incense Burner":26,"hubris:RunicObelisk":34,"conspire:TopHat":13,"ClockworkSouvenir":72,"Nunchaku":48,"Dream Catcher":107,"hubris:Icosahedron":36,"animator:PurgingStone":0,"Pantograph":0,"Red Mask":21,"animator:MantleOfTheStrategist":63,"Red Skull":31,"hexamod:CandleOfCauterizing":43,"HollowMod:LifeEnderRelic":119,"aspiration:FetidBarrel":68,"hubris:MedicalManual":0,"aspiration:HummingbirdHeart":46,"animator:WornHelmet":38,"Medical Kit":0,"White Beast Statue":21,"Mercury Hourglass":108,"Strange Spoon":0,"infinitespire:Satchel":20,"aspiration:KaomsHeart":48,"hubris:BundleOfHerbs":0,"Bag of Marbles":48,"Membership Card":0,"hubris:OldNail":9,"TungstenRod":0},{"TwistedFunnel":49,"infinitespire:BottledMercury":17,"construct:FoamFinger":125,"aspiration:PoetsPen_weak":37,"Ginger":78,"Bottled Tornado":66,"Sling":21,"aspiration:RitualStick":17,"Blood Vial":90,"infinitespire:ShieldingShard":48,"aspiration:BabyByrd":72,"hubris:AstralHammer":113,"infinitespire:Golems Mask":132,"Replay:Bottled Flurry":7,"HandDrill":17,"HollowMod:PaleOreRelic":117,"hubris:TinFlute":57,"MerchantsRug":21,"HollowMod:QueensCombRelic":119,"hubris:SphereOfDissonance":4,"HollowMod:JonisBlessing":24,"Eternal Feather":143,"Guardian:PocketSentry":2,"infinitespire:Magic Flask":42,"Paper Crane":17,"energizedSpire:StickyHand":72,"aspiration:FrozenJewel":133,"SlaversCollar":71,"animator:HolyGrailRelic":55,"hubris:BottledHeart":15,"ReplayTheSpireMod:Ring of Collecting":7,"aspiration:SilentSkillbook":111,"energizedSpire:MagnifyingGlass":14,"hubris:TenFootPole":38,"conspire:BottledYoYo":58,"infinitespire:PuzzleCube":98,"infinitespire:Cupcake":87,"animator:ShionDessert":58,"aspiration:Lifesprig":74,"Lantern":104,"Regal Pillow":116,"animator:Hoodie":128,"animator:TheMissingPiece":0,"hubris:EmptyBottle":143,"Ancient Tea Set":81,"Smiling Mask":83,"Matryoshka":22,"hubris:Backtick":79,"Shovel":119,"hubris:CuriousFeather":77,"animator:HallowedScabbard":119,"hubris:GlazedTorus":123,"Potion Belt":72,"Lee\u0027s Waffle":117,"Runesmith:Nanobots":141,"The Specimen":127,"Thread and Needle":20,"PreservedInsect":102,"infinitespire:CheckeredPen":81,"hubris:Towel":9,"Frozen Egg 2":38,"energizedSpire:DeadBattery":135,"Busted Crown":62,"Bloody Idol":56,"Orrery":113,"animator:LivingPicture":0,"Art of War":34,"Runesmith:AutoHammer":5,"Bottled Lightning":118,"ReplayTheSpireMod:Ring of Challenge":7,"animator:AlchemistGlove":35,"conspire:DeflatedDodgeball":98,"hexamod:BolsterEngine":140,"animator:OldCoffin":89,"hubris:BottledRain":119,"Tiny House":15,"Gremlin Horn":17,"Vajra":10,"EVO:Axolotl":0,"HollowMod:StagPassRelic":28,"Lizard Tail":119,"DollysMirror":57,"Strawberry":17,"conspire:DecoderRing":141,"aspiration:ArtOfWarUpgrade":40,"Philosopher\u0027s Stone":132,"Girya":48,"Happy Flower":91,"aspiration:Nostalgia":0,"animator:BattleDrones":78,"Dead Branch":103,"Oddly Smooth Stone":26,"infinitespire:Beetle Shell":15,"aspiration:SeaSaltIceCream":132,"War Paint":48,"Question Card":106,"hubris:Zylophone":67,"Bottled Flame":17,"energizedSpire:NeverEndingSparkler":30,"Bronze Scales":83,"Nloth\u0027s Gift":81,"CatCart":114,"Meat on the Bone":115,"animator:CursedGlyph":36,"SacredBark":92,"Enchiridion":133,"Mango":94,"aspiration:TomeofQuesting":115,"Incense Burner":132,"hubris:RunicObelisk":18,"conspire:TopHat":53,"ClockworkSouvenir":81,"Nunchaku":70,"Dream Catcher":98,"hubris:Icosahedron":63,"animator:PurgingStone":22,"Pantograph":119,"Red Mask":32,"animator:MantleOfTheStrategist":77,"Red Skull":134,"hexamod:CandleOfCauterizing":42,"HollowMod:LifeEnderRelic":103,"aspiration:FetidBarrel":79,"hubris:MedicalManual":48,"aspiration:HummingbirdHeart":44,"animator:WornHelmet":39,"Medical Kit":119,"White Beast Statue":15,"Mercury Hourglass":98,"Strange Spoon":119,"infinitespire:Satchel":56,"aspiration:KaomsHeart":45,"hubris:BundleOfHerbs":119,"Bag of Marbles":142,"Membership Card":48,"hubris:OldNail":26,"TungstenRod":48},{"TwistedFunnel":222,"infinitespire:BottledMercury":67,"construct:FoamFinger":441,"aspiration:PoetsPen_weak":170,"Ginger":323,"Bottled Tornado":285,"Sling":92,"aspiration:RitualStick":67,"Blood Vial":350,"infinitespire:ShieldingShard":218,"aspiration:BabyByrd":309,"hubris:AstralHammer":400,"infinitespire:Golems Mask":468,"Replay:Bottled Flurry":28,"HandDrill":67,"HollowMod:PaleOreRelic":416,"hubris:TinFlute":251,"MerchantsRug":92,"HollowMod:QueensCombRelic":425,"hubris:SphereOfDissonance":14,"HollowMod:JonisBlessing":106,"Eternal Feather":507,"Guardian:PocketSentry":8,"infinitespire:Magic Flask":187,"Paper Crane":67,"energizedSpire:StickyHand":309,"aspiration:FrozenJewel":471,"SlaversCollar":306,"animator:HolyGrailRelic":245,"hubris:BottledHeart":59,"ReplayTheSpireMod:Ring of Collecting":28,"aspiration:SilentSkillbook":397,"energizedSpire:MagnifyingGlass":53,"hubris:TenFootPole":172,"conspire:BottledYoYo":255,"infinitespire:PuzzleCube":362,"infinitespire:Cupcake":345,"animator:ShionDessert":255,"aspiration:Lifesprig":313,"Lantern":371,"Regal Pillow":409,"animator:Hoodie":451,"animator:TheMissingPiece":0,"hubris:EmptyBottle":507,"Ancient Tea Set":330,"Smiling Mask":335,"Matryoshka":99,"hubris:Backtick":326,"Shovel":425,"hubris:CuriousFeather":320,"animator:HallowedScabbard":425,"hubris:GlazedTorus":435,"Potion Belt":309,"Lee\u0027s Waffle":416,"Runesmith:Nanobots":496,"The Specimen":448,"Thread and Needle":88,"PreservedInsect":368,"infinitespire:CheckeredPen":330,"hubris:Towel":36,"Frozen Egg 2":172,"energizedSpire:DeadBattery":478,"Busted Crown":274,"Bloody Idol":248,"Orrery":400,"animator:LivingPicture":0,"Art of War":154,"Runesmith:AutoHammer":18,"Bottled Lightning":418,"ReplayTheSpireMod:Ring of Challenge":28,"animator:AlchemistGlove":159,"conspire:DeflatedDodgeball":362,"hexamod:BolsterEngine":493,"animator:OldCoffin":348,"hubris:BottledRain":425,"Tiny House":59,"Gremlin Horn":67,"Vajra":38,"EVO:Axolotl":0,"HollowMod:StagPassRelic":120,"Lizard Tail":425,"DollysMirror":251,"Strawberry":67,"conspire:DecoderRing":496,"aspiration:ArtOfWarUpgrade":180,"Philosopher\u0027s Stone":467,"Girya":218,"Happy Flower":352,"aspiration:Nostalgia":0,"animator:BattleDrones":323,"Dead Branch":369,"Oddly Smooth Stone":110,"infinitespire:Beetle Shell":59,"aspiration:SeaSaltIceCream":468,"War Paint":218,"Question Card":374,"hubris:Zylophone":290,"Bottled Flame":67,"energizedSpire:NeverEndingSparkler":135,"Bronze Scales":335,"Nloth\u0027s Gift":330,"CatCart":404,"Meat on the Bone":406,"animator:CursedGlyph":163,"SacredBark":356,"Enchiridion":471,"Mango":358,"aspiration:TomeofQuesting":406,"Incense Burner":468,"hubris:RunicObelisk":77,"conspire:TopHat":237,"ClockworkSouvenir":330,"Nunchaku":301,"Dream Catcher":362,"hubris:Icosahedron":276,"animator:PurgingStone":99,"Pantograph":425,"Red Mask":141,"animator:MantleOfTheStrategist":320,"Red Skull":472,"hexamod:CandleOfCauterizing":187,"HollowMod:LifeEnderRelic":369,"aspiration:FetidBarrel":326,"hubris:MedicalManual":218,"aspiration:HummingbirdHeart":194,"animator:WornHelmet":175,"Medical Kit":425,"White Beast Statue":59,"Mercury Hourglass":362,"Strange Spoon":425,"infinitespire:Satchel":248,"aspiration:KaomsHeart":198,"hubris:BundleOfHerbs":425,"Bag of Marbles":500,"Membership Card":218,"hubris:OldNail":110,"TungstenRod":218}],"Meat on the Bone":48},"card_choices":[{"not_picked":["animator:Genos","animator:Verdia","animator:Kazuma"],"picked":"SKIP","floor":1},{"not_picked":["animator:Serara","animator:Azekura"],"picked":"animator:ElricEdward","floor":4},{"not_picked":["animator:RundelhausCode","animator:ZankiKiguchi"],"picked":"animator:Viivi","floor":5},{"not_picked":["animator:Gluttony","animator:Sloth"],"picked":"animator:Envy","floor":6},{"not_picked":["animator:Tohya","animator:ElricEdward"],"picked":"animator:Father","floor":8},{"not_picked":["animator:Rayneshia","animator:Genos"],"picked":"animator:Fredrika","floor":10},{"not_picked":["animator:Verdia","animator:Nanami"],"picked":"animator:Layla","floor":12},{"not_picked":["animator:Boros","animator:HigakiRinne"],"picked":"animator:ChaikaTrabant","floor":16},{"not_picked":["animator:Viivi","animator:ShinjiMatou"],"picked":"animator:Eris","floor":18},{"not_picked":["animator:Viivi","animator:ElricEdward","animator:Assassin+1"],"picked":"SKIP","floor":21},{"not_picked":["animator:ShinjiMatou","animator:ZankiKiguchi+1"],"picked":"animator:Biyorigo","floor":22},{"not_picked":["animator:Marielle","animator:Assassin","animator:Henrietta"],"picked":"SKIP","floor":23},{"not_picked":["animator:SilverFang","animator:Henrietta"],"picked":"animator:Serara","floor":24},{"not_picked":["animator:Berserker+1","animator:Vanir","animator:Verdia"],"picked":"SKIP","floor":29},{"not_picked":["animator:Alexander","animator:Tetora"],"picked":"animator:Greed","floor":31},{"not_picked":["animator:Gilgamesh","animator:Envy"],"picked":"animator:AcuraShin","floor":33},{"not_picked":["animator:Isuzu+1","animator:Tohya+1"],"picked":"animator:MaesHughes","floor":35},{"not_picked":["animator:Rayneshia","animator:Guy+1","animator:SilverFang"],"picked":"SKIP","floor":37},{"not_picked":["animator:ShinjiMatou","animator:Guy"],"picked":"animator:Darkness","floor":40},{"not_picked":["animator:Alexander+1","animator:Aqua"],"picked":"animator:AcuraTooru","floor":42},{"not_picked":["animator:Illya","animator:Genos"],"picked":"animator:ElricAlphonse+1","floor":44},{"not_picked":["animator:Tohya+1","animator:ChaikaBohdan"],"picked":"animator:Chris","floor":46},{"not_picked":["animator:ElricEdward+1","animator:Saber"],"picked":"animator:Melzalgald+1","floor":48},{"not_picked":["animator:Tetora+1","animator:Verdia","animator:Konayuki"],"picked":"SKIP","floor":54}],"player_experience":577834,"relics_obtained":[{"floor":6,"key":"hubris:GlazedTorus"},{"floor":8,"key":"aspiration:FetidBarrel"},{"floor":9,"key":"Meat on the Bone"},{"floor":10,"key":"construct:FoamFinger"},{"floor":23,"key":"Strawberry"},{"floor":25,"key":"aspiration:SeaSaltIceCream"},{"floor":26,"key":"Incense Burner"},{"floor":28,"key":"Bottled Flame"},{"floor":29,"key":"aspiration:FrozenJewel"},{"floor":31,"key":"Red Skull"},{"floor":40,"key":"Regal Pillow"},{"floor":45,"key":"hexamod:BolsterEngine"},{"floor":46,"key":"Runesmith:Nanobots"},{"floor":47,"key":"conspire:DecoderRing"},{"floor":48,"key":"Bag of Marbles"},{"floor":49,"key":"Ginger"},{"floor":52,"key":"Eternal Feather"},{"floor":54,"key":"Blood Vial"}],"event_choices":[{"cards_removed":["animator:Strike_OnePunchMan"],"damage_healed":0,"gold_gain":0,"player_choice":"Gave Gold","damage_taken":0,"max_hp_gain":0,"max_hp_loss":0,"event_name":"Beggar","floor":19,"gold_loss":75},{"damage_healed":0,"gold_gain":0,"player_choice":"Opened","damage_taken":0,"relics_obtained":["animator:Hoodie"],"max_hp_gain":0,"max_hp_loss":0,"event_name":"The Mausoleum","floor":20,"gold_loss":0,"cards_obtained":["Writhe"]},{"damage_healed":0,"gold_gain":0,"player_choice":"Obtained Book","damage_taken":16,"max_hp_gain":0,"max_hp_loss":0,"event_name":"Cursed Tome","floor":30,"gold_loss":0},{"cards_removed":["Writhe"],"damage_healed":0,"gold_gain":0,"player_choice":"Card Removal","damage_taken":0,"max_hp_gain":0,"max_hp_loss":0,"event_name":"Wheel of Change","floor":36,"gold_loss":0},{"cards_removed":["animator:Strike"],"damage_healed":0,"gold_gain":0,"player_choice":"Removed Attack","damage_taken":0,"max_hp_gain":0,"max_hp_loss":0,"event_name":"Falling","floor":38,"gold_loss":0},{"cards_removed":["animator:Strike"],"damage_healed":0,"gold_gain":0,"player_choice":"Purged","damage_taken":0,"max_hp_gain":0,"max_hp_loss":0,"event_name":"Purifier","floor":39,"gold_loss":0}],"is_beta":false,"boss_relics":[{"not_picked":["Runic Dome","aspiration:PoetsPen_weak"],"picked":"hubris:Backtick"},{"not_picked":["hubris:ScarierMask","aspiration:FutureDiary"],"picked":"energizedSpire:DeadBattery"}],"items_purged_floors":[],"is_endless":false,"potions_floor_spawned":[1,4,5,6,8,10,12,16,18,21,22,23,24,29,31,33,35,37,40,42,44,46,48,54],"ascension_level":3}}