{"host":"ndpbn7fqb3wjbd7p","time":1611274024,"event":{"mods":["AchievementEnabler","Act Like it!","AlwaysNeverKeys","BaseMod","Better Vampires","Block Reminder","Colored Powertips","DeckTracker","Defuse TimeMaze Blight","Friendly Minions","Hallownest","Hermit","Highlight Path","MarisaÅiñ∂âJÅ@ñÇóùçπÅj","Minty Spire (QoL Compilation)","Permanent Neow","Shade Mod","StSLib","SuperFastMode","Synergy Search","The Mystic","Unceasing Turn Reminder","egg"],"gold_per_floor":[111,130,130,130,130,130,147,147,195,120,139,24,50,50,50,127,127,144,96,54,104,155,155,155],"floor_reached":23,"language":"ENG","playtime":1168,"items_purged":["Strike_G"],"score":374,"play_id":"39956fb7-48b6-405d-a10b-55ce3cd317ca","local_time":"20210122010704","is_ascension_mode":true,"campfire_choices":[{"data":"Flechettes","floor":6,"key":"SMITH"},{"data":"Burst","floor":8,"key":"SMITH"},{"floor":15,"key":"REST"}],"circlet_count":0,"master_deck":["AscendersBane","Strike_G","Strike_G","Defend_G","Defend_G","Defend_G","Defend_G","Defend_G","Survivor","Neutralize","Burst+1","Flechettes+1","Venomology","Footwork","Tools of the Trade","Blur","Calculated Gamble+1","Well Laid Plans"],"relics":["Ring of the Serpent","Akabeko","Tiny Chest","Shuriken","Omamori"],"acts_visited":["Exordium","TheCity"],"potions_floor_usage":[13,13,13,16,18,18,19,19,23,23,23,23],"damage_taken":[{"damage":0,"enemies":"2 Louse","floor":1,"turns":4},{"damage":2,"enemies":"Jaw Worm","floor":2,"turns":5},{"damage":0,"enemies":"Cultist","floor":7,"turns":1},{"damage":2,"enemies":"3 Louse","floor":11,"turns":5},{"damage":21,"enemies":"Gremlin Nob","floor":13,"turns":4},{"damage":53,"enemies":"The Guardian","floor":16,"turns":29},{"damage":4,"enemies":"Shell Parasite","floor":18,"turns":8},{"damage":15,"enemies":"2 Thieves","floor":19,"turns":5},{"damage":38,"enemies":"Slavers","floor":23,"turns":2}],"seed_played":"8892503325299637785","potions_obtained":[{"floor":1,"key":"Regen Potion"},{"floor":2,"key":"Swift Potion"},{"floor":16,"key":"SteroidPotion"},{"floor":19,"key":"Explosive Potion"}],"is_trial":false,"path_per_floor":["M","M","?","?","?","R","M","R","T","?","M","$","E","$","R","B",null,"M","M","$","?","T","E"],"character_chosen":"THE_SILENT","items_purchased":["Footwork","Well Laid Plans"],"campfire_rested":1,"item_purchase_floors":[12,20],"current_hp_per_floor":[44,42,16,16,16,16,16,16,16,16,14,14,5,5,24,3,50,46,31,31,31,31,0,0],"gold":155,"neow_bonus":"THREE_RARE_CARDS","is_daily":false,"chose_seed":false,"campfire_upgraded":2,"win_rate":0.0,"timestamp":1611274024,"path_taken":["M","M","?","?","?","R","?","R","T","?","M","$","E","?","R","BOSS","M","M","$","?","?","E"],"items_purchased_type":["Card","Card"],"build_version":"2020-12-22","purchased_purges":1,"victory":false,"max_hp_per_floor":[66,66,66,66,66,66,66,66,66,66,66,66,66,66,66,66,66,66,66,66,66,66,66,66],"card_choices":[{"not_picked":["Glass Knife","Venomology"],"picked":"Burst","floor":0},{"not_picked":["Quick Slash","All Out Attack"],"picked":"Flechettes","floor":1},{"not_picked":["Dagger Throw","Backstab","Flying Knee"],"picked":"SKIP","floor":2},{"not_picked":["Outmaneuver","Bane","Finisher"],"picked":"SKIP","floor":7},{"not_picked":["Skewer","Masterful Stab"],"picked":"Venomology","floor":11},{"not_picked":["Flechettes","Poisoned Stab","Dash"],"picked":"SKIP","floor":13},{"not_picked":["After Image","A Thousand Cuts"],"picked":"Tools of the Trade","floor":16},{"not_picked":["Well Laid Plans","Crippling Poison"],"picked":"Blur","floor":18},{"not_picked":["Crippling Poison","Noxious Fumes"],"picked":"Calculated Gamble+1","floor":19}],"player_experience":1180685,"relics_obtained":[{"floor":9,"key":"Tiny Chest"},{"floor":13,"key":"Shuriken"},{"floor":22,"key":"Omamori"}],"event_choices":[{"damage_healed":0,"gold_gain":0,"player_choice":"Success","damage_taken":26,"relics_obtained":["Akabeko"],"max_hp_gain":0,"max_hp_loss":0,"event_name":"Scrap Ooze","floor":3,"gold_loss":0},{"damage_healed":0,"gold_gain":0,"player_choice":"Ignored","damage_taken":0,"max_hp_gain":0,"max_hp_loss":0,"event_name":"Liars Game","floor":4,"gold_loss":0},{"cards_removed":["Strike_G"],"damage_healed":0,"gold_gain":0,"player_choice":"Forget","damage_taken":0,"max_hp_gain":0,"max_hp_loss":0,"event_name":"Living Wall","floor":5,"gold_loss":0},{"cards_removed":["Strike_G"],"damage_healed":0,"gold_gain":0,"player_choice":"Card Removal","damage_taken":0,"max_hp_gain":0,"max_hp_loss":0,"event_name":"The Cleric","floor":10,"gold_loss":75},{"damage_healed":0,"gold_gain":50,"player_choice":"Stole From Cult","damage_taken":0,"max_hp_gain":0,"max_hp_loss":0,"event_name":"Nest","floor":21,"gold_loss":0}],"is_beta":false,"boss_relics":[{"not_picked":["SlaversCollar","Philosopher\u0027s Stone"],"picked":"Ring of the Serpent"}],"items_purged_floors":[12],"is_endless":false,"potions_floor_spawned":[1,2,16,19],"killed_by":"Slavers","ascension_level":20}}