{"host":"928gv66myv2vlnsd","time":1611349817,"event":{"mods":["BaseMod","Minty Spire (QoL Compilation)","StSLib"],"gold_per_floor":[113,127,127,140,140,140,168,188,188,188,219,219,219],"floor_reached":12,"language":"ENG","playtime":473,"items_purged":[],"score":172,"play_id":"babeb0ce-6058-4eae-a938-f2410ac7f199","local_time":"20210122161017","is_ascension_mode":true,"campfire_choices":[{"data":"Apotheosis","floor":6,"key":"SMITH"},{"floor":10,"key":"REST"}],"circlet_count":0,"master_deck":["AscendersBane","Strike_R","Strike_R","Strike_R","Strike_R","Strike_R","Defend_R","Defend_R","Defend_R","Defend_R","Bash","Apotheosis+1","Iron Wave","Evolve","Shrug It Off","Thunderclap","Limit Break"],"relics":["Burning Blood","Art of War","WingedGreaves","Shuriken","Nunchaku"],"acts_visited":["Exordium"],"potions_floor_usage":[8],"damage_taken":[{"damage":13,"enemies":"2 Louse","floor":1,"turns":3},{"damage":13,"enemies":"Small Slimes","floor":2,"turns":5},{"damage":9,"enemies":"Jaw Worm","floor":4,"turns":4},{"damage":13,"enemies":"3 Sentries","floor":7,"turns":9},{"damage":1,"enemies":"Large Slime","floor":8,"turns":8},{"damage":25,"enemies":"Lagavulin","floor":11,"turns":9},{"damage":25,"enemies":"Gremlin Nob","floor":12,"turns":3}],"seed_played":"-9125920408569474269","potions_obtained":[{"floor":2,"key":"Block Potion"},{"floor":7,"key":"CultistPotion"},{"floor":11,"key":"Explosive Potion"}],"is_trial":false,"path_per_floor":["M","M","?","M","?","R","E","M","T","R","E","E"],"character_chosen":"IRONCLAD","items_purchased":[],"campfire_rested":1,"item_purchase_floors":[],"current_hp_per_floor":[61,54,59,56,21,21,14,19,19,40,21,0,0],"gold":219,"neow_bonus":"RANDOM_COLORLESS_2","is_daily":false,"chose_seed":false,"campfire_upgraded":1,"win_rate":0.0,"timestamp":1611349817,"path_taken":["M","M","?","M","?","R","E","M","T","R","E","E"],"items_purchased_type":[],"build_version":"2020-12-22","purchased_purges":0,"victory":false,"max_hp_per_floor":[68,68,73,73,73,73,73,73,73,73,73,73,73],"card_choices":[{"not_picked":["Thinking Ahead","Metamorphosis"],"picked":"Apotheosis","floor":0},{"not_picked":["Headbutt","Perfected Strike"],"picked":"Iron Wave","floor":1},{"not_picked":["Dual Wield","Wild Strike"],"picked":"Evolve","floor":2},{"not_picked":["Cleave","Clash"],"picked":"Shrug It Off","floor":4},{"not_picked":["Infernal Blade","Twin Strike","Hemokinesis"],"picked":"SKIP","floor":7},{"not_picked":["Headbutt","Havoc"],"picked":"Thunderclap","floor":8},{"not_picked":["Sentinel","True Grit"],"picked":"Limit Break","floor":11}],"player_experience":1289908,"relics_obtained":[{"floor":7,"key":"WingedGreaves"},{"floor":9,"key":"Shuriken"},{"floor":11,"key":"Nunchaku"}],"event_choices":[{"damage_healed":0,"gold_gain":0,"player_choice":"Donut","damage_taken":0,"max_hp_gain":5,"max_hp_loss":0,"event_name":"Big Fish","floor":3,"gold_loss":0},{"damage_healed":0,"gold_gain":0,"player_choice":"Success","damage_taken":35,"relics_obtained":["Art of War"],"max_hp_gain":0,"max_hp_loss":0,"event_name":"Scrap Ooze","floor":5,"gold_loss":0}],"is_beta":false,"boss_relics":[],"items_purged_floors":[],"is_endless":false,"potions_floor_spawned":[2,7,11],"killed_by":"Gremlin Nob","ascension_level":19}}