{"host":"vddkjx04kiwje1tk","time":1611332684,"event":{"mods":["AchievementEnabler","BaseMod","Colored Map","Minty Spire (QoL Compilation)","Quick Restart","SuperFastMode"],"gold_per_floor":[115,40,66,81,81,81,113,113,140,158,176,176,210,222,222,324,324],"floor_reached":16,"language":"KOR","playtime":497,"items_purged":["Strike_G"],"score":260,"play_id":"531ac32b-e28f-4dfd-8d5b-b1f6a7283757","local_time":"20210123012444","is_ascension_mode":false,"campfire_choices":[{"data":"Neutralize","floor":6.0,"key":"SMITH"},{"data":"Noxious Fumes","floor":8.0,"key":"SMITH"},{"data":"Venomology","floor":12.0,"key":"SMITH"},{"floor":15,"key":"REST"}],"circlet_count":0,"master_deck":["Strike_G","Strike_G","Strike_G","Defend_G","Defend_G","Defend_G","Defend_G","Survivor","Neutralize+1","Backflip","Noxious Fumes+1","Venomology+1","Dash","Noxious Fumes"],"relics":["Ring of the Snake","Orichalcum","Regal Pillow","Potion Belt","Ancient Tea Set"],"acts_visited":["Exordium"],"potions_floor_usage":[16,16,16,16,16,16,16,16,16],"damage_taken":[{"damage":1.0,"enemies":"Cultist","floor":1.0,"turns":3.0},{"damage":1.0,"enemies":"2 Louse","floor":4.0,"turns":4.0},{"damage":36.0,"enemies":"3 Sentries","floor":7.0,"turns":15.0},{"damage":0.0,"enemies":"Small Slimes","floor":10.0,"turns":4.0},{"damage":0.0,"enemies":"Exordium Wildlife","floor":11.0,"turns":4.0},{"damage":19.0,"enemies":"Lagavulin","floor":13.0,"turns":8.0},{"damage":0.0,"enemies":"3 Louse","floor":14.0,"turns":3.0},{"damage":14,"enemies":"Hexaghost","floor":16,"turns":5}],"seed_played":"5590912601149115322","potions_obtained":[{"floor":4.0,"key":"Strength Potion"},{"floor":10.0,"key":"Weak Potion"},{"floor":11.0,"key":"LiquidMemories"},{"floor":14.0,"key":"EntropicBrew"}],"is_trial":false,"path_per_floor":["M","$","T","M","$","R","E","R","T","M","M","R","E","M","R","B"],"character_chosen":"THE_SILENT","items_purchased":[],"campfire_rested":1,"item_purchase_floors":[],"current_hp_per_floor":[62,62,62,61,61,61,25,25,25,25,25,25,6,6,39,25,25],"gold":324,"neow_bonus":"TRANSFORM_TWO_CARDS","is_daily":false,"chose_seed":false,"campfire_upgraded":3,"win_rate":0.0,"timestamp":1611332684,"path_taken":["M","$","?","M","$","R","E","R","T","?","M","R","E","M","R","BOSS"],"items_purchased_type":[],"build_version":"2020-12-22","purchased_purges":1,"victory":false,"max_hp_per_floor":[63,63,63,63,63,63,63,63,63,63,63,63,63,63,63,63,63],"card_choices":[{"not_picked":["Dodge and Roll","Blade Dance"],"picked":"Backflip","floor":1.0},{"not_picked":["Dagger Spray","Underhanded Strike","Blade Dance"],"picked":"SKIP","floor":4.0},{"not_picked":["Dagger Spray","Deflect"],"picked":"Noxious Fumes","floor":7.0},{"not_picked":["Concentrate","Outmaneuver"],"picked":"Venomology","floor":10.0},{"not_picked":["Blade Dance","Quick Slash"],"picked":"Dash","floor":11.0},{"not_picked":["Masterful Stab","Escape Plan"],"picked":"Noxious Fumes","floor":13.0},{"not_picked":["Cloak And Dagger","Accuracy","Acrobatics"],"picked":"SKIP","floor":14.0}],"player_experience":201048,"relics_obtained":[{"floor":3.0,"key":"Orichalcum"},{"floor":7.0,"key":"Regal Pillow"},{"floor":9.0,"key":"Potion Belt"},{"floor":13.0,"key":"Ancient Tea Set"}],"event_choices":[],"is_beta":false,"boss_relics":[],"items_purged_floors":[2],"is_endless":false,"potions_floor_spawned":[4,10,11,14],"killed_by":"Hexaghost","ascension_level":0}}