{"host":"e1pm3b7xpcm97e5w","time":1611341589,"event":{"mods":["BaseMod","Better Skull","Googly Eyes","Minty Spire (QoL Compilation)","Relic Stats","Shop Mod","Spicy Shops","StSLib"],"gold_per_floor":[116,11,29,104,151,180,180,227,253,13,13,43,67,88,88,88,88],"floor_reached":16,"language":"ENG","playtime":464,"items_purged":["Strike_G"],"score":257,"play_id":"01089e02-88e3-4d89-9e69-d7704382f9be","local_time":"20210122135309","is_ascension_mode":true,"campfire_choices":[{"data":"Survivor","floor":11,"key":"SMITH"},{"floor":15,"key":"REST"}],"circlet_count":0,"master_deck":["AscendersBane","Strike_G","Strike_G","Strike_G","Strike_G","Defend_G","Defend_G","Defend_G","Defend_G","Defend_G","Survivor+1","Neutralize","PiercingWail","Flechettes","Deflect","Blur","Well Laid Plans","Cloak And Dagger","Dagger Throw"],"relics":["Ring of the Snake","NeowsBlessing","Bag of Marbles","Ninja Scroll","Golden Idol","CeramicFish","Toy Ornithopter","Strange Spoon"],"acts_visited":["Exordium"],"potions_floor_usage":[8],"damage_taken":[{"damage":0,"enemies":"Jaw Worm","floor":1,"turns":1},{"damage":0,"enemies":"2 Louse","floor":3,"turns":1},{"damage":0,"enemies":"Gremlin Nob","floor":6,"turns":1},{"damage":13,"enemies":"3 Sentries","floor":8,"turns":10},{"damage":0,"enemies":"Small Slimes","floor":12,"turns":3},{"damage":8,"enemies":"Exordium Thugs","floor":13,"turns":5},{"damage":0,"enemies":"2 Fungi Beasts","floor":14,"turns":2},{"damage":39,"enemies":"Slime Boss","floor":16,"turns":9}],"seed_played":"-8670472576004406332","potions_obtained":[{"floor":1,"key":"Explosive Potion"},{"floor":13,"key":"DuplicationPotion"},{"floor":14,"key":"Poison Potion"}],"is_trial":false,"path_per_floor":["M","$","M","?","T","E","?","E","T","$","R","M","M","M","R","B"],"character_chosen":"THE_SILENT","items_purchased":["PiercingWail","Well Laid Plans","Strange Spoon"],"campfire_rested":1,"item_purchase_floors":[2,10,10],"current_hp_per_floor":[59,59,59,48,48,48,48,35,35,35,35,35,27,27,45,6,6],"gold":88,"neow_bonus":"THREE_ENEMY_KILL","is_daily":false,"chose_seed":false,"campfire_upgraded":1,"win_rate":0.0,"timestamp":1611341589,"path_taken":["M","$","M","?","?","E","?","E","T","$","R","M","M","M","R","BOSS"],"items_purchased_type":["Card","Card","Relic"],"build_version":"2020-12-22","purchased_purges":1,"victory":false,"max_hp_per_floor":[66,66,66,66,66,66,60,60,60,60,60,60,60,60,60,60,60],"relic_stats":{"Strange Spoon":[9],"counters":[8,32],"Golden Idol":19,"CeramicFish":36,"obtain_stats":[{"Strange Spoon":10,"NeowsBlessing":0,"Ninja Scroll":6,"Golden Idol":7,"CeramicFish":8,"Bag of Marbles":5,"Toy Ornithopter":9,"Ring of the Snake":0},{"Strange Spoon":4,"NeowsBlessing":0,"Ninja Scroll":3,"Golden Idol":3,"CeramicFish":4,"Bag of Marbles":2,"Toy Ornithopter":4,"Ring of the Snake":0},{"Strange Spoon":13,"NeowsBlessing":0,"Ninja Scroll":3,"Golden Idol":3,"CeramicFish":13,"Bag of Marbles":2,"Toy Ornithopter":13,"Ring of the Snake":0}],"Toy Ornithopter":0,"Ring of the Snake":[16]},"card_choices":[{"not_picked":["Infinite Blades","Acrobatics","Expertise"],"picked":"SKIP","floor":1},{"not_picked":["Prepared","PiercingWail"],"picked":"Flechettes","floor":3},{"not_picked":["Terror","Outmaneuver"],"picked":"Deflect","floor":6},{"not_picked":["Underhanded Strike","Prepared"],"picked":"Blur","floor":8},{"not_picked":["Acrobatics","Underhanded Strike"],"picked":"Cloak And Dagger","floor":12},{"not_picked":["Poisoned Stab","Cloak And Dagger"],"picked":"Dagger Throw","floor":13},{"not_picked":["Finisher","Acrobatics","Dagger Spray"],"picked":"SKIP","floor":14}],"player_experience":548200,"relics_obtained":[{"floor":5,"key":"Bag of Marbles"},{"floor":6,"key":"Ninja Scroll"},{"floor":8,"key":"CeramicFish"},{"floor":9,"key":"Toy Ornithopter"}],"event_choices":[{"damage_healed":0,"gold_gain":75,"player_choice":"Gather Gold","damage_taken":11,"max_hp_gain":0,"max_hp_loss":0,"event_name":"World of Goop","floor":4,"gold_loss":0},{"damage_healed":0,"gold_gain":0,"player_choice":"Lose Max HP","damage_taken":0,"relics_obtained":["Golden Idol"],"max_hp_gain":0,"max_hp_loss":6,"event_name":"Golden Idol","floor":7,"gold_loss":0}],"is_beta":false,"boss_relics":[],"items_purged_floors":[2],"is_endless":false,"potions_floor_spawned":[1,13,14],"killed_by":"Slime Boss","ascension_level":18}}