{"host":"zrg8yzdwi219jxzu","time":1611277193,"event":{"mods":["BaseMod","Minty Spire (QoL Compilation)","The IronCluck","slay the spire mod where everything is the same but ironclad has a cowboy hat"],"gold_per_floor":[119,135,310,310,330,330,368,368,436,479,75,90,90,16,16,144,144,167,188,12,33,33,33,54,54,54,54,94,64,87,108,108,228,228,246,260,276,299,299,299,318,318,344,10,35,9,9,0,0,0],"floor_reached":51,"language":"ENG","playtime":3403,"items_purged":["Doubt","Zap"],"score":708,"play_id":"a6f69864-f947-46ce-a225-2cf164daf16c","local_time":"20210121195953","is_ascension_mode":true,"campfire_choices":[{"data":"Reprogram","floor":6,"key":"SMITH"},{"floor":13,"key":"REST"},{"data":"Reprogram","floor":15,"key":"SMITH"},{"data":"Creative AI","floor":23,"key":"SMITH"},{"floor":25,"key":"REST"},{"floor":32,"key":"REST"},{"floor":40,"key":"REST"},{"floor":47,"key":"REST"},{"floor":49,"key":"REST"}],"circlet_count":0,"master_deck":["Dualcast+1","Mind Blast","Conserve Battery+1","Conserve Battery","Injury","Reprogram+1","BootSequence","Auto Shields","Reprogram+1","FTL","Decay","Leap+1","Hyperbeam+1","Reinforced Body","Meteor Strike","Sweeping Beam","Go for the Eyes","Electrodynamics","Storm","Leap","Doom and Gloom","Hologram","Redo","Recycle+1","Hologram","Reprogram+1","Machine Learning","Thinking Ahead","Deep Breath","Reboot"],"relics":["Cracked Core","Golden Idol","War Paint","Cables","Calipers","Strawberry","Nuclear Battery","Membership Card","Lantern","Blood Vial","Pandora\u0027s Box","Bag of Marbles","Juzu Bracelet","Red Mask"],"acts_visited":["Exordium","TheCity","TheBeyond"],"potions_floor_usage":[10,10,10,12,16,21,28,30,30,33,36,38,38,50,50,50],"damage_taken":[{"damage":5,"enemies":"2 Louse","floor":1,"turns":3},{"damage":5,"enemies":"Cultist","floor":2,"turns":4},{"damage":0,"enemies":"Small Slimes","floor":5,"turns":3},{"damage":51,"enemies":"Gremlin Nob","floor":7,"turns":7},{"damage":11,"enemies":"3 Sentries","floor":10,"turns":9},{"damage":2,"enemies":"Gremlin Gang","floor":12,"turns":5},{"damage":5,"enemies":"Hexaghost","floor":16,"turns":12},{"damage":16,"enemies":"2 Thieves","floor":18,"turns":5},{"damage":3,"enemies":"Spheric Guardian","floor":19,"turns":4},{"damage":15,"enemies":"Centurion and Healer","floor":21,"turns":7},{"damage":23,"enemies":"Snecko","floor":24,"turns":8},{"damage":47,"enemies":"Gremlin Leader","floor":28,"turns":13},{"damage":14,"enemies":"3 Cultists","floor":30,"turns":5},{"damage":8,"enemies":"Centurion and Healer","floor":31,"turns":7},{"damage":17,"enemies":"Collector","floor":33,"turns":15},{"damage":0,"enemies":"3 Shapes","floor":35,"turns":5},{"damage":0,"enemies":"3 Darklings","floor":36,"turns":5},{"damage":0,"enemies":"Jaw Worm Horde","floor":37,"turns":1},{"damage":72,"enemies":"Writhing Mass","floor":38,"turns":7},{"damage":9,"enemies":"Maw","floor":41,"turns":11},{"damage":0,"enemies":"Sphere and 2 Shapes","floor":45,"turns":6},{"damage":29,"enemies":"Awakened One","floor":50,"turns":23}],"seed_played":"6790116082595698555","potions_obtained":[{"floor":5,"key":"FocusPotion"},{"floor":7,"key":"SmokeBomb"},{"floor":8,"key":"SkillPotion"},{"floor":8,"key":"Strength Potion"},{"floor":8,"key":"Fire Potion"},{"floor":12,"key":"Weak Potion"},{"floor":24,"key":"Energy Potion"},{"floor":28,"key":"BlessingOfTheForge"},{"floor":29,"key":"CultistPotion"},{"floor":29,"key":"DistilledChaos"},{"floor":30,"key":"SmokeBomb"},{"floor":31,"key":"AttackPotion"},{"floor":33,"key":"Strength Potion"},{"floor":35,"key":"AttackPotion"},{"floor":36,"key":"Dexterity Potion"},{"floor":38,"key":"Energy Potion"},{"floor":41,"key":"Block Potion"}],"is_trial":false,"path_per_floor":["M","M","?","?","M","R","E","?","T","E","$","M","R","$","R","B",null,"M","M","$","M","?","R","M","R","T","?","E","?","M","M","R","B",null,"M","M","M","M","?","R","M","?","T","$","M","$","R","?","R","B",null],"character_chosen":"DEFECT","items_purchased":["Strawberry","FairyPotion","DistilledChaos","FTL","Membership Card","AttackPotion","Machine Learning","Thinking Ahead","Deep Breath","Juzu Bracelet","PowerPotion"],"campfire_rested":6,"item_purchase_floors":[11,11,11,14,20,20,44,44,44,44,46],"current_hp_per_floor":[70,65,65,65,65,65,14,14,14,3,10,8,32,32,32,27,82,66,63,63,48,48,48,25,49,49,49,2,2,24,18,42,27,82,82,82,82,10,10,34,27,27,27,27,29,29,53,53,77,50],"gold":0,"neow_bonus":"RANDOM_COLORLESS","is_daily":false,"chose_seed":false,"campfire_upgraded":3,"win_rate":0.0,"timestamp":1611277193,"path_taken":["M","M","?","?","M","R","E","?","T","E","$","M","R","$","R","BOSS","M","M","$","M","?","R","M","R","T","?","E","?","?","M","R","BOSS","M","?","M","?","?","R","?","?","T","$","M","$","R","?","R","BOSS"],"items_purchased_type":["Relic","Potion","Potion","Card","Relic","Potion","Card","Card","Card","Relic","Potion"],"build_version":"2020-12-22","purchased_purges":2,"victory":true,"max_hp_per_floor":[75,75,75,75,75,75,75,75,75,75,82,82,82,82,82,82,82,82,82,82,82,82,82,82,82,82,82,82,82,82,82,82,82,82,82,82,82,82,82,82,82,82,82,82,82,82,82,82,82,82],"card_choices":[{"not_picked":["Panacea","Trip"],"picked":"Mind Blast","floor":0},{"not_picked":["Chill","Undo"],"picked":"Conserve Battery","floor":1},{"not_picked":["Cold Snap","Leap"],"picked":"Conserve Battery","floor":2},{"not_picked":["Beam Cell","Reinforced Body"],"picked":"Reprogram","floor":5},{"not_picked":["Cold Snap","Auto Shields"],"picked":"BootSequence","floor":7},{"not_picked":["Beam Cell","Stack"],"picked":"Auto Shields","floor":10},{"not_picked":["Skim","Hologram"],"picked":"Reprogram","floor":12},{"not_picked":["Electrodynamics","Thunder Strike"],"picked":"Creative AI","floor":16},{"not_picked":["Barrage","Hello World","Turbo"],"picked":"SKIP","floor":18},{"not_picked":["Conserve Battery","Hello World","Barrage"],"picked":"SKIP","floor":19},{"not_picked":["Rebound","Cold Snap","Consume+1"],"picked":"SKIP","floor":21},{"not_picked":["Turbo","Ball Lightning"],"picked":"Leap+1","floor":24},{"not_picked":["Melter","Steam"],"picked":"Hyperbeam","floor":28},{"not_picked":["Coolheaded","Ball Lightning"],"picked":"Reinforced Body","floor":30},{"not_picked":["Barrage","Doom and Gloom","Redo"],"picked":"SKIP","floor":31},{"not_picked":["Creative AI","Core Surge"],"picked":"Meteor Strike","floor":33},{"not_picked":["Chill","Rip and Tear+1"],"picked":"Recycle+1","floor":35},{"not_picked":["Coolheaded","Genetic Algorithm+1","Turbo"],"picked":"SKIP","floor":36},{"not_picked":["Steam","Stack"],"picked":"Hologram","floor":37},{"not_picked":["Leap","Skim+1"],"picked":"Reprogram+1","floor":38},{"not_picked":["Steam+1","Conserve Battery+1","Ball Lightning"],"picked":"SKIP","floor":41},{"not_picked":["Reinforced Body","Steam+1"],"picked":"Reboot","floor":45}],"player_experience":119388,"relics_obtained":[{"floor":7,"key":"War Paint"},{"floor":9,"key":"Cables"},{"floor":10,"key":"Calipers"},{"floor":26,"key":"Lantern"},{"floor":28,"key":"Blood Vial"},{"floor":43,"key":"Bag of Marbles"}],"event_choices":[{"damage_healed":0,"gold_gain":175,"player_choice":"AGREE","damage_taken":0,"max_hp_gain":0,"max_hp_loss":0,"event_name":"Liars Game","floor":3,"gold_loss":0,"cards_obtained":["Doubt"]},{"damage_healed":0,"gold_gain":0,"player_choice":"Take Wound","damage_taken":0,"relics_obtained":["Golden Idol"],"max_hp_gain":0,"max_hp_loss":0,"event_name":"Golden Idol","floor":4,"gold_loss":0,"cards_obtained":["Injury"]},{"damage_healed":0,"gold_gain":0,"player_choice":"Got Potions","damage_taken":0,"max_hp_gain":0,"max_hp_loss":0,"event_name":"Lab","floor":8,"gold_loss":0},{"damage_healed":0,"gold_gain":0,"player_choice":"Smashed Altar","damage_taken":0,"max_hp_gain":0,"max_hp_loss":0,"event_name":"Forgotten Altar","floor":22,"gold_loss":0,"cards_obtained":["Decay"]},{"damage_healed":0,"gold_gain":0,"player_choice":"Ignored","damage_taken":0,"max_hp_gain":0,"max_hp_loss":0,"event_name":"Ghosts","floor":27,"gold_loss":0},{"damage_healed":0,"gold_gain":0,"player_choice":"Bought 2 Potions","damage_taken":0,"max_hp_gain":0,"max_hp_loss":0,"event_name":"The Woman in Blue","floor":29,"gold_loss":0},{"cards_removed":["Creative AI"],"damage_healed":0,"gold_gain":0,"player_choice":"Card Removal","damage_taken":0,"max_hp_gain":0,"max_hp_loss":0,"event_name":"Wheel of Change","floor":39,"gold_loss":0},{"damage_healed":0,"gold_gain":0,"player_choice":"Forge","damage_taken":0,"max_hp_gain":0,"max_hp_loss":0,"event_name":"Accursed Blacksmith","floor":42,"gold_loss":0,"cards_upgraded":["Hyperbeam"]},{"damage_healed":0,"gold_gain":0,"player_choice":"Paid","damage_taken":0,"relics_obtained":["Red Mask"],"max_hp_gain":0,"max_hp_loss":0,"event_name":"Tomb of Lord Red Mask","floor":48,"gold_loss":9}],"is_beta":false,"boss_relics":[{"not_picked":["SlaversCollar","Runic Pyramid"],"picked":"Nuclear Battery"},{"not_picked":["Coffee Dripper","Runic Dome"],"picked":"Pandora\u0027s Box"}],"items_purged_floors":[11,44],"is_endless":false,"potions_floor_spawned":[5,7,12,24,28,30,31,33,35,36,38,41],"ascension_level":1}}