{"host":"yfdtuf6ojcxn06xg","time":1611298321,"event":{"mods":["2.2 Compatiblity","AchievementEnabler","BaseMod","Colored Map","Colored Powertips","Curses Come First","Hermit","JesterMod","Jorbs\u0027s Wanderer Trilogy","Minty Spire (QoL Compilation)","Quick Restart","Rare Cards Sparkle","Relic Stats","Replay The Spire","StSLib","The Cursed","The Disciple","The Hierophant","The Jungle","The Marked","The Necromancer","The Servant 0.9.4"],"gold_per_floor":[116,5,5,17,17,52,52,69,69,96,96,109,109,109,109,109,109],"floor_reached":16,"language":"ENG","playtime":500,"items_purged":["Strike_G"],"score":160,"play_id":"99e97cb0-8f8f-4fff-8a67-6fd14ca684fb","local_time":"20210122015201","is_ascension_mode":true,"campfire_choices":[{"data":"Accuracy","floor":7,"key":"SMITH"},{"floor":11,"key":"REST"},{"data":"Accuracy","floor":13,"key":"SMITH"}],"circlet_count":0,"master_deck":["Strike_G+1","Strike_G","Strike_G","Defend_G","Defend_G","Defend_G","Defend_G","Defend_G+1","Survivor","Neutralize","Calculated Gamble+1","Accuracy+1","Accuracy+1","ReplayTheSpireMod:Shiv Toss"],"relics":["Ring of the Snake","NeowsBlessing","Replay:Bottled Snecko","ReplayTheSpireMod:Shallot","Happy Flower"],"acts_visited":["Exordium"],"potions_floor_usage":[10,16],"damage_taken":[{"damage":0,"enemies":"Jaw Worm","floor":1,"turns":1},{"damage":0,"enemies":"2 Louse","floor":4,"turns":1},{"damage":0,"enemies":"Gremlin Nob","floor":6,"turns":1},{"damage":0,"enemies":"Small Slimes","floor":8,"turns":3},{"damage":26,"enemies":"3 Sentries","floor":10,"turns":10},{"damage":8,"enemies":"Exordium Wildlife","floor":12,"turns":7},{"damage":60,"enemies":"Hexaghost","floor":16,"turns":16}],"seed_played":"-1156807383454422166","potions_obtained":[{"floor":1,"key":"Energy Potion"},{"floor":8,"key":"CunningPotion"},{"floor":12,"key":"ColorlessPotion"}],"is_trial":false,"path_per_floor":["M","$","?","M","?","E","R","M","T","E","R","M","R","?","R_BF","B"],"character_chosen":"THE_SILENT","items_purchased":["Accuracy"],"campfire_rested":1,"item_purchase_floors":[2],"current_hp_per_floor":[70,70,56,56,56,56,56,56,56,30,51,43,43,36,57,0,0],"gold":109,"neow_bonus":"THREE_ENEMY_KILL","is_daily":false,"chose_seed":false,"campfire_upgraded":2,"win_rate":0.0,"timestamp":1611298321,"path_taken":["M","$","?","M","?","E","R","M","T","E","R","M","R","?","R_BF","BOSS"],"items_purchased_type":["Card"],"build_version":"2020-12-22","purchased_purges":1,"victory":false,"max_hp_per_floor":[70,70,70,70,70,70,70,70,70,70,70,70,70,70,70,70,70],"relic_stats":{"Happy Flower":[7],"counters":[7,39],"obtain_stats":[{"NeowsBlessing":0,"ReplayTheSpireMod:Shallot":9,"Happy Flower":10,"Replay:Bottled Snecko":6,"Ring of the Snake":0},{"NeowsBlessing":0,"ReplayTheSpireMod:Shallot":4,"Happy Flower":5,"Replay:Bottled Snecko":3,"Ring of the Snake":0},{"NeowsBlessing":0,"ReplayTheSpireMod:Shallot":6,"Happy Flower":16,"Replay:Bottled Snecko":3,"Ring of the Snake":0}],"Ring of the Snake":[14]},"card_choices":[{"not_picked":["Flechettes","Dagger Throw"],"picked":"Calculated Gamble","floor":1},{"not_picked":["Dodge and Roll","Leg Sweep","Skewer"],"picked":"SKIP","floor":4},{"not_picked":["Noxious Fumes","Bane","Dodge and Roll"],"picked":"SKIP","floor":6},{"not_picked":["Die Die Die","Heel Hook"],"picked":"Accuracy","floor":8},{"not_picked":["Crippling Poison","Dagger Spray"],"picked":"ReplayTheSpireMod:Shiv Toss","floor":10},{"not_picked":["Quick Slash","Dash","PiercingWail"],"picked":"SKIP","floor":12}],"player_experience":217235,"relics_obtained":[{"floor":6,"key":"Replay:Bottled Snecko"},{"floor":9,"key":"ReplayTheSpireMod:Shallot"},{"floor":10,"key":"Happy Flower"}],"event_choices":[{"damage_healed":0,"gold_gain":0,"player_choice":"Entered Light","damage_taken":14,"max_hp_gain":0,"max_hp_loss":0,"event_name":"Shining Light","floor":3,"gold_loss":0,"cards_upgraded":["Defend_G","Strike_G"]},{"cards_removed":["Strike_G"],"damage_healed":0,"gold_gain":0,"player_choice":"Card Removal","damage_taken":7,"max_hp_gain":0,"max_hp_loss":0,"event_name":"Golden Wing","floor":14,"gold_loss":0}],"is_beta":false,"boss_relics":[],"items_purged_floors":[2],"is_endless":false,"potions_floor_spawned":[1,8,12],"killed_by":"Hexaghost","ascension_level":4}}