{"host":"qekv59dthhdg54sz","time":1611346474,"event":{"mods":["AchievementEnabler","BaseMod","Colored Map","DeckTracker","KOR Keyword Fix","Minty Spire (QoL Compilation)","Rare Cards Sparkle","StSLib","SuperFastMode"],"gold_per_floor":[117,117,42,54,54,54,65,90,115,127,127,143,162,182,182,258,258,276,114,134,49,49,49,59,59,59,72,84,6,6,6],"floor_reached":30,"language":"KOR","playtime":727,"items_purged":[],"score":468,"play_id":"0d6a61c7-d58f-4700-bdf2-00446b56f851","local_time":"20210123051434","is_ascension_mode":true,"campfire_choices":[{"data":"Bouncing Flask","floor":6,"key":"SMITH"},{"data":"Backflip","floor":11,"key":"SMITH"},{"data":"Acrobatics","floor":15,"key":"SMITH"},{"data":"Master of Strategy","floor":23,"key":"SMITH"},{"data":"Prepared","floor":25,"key":"SMITH"}],"circlet_count":0,"master_deck":["AscendersBane","Strike_G","Strike_G","Strike_G","Strike_G","Strike_G","Defend_G+1","Defend_G+1","Defend_G","Defend_G","Defend_G","Survivor","Neutralize","Master of Strategy+1","Bouncing Flask+1","Dagger Throw","Backflip+1","Acrobatics+1","Flechettes","Blur","Prepared+1","Calculated Gamble"],"relics":["Ring of the Snake","Snake Skull","Happy Flower","War Paint","TheAbacus","Gremlin Horn","Shuriken"],"acts_visited":["Exordium","TheCity"],"potions_floor_usage":[24,27,27],"damage_taken":[{"damage":2,"enemies":"2 Louse","floor":1,"turns":4},{"damage":8,"enemies":"Small Slimes","floor":4,"turns":5},{"damage":0,"enemies":"Jaw Worm","floor":7,"turns":3},{"damage":4,"enemies":"Lagavulin","floor":8,"turns":6},{"damage":20,"enemies":"Lots of Slimes","floor":10,"turns":5},{"damage":1,"enemies":"Large Slime","floor":12,"turns":5},{"damage":1,"enemies":"Blue Slaver","floor":13,"turns":2},{"damage":0,"enemies":"Exordium Wildlife","floor":14,"turns":3},{"damage":2,"enemies":"The Guardian","floor":16,"turns":8},{"damage":6,"enemies":"Shell Parasite","floor":18,"turns":5},{"damage":4,"enemies":"Spheric Guardian","floor":20,"turns":4},{"damage":12,"enemies":"Shelled Parasite and Fungi","floor":24,"turns":8},{"damage":18,"enemies":"3 Cultists","floor":27,"turns":5},{"damage":16,"enemies":"Sentry and Sphere","floor":28,"turns":7},{"damage":0,"enemies":"Cultist and Chosen","floor":30,"turns":3}],"seed_played":"729993042144792038","potions_obtained":[{"floor":1,"key":"AttackPotion"},{"floor":8,"key":"Weak Potion"},{"floor":24,"key":"Fire Potion"}],"is_trial":false,"path_per_floor":["M","?","?","M","?","R","M","E","T","M","R","M","M","M","R","B",null,"M","$","M","?","?","R","M","R","T","M","M","$","M"],"character_chosen":"THE_SILENT","items_purchased":["TheAbacus","Calculated Gamble"],"campfire_rested":0,"item_purchase_floors":[19,29],"current_hp_per_floor":[57,62,62,54,49,49,49,45,45,25,25,24,23,23,23,21,59,53,53,49,49,49,49,37,37,37,19,3,3,3,3],"gold":6,"neow_bonus":"RANDOM_COLORLESS_2","is_daily":false,"chose_seed":true,"campfire_upgraded":5,"win_rate":0.0,"timestamp":1611346474,"path_taken":["M","?","?","M","?","R","M","E","T","M","R","M","?","?","R","BOSS","M","$","M","?","?","R","M","R","T","M","M","?","M"],"items_purchased_type":["Relic","Card"],"build_version":"2020-12-22","purchased_purges":0,"victory":false,"max_hp_per_floor":[66,71,71,71,71,71,71,71,71,71,71,71,71,71,71,71,71,71,71,71,71,71,71,71,71,71,71,71,71,71,71],"card_choices":[{"not_picked":["Sadistic Nature","Secret Technique"],"picked":"Master of Strategy","floor":0},{"not_picked":["Cloak And Dagger","Underhanded Strike"],"picked":"Bouncing Flask","floor":1},{"not_picked":["Sucker Punch","Choke"],"picked":"Dagger Throw","floor":4},{"not_picked":["Flying Knee","Choke"],"picked":"Backflip","floor":7},{"not_picked":["Quick Slash","Eviscerate"],"picked":"Acrobatics","floor":8},{"not_picked":["Dagger Throw","Dodge and Roll","Deflect"],"picked":"SKIP","floor":10},{"not_picked":["Poisoned Stab","Distraction"],"picked":"Flechettes","floor":12},{"not_picked":["Bane","Choke","Blade Dance"],"picked":"SKIP","floor":13},{"not_picked":["Die Die Die","Dagger Spray","Outmaneuver"],"picked":"SKIP","floor":14},{"not_picked":["Sucker Punch","Riddle With Holes","Bouncing Flask"],"picked":"SKIP","floor":18},{"not_picked":["Cloak And Dagger+1","Flying Knee"],"picked":"Blur","floor":20},{"not_picked":["Flying Knee","Slice"],"picked":"Prepared","floor":24},{"not_picked":["Distraction","Storm of Steel","Choke"],"picked":"SKIP","floor":27},{"not_picked":["Dash","Cloak And Dagger","Riddle With Holes+1"],"picked":"SKIP","floor":28}],"player_experience":808987,"relics_obtained":[{"floor":8,"key":"Happy Flower"},{"floor":9,"key":"War Paint"},{"floor":26,"key":"Shuriken"}],"event_choices":[{"damage_healed":0,"gold_gain":0,"player_choice":"Donut","damage_taken":0,"max_hp_gain":5,"max_hp_loss":0,"event_name":"Big Fish","floor":2,"gold_loss":0},{"cards_removed":["Writhe"],"damage_healed":0,"gold_gain":0,"player_choice":"Card Removal","damage_taken":0,"max_hp_gain":0,"max_hp_loss":0,"event_name":"The Cleric","floor":3,"gold_loss":75},{"damage_healed":0,"gold_gain":0,"player_choice":"Success","damage_taken":5,"relics_obtained":["Snake Skull"],"max_hp_gain":0,"max_hp_loss":0,"event_name":"Scrap Ooze","floor":5,"gold_loss":0},{"damage_healed":0,"gold_gain":0,"player_choice":"Obtained Relic","damage_taken":0,"relics_obtained":["Gremlin Horn"],"max_hp_gain":0,"max_hp_loss":0,"event_name":"Addict","floor":21,"gold_loss":85},{"damage_healed":0,"gold_gain":0,"player_choice":"Ignored","damage_taken":0,"max_hp_gain":0,"max_hp_loss":0,"event_name":"Vampires","floor":22,"gold_loss":0}],"is_beta":false,"boss_relics":[{"not_picked":["Runic Pyramid","Runic Dome","Velvet Choker"]}],"items_purged_floors":[],"is_endless":false,"potions_floor_spawned":[1,8,12,16,24],"killed_by":"Cultist and Chosen","ascension_level":20}}