{"host":"c3lc60y5x60jlt1y","time":1611352078,"event":{"mods":["AchievementEnabler","BaseMod","Bestiary","Colored Map","Minty Spire (QoL Compilation)","Quick Restart","StSLib","ojb\u0027s Info Mod"],"gold_per_floor":[111,111,61,61,81,112,128,14,37,37,54,85,96,106,106,204,204,224,247,258,4,23,23,39,39,39,39,39,39,39,39],"floor_reached":30,"language":"ENG","playtime":1031,"items_purged":["Strike_B","Strike_B"],"score":240,"play_id":"5e467b1a-4d1b-41d2-80e1-b5ee4eefae70","local_time":"20210122234758","is_ascension_mode":false,"campfire_choices":[{"data":"Beam Cell","floor":10,"key":"SMITH"},{"data":"Echo Form","floor":15,"key":"SMITH"},{"data":"Seek","floor":23,"key":"SMITH"},{"data":"Streamline","floor":25,"key":"SMITH"},{"data":"Go for the Eyes","floor":27,"key":"SMITH"},{"data":"Zap","floor":29,"key":"SMITH"}],"circlet_count":0,"master_deck":["Strike_B","Defend_B","Defend_B","Defend_B","Zap+1","Dualcast","Reinforced Body+1","Undo+1","Ball Lightning","Go for the Eyes+1","Beam Cell+1","Lockon","Echo Form+1","Undo","Hologram","Streamline+1","Seek+1","Darkness","White Noise+1","Thunder Strike"],"relics":["Cracked Core","MealTicket","Bottled Lightning","DataDisk","Strawberry","SacredBark","Lantern","HandDrill","Ornamental Fan"],"acts_visited":["Exordium","TheCity"],"potions_floor_usage":[11,30],"damage_taken":[{"damage":1,"enemies":"Cultist","floor":1,"turns":3},{"damage":0,"enemies":"2 Louse","floor":5,"turns":3},{"damage":16,"enemies":"3 Sentries","floor":6,"turns":7},{"damage":1,"enemies":"Jaw Worm","floor":7,"turns":3},{"damage":2,"enemies":"Lots of Slimes","floor":11,"turns":3},{"damage":16,"enemies":"Gremlin Nob","floor":12,"turns":3},{"damage":0,"enemies":"Gremlin Gang","floor":13,"turns":4},{"damage":0,"enemies":"Red Slaver","floor":14,"turns":3},{"damage":6,"enemies":"Hexaghost","floor":16,"turns":8},{"damage":12,"enemies":"Spheric Guardian","floor":18,"turns":5},{"damage":0,"enemies":"Chosen","floor":20,"turns":4},{"damage":38,"enemies":"Sentry and Sphere","floor":22,"turns":6},{"damage":23,"enemies":"Centurion and Healer","floor":24,"turns":5},{"damage":39,"enemies":"3 Cultists","floor":30,"turns":4}],"seed_played":"-3573555820356663539","potions_obtained":[{"floor":5,"key":"SpeedPotion"},{"floor":6,"key":"Fire Potion"},{"floor":7,"key":"GamblersBrew"},{"floor":12,"key":"SteroidPotion"},{"floor":13,"key":"AttackPotion"},{"floor":14,"key":"ColorlessPotion"},{"floor":20,"key":"PowerPotion"},{"floor":22,"key":"DuplicationPotion"}],"is_trial":false,"path_per_floor":["M","?","?","?","M","E","M","$","T","R","M","E","M","M","R","B",null,"M","T","M","$","M","R","M","R","T","R","$","R","M"],"character_chosen":"DEFECT","items_purchased":["Lockon","HandDrill"],"campfire_rested":0,"item_purchase_floors":[8,21],"current_hp_per_floor":[74,62,62,47,47,31,30,45,45,45,43,34,34,34,34,28,82,70,70,70,82,44,44,21,21,21,21,36,36,0,0],"gold":39,"neow_bonus":"TRANSFORM_CARD","is_daily":false,"chose_seed":false,"campfire_upgraded":6,"win_rate":0.0,"timestamp":1611352078,"path_taken":["M","?","?","?","?","E","M","$","T","R","?","E","M","?","R","BOSS","M","?","?","$","M","R","M","R","T","R","$","R","M"],"items_purchased_type":["Card","Relic"],"build_version":"2020-12-22","purchased_purges":2,"victory":false,"max_hp_per_floor":[75,75,75,75,75,75,75,75,75,75,75,82,82,82,82,82,82,82,82,82,82,82,82,82,82,82,82,82,82,82,82],"card_choices":[{"not_picked":["Ball Lightning","Scrape"],"picked":"Undo","floor":1},{"not_picked":["Stack","Scrape"],"picked":"Ball Lightning","floor":5},{"not_picked":["Redo","Heatsinks"],"picked":"Go for the Eyes","floor":6},{"not_picked":["Steam","Double Energy"],"picked":"Beam Cell","floor":7},{"not_picked":["Steam Power","Sweeping Beam"],"picked":"Echo Form","floor":11},{"not_picked":["Machine Learning","Steam"],"picked":"Undo","floor":12},{"not_picked":["Scrape","Go for the Eyes"],"picked":"Hologram","floor":13},{"not_picked":["Sweeping Beam","Go for the Eyes"],"picked":"Streamline","floor":14},{"not_picked":["Amplify","Echo Form"],"picked":"Seek","floor":16},{"not_picked":["Beam Cell","Cold Snap"],"picked":"Darkness","floor":18},{"not_picked":["Hologram","Reprogram+1"],"picked":"White Noise+1","floor":20},{"not_picked":["Beam Cell","Barrage","White Noise"],"picked":"SKIP","floor":22},{"not_picked":["Genetic Algorithm+1","Leap+1"],"picked":"Thunder Strike","floor":24}],"player_experience":8374019,"relics_obtained":[{"floor":6,"key":"Bottled Lightning"},{"floor":9,"key":"DataDisk"},{"floor":12,"key":"Strawberry"},{"floor":19,"key":"Lantern"},{"floor":26,"key":"Ornamental Fan"}],"event_choices":[{"damage_healed":0,"gold_gain":0,"player_choice":"Success","damage_taken":12,"relics_obtained":["MealTicket"],"max_hp_gain":0,"max_hp_loss":0,"event_name":"Scrap Ooze","floor":2,"gold_loss":0},{"cards_removed":["Defend_B"],"damage_healed":0,"gold_gain":0,"player_choice":"Card Removal","damage_taken":0,"max_hp_gain":0,"max_hp_loss":0,"event_name":"The Cleric","floor":3,"gold_loss":50},{"damage_healed":0,"gold_gain":0,"player_choice":"Entered Light","damage_taken":15,"max_hp_gain":0,"max_hp_loss":0,"event_name":"Shining Light","floor":4,"gold_loss":0,"cards_upgraded":["Undo","Reinforced Body"]}],"is_beta":false,"boss_relics":[{"not_picked":["Runic Dome","Pandora\u0027s Box"],"picked":"SacredBark"}],"items_purged_floors":[8,21],"is_endless":false,"potions_floor_spawned":[5,6,7,12,13,14,18,20,22],"killed_by":"3 Cultists","ascension_level":0}}