{"host":"0fm1w3v00gid44jl","time":1611297508,"event":{"mods":["AchievementEnabler","BaseMod","Colored Map","Colored Powertips","Displayed Cursed Tome","Downfall","Googly Eyes","Highlight Path","Minty Spire (QoL Compilation)","Permanent Neow","Relic Stats","StSLib","SuperFastMode","slay the spire mod where everything is the same but ironclad has a cowboy hat"],"gold_per_floor":[99,115,115,115,131,43,69,69,81,81,94,94,94,4,17,119,119,119,130,130,9,9,9,9],"floor_reached":22,"language":"ENG","playtime":777,"items_purged":["bronze:Strike"],"score":172,"play_id":"d1f95235-c04f-4945-8a54-0bcb5f71576f","local_time":"20210122003828","is_ascension_mode":false,"campfire_choices":[{"data":"bronze:Iterate","floor":1,"key":"SMITH"},{"data":"bronze:NullPointer","floor":8,"key":"SMITH"},{"data":"bronze:Deprecate","floor":10,"key":"SMITH"},{"data":"bronze:Overload","floor":13,"key":"SMITH"},{"data":"bronze:Mutator","floor":18,"key":"SMITH"}],"circlet_count":0,"master_deck":["bronze:Replicate","bronze:Goto+1","bronze:Iterate+1","bronze:NullPointer+1","bronze:Overheat","bronze:Overheat","bronze:Deprecate+1","bronze:Overload+1","bronze:WhirlingStrike","bronze:DelayedGuard","bronze:Mutator+1","bronze:BitShift","bronze:BronzeOrb","bronze:CutThrough","bronze:Return","bronze:MaxOutput","bronze:DelayedSlice","bronze:SpaghettiCode","bronze:BronzeArmor","bronze:Iterate","bronze:Refactor","bronze:ClassDefault"],"relics":["bronze:BronzeCore","bronze:BottledCode","Pandora\u0027s Box"],"acts_visited":["Exordium","TheCity"],"potions_floor_usage":[],"damage_taken":[{"damage":6,"enemies":"Jaw Worm","floor":2,"turns":2},{"damage":2,"enemies":"Small Slimes","floor":5,"turns":3},{"damage":0,"enemies":"downfall:FleeingMerchant","floor":6,"turns":4},{"damage":0,"enemies":"Cultist","floor":9,"turns":2},{"damage":9,"enemies":"Red Slaver","floor":11,"turns":3},{"damage":0,"enemies":"downfall:FleeingMerchant","floor":14,"turns":4},{"damage":3,"enemies":"Large Slime","floor":15,"turns":4},{"damage":37,"enemies":"IC_STATUS_ARCHETYPE","floor":16,"turns":9},{"damage":2,"enemies":"Chosen","floor":19,"turns":4},{"damage":15,"enemies":"downfall:FleeingMerchant","floor":21,"turns":4},{"damage":21,"enemies":"Centurion and Healer","floor":22,"turns":3}],"seed_played":"8920735349301021546","potions_obtained":[{"floor":5,"key":"BlessingOfTheForge"},{"floor":15,"key":"SteroidPotion"},{"floor":19,"key":"SkillPotion"}],"is_trial":false,"path_per_floor":["R","M","?","?","M","$","T","R","M","R","M","?","R","$","M","B",null,"R","M","?","$","M"],"character_chosen":"THE_AUTOMATON","items_purchased":["bronze:Overheat","bronze:Deprecate","bronze:Refactor","bronze:ClassDefault"],"campfire_rested":0,"item_purchase_floors":[6,6,21,21],"current_hp_per_floor":[70,64,60,60,58,58,58,58,58,58,49,49,49,49,46,9,60,60,58,58,43,22,22,22],"gold":9,"neow_bonus":"THREE_CARDS","is_daily":false,"chose_seed":false,"campfire_upgraded":5,"win_rate":0.0,"timestamp":1611297508,"path_taken":["R","M","?","?","?","?","T","R","M","R","M","?","R","$","M","BOSS","R","M","?","$","M"],"items_purchased_type":["Card","Card","Card","Card"],"build_version":"2020-12-22","purchased_purges":1,"victory":false,"max_hp_per_floor":[70,70,60,60,60,60,60,60,60,60,60,60,60,60,60,60,60,60,60,60,60,60,60,60],"relic_stats":{"counters":[11,42],"Pandora\u0027s Box":["bronze:BitShift","bronze:BronzeOrb","bronze:CutThrough","bronze:Return","bronze:MaxOutput","bronze:DelayedSlice","bronze:SpaghettiCode"],"obtain_stats":[{"bronze:BottledCode":3,"bronze:BronzeCore":0,"Pandora\u0027s Box":17},{"bronze:BottledCode":1,"bronze:BronzeCore":0,"Pandora\u0027s Box":8},{"bronze:BottledCode":2,"bronze:BronzeCore":0,"Pandora\u0027s Box":31}]},"card_choices":[{"not_picked":["bronze:Terminator","bronze:Overheat"],"picked":"bronze:Iterate","floor":0},{"not_picked":["bronze:Branch","bronze:BuggyMess"],"picked":"bronze:NullPointer","floor":2},{"not_picked":["bronze:Iterate","bronze:BuggyMess"],"picked":"bronze:Overheat","floor":5},{"not_picked":["bronze:Turbo","bronze:Branch","bronze:Shield"],"picked":"SKIP","floor":6},{"not_picked":["bronze:MaxOutput","bronze:DelayedGuard","bronze:Repulsor"],"picked":"SKIP","floor":9},{"not_picked":["bronze:ForLoop","bronze:WhirlingStrike"],"picked":"bronze:Overload","floor":11},{"not_picked":["bronze:Shield","bronze:Separator"],"picked":"bronze:WhirlingStrike","floor":14},{"not_picked":["bronze:BronzeOrb","bronze:GetLatest"],"picked":"bronze:DelayedGuard","floor":15},{"not_picked":["bronze:AlphaBuild","bronze:Format"],"picked":"bronze:Mutator","floor":16},{"not_picked":["bronze:OilSpill","bronze:BugBarrage"],"picked":"bronze:BronzeArmor","floor":19},{"not_picked":["bronze:ChosenStrike","bronze:Backtrace"],"picked":"bronze:Iterate","floor":21}],"player_experience":1488571,"relics_obtained":[],"event_choices":[{"damage_healed":0,"gold_gain":0,"player_choice":"Ignored","damage_taken":0,"max_hp_gain":0,"max_hp_loss":0,"event_name":"Ghosts","floor":20,"gold_loss":0}],"is_beta":false,"boss_relics":[{"not_picked":["Philosopher\u0027s Stone","Black Star"],"picked":"Pandora\u0027s Box"}],"items_purged_floors":[14],"is_endless":false,"potions_floor_spawned":[5,15,19],"killed_by":"Centurion and Healer","ascension_level":0}}