{"host":"lnt5dzsuhru0aonl","time":1611308414,"event":{"mods":["2.2 Compatiblity","BaseMod","Colored Map","Colored Powertips","DeckTracker","Keyboard Shortcuts","Minty Spire (QoL Compilation)","Permanent Neow","Rare Cards Sparkle","StSLib","SuperFastMode","everything is the same but u backflip on backflip"],"gold_per_floor":[110,128,53,80,103,118,118,193,193,217,245,245,245,258,258,346,355,381,381,390,417,69,69,108,158,158,178,219,121,161,200,212,301,313,344,384,446,483,521,533,574,595,640,687,726,183,218,239,248,248,248,248],"floor_reached":51,"language":"KOR","playtime":2111,"items_purged":["Strike_R","Writhe","Parasite"],"score":1667,"play_id":"32b74f91-b274-4a3b-b371-9af415b8d23b","local_time":"20210122184014","is_ascension_mode":true,"campfire_choices":[{"data":"Whirlwind","floor":13.0,"key":"SMITH"},{"data":"Inflame","floor":15.0,"key":"SMITH"},{"floor":23.0,"key":"REST"},{"data":"Inflame","floor":32.0,"key":"SMITH"},{"data":"Rupture","floor":40.0,"key":"SMITH"},{"floor":49.0,"key":"REST"}],"circlet_count":0,"master_deck":["AscendersBane","Strike_R","Strike_R","Defend_R","Defend_R+1","Defend_R+1","Defend_R+1","Bash+1","Inflame+1","Shrug It Off","Whirlwind+1","Pommel Strike+1","Twin Strike","Offering+1","CurseOfTheBell","Sword Boomerang","Sword Boomerang+1","Battle Trance+1","True Grit+1","Bloodletting+1","Flex+1","Inflame+1","Burning Pact+1","Shrug It Off+1","Rupture+1","Inflame+1","Impervious+1","Rage+1","Impervious+1","Combust","Discovery+1","Exhume+1","Sentinel+1","Bloodletting+1"],"relics":["Burning Blood","CeramicFish","Toxic Egg 2","Darkstone Periapt","Calling Bell","Regal Pillow","Gremlin Horn","CaptainsWheel","Centennial Puzzle","Bronze Scales","Turnip","Bag of Marbles","MawBank","Cursed Key","Lizard Tail","Orichalcum","HornCleat","Membership Card","Lantern","War Paint","Dream Catcher"],"acts_visited":["Exordium","TheCity","TheBeyond"],"potions_floor_usage":[50,51],"damage_taken":[{"damage":1.0,"enemies":"Cultist","floor":1.0,"turns":3.0},{"damage":9.0,"enemies":"Small Slimes","floor":2.0,"turns":5.0},{"damage":0.0,"enemies":"2 Louse","floor":5.0,"turns":4.0},{"damage":6.0,"enemies":"Exordium Thugs","floor":6.0,"turns":4.0},{"damage":9.0,"enemies":"Blue Slaver","floor":10.0,"turns":6.0},{"damage":6.0,"enemies":"2 Fungi Beasts","floor":11.0,"turns":3.0},{"damage":2.0,"enemies":"3 Louse","floor":14.0,"turns":3.0},{"damage":47.0,"enemies":"The Guardian","floor":16.0,"turns":14.0},{"damage":31.0,"enemies":"2 Thieves","floor":18.0,"turns":3.0},{"damage":6.0,"enemies":"Chosen","floor":21.0,"turns":3.0},{"damage":34.0,"enemies":"Slavers","floor":24.0,"turns":3.0},{"damage":13.0,"enemies":"Snake Plant","floor":27.0,"turns":4.0},{"damage":6.0,"enemies":"Gremlin Leader","floor":28.0,"turns":4.0},{"damage":6.0,"enemies":"Snecko","floor":30.0,"turns":2.0},{"damage":21.0,"enemies":"Shelled Parasite and Fungi","floor":31.0,"turns":3.0},{"damage":15.0,"enemies":"Automaton","floor":33.0,"turns":5.0},{"damage":0.0,"enemies":"3 Shapes","floor":35.0,"turns":3.0},{"damage":13.0,"enemies":"3 Darklings","floor":36.0,"turns":3.0},{"damage":22.0,"enemies":"Writhing Mass","floor":38.0,"turns":4.0},{"damage":2.0,"enemies":"Sphere and 2 Shapes","floor":39.0,"turns":4.0},{"damage":9.0,"enemies":"Reptomancer","floor":41.0,"turns":2.0},{"damage":61.0,"enemies":"Giant Head","floor":44.0,"turns":6.0},{"damage":3.0,"enemies":"Maw","floor":45.0,"turns":6.0},{"damage":19.0,"enemies":"Nemesis","floor":47.0,"turns":5.0},{"damage":16.0,"enemies":"Spire Growth","floor":48.0,"turns":4.0},{"damage":66,"enemies":"Donu and Deca","floor":50,"turns":6},{"damage":14,"enemies":"Awakened One","floor":51,"turns":4}],"seed_played":"-1412605748167270310","potions_obtained":[{"floor":1.0,"key":"Strength Potion"},{"floor":5.0,"key":"Block Potion"},{"floor":14.0,"key":"Fire Potion"},{"floor":16.0,"key":"Swift Potion"},{"floor":18.0,"key":"LiquidMemories"},{"floor":27.0,"key":"Energy Potion"},{"floor":28.0,"key":"ColorlessPotion"},{"floor":30.0,"key":"Dexterity Potion"},{"floor":36.0,"key":"SteroidPotion"},{"floor":39.0,"key":"Strength Potion"},{"floor":48.0,"key":"HeartOfIron"}],"is_trial":false,"path_per_floor":["M","M","$","T","M","M","T","?","T","M","M","?","R","M","R","B",null,"M","?","?","M","$","R","E","?","T","M","E","?","M","M","R","B",null,"M","M","?","M","M","R","E","?","T","E","M","$","E","M","R","B","B"],"character_chosen":"IRONCLAD","items_purchased":["Battle Trance+1","Bronze Scales","Membership Card","Lantern","Impervious+1","Combust","War Paint","Discovery+1"],"campfire_rested":2,"item_purchase_floors":[22,22,46,46,46,46,46,46],"current_hp_per_floor":[73,70,70,70,75,75,75,64,64,61,61,61,61,65,65,24,68,43,43,49,49,49,87,59,59,59,52,52,52,52,37,37,28,72,78,71,71,55,59,59,56,56,62,7,10,10,42,32,74,14,0,0],"gold":248,"neow_bonus":"UPGRADE_CARD","is_daily":false,"chose_seed":false,"campfire_upgraded":4,"win_rate":0.0,"timestamp":1611308414,"path_taken":["M","M","?","?","?","M","?","?","T","M","M","?","R","M","R","BOSS","M","?","?","M","$","R","E","?","T","M","E","?","?","M","R","BOSS","M","M","?","?","M","R","E","?","T","E","M","$","E","M","R","BOSS","BOSS"],"items_purchased_type":["Card","Relic","Relic","Relic","Card","Card","Relic","Card"],"build_version":"2020-12-22","purchased_purges":3,"victory":false,"max_hp_per_floor":[75,75,75,75,75,75,75,75,75,75,75,75,75,75,75,75,81,81,81,87,87,87,87,87,87,87,87,87,87,87,87,87,87,87,87,87,87,87,87,87,87,87,93,93,93,90,90,90,90,90,90,90],"card_choices":[{"not_picked":["Reckless Charge","Clash"],"picked":"Inflame","floor":1.0},{"not_picked":["Flame Barrier","Twin Strike"],"picked":"Shrug It Off","floor":2.0},{"not_picked":["Sever Soul","Fire Breathing"],"picked":"Whirlwind","floor":5.0},{"not_picked":["Fire Breathing","Combust","Shrug It Off"],"picked":"SKIP","floor":6.0},{"not_picked":["Anger","Perfected Strike"],"picked":"Pommel Strike","floor":10.0},{"not_picked":["Clothesline","Headbutt"],"picked":"Twin Strike","floor":11.0},{"not_picked":["Clash","Sever Soul","Headbutt"],"picked":"SKIP","floor":14.0},{"not_picked":["Impervious+1","Double Tap+1"],"picked":"Offering+1","floor":16.0},{"not_picked":["Power Through+1","Wild Strike"],"picked":"Sword Boomerang","floor":18.0},{"not_picked":["Uppercut","Clash"],"picked":"Sword Boomerang+1","floor":21.0},{"not_picked":["Hemokinesis","Iron Wave"],"picked":"True Grit+1","floor":24.0},{"not_picked":["Warcry+1","Clothesline","Uppercut"],"picked":"SKIP","floor":27.0},{"not_picked":["Pommel Strike","Flame Barrier+1"],"picked":"Bloodletting+1","floor":28.0},{"not_picked":["Dual Wield+1","Dropkick"],"picked":"Flex+1","floor":30.0},{"not_picked":["Burning Pact+1","True Grit+1"],"picked":"Inflame","floor":31.0},{"not_picked":["Cleave","Pommel Strike","Heavy Blade"],"picked":"SKIP","floor":35.0},{"not_picked":["Disarm+1","Rupture"],"picked":"Burning Pact+1","floor":36.0},{"not_picked":["Clothesline","Body Slam"],"picked":"Shrug It Off+1","floor":38.0},{"not_picked":["Intimidate+1","Carnage"],"picked":"Rupture","floor":39.0},{"not_picked":["Havoc+1","Barricade","Sword Boomerang"],"picked":"SKIP","floor":41.0},{"not_picked":["Havoc+1","Twin Strike+1"],"picked":"Impervious+1","floor":44.0},{"not_picked":["Clothesline","Headbutt"],"picked":"Rage+1","floor":45.0},{"not_picked":["Dark Embrace","Clash"],"picked":"Exhume+1","floor":47.0},{"not_picked":["Anger","Wild Strike"],"picked":"Sentinel+1","floor":48.0},{"not_picked":["Thunderclap","Sword Boomerang+1"],"picked":"Bloodletting+1","floor":49.0}],"player_experience":721168,"relics_obtained":[{"floor":4.0,"key":"CeramicFish"},{"floor":7.0,"key":"Toxic Egg 2"},{"floor":9.0,"key":"Darkstone Periapt"},{"floor":17.0,"key":"Regal Pillow"},{"floor":17.0,"key":"Gremlin Horn"},{"floor":17.0,"key":"CaptainsWheel"},{"floor":24.0,"key":"Turnip"},{"floor":26.0,"key":"Bag of Marbles"},{"floor":28.0,"key":"MawBank"},{"floor":41.0,"key":"Lizard Tail"},{"floor":43.0,"key":"Orichalcum"},{"floor":44.0,"key":"HornCleat"},{"floor":47.0,"key":"Dream Catcher"}],"event_choices":[{"damage_healed":0.0,"max_hp_gain":0.0,"max_hp_loss":0.0,"gold_gain":75.0,"event_name":"World of Goop","player_choice":"Gather Gold","floor":8.0,"gold_loss":0.0,"damage_taken":11.0},{"damage_healed":0.0,"max_hp_gain":0.0,"max_hp_loss":0.0,"gold_gain":0.0,"event_name":"Upgrade Shrine","player_choice":"Upgraded","floor":12.0,"gold_loss":0.0,"damage_taken":0.0,"cards_upgraded":["Pommel Strike"]},{"cards_removed":["Strike_R"],"damage_healed":0.0,"max_hp_gain":0.0,"max_hp_loss":0.0,"gold_gain":0.0,"event_name":"Back to Basics","player_choice":"Elegance","floor":19.0,"gold_loss":0.0,"damage_taken":0.0},{"damage_healed":0.0,"max_hp_gain":0.0,"max_hp_loss":0.0,"gold_gain":0.0,"event_name":"The Mausoleum","player_choice":"Opened","floor":20.0,"gold_loss":0.0,"damage_taken":0.0,"relics_obtained":["Centennial Puzzle"],"cards_obtained":["Writhe"]},{"damage_healed":0.0,"max_hp_gain":0.0,"max_hp_loss":0.0,"gold_gain":50.0,"event_name":"Nest","player_choice":"Stole From Cult","floor":25.0,"gold_loss":0.0,"damage_taken":0.0},{"cards_removed":["Strike_R"],"damage_healed":0.0,"max_hp_gain":0.0,"max_hp_loss":0.0,"gold_gain":0.0,"event_name":"Designer","player_choice":"Upgrade and Remove","floor":29.0,"gold_loss":110.0,"damage_taken":0.0,"cards_upgraded":["Defend_R"]},{"damage_healed":0.0,"max_hp_gain":0.0,"max_hp_loss":0.0,"gold_gain":50.0,"event_name":"Golden Shrine","player_choice":"Pray","floor":37.0,"gold_loss":0.0,"damage_taken":0.0},{"damage_healed":0.0,"max_hp_gain":0.0,"max_hp_loss":0.0,"gold_gain":0.0,"event_name":"Duplicator","player_choice":"Copied","floor":42.0,"gold_loss":0.0,"damage_taken":0.0,"cards_obtained":["Inflame"]}],"is_beta":false,"boss_relics":[{"not_picked":["Runic Cube","Pandora\u0027s Box"],"picked":"Calling Bell"},{"not_picked":["Velvet Choker","SacredBark"],"picked":"Cursed Key"}],"items_purged_floors":[3,22,46],"is_endless":false,"potions_floor_spawned":[1,5,14,16,18,27,28,30,36,39,48],"killed_by":"Awakened One","ascension_level":20}}