{"host":"qnw6fh3z6mhgqap2","time":1611350923,"event":{"mods":["BaseMod","Downfall","Minty Spire (QoL Compilation)","Quick Restart","Replay The Spire","StSLib","SuperFastMode"],"gold_per_floor":[111,122,122,137,148,180,180,205,228,256,181,131,131,149,149,250,250,261,274,47,62,62,95,95,108,190,208,208,208],"floor_reached":28,"language":"ENG","playtime":2027,"items_purged":["Defend_G"],"score":273,"play_id":"95712088-3ce9-40d7-af7d-0424cb7fcb40","local_time":"20210122222843","is_ascension_mode":true,"campfire_choices":[{"data":"Skewer","floor":7,"key":"SMITH"},{"data":"Neutralize","floor":13,"key":"SMITH"},{"floor":15,"key":"REST"},{"data":"RitualDagger","floor":24,"key":"SMITH"}],"circlet_count":0,"master_deck":["Strike_G","Strike_G","Strike_G","Strike_G","Defend_G","Defend_G","Defend_G","Defend_G","Survivor","Neutralize+1","Slice","Blur","Skewer+1","Unload","ReplayTheSpireMod:Tripwire","Acrobatics","After Image+1","Setup","ReplayTheSpireMod:From All Sides","ReplayTheSpireMod:Speed Training","Hidden Blade","Mayhem+1","Tactician","Underhanded Strike+1","RitualDagger+1","Calculated Gamble","Caltrops+1"],"relics":["Ring of the Snake","Calipers","Regal Pillow","Bronze Scales","Orichalcum","Frozen Egg 2","Coffee Dripper","Potion Belt","Singing Bowl"],"acts_visited":["Exordium","TheCity"],"potions_floor_usage":[6,16,16,28],"damage_taken":[{"damage":1,"enemies":"Cultist","floor":1,"turns":4},{"damage":0,"enemies":"Jaw Worm","floor":2,"turns":3},{"damage":0,"enemies":"2 Louse","floor":4,"turns":3},{"damage":4,"enemies":"2 Fungi Beasts","floor":5,"turns":4},{"damage":13,"enemies":"3 Sentries","floor":6,"turns":10},{"damage":10,"enemies":"Gremlin Nob","floor":8,"turns":5},{"damage":12,"enemies":"3 Sentries","floor":10,"turns":8},{"damage":0,"enemies":"Blue Slaver","floor":14,"turns":4},{"damage":20,"enemies":"The Guardian","floor":16,"turns":15},{"damage":10,"enemies":"Shell Parasite","floor":18,"turns":5},{"damage":1,"enemies":"Chosen","floor":19,"turns":4},{"damage":2,"enemies":"Snecko","floor":21,"turns":6},{"damage":13,"enemies":"Book of Stabbing","floor":23,"turns":7},{"damage":22,"enemies":"3 Cultists","floor":25,"turns":7},{"damage":8,"enemies":"Snake Plant","floor":27,"turns":4},{"damage":11,"enemies":"Slavers","floor":28,"turns":1}],"seed_played":"-3456990372353430539","potions_obtained":[{"floor":4,"key":"LiquidMemories"},{"floor":8,"key":"AttackPotion"},{"floor":10,"key":"Block Potion"},{"floor":18,"key":"BlessingOfTheForge"},{"floor":21,"key":"FearPotion"},{"floor":23,"key":"hexamod:SoulburnPotion"},{"floor":25,"key":"Ancient Potion"}],"is_trial":false,"path_per_floor":["M","M","?","M","M","E","R","E","T","E","$","?","R","M","R","B",null,"M","M","$","M","?","E","R","M","T","M","E"],"character_chosen":"THE_SILENT","items_purchased":["Mayhem+1","Tactician"],"campfire_rested":1,"item_purchase_floors":[20,20],"current_hp_per_floor":[69,69,69,69,65,52,52,42,42,30,30,30,30,30,66,46,70,60,59,59,57,51,38,38,16,16,8,0,0],"gold":208,"neow_bonus":"RANDOM_COLORLESS","is_daily":false,"chose_seed":false,"campfire_upgraded":3,"win_rate":0.0,"timestamp":1611350923,"path_taken":["M","M","?","M","?","E","R","E","T","E","$","?","R","M","R","BOSS","M","M","$","M","?","E","R","M","T","M","E"],"items_purchased_type":["Card","Card"],"build_version":"2020-12-22","purchased_purges":1,"victory":false,"max_hp_per_floor":[70,70,70,70,70,70,70,70,70,70,70,70,70,70,70,70,70,70,70,70,70,70,70,70,70,70,70,70,70],"card_choices":[{"not_picked":["Mind Blast","Replay:Sssssssssstrike"],"picked":"Impatience","floor":0},{"not_picked":["Dagger Spray","Expertise"],"picked":"Slice","floor":1},{"not_picked":["Setup","Cloak And Dagger"],"picked":"Blur","floor":2},{"not_picked":["Dagger Spray","ReplayTheSpireMod:The Works"],"picked":"Skewer","floor":4},{"not_picked":["Slice","PiercingWail"],"picked":"Unload","floor":5},{"not_picked":["Endless Agony","Flying Knee"],"picked":"ReplayTheSpireMod:Tripwire","floor":6},{"not_picked":["Poisoned Stab","Dagger Spray"],"picked":"Acrobatics","floor":8},{"not_picked":["Poisoned Stab","Toxin Wave"],"picked":"After Image+1","floor":10},{"not_picked":["Sneak Up","Poisoned Stab"],"picked":"Setup","floor":14},{"not_picked":["Adrenaline","Poison Darts"],"picked":"ReplayTheSpireMod:From All Sides","floor":16},{"not_picked":["Dagger Spray","ReplayTheSpireMod:Tripwire"],"picked":"ReplayTheSpireMod:Speed Training","floor":18},{"not_picked":["Deadly Poison","Slice"],"picked":"Hidden Blade","floor":19},{"not_picked":["Adrenaline","Poisoned Stab"],"picked":"Underhanded Strike+1","floor":21},{"not_picked":["Poisoned Stab","PiercingWail","Crippling Poison"],"picked":"SKIP","floor":23},{"not_picked":["Poisoned Stab","Outmaneuver"],"picked":"Calculated Gamble","floor":25},{"not_picked":["Deflect+1","Outmaneuver"],"picked":"Caltrops+1","floor":27}],"player_experience":154400,"relics_obtained":[{"floor":6,"key":"Regal Pillow"},{"floor":8,"key":"Bronze Scales"},{"floor":9,"key":"Orichalcum"},{"floor":10,"key":"Frozen Egg 2"},{"floor":23,"key":"Potion Belt"},{"floor":26,"key":"Singing Bowl"}],"event_choices":[{"cards_removed":["Impatience"],"damage_healed":0,"gold_gain":0,"player_choice":"Gave Card","damage_taken":0,"relics_obtained":["Calipers"],"max_hp_gain":0,"max_hp_loss":0,"event_name":"WeMeetAgain","floor":3,"gold_loss":0},{"cards_removed":["Strike_G"],"damage_healed":0,"gold_gain":0,"player_choice":"Card Removal","damage_taken":0,"max_hp_gain":0,"max_hp_loss":0,"event_name":"The Cleric","floor":12,"gold_loss":50},{"damage_healed":0,"gold_gain":0,"player_choice":"Joined the Cult","damage_taken":6,"max_hp_gain":0,"max_hp_loss":0,"event_name":"Nest","floor":22,"gold_loss":0,"cards_obtained":["RitualDagger"]}],"is_beta":false,"boss_relics":[{"not_picked":["Replay:Drink Me","Runic Pyramid"],"picked":"Coffee Dripper"}],"items_purged_floors":[11],"is_endless":false,"potions_floor_spawned":[4,8,10,18,21,23,25],"killed_by":"Slavers","ascension_level":1}}