{"host":"1tl36azeqm6yhdgj","time":1611276555,"event":{"mods":["AchievementEnabler","BaseMod","Minty Spire (QoL Compilation)","StSLib","The IronCluck","everything is the same but u backflip on backflip"],"gold_per_floor":[112,112,124,28,28,28,42,42,42,58,133,162,183,208,208,285,285,297,309,322,322,322,322,322,322],"floor_reached":24,"language":"ENG","playtime":647,"items_purged":[],"score":448,"play_id":"cda02b8e-71ab-41e3-a56a-a88ff9aa7829","local_time":"20210121194915","is_ascension_mode":true,"campfire_choices":[{"data":"Searing Blow","floor":6.0,"key":"SMITH"},{"data":"Searing Blow+1","floor":8.0,"key":"SMITH"},{"floor":15,"key":"REST"}],"circlet_count":0,"master_deck":["AscendersBane","Strike_R","Strike_R","Strike_R","Defend_R","Defend_R","Defend_R","Defend_R","Bash","Searing Blow+2","Dramatic Entrance","Rage","Pommel Strike","Shockwave","Juggernaut","Iron Wave","Limit Break","Disarm"],"relics":["Burning Blood","NeowsBlessing","Du-Vu Doll","Oddly Smooth Stone","Odd Mushroom","Bag of Marbles","Busted Crown"],"acts_visited":["Exordium","TheCity"],"potions_floor_usage":[20,23],"damage_taken":[{"damage":0.0,"enemies":"2 Louse","floor":1.0,"turns":1.0},{"damage":0.0,"enemies":"Jaw Worm","floor":3.0,"turns":1.0},{"damage":0.0,"enemies":"Cultist","floor":7.0,"turns":1.0},{"damage":0.0,"enemies":"2 Fungi Beasts","floor":10.0,"turns":2.0},{"damage":30.0,"enemies":"Lagavulin","floor":12.0,"turns":4.0},{"damage":0.0,"enemies":"The Mushroom Lair","floor":13.0,"turns":1.0},{"damage":22,"enemies":"3 Sentries","floor":14,"turns":8},{"damage":26,"enemies":"The Guardian","floor":16,"turns":10},{"damage":18,"enemies":"Shell Parasite","floor":18,"turns":4},{"damage":22,"enemies":"Spheric Guardian","floor":19,"turns":4},{"damage":21,"enemies":"Cultist and Chosen","floor":20,"turns":7},{"damage":0,"enemies":"Gremlin Leader","floor":23,"turns":2},{"damage":20,"enemies":"Snake Plant","floor":24,"turns":3}],"seed_played":"6681517401384674769","potions_obtained":[{"floor":10.0,"key":"LiquidMemories"},{"floor":12.0,"key":"Explosive Potion"},{"floor":14,"key":"Explosive Potion"},{"floor":19,"key":"SmokeBomb"}],"is_trial":false,"path_per_floor":["M","?","M","$","?","R","M","R","T","M","?","E","?","E","R","B",null,"M","M","M","?","?","E","M"],"character_chosen":"IRONCLAD","items_purchased":["Dramatic Entrance"],"campfire_rested":1,"item_purchase_floors":[4],"current_hp_per_floor":[74,67,73,73,73,73,75,75,75,75,64,40,46,30,52,32,64,52,36,21,21,10,16,0,0],"gold":322,"neow_bonus":"THREE_ENEMY_KILL","is_daily":false,"chose_seed":false,"campfire_upgraded":2,"win_rate":0.0,"timestamp":1611276555,"path_taken":["M","?","M","$","?","R","M","R","T","?","?","E","?","E","R","BOSS","M","M","M","?","?","E","M"],"items_purchased_type":["Card"],"build_version":"2020-12-22","purchased_purges":0,"victory":false,"max_hp_per_floor":[75,75,75,75,75,75,75,75,75,75,75,75,75,75,75,75,75,75,75,75,75,75,75,75,75],"card_choices":[{"not_picked":["Twin Strike","Perfected Strike","Havoc"],"picked":"SKIP","floor":1.0},{"not_picked":["Clash","Body Slam"],"picked":"Searing Blow","floor":3.0},{"not_picked":["Second Wind","True Grit"],"picked":"Rage","floor":7.0},{"not_picked":["Entrench","Reckless Charge"],"picked":"Pommel Strike","floor":10.0},{"not_picked":["Combust","Warcry"],"picked":"Shockwave","floor":12.0},{"not_picked":["Pommel Strike","Dual Wield"],"picked":"Juggernaut","floor":13.0},{"not_picked":["Heavy Blade","True Grit"],"picked":"Iron Wave","floor":14},{"not_picked":["Corruption","Brutality"],"picked":"Limit Break","floor":16},{"not_picked":[],"picked":"Disarm","floor":18},{"not_picked":["Iron Wave"],"picked":"SKIP","floor":19},{"not_picked":["Wild Strike"],"picked":"SKIP","floor":20}],"player_experience":2011306,"relics_obtained":[{"floor":9.0,"key":"Du-Vu Doll"},{"floor":12.0,"key":"Oddly Smooth Stone"},{"floor":13.0,"key":"Odd Mushroom"},{"floor":14,"key":"Bag of Marbles"}],"event_choices":[{"cards_removed":["Strike_R"],"damage_healed":0.0,"max_hp_gain":0.0,"max_hp_loss":0.0,"gold_gain":0.0,"event_name":"Golden Wing","player_choice":"Card Removal","floor":2.0,"gold_loss":0.0,"damage_taken":7.0},{"cards_removed":["Strike_R"],"damage_healed":0.0,"max_hp_gain":0.0,"max_hp_loss":0.0,"gold_gain":0.0,"event_name":"Bonfire Elementals","player_choice":"Offered Basic","floor":5.0,"gold_loss":0.0,"damage_taken":0.0},{"damage_healed":0.0,"max_hp_gain":0.0,"max_hp_loss":0.0,"gold_gain":75.0,"event_name":"World of Goop","player_choice":"Gather Gold","floor":11.0,"gold_loss":0.0,"damage_taken":11.0},{"damage_healed":0.0,"max_hp_gain":0.0,"max_hp_loss":0.0,"gold_gain":0.0,"event_name":"Mushrooms","player_choice":"Fought Mushrooms","floor":13.0,"gold_loss":0.0,"damage_taken":0.0},{"damage_healed":0,"gold_gain":0,"player_choice":"Ignored","damage_taken":0,"max_hp_gain":0,"max_hp_loss":0,"event_name":"Cursed Tome","floor":21,"gold_loss":0},{"damage_healed":0,"gold_gain":0,"player_choice":"Damaged","damage_taken":11,"max_hp_gain":0,"max_hp_loss":0,"event_name":"Wheel of Change","floor":22,"gold_loss":0}],"is_beta":false,"boss_relics":[{"not_picked":["Runic Pyramid","Runic Cube"],"picked":"Busted Crown"}],"items_purged_floors":[],"is_endless":false,"potions_floor_spawned":[10,12,14,19,23],"killed_by":"Snake Plant","ascension_level":20}}