{"host":"aqym1xxr3lb31d9m","time":1611358951,"event":{"mods":["BaseMod","Block Reminder","Colored Map","Colored Powertips","DeckTracker","Highlight Path","Minty Spire (QoL Compilation)","Quick Restart","Random Character Button","StSLib","SuperFastMode","UnlockEverythingMod"],"gold_per_floor":[214,230,58,71,71,71,102,112,112,112,147,147,178,196,196,273,273,293,293,26,26,44,44,61,88,88,106,134,154,69,85,85,162,162,182,200,200,125,135,163,11,11,86,117,136,148,148,177,177,177,177,177,177,25,55,55],"floor_reached":57,"language":"JPN","playtime":4382,"items_purged":["Pain"],"score":2879,"play_id":"b499ed2a-e405-4075-bcd3-546fdf9e640b","local_time":"20210123084231","is_ascension_mode":true,"campfire_choices":[{"data":"Bash","floor":6.0,"key":"SMITH"},{"data":"Clothesline","floor":10.0,"key":"SMITH"},{"floor":15.0,"key":"REST"},{"data":"Berserk","floor":23.0,"key":"SMITH"},{"data":"Uppercut","floor":32.0,"key":"SMITH"},{"floor":42.0,"key":"RECALL"},{"data":"Juggernaut","floor":49.0,"key":"SMITH"},{"data":"True Grit","floor":53.0,"key":"SMITH"}],"circlet_count":0,"master_deck":["AscendersBane","Defend_R","Defend_R","Defend_R","Defend_R","Bash+1","Infernal Blade","Cleave+1","Whirlwind+1","Battle Trance","Clothesline+1","Disarm","Reckless Charge+1","Power Through","Berserk+1","Feel No Pain+1","Havoc+1","Uppercut+1","Sever Soul","Flex+1","Burning Pact","Bloodletting","Offering","Dropkick","Barricade","Flame Barrier","True Grit+1","Offering","Reaper","Juggernaut+1","Feel No Pain","Dark Shackles","Entrench"],"relics":["Burning Blood","Happy Flower","Matryoshka","Bag of Preparation","Sundial","Dream Catcher","Art of War","Astrolabe","Paper Frog","WarpedTongs","TungstenRod","Singing Bowl","Meat on the Bone","Bottled Tornado","Pear","Coffee Dripper","Oddly Smooth Stone","Whetstone","StoneCalendar","Ancient Tea Set","Akabeko"],"acts_visited":["Exordium","TheCity","TheBeyond","TheEnding"],"potions_floor_usage":[56,56],"damage_taken":[{"damage":6.0,"enemies":"Cultist","floor":1.0,"turns":3.0},{"damage":19.0,"enemies":"Jaw Worm","floor":2.0,"turns":4.0},{"damage":0.0,"enemies":"2 Louse","floor":4.0,"turns":1.0},{"damage":32.0,"enemies":"Gremlin Nob","floor":7.0,"turns":4.0},{"damage":8.0,"enemies":"Exordium Wildlife","floor":8.0,"turns":3.0},{"damage":5.0,"enemies":"3 Sentries","floor":11.0,"turns":3.0},{"damage":16.0,"enemies":"Lagavulin","floor":13.0,"turns":5.0},{"damage":6.0,"enemies":"2 Fungi Beasts","floor":14.0,"turns":3.0},{"damage":45.0,"enemies":"The Guardian","floor":16.0,"turns":10.0},{"damage":5.0,"enemies":"Spheric Guardian","floor":18.0,"turns":5.0},{"damage":4.0,"enemies":"3 Byrds","floor":22.0,"turns":4.0},{"damage":27.0,"enemies":"Snecko","floor":24.0,"turns":4.0},{"damage":25.0,"enemies":"Gremlin Leader","floor":25.0,"turns":5.0},{"damage":0.0,"enemies":"Centurion and Healer","floor":27.0,"turns":6.0},{"damage":14.0,"enemies":"Book of Stabbing","floor":28.0,"turns":4.0},{"damage":5.0,"enemies":"3 Cultists","floor":29.0,"turns":3.0},{"damage":22.0,"enemies":"Shelled Parasite and Fungi","floor":31.0,"turns":8.0},{"damage":17.0,"enemies":"Champ","floor":33.0,"turns":8.0},{"damage":10.0,"enemies":"3 Shapes","floor":35.0,"turns":4.0},{"damage":19.0,"enemies":"3 Darklings","floor":36.0,"turns":4.0},{"damage":7.0,"enemies":"Transient","floor":39.0,"turns":6.0},{"damage":7.0,"enemies":"Giant Head","floor":40.0,"turns":8.0},{"damage":38.0,"enemies":"Reptomancer","floor":44.0,"turns":9.0},{"damage":24.0,"enemies":"Jaw Worm Horde","floor":45.0,"turns":4.0},{"damage":7.0,"enemies":"4 Shapes","floor":46.0,"turns":7.0},{"damage":12.0,"enemies":"Giant Head","floor":48.0,"turns":7.0},{"damage":61.0,"enemies":"Awakened One","floor":50.0,"turns":15.0},{"damage":34.0,"enemies":"Time Eater","floor":51.0,"turns":14.0},{"damage":65.0,"enemies":"Shield and Spear","floor":55.0,"turns":7.0},{"damage":39,"enemies":"The Heart","floor":56,"turns":12}],"seed_played":"4836000783673438643","potions_obtained":[{"floor":2.0,"key":"Explosive Potion"},{"floor":7.0,"key":"Fire Potion"},{"floor":8.0,"key":"SpeedPotion"},{"floor":13.0,"key":"Block Potion"},{"floor":16.0,"key":"Explosive Potion"},{"floor":24.0,"key":"Fire Potion"},{"floor":25.0,"key":"Swift Potion"},{"floor":28.0,"key":"ElixirPotion"},{"floor":33.0,"key":"Weak Potion"},{"floor":36.0,"key":"DistilledChaos"},{"floor":39.0,"key":"Dexterity Potion"},{"floor":44.0,"key":"Fire Potion"},{"floor":55.0,"key":"Dexterity Potion"}],"is_trial":false,"path_per_floor":["M","M","$","M","?","R","E","M","T","R","E","?","E","M","R","B",null,"M","?","$","?","M","R","M","E","T","M","E","M","?","M","R","B",null,"M","M","?","$","M","E","$","R","T","E","M","M","?","E","R","B","B",null,"R","$","E","B",null],"character_chosen":"IRONCLAD","items_purchased":["Happy Flower","Paper Frog","Offering","Feel No Pain","Dark Shackles"],"campfire_rested":1,"item_purchase_floors":[3,20,41,54,54],"current_hp_per_floor":[68,55,55,61,61,61,35,33,33,33,34,39,29,29,53,14,64,65,65,65,65,67,67,46,27,27,47,51,54,64,60,60,61,86,84,71,71,71,70,71,71,71,71,51,54,87,87,101,101,63,55,90,90,90,59,42],"gold":55,"neow_bonus":"HUNDRED_GOLD","is_daily":false,"chose_seed":false,"campfire_upgraded":6,"win_rate":0.0,"timestamp":1611358951,"path_taken":["M","?","$","M","?","R","E","M","T","R","E","?","E","M","R","BOSS","M","?","$","?","M","R","M","E","T","?","E","M","?","M","R","BOSS","M","M","?","$","M","E","$","R","T","E","?","M","?","E","R","BOSS","BOSS","R","$","E","BOSS"],"items_purchased_type":["Relic","Relic","Card","Card","Card"],"build_version":"2020-12-22","purchased_purges":1,"victory":true,"max_hp_per_floor":[75,75,75,75,75,75,75,75,75,75,75,80,80,80,80,80,80,80,80,80,80,80,80,80,80,80,82,82,84,94,94,94,94,94,96,96,96,96,96,98,98,98,98,98,100,102,102,102,102,102,102,102,102,102,102,102],"card_choices":[{"not_picked":["Sword Boomerang","Body Slam"],"picked":"Infernal Blade","floor":1.0},{"not_picked":["True Grit","Pummel"],"picked":"Cleave","floor":2.0},{"not_picked":["Clothesline","True Grit"],"picked":"Whirlwind","floor":4.0},{"not_picked":["Iron Wave","Bloodletting"],"picked":"Battle Trance","floor":7.0},{"not_picked":["Clash","Feel No Pain"],"picked":"Clothesline","floor":8.0},{"not_picked":["Sword Boomerang","Berserk"],"picked":"Disarm","floor":11.0},{"not_picked":["Dropkick","Sword Boomerang"],"picked":"Reckless Charge","floor":13.0},{"not_picked":["Havoc","Twin Strike","Sword Boomerang"],"picked":"SKIP","floor":14.0},{"not_picked":["Dropkick","Carnage"],"picked":"Power Through","floor":15.0},{"not_picked":["Bludgeon","Brutality"],"picked":"Berserk","floor":16.0},{"not_picked":["Perfected Strike","Thunderclap","Clothesline"],"picked":"SKIP","floor":18.0},{"not_picked":["Clothesline","Thunderclap"],"picked":"Flex+1","floor":22.0},{"not_picked":["Warcry","Anger"],"picked":"Burning Pact","floor":24.0},{"not_picked":["Wild Strike","Headbutt"],"picked":"Bloodletting","floor":25.0},{"not_picked":["Wild Strike","Fire Breathing","Perfected Strike+1"],"picked":"Singing Bowl","floor":27.0},{"not_picked":["Whirlwind","Reckless Charge"],"picked":"Offering","floor":28.0},{"not_picked":["Body Slam","Sever Soul+1","Twin Strike"],"picked":"Singing Bowl","floor":29.0},{"not_picked":["Body Slam","Anger"],"picked":"Dropkick","floor":31.0},{"not_picked":["Bludgeon","Limit Break"],"picked":"Barricade","floor":33.0},{"not_picked":["Wild Strike","Intimidate","Perfected Strike"],"picked":"Singing Bowl","floor":35.0},{"not_picked":["Dropkick","Shockwave"],"picked":"Flame Barrier","floor":36.0},{"not_picked":["Thunderclap","Body Slam"],"picked":"True Grit","floor":39.0},{"not_picked":["Carnage+1","Sword Boomerang+1","Cleave"],"picked":"Singing Bowl","floor":40.0},{"not_picked":["Flex","Bloodletting+1"],"picked":"Reaper","floor":44.0},{"not_picked":["Infernal Blade","Warcry","Armaments"],"picked":"Singing Bowl","floor":45.0},{"not_picked":["Anger+1","Clash+1","Thunderclap"],"picked":"Singing Bowl","floor":46.0},{"not_picked":["Searing Blow","Twin Strike"],"picked":"Juggernaut","floor":48.0},{"not_picked":["Anger","Evolve+1"],"picked":"Entrench","floor":55.0}],"player_experience":3970816,"relics_obtained":[{"floor":7.0,"key":"Matryoshka"},{"floor":9.0,"key":"Bag of Preparation"},{"floor":9.0,"key":"Sundial"},{"floor":11.0,"key":"Dream Catcher"},{"floor":13.0,"key":"Art of War"},{"floor":25.0,"key":"TungstenRod"},{"floor":26.0,"key":"Singing Bowl"},{"floor":26.0,"key":"Meat on the Bone"},{"floor":28.0,"key":"Bottled Tornado"},{"floor":40.0,"key":"Whetstone"},{"floor":44.0,"key":"StoneCalendar"},{"floor":48.0,"key":"Ancient Tea Set"},{"floor":55.0,"key":"Akabeko"}],"event_choices":[{"damage_healed":0.0,"max_hp_gain":0.0,"max_hp_loss":0.0,"gold_gain":0.0,"event_name":"Living Wall","player_choice":"Grow","floor":5.0,"gold_loss":0.0,"damage_taken":0.0,"cards_upgraded":["Whirlwind"]},{"damage_healed":0.0,"max_hp_gain":5.0,"max_hp_loss":0.0,"gold_gain":0.0,"event_name":"Big Fish","player_choice":"Donut","floor":12.0,"gold_loss":0.0,"damage_taken":0.0},{"damage_healed":0.0,"max_hp_gain":0.0,"max_hp_loss":0.0,"gold_gain":0.0,"cards_transformed":["Strike_R","Strike_R"],"event_name":"Drug Dealer","player_choice":"Became Test Subject","floor":19.0,"gold_loss":0.0,"damage_taken":0.0,"cards_obtained":["Uppercut","Sever Soul"]},{"damage_healed":0.0,"max_hp_gain":0.0,"max_hp_loss":0.0,"gold_gain":0.0,"event_name":"Accursed Blacksmith","player_choice":"Rummage","floor":21.0,"gold_loss":0.0,"damage_taken":0.0,"relics_obtained":["WarpedTongs"],"cards_obtained":["Pain"]},{"damage_healed":0.0,"max_hp_gain":0.0,"max_hp_loss":0.0,"gold_gain":0.0,"event_name":"Addict","player_choice":"Obtained Relic","floor":30.0,"gold_loss":85.0,"damage_taken":0.0,"relics_obtained":["Pear"]},{"damage_healed":0.0,"max_hp_gain":0.0,"max_hp_loss":0.0,"gold_gain":0.0,"event_name":"WeMeetAgain","player_choice":"Gave Potion","floor":37.0,"gold_loss":0.0,"damage_taken":0.0,"relics_obtained":["Oddly Smooth Stone"]},{"cards_removed":["Blood for Blood"],"damage_healed":0.0,"max_hp_gain":0.0,"max_hp_loss":0.0,"gold_gain":0.0,"event_name":"Falling","player_choice":"Removed Attack","floor":47.0,"gold_loss":0.0,"damage_taken":0.0}],"is_beta":false,"boss_relics":[{"not_picked":["Empty Cage","Busted Crown"],"picked":"Astrolabe"},{"not_picked":["Cursed Key","Calling Bell"],"picked":"Coffee Dripper"}],"items_purged_floors":[38],"is_endless":false,"potions_floor_spawned":[2,7,8,13,16,24,25,28,33,36,39,44,55],"ascension_level":20}}