{"host":"xsfbp1yx1f2ea5z7","time":1611322269,"event":{"mods":["AchievementEnabler","Act Like it!","Bard","BaseMod","Beaked The Cultist","Better Altar","Better Match","Better Note","Better Sensory Stone","Better Skull","Better Third Choice","BetterRewards","Block Reminder","ChefMod","Colored Map","Colored Powertips","Conspire","DeckTracker","Downfall","GifTheSpireLib","GungeonMod","Halation","Hermit","Hubris","Infinite Spire","Jedi Mod","Jorbs\u0027s Wanderer Trilogy","Marked Mod","Mimic Mod","Minty Spire (QoL Compilation)","Shade Mod","Spicy Shops","StSLib","Stuff the Spire","The Blackbeard","The Cursed","The Hierophant","The Judge","The Jungle","The Mystic","The Runesmith","TheBandit","Unceasing Turn Reminder","Wandering Minibosses","everything is the same but u backflip on backflip","vexMod"],"gold_per_floor":[99,115,134,147,162,162,185,185,185,185,185],"floor_reached":9,"language":"ENG","playtime":326,"items_purged":[],"score":53,"play_id":"06377589-7a71-4f5d-b19d-4e1974e314b8","local_time":"20210122213109","is_ascension_mode":false,"campfire_choices":[{"data":"champ:MurderStrike","floor":1,"key":"SMITH"},{"data":"champ:Taunt","floor":6,"key":"SMITH"}],"circlet_count":0,"master_deck":["champ:Strike","champ:Strike","champ:Strike","champ:Strike","champ:Defend","champ:Defend","champ:Defend","champ:Defend","champ:Execute","champ:Taunt+1","champ:MurderStrike+1","champ:IronFortress","champ:StanceDance","champ:DefensiveShout"],"relics":["champ:ChampionCrown"],"acts_visited":["Exordium"],"potions_floor_usage":[5],"damage_taken":[{"damage":20,"enemies":"Cultist","floor":2,"turns":5},{"damage":18,"enemies":"Jaw Worm","floor":3,"turns":5},{"damage":18,"enemies":"2 Louse","floor":4,"turns":3},{"damage":35,"enemies":"Exordium Wildlife","floor":5,"turns":6},{"damage":0,"enemies":"3 Sentries","floor":9,"turns":2}],"seed_played":"-4217526992068753420","potions_obtained":[{"floor":4,"key":"champ:OpenerPotion"}],"is_trial":false,"path_per_floor":["R","M","M","M","M","R","T","?","E"],"character_chosen":"THE_CHAMP","items_purchased":[],"campfire_rested":0,"item_purchase_floors":[],"current_hp_per_floor":[90,80,77,69,44,44,44,44,44,44,44],"gold":185,"neow_bonus":"ONE_RANDOM_RARE_CARD","is_daily":false,"chose_seed":false,"campfire_upgraded":2,"win_rate":0.0,"timestamp":1611322269,"path_taken":["R","M","?","M","M","R","T","?","E"],"items_purchased_type":[],"build_version":"2020-12-22","purchased_purges":0,"victory":false,"max_hp_per_floor":[90,90,90,90,90,90,90,90,90,90,90],"card_choices":[{"not_picked":["champ:DefensiveStyle","champ:FaceSlap"],"picked":"champ:IronFortress","floor":2},{"not_picked":["champ:CrownThrow","champ:GutPunch"],"picked":"champ:StanceDance","floor":3},{"not_picked":["champ:SetATrap","champ:BerserkersShout"],"picked":"champ:DefensiveShout","floor":4},{"not_picked":["champ:PreciseThrust","champ:FlashCut","champ:PerfectedStrike"],"picked":"SKIP","floor":5},{"not_picked":["champ:PreciseThrust","champ:FlashCut","champ:PerfectedStrike"],"picked":"SKIP","floor":5}],"player_experience":102911,"relics_obtained":[],"event_choices":[],"is_beta":false,"boss_relics":[],"items_purged_floors":[],"is_endless":false,"potions_floor_spawned":[4],"killed_by":"3 Sentries","ascension_level":0}}