{"host":"sc0o2qwpf9j16a4i","time":1611332834,"event":{"mods":["AchievementEnabler","BaseMod","BetterRewards","Block Reminder","Colored Map","Colored Powertips","Custom Start","Highlight Path","Minty Spire (QoL Compilation)","Relic Stats"],"gold_per_floor":[141,291,339,414,351,351,435,486,544,631,643,655,745,343,343,580,580,619,670,122,122,122,122,122,122],"floor_reached":24,"language":"ENG","playtime":534,"items_purged":["Strike_P","Strike_P"],"score":570,"play_id":"1fe65f90-9f6b-4333-a2a6-f1cdbe4d8172","local_time":"20210122182714","daily_mods":["Cursed Run","Flight","Midas"],"is_ascension_mode":true,"campfire_choices":[{"floor":6,"key":"REST"},{"floor":15,"key":"REST"},{"floor":23,"key":"REST"}],"circlet_count":0,"master_deck":["AscendersBane","Strike_P","Defend_P","Defend_P","Defend_P","Defend_P","Eruption","Vigilance","CarveReality","Doubt","Protect","CutThroughFate","FlyingSleeves","Pain","Meditate+1","Conclude","Ragnarok","Clumsy","DevaForm","ThirdEye","ThirdEye","Decay"],"relics":["Cursed Key","Darkstone Periapt","Du-Vu Doll","Akabeko","MawBank","Toy Ornithopter","Sundial","Orichalcum","Pantograph","Fusion Hammer","Medical Kit","Meat on the Bone","Nilry\u0027s Codex"],"acts_visited":["Exordium","TheCity"],"potions_floor_usage":[16,24],"damage_taken":[{"damage":0,"enemies":"Cultist","floor":1,"turns":4},{"damage":7,"enemies":"Small Slimes","floor":3,"turns":4},{"damage":3,"enemies":"Gremlin Nob","floor":7,"turns":3},{"damage":0,"enemies":"Jaw Worm","floor":8,"turns":2},{"damage":41,"enemies":"Lagavulin","floor":10,"turns":5},{"damage":7,"enemies":"3 Sentries","floor":13,"turns":3},{"damage":33,"enemies":"The Guardian","floor":16,"turns":9},{"damage":32,"enemies":"2 Thieves","floor":18,"turns":3},{"damage":9,"enemies":"Chosen","floor":19,"turns":4},{"damage":40,"enemies":"Slavers","floor":24,"turns":3}],"seed_played":"-5790768419181039690","potions_obtained":[{"floor":1,"key":"Block Potion"},{"floor":7,"key":"BottledMiracle"},{"floor":16,"key":"PowerPotion"}],"is_trial":true,"path_per_floor":["M","?","M","?","?","R","E","M","T","E","?","?","E","$","R","B",null,"M","M","$","?","?","R","E"],"character_chosen":"WATCHER","items_purchased":["Pantograph","Ragnarok","Medical Kit","Meat on the Bone"],"campfire_rested":3,"item_purchase_floors":[14,14,20,20],"current_hp_per_floor":[61,67,60,49,49,71,68,68,74,33,33,33,26,26,50,53,78,46,37,37,43,22,49,14,14],"gold":122,"neow_bonus":"","is_daily":false,"chose_seed":false,"campfire_upgraded":0,"win_rate":0.0,"timestamp":1611332834,"path_taken":["M","?","M","?","?","R","E","?","T","E","?","?","E","$","R","BOSS","M","?","$","?","?","R","E"],"items_purchased_type":["Relic","Card","Relic","Relic"],"build_version":"2020-12-22","purchased_purges":2,"victory":false,"max_hp_per_floor":[68,74,74,74,74,74,74,74,80,80,80,80,80,80,80,86,86,86,86,86,92,92,92,92,92],"relic_stats":{"Darkstone Periapt":24,"counters":[10,40],"Sundial":[2],"Pantograph":25,"Orichalcum":[30],"Cursed Key":1,"MawBank":84,"Medical Kit":[0],"obtain_stats":[{"Darkstone Periapt":0,"Nilry\u0027s Codex":22,"Orichalcum":13,"Cursed Key":0,"MawBank":7,"Medical Kit":20,"Akabeko":5,"Du-Vu Doll":0,"Sundial":10,"Pantograph":14,"Fusion Hammer":17,"Toy Ornithopter":9,"Meat on the Bone":20},{"Darkstone Periapt":0,"Nilry\u0027s Codex":9,"Orichalcum":6,"Cursed Key":0,"MawBank":3,"Medical Kit":9,"Akabeko":2,"Du-Vu Doll":0,"Sundial":5,"Pantograph":6,"Fusion Hammer":7,"Toy Ornithopter":4,"Meat on the Bone":9},{"Darkstone Periapt":0,"Nilry\u0027s Codex":37,"Orichalcum":21,"Cursed Key":0,"MawBank":11,"Medical Kit":37,"Akabeko":8,"Du-Vu Doll":0,"Sundial":18,"Pantograph":21,"Fusion Hammer":30,"Toy Ornithopter":13,"Meat on the Bone":37}],"Toy Ornithopter":10,"Meat on the Bone":0},"card_choices":[{"not_picked":["Protect","ThirdEye"],"picked":"CarveReality","floor":1},{"not_picked":["Fasting2","Crescendo"],"picked":"Protect","floor":3},{"not_picked":["Establishment","FlyingSleeves"],"picked":"CutThroughFate","floor":7},{"not_picked":["BowlingBash","Prostrate"],"picked":"FlyingSleeves","floor":8},{"not_picked":["PathToVictory","EmptyMind"],"picked":"Meditate","floor":10},{"not_picked":["Vengeance","Collect"],"picked":"Conclude","floor":13},{"not_picked":["DeusExMachina","Judgement"],"picked":"DevaForm","floor":16},{"not_picked":["SandsOfTime","Adaptation"],"picked":"ThirdEye","floor":18},{"not_picked":["Crescendo+1","Consecrate"],"picked":"ThirdEye","floor":19}],"player_experience":892730,"relics_obtained":[{"floor":7,"key":"MawBank"},{"floor":9,"key":"Toy Ornithopter"},{"floor":10,"key":"Sundial"},{"floor":13,"key":"Orichalcum"},{"floor":22,"key":"Nilry\u0027s Codex"}],"event_choices":[{"damage_healed":0,"gold_gain":150,"player_choice":"AGREE","damage_taken":0,"max_hp_gain":0,"max_hp_loss":0,"event_name":"Liars Game","floor":2,"gold_loss":0,"cards_obtained":["Doubt"]},{"damage_healed":0,"gold_gain":75,"player_choice":"Gather Gold","damage_taken":11,"max_hp_gain":0,"max_hp_loss":0,"event_name":"World of Goop","floor":4,"gold_loss":0},{"damage_healed":0,"gold_gain":0,"player_choice":"Paid Gold","damage_taken":0,"relics_obtained":["Akabeko"],"max_hp_gain":0,"max_hp_loss":0,"event_name":"WeMeetAgain","floor":5,"gold_loss":63},{"damage_healed":0,"gold_gain":0,"player_choice":"Grow","damage_taken":0,"max_hp_gain":0,"max_hp_loss":0,"event_name":"Living Wall","floor":11,"gold_loss":0,"cards_upgraded":["Meditate"]},{"cards_removed":["Strike_P"],"damage_healed":0,"gold_gain":0,"player_choice":"Card Removal","damage_taken":0,"max_hp_gain":0,"max_hp_loss":0,"event_name":"Wheel of Change","floor":12,"gold_loss":0},{"damage_healed":0,"gold_gain":0,"player_choice":"Smashed Altar","damage_taken":0,"max_hp_gain":0,"max_hp_loss":0,"event_name":"Forgotten Altar","floor":21,"gold_loss":0,"cards_obtained":["Decay"]},{"damage_healed":0,"gold_gain":0,"player_choice":"Obtained Book","damage_taken":21,"max_hp_gain":0,"max_hp_loss":0,"event_name":"Cursed Tome","floor":22,"gold_loss":0}],"is_beta":false,"boss_relics":[{"not_picked":["Pandora\u0027s Box","Tiny House"],"picked":"Fusion Hammer"}],"items_purged_floors":[14,20],"is_endless":false,"potions_floor_spawned":[1,7,16],"killed_by":"Slavers","ascension_level":20}}