{"host":"q6ff4ns2kep02ti6","time":1611355850,"event":{"mods":["AchievementEnabler","BaseMod","Minty Spire (QoL Compilation)","Relic Stats","StSLib","Unceasing Turn Reminder"],"gold_per_floor":[110,26,38,55,73,73,73],"floor_reached":6,"language":"ENG","playtime":896,"items_purged":[],"score":38,"play_id":"0fd34062-3e98-4c9c-925a-d3aa5151a1c2","local_time":"20210122235050","daily_mods":["SealedDeck","Vintage","Flight","Elite Swarm"],"is_ascension_mode":false,"campfire_choices":[],"circlet_count":0,"master_deck":["Prepared","Quick Slash","Quick Slash","Infinite Blades","Infinite Blades","PiercingWail","Leg Sweep","Endless Agony","PiercingWail","PiercingWail","Finesse"],"relics":["Ring of the Snake","Snake Skull","Molten Egg 2","Eternal Feather","The Courier"],"acts_visited":["Exordium"],"potions_floor_usage":[6],"damage_taken":[{"damage":0,"enemies":"Cultist","floor":1,"turns":3},{"damage":0,"enemies":"Jaw Worm","floor":3,"turns":3},{"damage":0,"enemies":"2 Louse","floor":4,"turns":2},{"damage":0,"enemies":"Red Slaver","floor":5,"turns":4},{"damage":4,"enemies":"Gremlin Nob","floor":6,"turns":2}],"seed_played":"-4160285206506658574","potions_obtained":[{"floor":1,"key":"BlessingOfTheForge"},{"floor":5,"key":"Dexterity Potion"}],"is_trial":true,"path_per_floor":["M","$","M","M","M","E"],"character_chosen":"THE_SILENT","items_purchased":["Finesse"],"campfire_rested":0,"item_purchase_floors":[2],"current_hp_per_floor":[1,1,1,1,1,0,0],"gold":73,"neow_bonus":"","is_daily":false,"chose_seed":false,"campfire_upgraded":0,"win_rate":0.0,"timestamp":1611355850,"path_taken":["M","$","M","M","M","E"],"items_purchased_type":["Card"],"build_version":"2020-12-22","purchased_purges":0,"victory":false,"max_hp_per_floor":[1,1,1,1,1,1,1],"relic_stats":{"counters":[5,14],"Eternal Feather":0,"Snake Skull":[0],"obtain_stats":[{"Molten Egg 2":3,"Eternal Feather":4,"Snake Skull":1,"The Courier":5,"Ring of the Snake":0},{"Molten Egg 2":2,"Eternal Feather":3,"Snake Skull":1,"The Courier":4,"Ring of the Snake":0},{"Molten Egg 2":6,"Eternal Feather":8,"Snake Skull":3,"The Courier":12,"Ring of the Snake":0}],"Ring of the Snake":[13]},"card_choices":[],"player_experience":1006879,"relics_obtained":[{"floor":1,"key":"Snake Skull"},{"floor":3,"key":"Molten Egg 2"},{"floor":4,"key":"Eternal Feather"},{"floor":5,"key":"The Courier"}],"event_choices":[],"is_beta":false,"boss_relics":[],"items_purged_floors":[],"is_endless":false,"potions_floor_spawned":[1,5],"killed_by":"Gremlin Nob","ascension_level":0}}