{"host":"1p8eqzpvl5sxeu5t","time":1611302063,"event":{"mods":["BaseMod","Bestiary","Block Reminder","Colored Map","Colored Powertips","Curses Come First","Downfall","Highlight Path","Minty Spire (QoL Compilation)","Relic Stats","StSLib","The IronCluck","Waifu the Spire","everything is the same but u backflip on backflip","slay the spire mod where everything is the same but ironclad has a cowboy hat"],"gold_per_floor":[99,99,199,199,199,199,223,235,277,309,337,499,511,539,565,577,577,577],"floor_reached":16,"language":"ENG","playtime":749,"items_purged":[],"score":98,"play_id":"600f3675-2e51-4aff-be00-969472cf0ce4","local_time":"20210122155423","is_ascension_mode":false,"campfire_choices":[{"data":"bronze:Goto","floor":1,"key":"SMITH"},{"data":"bronze:Return","floor":6,"key":"SMITH"},{"data":"bronze:DelayedGuard","floor":13,"key":"SMITH"}],"circlet_count":0,"master_deck":["bronze:Strike","bronze:Strike","bronze:Strike","bronze:Strike","bronze:Defend","bronze:Defend","bronze:Defend","bronze:Defend","bronze:Replicate","bronze:Goto+1","bronze:Return+1","bronze:WhirlingStrike","bronze:Boost","bronze:DelayedGuard+1","bronze:Overheat","downfall:Icky","bronze:Deprecate"],"relics":["bronze:BronzeCore","downfall:HeartsMalice","MawBank","Centennial Puzzle"],"acts_visited":["Exordium"],"potions_floor_usage":[],"damage_taken":[{"damage":0,"enemies":"Small Slimes","floor":4,"turns":1},{"damage":0,"enemies":"Jaw Worm","floor":5,"turns":1},{"damage":0,"enemies":"Cultist","floor":8,"turns":1},{"damage":8,"enemies":"3 Sentries","floor":9,"turns":6},{"damage":6,"enemies":"Large Slime","floor":10,"turns":5},{"damage":2,"enemies":"Blue Slaver","floor":11,"turns":3},{"damage":10,"enemies":"Lots of Slimes","floor":14,"turns":3},{"damage":7,"enemies":"Exordium Thugs","floor":15,"turns":3},{"damage":39,"enemies":"SI_SHIV_ARCHETYPE","floor":16,"turns":10}],"seed_played":"2171389152093361894","potions_obtained":[{"floor":9,"key":"bronze:CleanCodePotion"},{"floor":10,"key":"Ancient Potion"}],"is_trial":false,"path_per_floor":["R","?","?","M","M","R","T","M","E","M","M","?","R","M","M","B"],"character_chosen":"THE_AUTOMATON","items_purchased":[],"campfire_rested":0,"item_purchase_floors":[],"current_hp_per_floor":[70,70,70,70,70,70,70,70,62,56,54,54,54,44,37,0,0,0],"gold":577,"neow_bonus":"THREE_ENEMY_KILL","is_daily":false,"chose_seed":false,"campfire_upgraded":3,"win_rate":0.0,"timestamp":1611302063,"path_taken":["R","?","?","M","?","R","T","M","E","M","M","?","R","M","M","BOSS"],"items_purchased_type":[],"build_version":"2020-12-22","purchased_purges":0,"victory":false,"max_hp_per_floor":[70,70,70,70,70,70,70,70,70,70,70,70,70,70,70,70,70,70],"relic_stats":{"Centennial Puzzle":[15],"counters":[9,30],"MawBank":108,"obtain_stats":[{"Centennial Puzzle":9,"bronze:BronzeCore":0,"downfall:HeartsMalice":0,"MawBank":7},{"Centennial Puzzle":4,"bronze:BronzeCore":0,"downfall:HeartsMalice":0,"MawBank":2},{"Centennial Puzzle":6,"bronze:BronzeCore":0,"downfall:HeartsMalice":0,"MawBank":0}]},"card_choices":[{"not_picked":["bronze:Deprecate","bronze:Turbo"],"picked":"bronze:Return","floor":4},{"not_picked":["bronze:BitShift","bronze:BuggyMess"],"picked":"bronze:WhirlingStrike","floor":5},{"not_picked":["bronze:OilSpill","bronze:Frontload"],"picked":"bronze:Boost","floor":8},{"not_picked":["bronze:OilSpill","bronze:DelayedSlice"],"picked":"bronze:DelayedGuard","floor":9},{"not_picked":["bronze:Deprecate","bronze:ForceShield"],"picked":"bronze:Overheat","floor":10},{"not_picked":["bronze:Return","bronze:BuggyMess","bronze:Separator"],"picked":"SKIP","floor":11},{"not_picked":["bronze:Frontload","bronze:ThunderWave"],"picked":"bronze:Deprecate","floor":14},{"not_picked":["bronze:OilSpill","bronze:BugBarrage","bronze:WhirlingStrike"],"picked":"SKIP","floor":15}],"player_experience":841928,"relics_obtained":[{"floor":7,"key":"MawBank"},{"floor":9,"key":"Centennial Puzzle"}],"event_choices":[],"is_beta":false,"boss_relics":[],"items_purged_floors":[],"is_endless":false,"potions_floor_spawned":[9,10],"killed_by":"SI_SHIV_ARCHETYPE","ascension_level":0}}