{"host":"4nqeo0vu1vuav7gg","time":1611335663,"event":{"mods":["AchievementEnabler","BaseMod","Block Reminder","Colored Map","Colored Powertips","Highlight Path","Minty Spire (QoL Compilation)","Quick Restart","Rare Cards Sparkle","Relic Relevance Reorder","StSLib"],"gold_per_floor":[109,109,34,53,53,53,86,86,86,166,191,66,82,101,101,180,180,198,198,215,90,107,107,157,157,210,222,250,262,262],"floor_reached":29,"language":"ENG","playtime":1073,"items_purged":["Strike_B"],"score":499,"play_id":"d9ae4d28-6426-4813-9247-77139cca0ed9","local_time":"20210122181423","is_ascension_mode":true,"campfire_choices":[{"data":"White Noise","floor":6.0,"key":"SMITH"},{"data":"Zap","floor":8.0,"key":"SMITH"},{"floor":15.0,"key":"REST"},{"data":"Fission","floor":23.0,"key":"SMITH"}],"circlet_count":0,"master_deck":["AscendersBane","Strike_B+1","Strike_B","Strike_B","Defend_B","Defend_B","Defend_B","Defend_B+1","Zap+1","Dualcast","White Noise+1","Sunder","Melter","Capacitor","Glacier","Loop","Doom and Gloom","BootSequence","Fission+1","Barrage","Capacitor","White Noise","Barrage+1","Writhe","Glacier"],"relics":["FrozenCore","Torii","Happy Flower","Lantern","NeowsBlessing","Question Card","MawBank","Pear"],"acts_visited":["Exordium","TheCity"],"potions_floor_usage":[],"damage_taken":[{"damage":0.0,"enemies":"Jaw Worm","floor":1.0,"turns":1.0},{"damage":0.0,"enemies":"2 Louse","floor":4.0,"turns":1.0},{"damage":0.0,"enemies":"3 Sentries","floor":7.0,"turns":1.0},{"damage":44.0,"enemies":"Gremlin Nob","floor":11.0,"turns":4.0},{"damage":0.0,"enemies":"Cultist","floor":13.0,"turns":4.0},{"damage":1.0,"enemies":"3 Louse","floor":14.0,"turns":3.0},{"damage":18.0,"enemies":"Hexaghost","floor":16.0,"turns":9.0},{"damage":0.0,"enemies":"Spheric Guardian","floor":18.0,"turns":3.0},{"damage":16.0,"enemies":"3 Byrds","floor":20.0,"turns":5.0},{"damage":17.0,"enemies":"Centurion and Healer","floor":22.0,"turns":6.0},{"damage":25.0,"enemies":"Snake Plant","floor":28.0,"turns":6.0},{"damage":11,"enemies":"Cultist and Chosen","floor":29,"turns":3}],"seed_played":"-1665338847154744802","potions_obtained":[{"floor":1.0,"key":"Strength Potion"},{"floor":11.0,"key":"ColorlessPotion"},{"floor":14.0,"key":"EntropicBrew"},{"floor":22.0,"key":"FocusPotion"},{"floor":28.0,"key":"LiquidMemories"}],"is_trial":false,"path_per_floor":["M","?","$","M","$","R","E","R","T","T","E","$","M","M","R","B",null,"M","?","M","$","M","R","?","?","T","?","M","M"],"character_chosen":"DEFECT","items_purchased":["Glacier","Loop","Capacitor","White Noise"],"campfire_rested":1,"item_purchase_floors":[12,12,21,21],"current_hp_per_floor":[64,43,43,43,43,43,43,43,43,53,9,9,9,8,32,14,64,64,64,48,48,31,31,31,31,31,31,6,0,0],"gold":262,"neow_bonus":"THREE_ENEMY_KILL","is_daily":false,"chose_seed":false,"campfire_upgraded":3,"win_rate":0.0,"timestamp":1611335663,"path_taken":["M","?","?","M","$","R","E","R","T","?","E","?","M","M","R","BOSS","M","?","?","$","M","R","?","?","T","?","M","?"],"items_purchased_type":["Card","Card","Card","Card"],"build_version":"2020-12-22","purchased_purges":1,"victory":false,"max_hp_per_floor":[71,71,71,71,71,71,71,71,71,81,81,81,81,81,81,81,81,81,81,81,81,81,81,81,81,81,81,81,81,81],"card_choices":[{"not_picked":["Steam","Hologram"],"picked":"White Noise","floor":1.0},{"not_picked":["Leap","Coolheaded"],"picked":"Sunder","floor":4.0},{"not_picked":["Reprogram","Beam Cell"],"picked":"Melter","floor":7.0},{"not_picked":["Rainbow","Reinforced Body","Conserve Battery"],"picked":"Capacitor","floor":11.0},{"not_picked":["Rebound","Streamline","Tempest"],"picked":"Doom and Gloom","floor":13.0},{"not_picked":["Stack","Multi-Cast","Force Field"],"picked":"BootSequence","floor":14.0},{"not_picked":["Machine Learning","Reboot","Hyperbeam"],"picked":"Fission","floor":16.0},{"not_picked":["Force Field+1","Gash","Beam Cell"],"picked":"Barrage","floor":18.0},{"not_picked":["Beam Cell","Lockon","Streamline","Leap"],"picked":"SKIP","floor":20.0},{"not_picked":["Beam Cell","Coolheaded","Go for the Eyes"],"picked":"Barrage+1","floor":22.0},{"not_picked":["Steam","Meteor Strike","Self Repair"],"picked":"Glacier","floor":28.0}],"player_experience":1068698,"relics_obtained":[{"floor":7.0,"key":"Torii"},{"floor":9.0,"key":"Question Card"},{"floor":10.0,"key":"Pear"},{"floor":11.0,"key":"Happy Flower"},{"floor":26.0,"key":"MawBank"}],"event_choices":[{"damage_healed":0.0,"max_hp_gain":0.0,"max_hp_loss":0.0,"gold_gain":0.0,"event_name":"Shining Light","player_choice":"Entered Light","floor":2.0,"gold_loss":0.0,"damage_taken":21.0,"cards_upgraded":["Strike_B","Defend_B"]},{"damage_healed":0.0,"max_hp_gain":0.0,"max_hp_loss":0.0,"gold_gain":0.0,"event_name":"Match and Keep!","player_choice":"0 cards matched","floor":19.0,"gold_loss":0.0,"damage_taken":0.0,"cards_obtained":[]},{"damage_healed":0.0,"max_hp_gain":0.0,"max_hp_loss":0.0,"gold_gain":50.0,"event_name":"Nest","player_choice":"Stole From Cult","floor":24.0,"gold_loss":0.0,"damage_taken":0.0},{"damage_healed":0.0,"max_hp_gain":0.0,"max_hp_loss":0.0,"gold_gain":0.0,"event_name":"Ghosts","player_choice":"Ignored","floor":25.0,"gold_loss":0.0,"damage_taken":0.0},{"damage_healed":0.0,"max_hp_gain":0.0,"max_hp_loss":0.0,"gold_gain":0.0,"event_name":"The Mausoleum","player_choice":"Opened","floor":27.0,"gold_loss":0.0,"damage_taken":0.0,"relics_obtained":["Lantern"],"cards_obtained":["Writhe"]}],"is_beta":false,"boss_relics":[{"not_picked":["Black Star","SacredBark"],"picked":"FrozenCore"}],"items_purged_floors":[3],"is_endless":false,"potions_floor_spawned":[1,11,14,22,28],"killed_by":"Cultist and Chosen","ascension_level":19}}