{"host":"6aycdg1azw3gf4o9","time":1611326712,"event":{"mods":["Arknights The Spire","BaseMod","CapriCore","Marisa£®ÏF”Í°°ƒß¿Ì…≥£©","Minty Spire (QoL Compilation)","READ ME - Guardian Mod","Remilia£®¿Ÿ√◊¿Ú—«£©","StSLib"],"gold_per_floor":[109,109,42,55,66,101,53,53,79,95,3,3,3,28,28,132,132,143,161,174,9,9,9,34,50,75,4,4,4],"floor_reached":28,"language":"ZHS","playtime":1352,"items_purged":["ats:Strike G"],"score":246,"play_id":"4300d443-992f-49c5-9ab1-29071e289015","local_time":"20210122224512","is_ascension_mode":false,"campfire_choices":[{"data":"ats:Emotion Absorption","floor":8.0,"key":"SMITH"},{"data":"ats:Hammer On","floor":13.0,"key":"SMITH"},{"floor":15.0,"key":"REST"},{"floor":23.0,"key":"REST"}],"circlet_count":0,"master_deck":["ats:Strike C","ats:Strike S","ats:Strike V","ats:Armor Crushing Shot","ats:Defend","ats:Defend","ats:Defend","ats:Defend+1","ats:Emotion Absorption+1","Panacea","ats:Flexible Camouflage","ats:Consecutive Shot Auto","ats:Revitalization","ats:Assault Order","ats:Red Shift","ats:Powerful Strike","ats:Revitalization+1","ats:Hammer On+1","ats:Part Time Job+1","ats:Leaping Hammer","ats:Childhood Dance","ats:Roar Of Ursus","ats:Shell Defense","ats:Hammer On+1","ats:Demon Strength","ats:Red Shift","Writhe","ats:Shadow Assault","ats:Spore Proliferation"],"relics":["ats:Sanity","ats:Originium","Ancient Tea Set","Smiling Mask","War Paint","Black Star","Happy Flower","ats:Ability Aura","Vajra","Omamori"],"acts_visited":["Exordium","TheCity"],"potions_floor_usage":[25,25],"damage_taken":[{"damage":2.0,"enemies":"Small Slimes","floor":1.0,"turns":4.0},{"damage":10.0,"enemies":"Cultist","floor":4.0,"turns":4.0},{"damage":2.0,"enemies":"2 Louse","floor":5.0,"turns":3.0},{"damage":56.0,"enemies":"3 Sentries","floor":6.0,"turns":11.0},{"damage":0.0,"enemies":"Large Slime","floor":10.0,"turns":5.0},{"damage":25.0,"enemies":"Gremlin Nob","floor":14.0,"turns":4.0},{"damage":92.0,"enemies":"The Guardian","floor":16.0,"turns":12.0},{"damage":62.0,"enemies":"Shell Parasite","floor":18.0,"turns":9.0},{"damage":56.0,"enemies":"Spheric Guardian","floor":19.0,"turns":8.0},{"damage":49.0,"enemies":"Snecko","floor":20.0,"turns":6.0},{"damage":87.0,"enemies":"Gremlin Leader","floor":24.0,"turns":9.0},{"damage":30,"enemies":"Snake Plant","floor":25,"turns":4},{"damage":10,"enemies":"Colosseum Slavers","floor":28,"turns":1}],"seed_played":"-2805754905876267319","potions_obtained":[{"floor":4.0,"key":"DuplicationPotion"},{"floor":5.0,"key":"BlessingOfTheForge"},{"floor":6.0,"key":"SteroidPotion"},{"floor":10.0,"key":"AttackPotion"},{"floor":18.0,"key":"EssenceOfSteel"},{"floor":20.0,"key":"DuplicationPotion"}],"is_trial":false,"path_per_floor":["M","?","$","M","M","E","$","R","T","M","$","?","R","E","R","B",null,"M","M","M","$","?","R","E","M","T","$","?"],"character_chosen":"DOCTOR_CLASS","items_purchased":["ats:Consecutive Shot Auto","ats:Revitalization","ats:Revitalization","ats:Part Time Job","ats:Leaping Hammer","ats:Demon Strength","ats:Red Shift","ats:Spore Proliferation"],"campfire_rested":2,"item_purchase_floors":[3,3,7,11,11,21,21,27],"current_hp_per_floor":[70,70,70,63,61,20,20,20,20,38,38,38,38,23,44,46,72,40,53,25,25,25,46,26,1,1,1,0,0],"gold":4,"neow_bonus":"RANDOM_COLORLESS","is_daily":false,"chose_seed":false,"campfire_upgraded":2,"win_rate":0.0,"timestamp":1611326712,"path_taken":["M","?","$","?","?","E","$","R","T","M","?","?","R","E","R","BOSS","M","M","M","$","?","R","E","M","T","$","?"],"items_purchased_type":["Card","Card","Card","Card","Card","Card","Card","Card"],"build_version":"2020-12-22","purchased_purges":1,"victory":false,"max_hp_per_floor":[72,72,72,72,72,72,72,72,72,72,72,72,72,72,72,72,72,72,72,72,72,72,72,72,72,72,72,72,72],"card_choices":[{"not_picked":["Madness","Trip"],"picked":"Panacea","floor":0.0},{"not_picked":["ats:Charging Defense","ats:Ignite"],"picked":"ats:Flexible Camouflage","floor":1.0},{"not_picked":["ats:Very Hot Blade","ats:Counter Healing Mode"],"picked":"ats:Assault Order","floor":4.0},{"not_picked":["ats:Serious Mode","ats:Burning Ground"],"picked":"ats:Red Shift","floor":5.0},{"not_picked":["ats:Flame Of Heaven","ats:Childhood Dance"],"picked":"ats:Powerful Strike","floor":6.0},{"not_picked":["ats:Consecutive Shot Auto","ats:Revitalization"],"picked":"ats:Hammer On","floor":10.0},{"not_picked":["ats:Leaping Hammer","ats:Explosion Area Strengthen"],"picked":"ats:Childhood Dance","floor":14.0},{"not_picked":["ats:Durian","ats:Nebulous Foxfire"],"picked":"ats:Roar Of Ursus","floor":16.0},{"not_picked":["ats:Very Hot Blade+1","ats:Cat Scratch+1"],"picked":"ats:Shell Defense","floor":18.0},{"not_picked":["ats:Shell Defense","ats:Neurotoxin"],"picked":"ats:Hammer On+1","floor":19.0},{"not_picked":["ats:Powerful Strike","ats:Assault Order","ats:Neurotoxin+1"],"picked":"SKIP","floor":20.0},{"not_picked":["ats:Ignite","ats:Blood Oath"],"picked":"ats:Shadow Assault","floor":24.0},{"not_picked":["ats:Cat Scratch","ats:Flexible Camouflage","ats:Consecutive Shot Auto"],"picked":"SKIP","floor":25}],"player_experience":443291,"relics_obtained":[{"floor":6.0,"key":"ats:Originium"},{"floor":6.0,"key":"Ancient Tea Set"},{"floor":9.0,"key":"Smiling Mask"},{"floor":14.0,"key":"ats:Originium"},{"floor":14.0,"key":"War Paint"},{"floor":24.0,"key":"ats:Originium"},{"floor":24.0,"key":"ats:Ability Aura"},{"floor":24.0,"key":"Vajra"},{"floor":26,"key":"Omamori"}],"event_choices":[{"damage_healed":0.0,"max_hp_gain":0.0,"max_hp_loss":0.0,"gold_gain":0.0,"event_name":"The Woman in Blue","player_choice":"Bought 0 Potions","floor":2.0,"gold_loss":0.0,"damage_taken":0.0},{"damage_healed":0.0,"max_hp_gain":0.0,"max_hp_loss":0.0,"gold_gain":0.0,"event_name":"Living Wall","player_choice":"Grow","floor":12.0,"gold_loss":0.0,"damage_taken":0.0,"cards_upgraded":["ats:Part Time Job"]},{"damage_healed":0.0,"max_hp_gain":0.0,"max_hp_loss":0.0,"gold_gain":0.0,"event_name":"The Mausoleum","player_choice":"Opened","floor":22.0,"gold_loss":0.0,"damage_taken":0.0,"relics_obtained":["Happy Flower"],"cards_obtained":["Writhe"]},{"damage_healed":0,"gold_gain":0,"player_choice":"Fight","damage_taken":0,"max_hp_gain":0,"max_hp_loss":0,"event_name":"Colosseum","floor":28,"gold_loss":0}],"is_beta":false,"boss_relics":[{"not_picked":["Fusion Hammer","Ectoplasm"],"picked":"Black Star"}],"items_purged_floors":[21],"is_endless":false,"potions_floor_spawned":[4,5,6,10,18,20],"killed_by":"Colosseum Slavers","ascension_level":0}}