{"host":"sian7qp8a9pc9xwd","time":1611307279,"event":{"mods":["BaseMod","Minty Spire (QoL Compilation)","StSLib","SuperFastMode"],"gold_per_floor":[111,111,0,18,18,18,52,71,123,152,163,198,198,211,211,211,211],"floor_reached":16,"language":"ENG","playtime":664,"items_purged":["Defend_G"],"score":210,"play_id":"05445b78-881b-4a0d-ab4c-5301fcd8928c","local_time":"20210122042119","is_ascension_mode":true,"campfire_choices":[{"data":"Neutralize","floor":6.0,"key":"SMITH"},{"data":"Backflip","floor":15.0,"key":"SMITH"}],"circlet_count":0,"master_deck":["Strike_G","Strike_G+1","Strike_G","Strike_G+1","Strike_G","Defend_G","Defend_G","Defend_G","Survivor","Neutralize+1","Backflip+1","Footwork","Infinite Blades","Well Laid Plans","Footwork","Footwork","PiercingWail"],"relics":["Ring of the Snake","NeowsBlessing","Whetstone","PreservedInsect","Sundial","Strawberry","Golden Idol"],"acts_visited":["Exordium"],"potions_floor_usage":[],"damage_taken":[{"damage":0.0,"enemies":"2 Louse","floor":1.0,"turns":1.0},{"damage":0.0,"enemies":"Cultist","floor":4.0,"turns":1.0},{"damage":0.0,"enemies":"Gremlin Nob","floor":7.0,"turns":1.0},{"damage":2.0,"enemies":"Jaw Worm","floor":8.0,"turns":4.0},{"damage":13.0,"enemies":"3 Sentries","floor":10.0,"turns":5.0},{"damage":0.0,"enemies":"Exordium Thugs","floor":11.0,"turns":4.0},{"damage":20.0,"enemies":"Gremlin Nob","floor":12.0,"turns":5.0},{"damage":18.0,"enemies":"Large Slime","floor":14.0,"turns":8.0},{"damage":0,"enemies":"Slime Boss","floor":16,"turns":3}],"seed_played":"-6425822381246402345","potions_obtained":[{"floor":4.0,"key":"Swift Potion"},{"floor":8.0,"key":"Strength Potion"},{"floor":10.0,"key":"SteroidPotion"},{"floor":12.0,"key":"Regen Potion"}],"is_trial":false,"path_per_floor":["M","?","$","M","$","R","E","M","T","E","M","E","?","M","R","B"],"character_chosen":"THE_SILENT","items_purchased":["Footwork"],"campfire_rested":0,"item_purchase_floors":[3],"current_hp_per_floor":[63,63,63,63,63,63,63,61,61,48,48,35,16,13,13,13,13],"gold":211,"neow_bonus":"THREE_ENEMY_KILL","is_daily":false,"chose_seed":false,"campfire_upgraded":2,"win_rate":0.0,"timestamp":1611307279,"path_taken":["M","?","?","?","$","R","E","M","T","E","M","E","?","M","R","BOSS"],"items_purchased_type":["Card"],"build_version":"2020-12-22","purchased_purges":1,"victory":false,"max_hp_per_floor":[70,70,70,70,70,70,70,70,70,70,70,77,77,77,77,77,77],"card_choices":[{"not_picked":["Slice","Deflect"],"picked":"Backflip","floor":1.0},{"not_picked":["Distraction","Poisoned Stab"],"picked":"Infinite Blades","floor":4.0},{"not_picked":["Glass Knife","Dagger Throw","Poisoned Stab"],"picked":"SKIP","floor":7.0},{"not_picked":["Calculated Gamble","All Out Attack"],"picked":"Well Laid Plans","floor":8.0},{"not_picked":["Underhanded Strike","Prepared","Dagger Spray"],"picked":"SKIP","floor":10.0},{"not_picked":["Infinite Blades","Masterful Stab"],"picked":"Footwork","floor":11.0},{"not_picked":["Choke","Slice"],"picked":"Footwork","floor":12.0},{"not_picked":["Doppelganger","Acrobatics"],"picked":"PiercingWail","floor":14.0}],"player_experience":727448,"relics_obtained":[{"floor":7.0,"key":"Whetstone"},{"floor":9.0,"key":"PreservedInsect"},{"floor":10.0,"key":"Sundial"},{"floor":12.0,"key":"Strawberry"}],"event_choices":[{"cards_removed":["Defend_G"],"damage_healed":0.0,"max_hp_gain":0.0,"max_hp_loss":0.0,"gold_gain":0.0,"event_name":"Purifier","player_choice":"Purged","floor":2.0,"gold_loss":0.0,"damage_taken":0.0},{"damage_healed":0.0,"max_hp_gain":0.0,"max_hp_loss":0.0,"gold_gain":0.0,"event_name":"Golden Idol","player_choice":"Take Damage","floor":13.0,"gold_loss":0.0,"damage_taken":19.0,"relics_obtained":["Golden Idol"]}],"is_beta":false,"boss_relics":[],"items_purged_floors":[3],"is_endless":false,"potions_floor_spawned":[4,8,10,12],"killed_by":"Slime Boss","ascension_level":9}}