{"host":"msfr2axb1w9025n0","time":1611321381,"event":{"mods":["BaseMod","Colored Map","DeckTracker","Minty Spire (QoL Compilation)"],"gold_per_floor":[115,115,131,145,69,103,103,128,128,128,128,128,144,178,178,178,178],"floor_reached":16,"language":"ENG","playtime":401,"items_purged":[],"score":208,"play_id":"c0c287c0-d981-4e08-8ca2-9a07319aaa8a","local_time":"20210122201621","is_ascension_mode":true,"campfire_choices":[{"data":"Streamline","floor":7.0,"key":"SMITH"},{"floor":10.0,"key":"REST"},{"data":"Sunder","floor":12.0,"key":"SMITH"},{"floor":15,"key":"REST"}],"circlet_count":0,"master_deck":["AscendersBane","Strike_B","Strike_B","Strike_B","Strike_B","Defend_B","Defend_B","Defend_B","Defend_B","Zap","Dualcast","Stack","Ball Lightning","Streamline+1","Defragment","Hologram","Sunder+1","Double Energy"],"relics":["Cracked Core","Strawberry","StoneCalendar","Ornamental Fan","Gambling Chip"],"acts_visited":["Exordium"],"potions_floor_usage":[14],"damage_taken":[{"damage":2.0,"enemies":"Jaw Worm","floor":1.0,"turns":3.0},{"damage":2.0,"enemies":"Cultist","floor":3.0,"turns":3.0},{"damage":17.0,"enemies":"Small Slimes","floor":4.0,"turns":3.0},{"damage":38.0,"enemies":"Lagavulin","floor":6.0,"turns":5.0},{"damage":25.0,"enemies":"Gremlin Nob","floor":8.0,"turns":4.0},{"damage":20,"enemies":"Exordium Thugs","floor":13,"turns":5},{"damage":12,"enemies":"Lagavulin","floor":14,"turns":5},{"damage":38,"enemies":"The Guardian","floor":16,"turns":5}],"seed_played":"-8862132888788896598","potions_obtained":[{"floor":6.0,"key":"DuplicationPotion"},{"floor":8.0,"key":"Explosive Potion"}],"is_trial":false,"path_per_floor":["M","?","M","M","$","E","R","E","T","R","?","R","M","E","R","B"],"character_chosen":"DEFECT","items_purchased":["Defragment"],"campfire_rested":2,"item_purchase_floors":[5],"current_hp_per_floor":[48,85,83,66,66,35,35,10,10,37,37,37,17,5,32,0,0],"gold":178,"neow_bonus":"RANDOM_COLORLESS_2","is_daily":false,"chose_seed":false,"campfire_upgraded":2,"win_rate":0.0,"timestamp":1611321381,"path_taken":["M","?","M","M","?","E","R","E","T","R","?","R","M","E","R","BOSS"],"items_purchased_type":["Card"],"build_version":"2020-12-22","purchased_purges":0,"victory":false,"max_hp_per_floor":[75,85,85,85,85,92,92,92,92,92,92,92,92,92,92,92,92],"card_choices":[{"not_picked":["Magnetism","Secret Weapon"],"picked":"Metamorphosis","floor":0.0},{"not_picked":["Gash","Force Field"],"picked":"Stack","floor":1.0},{"not_picked":["Turbo","Redo"],"picked":"Ball Lightning","floor":3.0},{"not_picked":["Redo","Turbo"],"picked":"Streamline","floor":4.0},{"not_picked":["Turbo","Scrape"],"picked":"Hologram","floor":6.0},{"not_picked":["Barrage","Chaos"],"picked":"Sunder","floor":8.0},{"not_picked":["Doom and Gloom","Force Field"],"picked":"Double Energy","floor":13},{"not_picked":["Turbo","Compile Driver","Undo"],"picked":"SKIP","floor":14}],"player_experience":268206,"relics_obtained":[{"floor":6.0,"key":"Strawberry"},{"floor":8.0,"key":"StoneCalendar"},{"floor":9.0,"key":"Ornamental Fan"},{"floor":14,"key":"Gambling Chip"}],"event_choices":[{"cards_removed":["Metamorphosis"],"damage_healed":27.0,"max_hp_gain":10.0,"max_hp_loss":0.0,"gold_gain":0.0,"event_name":"Bonfire Elementals","player_choice":"Offered Rare","floor":2.0,"gold_loss":0.0,"damage_taken":0.0},{"damage_healed":0.0,"max_hp_gain":0.0,"max_hp_loss":0.0,"gold_gain":0.0,"event_name":"Match and Keep!","player_choice":"0 cards matched","floor":11.0,"gold_loss":0.0,"damage_taken":0.0,"cards_obtained":[]}],"is_beta":false,"boss_relics":[],"items_purged_floors":[],"is_endless":false,"potions_floor_spawned":[6,8],"killed_by":"The Guardian","ascension_level":11}}