{"host":"2qv44oxt58ptq59r","time":1611341256,"event":{"mods":["AchievementEnabler","BaseMod","Colored Powertips","Highlight Path","Minty Spire (QoL Compilation)","Permanent Neow","StSLib"],"gold_per_floor":[114,7,23,41,41,41,73,73,73,87,87,109,123,158,158,257,257,271,288,288,288,302,302,315,335,360,360,370,49,65,27,27,130,130,142,142,154,166,21,21,32,307,334,334,41,41,63,90,90,90,90,90,30,74,74,74],"floor_reached":55,"language":"ENG","playtime":14137,"items_purged":["Strike_B","Regret"],"score":656,"play_id":"9dc13c1e-c9ab-409d-a0c5-c60971c5aea9","local_time":"20210122184736","is_ascension_mode":false,"campfire_choices":[{"data":"Zap","floor":6.0,"key":"SMITH"},{"data":"Dualcast","floor":8.0,"key":"SMITH"},{"floor":11.0,"key":"REST"},{"floor":15.0,"key":"REST"},{"data":"Electrodynamics","floor":23.0,"key":"SMITH"},{"floor":27.0,"key":"REST"},{"floor":32.0,"key":"RECALL"},{"data":"Loop","floor":40.0,"key":"SMITH"},{"floor":44,"key":"REST"},{"data":"White Noise","floor":46,"key":"SMITH"},{"floor":49,"key":"REST"},{"data":"Storm","floor":52,"key":"SMITH"}],"circlet_count":0,"master_deck":["Strike_B","Strike_B","Strike_B","Defend_B","Defend_B","Defend_B","Defend_B","Zap+1","Dualcast+1","Cold Snap","Loop","White Noise","Leap","Force Field","Beam Cell","Leap","Coolheaded","Loop+1","Darkness","Electrodynamics+1","Tempest","Steam+1","Conserve Battery","Doom and Gloom","Steam","Go for the Eyes","Storm","White Noise+1","Redo","Storm+1","Rainbow","Capacitor","Capacitor+1","Static Discharge+1","Force Field+1","Ball Lightning","Defragment+1","Stack+1","Melter","Capacitor+1"],"relics":["FrozenCore","White Beast Statue","Odd Mushroom","Tiny Chest","MealTicket","Regal Pillow","Bronze Scales","SlaversCollar","StrikeDummy","OrangePellets","CeramicFish","Anchor","Orichalcum"],"acts_visited":["Exordium","TheCity","TheBeyond","TheEnding"],"potions_floor_usage":[50,50,54,54,54,55,55],"damage_taken":[{"damage":5.0,"enemies":"2 Louse","floor":1.0,"turns":2.0},{"damage":5.0,"enemies":"Jaw Worm","floor":3.0,"turns":3.0},{"damage":0.0,"enemies":"Cultist","floor":4.0,"turns":4.0},{"damage":13.0,"enemies":"Lagavulin","floor":7.0,"turns":7.0},{"damage":8.0,"enemies":"Blue Slaver","floor":10.0,"turns":3.0},{"damage":9.0,"enemies":"The Mushroom Lair","floor":12.0,"turns":5.0},{"damage":0.0,"enemies":"Large Slime","floor":13.0,"turns":7.0},{"damage":22.0,"enemies":"Gremlin Nob","floor":14.0,"turns":6.0},{"damage":24.0,"enemies":"Hexaghost","floor":16.0,"turns":13.0},{"damage":0.0,"enemies":"Spheric Guardian","floor":18.0,"turns":4.0},{"damage":16.0,"enemies":"Chosen","floor":19.0,"turns":6.0},{"damage":7.0,"enemies":"Shelled Parasite and Fungi","floor":22.0,"turns":7.0},{"damage":8.0,"enemies":"Chosen and Byrds","floor":24.0,"turns":5.0},{"damage":28.0,"enemies":"Snake Plant","floor":25.0,"turns":5.0},{"damage":9.0,"enemies":"3 Cultists","floor":28.0,"turns":5.0},{"damage":10.0,"enemies":"Sentry and Sphere","floor":30.0,"turns":6.0},{"damage":53.0,"enemies":"Automaton","floor":33.0,"turns":10.0},{"damage":11.0,"enemies":"Orb Walker","floor":35.0,"turns":5.0},{"damage":14.0,"enemies":"3 Darklings","floor":37.0,"turns":4.0},{"damage":12.0,"enemies":"4 Shapes","floor":38.0,"turns":5.0},{"damage":23.0,"enemies":"Maw","floor":41.0,"turns":6.0},{"damage":43,"enemies":"Transient","floor":47,"turns":5},{"damage":20,"enemies":"Spire Growth","floor":48,"turns":6},{"damage":30,"enemies":"Time Eater","floor":50,"turns":9},{"damage":44,"enemies":"Shield and Spear","floor":54,"turns":5},{"damage":88,"enemies":"The Heart","floor":55,"turns":8}],"seed_played":"6035732142784956612","potions_obtained":[{"floor":4.0,"key":"Block Potion"},{"floor":7.0,"key":"SpeedPotion"},{"floor":10.0,"key":"Energy Potion"},{"floor":12.0,"key":"AttackPotion"},{"floor":13.0,"key":"SpeedPotion"},{"floor":14.0,"key":"SkillPotion"},{"floor":16.0,"key":"FocusPotion"},{"floor":18.0,"key":"DistilledChaos"},{"floor":19.0,"key":"Swift Potion"},{"floor":22.0,"key":"CultistPotion"},{"floor":24.0,"key":"Fruit Juice"},{"floor":25.0,"key":"SteroidPotion"},{"floor":28.0,"key":"FocusPotion"},{"floor":33.0,"key":"PowerPotion"},{"floor":35.0,"key":"Swift Potion"},{"floor":37.0,"key":"GamblersBrew"},{"floor":38.0,"key":"FearPotion"},{"floor":47,"key":"Fire Potion"},{"floor":48,"key":"EntropicBrew"},{"floor":54,"key":"Regen Potion"}],"is_trial":false,"path_per_floor":["M","$","M","M","$","R","E","R","T","M","R","?","M","E","R","B",null,"M","M","?","?","M","R","M","M","T","R","M","$","M","$","R","B",null,"M","T","M","M","$","R","M","?","T","R","$","R","M","M","R","B",null,"R","$","E","B"],"character_chosen":"DEFECT","items_purchased":["Loop","White Noise","Bronze Scales","Storm","White Noise","Storm","OrangePellets","Anchor","Ball Lightning","Melter"],"campfire_rested":5,"item_purchase_floors":[2,2,29,29,29,31,39,45,45,53],"current_hp_per_floor":[70,70,65,65,65,65,52,52,52,44,66,57,57,35,57,33,75,75,59,59,59,52,52,49,21,21,60,51,66,56,71,71,18,80,69,69,55,43,58,58,35,35,35,74,80,80,37,17,56,26,80,80,80,36,0,0],"gold":74,"neow_bonus":"THREE_CARDS","is_daily":false,"chose_seed":false,"campfire_upgraded":6,"win_rate":0.0,"timestamp":1611341256,"path_taken":["M","$","M","M","$","R","E","R","T","M","R","?","M","E","R","BOSS","M","M","?","?","M","R","?","M","T","R","M","$","M","$","R","BOSS","M","?","M","M","$","R","M","?","T","R","$","R","M","?","R","BOSS","R","$","E","BOSS"],"items_purchased_type":["Card","Card","Relic","Card","Card","Card","Relic","Relic","Card","Card"],"build_version":"2020-12-22","purchased_purges":2,"victory":false,"max_hp_per_floor":[75,75,75,75,75,75,75,75,75,75,75,75,75,75,75,75,75,75,75,75,75,75,75,80,80,80,80,80,80,80,80,80,80,80,80,80,80,80,80,80,80,80,80,80,80,80,80,80,80,80,80,80,80,80,80,80],"card_choices":[{"not_picked":["Recycle","Coolheaded"],"picked":"Cold Snap","floor":0.0},{"not_picked":["Steam","Barrage","Hello World"],"picked":"SKIP","floor":1.0},{"not_picked":["FTL","BootSequence"],"picked":"Leap","floor":3.0},{"not_picked":["Streamline","Heatsinks"],"picked":"Force Field","floor":4.0},{"not_picked":["Streamline","Skim"],"picked":"Beam Cell","floor":7.0},{"not_picked":["Gash","Skim"],"picked":"Leap","floor":10.0},{"not_picked":["Steam","Hologram"],"picked":"Coolheaded","floor":12.0},{"not_picked":["Leap","Hologram"],"picked":"Loop","floor":13.0},{"not_picked":["All For One","White Noise"],"picked":"Darkness","floor":14.0},{"not_picked":["Rainbow","Reboot"],"picked":"Electrodynamics","floor":16.0},{"not_picked":["Gash+1","Chaos"],"picked":"Tempest","floor":18.0},{"not_picked":["Compile Driver","Sweeping Beam"],"picked":"Steam+1","floor":19.0},{"not_picked":["Reprogram","Aggregate"],"picked":"Conserve Battery","floor":22.0},{"not_picked":["Go for the Eyes","BootSequence"],"picked":"Doom and Gloom","floor":24.0},{"not_picked":["Stack","BootSequence"],"picked":"Steam","floor":25.0},{"not_picked":["Hyperbeam","Sunder"],"picked":"Go for the Eyes","floor":28.0},{"not_picked":["Genetic Algorithm","Rip and Tear"],"picked":"Redo","floor":30.0},{"not_picked":["Reboot","Creative AI"],"picked":"Rainbow","floor":33.0},{"not_picked":["Redo+1","Conserve Battery"],"picked":"Capacitor","floor":35.0},{"not_picked":["Steam","Coolheaded"],"picked":"Capacitor+1","floor":37.0},{"not_picked":["Steam Power","Sweeping Beam"],"picked":"Static Discharge+1","floor":38.0},{"not_picked":["Compile Driver","Coolheaded+1"],"picked":"Force Field+1","floor":41.0},{"not_picked":["Melter+1","Tempest+1"],"picked":"Defragment+1","floor":47},{"not_picked":["Gash+1","Turbo"],"picked":"Stack+1","floor":48},{"not_picked":["Compile Driver","Hologram"],"picked":"Capacitor+1","floor":54}],"player_experience":5446028,"relics_obtained":[{"floor":7.0,"key":"White Beast Statue"},{"floor":12.0,"key":"Odd Mushroom"},{"floor":14.0,"key":"Tiny Chest"},{"floor":26.0,"key":"Regal Pillow"},{"floor":36.0,"key":"StrikeDummy"},{"floor":43,"key":"CeramicFish"},{"floor":54,"key":"Orichalcum"}],"event_choices":[{"damage_healed":0.0,"max_hp_gain":0.0,"max_hp_loss":0.0,"gold_gain":0.0,"event_name":"Mushrooms","player_choice":"Fought Mushrooms","floor":12.0,"gold_loss":0.0,"damage_taken":0.0},{"damage_healed":0.0,"max_hp_gain":0.0,"max_hp_loss":0.0,"gold_gain":0.0,"event_name":"Vampires","player_choice":"Ignored","floor":20.0,"gold_loss":0.0,"damage_taken":0.0},{"damage_healed":0.0,"max_hp_gain":0.0,"max_hp_loss":0.0,"gold_gain":0.0,"event_name":"WeMeetAgain","player_choice":"Gave Potion","floor":21.0,"gold_loss":0.0,"damage_taken":0.0,"relics_obtained":["MealTicket"]},{"damage_healed":0,"gold_gain":275,"player_choice":"Desecrate","damage_taken":0,"max_hp_gain":0,"max_hp_loss":0,"event_name":"Golden Shrine","floor":42,"gold_loss":0,"cards_obtained":["Regret"]}],"is_beta":false,"boss_relics":[{"not_picked":["Snecko Eye","Velvet Choker"],"picked":"FrozenCore"},{"not_picked":["Pandora\u0027s Box","Astrolabe"],"picked":"SlaversCollar"}],"items_purged_floors":[29,45],"is_endless":false,"potions_floor_spawned":[4,7,10,12,13,14,16,18,19,22,24,25,28,30,33,35,37,38,41,47,48,54],"killed_by":"The Heart","ascension_level":0}}