{"host":"5gc11emcm5chfr5t","time":1611297670,"event":{"mods":["2.2 Compatiblity","AchievementEnabler","BaseMod","Bestiary","Better Note","Colored Map","Colored Powertips","Downfall","Googly Eyes","Minty Spire (QoL Compilation)","Rare Cards Sparkle","StSLib"],"gold_per_floor":[99,99,99,99,99,112,160,178,63,63,63,63],"floor_reached":10,"language":"ENG","playtime":317,"items_purged":[],"score":108,"play_id":"582e7118-0427-4145-891e-89b80a013c43","local_time":"20210122014110","is_ascension_mode":true,"campfire_choices":[{"floor":1,"key":"RECALL"}],"circlet_count":0,"master_deck":["AscendersBane","sneckomod:Strike","sneckomod:Strike","sneckomod:Strike","sneckomod:Defend","sneckomod:Defend","sneckomod:Defend","sneckomod:TailWhip","sneckomod:SnekBite","sneckomod:Unknown","sneckomod:Unknown","sneckomod:SnakeSap","sneckomod:UnknownStrength","sneckomod:UnknownUncommonAttack","sneckomod:SoulRoll","sneckomod:SlitherStrike","sneckomod:Unknown0Cost","expansioncontent:Hexaburn"],"relics":["sneckomod:SneckoSoul","downfall:HeartsMalice"],"acts_visited":["Exordium"],"potions_floor_usage":[6,9],"damage_taken":[{"damage":0,"enemies":"2 Louse","floor":2,"turns":1},{"damage":0,"enemies":"Cultist","floor":3,"turns":1},{"damage":0,"enemies":"Jaw Worm","floor":5,"turns":1},{"damage":7,"enemies":"3 Louse","floor":6,"turns":3},{"damage":13,"enemies":"Large Slime","floor":8,"turns":5},{"damage":5,"enemies":"downfall:FleeingMerchant","floor":9,"turns":4},{"damage":60,"enemies":"Gremlin Nob","floor":10,"turns":4}],"seed_played":"-822964801693933058","potions_obtained":[{"floor":4,"key":"sneckomod:MuddlingPotion"},{"floor":4,"key":"Regen Potion"},{"floor":6,"key":"LiquidBronze"}],"is_trial":false,"path_per_floor":["R","M","M","?","M","M","T","M","$","E"],"character_chosen":"THE_SNECKO","items_purchased":["expansioncontent:Hexaburn"],"campfire_rested":0,"item_purchase_floors":[9],"current_hp_per_floor":[75,75,75,75,75,68,68,55,50,0,0,0],"gold":63,"neow_bonus":"THREE_ENEMY_KILL","is_daily":false,"chose_seed":false,"campfire_upgraded":0,"win_rate":0.0,"timestamp":1611297670,"path_taken":["R","M","M","?","?","?","T","M","$","E"],"items_purchased_type":["Card"],"build_version":"2020-12-22","purchased_purges":0,"victory":false,"max_hp_per_floor":[83,83,83,83,83,83,83,83,83,83,83,83],"card_choices":[{"not_picked":["sneckomod:UnknownCommonAttack","sneckomod:Memorize"],"picked":"sneckomod:SnakeSap","floor":2},{"not_picked":["sneckomod:UnknownClassTHE_BRONZE_AUTOMATON","sneckomod:UnendingSupply"],"picked":"sneckomod:UnknownStrength","floor":3},{"not_picked":["sneckomod:UnknownVulnerable","sneckomod:SoulDraw"],"picked":"sneckomod:UnknownUncommonAttack","floor":5},{"not_picked":["sneckomod:UnknownClassPURPLE","sneckomod:Unknown2Cost"],"picked":"sneckomod:SoulRoll","floor":6},{"not_picked":["sneckomod:DiceBoulder","sneckomod:TrashToTreasure"],"picked":"sneckomod:SlitherStrike","floor":8},{"not_picked":["sneckomod:UnknownClassTHE_CHAMP_GRAY","sneckomod:UnknownBlock"],"picked":"sneckomod:Unknown0Cost","floor":9}],"player_experience":560523,"relics_obtained":[],"event_choices":[{"damage_healed":0,"gold_gain":0,"player_choice":"Got Potions","damage_taken":0,"max_hp_gain":0,"max_hp_loss":0,"event_name":"Lab","floor":4,"gold_loss":0}],"is_beta":false,"boss_relics":[],"items_purged_floors":[],"is_endless":false,"potions_floor_spawned":[6],"killed_by":"Gremlin Nob","ascension_level":20}}