{"host":"93x13jgem5w43hjr","time":1611342066,"event":{"mods":["AchievementEnabler","BaseMod","Better Note","Colored Map","Colored Powertips","Downfall","Minty Spire (QoL Compilation)","Rare Cards Sparkle","StSLib"],"gold_per_floor":[349,362,362,537,552,563,644,655,57,84,84,100,0,25,41,144,144,144,164,182,182,382,412,437,472,110,127,139,139,39,51,68,68,68,68],"floor_reached":33,"language":"ENG","playtime":2635,"items_purged":["bronze:Strike","downfall:Haunted"],"score":389,"play_id":"44b09d85-188e-46e2-888c-7b7c72aab6f1","local_time":"20210122120106","is_ascension_mode":true,"campfire_choices":[{"data":"bronze:Replicate","floor":1.0,"key":"SMITH"},{"data":"bronze:Repulsor","floor":13.0,"key":"SMITH"},{"floor":18.0,"key":"RECALL"},{"floor":30,"key":"REST"}],"circlet_count":0,"master_deck":["bronze:Strike","bronze:Strike","bronze:Defend","bronze:Defend","bronze:Defend","bronze:Replicate+1","bronze:Goto","bronze:Branch","Doubt","bronze:Repulsor+1","bronze:BuggyMess","bronze:Branch","bronze:Terminator","Bandage Up","bronze:BugBarrage+1","bronze:BugBarrage+1","bronze:Branch+1","bronze:Repair","bronze:BuggyMess","bronze:BurnOut+1","bronze:Shield","J.A.X.","bronze:BugBarrage+1","bronze:ItsAFeature","bronze:BugBarrage+1","bronze:Branch+1","bronze:Frontload+1"],"relics":["bronze:BronzeCore","Bottled Lightning","Molten Egg 2","ClockworkSouvenir","Question Card","downfall:HeartBlessingGreen","Blue Candle","Empty Cage","Darkstone Periapt","White Beast Statue","Pantograph","bronze:BottledCode","downfall:HeartBlessingRed"],"acts_visited":["Exordium","TheCity"],"potions_floor_usage":[32,33,33],"damage_taken":[{"damage":6.0,"enemies":"2 Louse","floor":2.0,"turns":4.0},{"damage":0.0,"enemies":"Small Slimes","floor":5.0,"turns":2.0},{"damage":2.0,"enemies":"Jaw Worm","floor":6.0,"turns":4.0},{"damage":15.0,"enemies":"Exordium Wildlife","floor":8.0,"turns":5.0},{"damage":0.0,"enemies":"downfall:FleeingMerchant","floor":9.0,"turns":4.0},{"damage":28.0,"enemies":"Gremlin Nob","floor":10.0,"turns":5.0},{"damage":6.0,"enemies":"Blue Slaver","floor":12.0,"turns":2.0},{"damage":6.0,"enemies":"Lagavulin","floor":14.0,"turns":7.0},{"damage":0.0,"enemies":"2 Fungi Beasts","floor":15.0,"turns":3.0},{"damage":10.0,"enemies":"SI_SHIV_ARCHETYPE","floor":16.0,"turns":8.0},{"damage":0.0,"enemies":"3 Byrds","floor":19.0,"turns":5.0},{"damage":9.0,"enemies":"Spheric Guardian","floor":20.0,"turns":4.0},{"damage":26.0,"enemies":"Gremlin Leader","floor":23.0,"turns":7.0},{"damage":22.0,"enemies":"Book of Stabbing","floor":25.0,"turns":4.0},{"damage":6.0,"enemies":"downfall:FleeingMerchant","floor":26.0,"turns":4.0},{"damage":14.0,"enemies":"Snake Plant","floor":27.0,"turns":5.0},{"damage":24.0,"enemies":"Shelled Parasite and Fungi","floor":28.0,"turns":6.0},{"damage":13,"enemies":"Sentry and Sphere","floor":31,"turns":5},{"damage":16,"enemies":"Cultist and Chosen","floor":32,"turns":8},{"damage":68,"enemies":"DF_ARCHETYPE_CLAW","floor":33,"turns":7}],"seed_played":"4699258022927619024","potions_obtained":[{"floor":2.0,"key":"SmokeBomb"},{"floor":6.0,"key":"Fire Potion"},{"floor":12.0,"key":"bronze:CleanCodePotion"},{"floor":14.0,"key":"Fire Potion"},{"floor":16.0,"key":"bronze:BurnAndBuffPotion"},{"floor":19.0,"key":"bronze:BurnAndBuffPotion"},{"floor":26.0,"key":"GamblersBrew"},{"floor":27.0,"key":"FearPotion"},{"floor":28.0,"key":"Dexterity Potion"},{"floor":31,"key":"Regen Potion"},{"floor":32,"key":"bronze:CleanCodePotion"}],"is_trial":false,"path_per_floor":["R","M","?","?","M","M","T","M","$","E","?","M","R","E","M","B",null,"R","M","M","?","?","E","T","E","$","M","M","?","R","M","M","B"],"character_chosen":"THE_AUTOMATON","items_purchased":["Molten Egg 2","Bandage Up","bronze:BugBarrage+1","ClockworkSouvenir","Pantograph"],"campfire_rested":1,"item_purchase_floors":[9,9,9,9,26],"current_hp_per_floor":[70,64,64,64,64,62,62,47,47,19,42,40,40,38,42,43,70,70,70,61,61,61,46,46,35,33,30,17,17,35,33,43,0,0,0],"gold":68,"neow_bonus":"TWO_FIFTY_GOLD","is_daily":false,"chose_seed":false,"campfire_upgraded":2,"win_rate":0.0,"timestamp":1611342066,"path_taken":["R","M","?","?","M","?","T","M","$","E","?","M","R","E","M","BOSS","R","M","M","?","?","E","T","E","$","M","M","?","R","?","M","BOSS"],"items_purchased_type":["Relic","Card","Card","Relic","Relic"],"build_version":"2020-12-22","purchased_purges":2,"victory":false,"max_hp_per_floor":[70,70,70,70,70,70,70,70,70,70,70,70,70,70,70,70,70,70,70,70,70,70,70,70,70,70,70,70,60,60,60,60,60,60,60],"card_choices":[{"not_picked":["bronze:FineTuning","bronze:Deprecate"],"picked":"bronze:Branch","floor":2.0},{"not_picked":["bronze:WhirlingStrike","bronze:CutThrough"],"picked":"bronze:Repulsor","floor":5.0},{"not_picked":["bronze:BronzeArmor","bronze:Constructor"],"picked":"bronze:BuggyMess","floor":6.0},{"not_picked":["bronze:Turbo","bronze:HyperBeam"],"picked":"bronze:Branch","floor":8.0},{"not_picked":["bronze:Iterate","bronze:FineTuning"],"picked":"bronze:Terminator","floor":9.0},{"not_picked":["bronze:ForLoop","bronze:DelayedSlice+1"],"picked":"bronze:BugBarrage+1","floor":10.0},{"not_picked":["bronze:WhirlingStrike+1","bronze:WildBeam+1","bronze:Backtrace+1"],"picked":"bronze:Branch+1","floor":12.0},{"not_picked":["bronze:ForLoop","bronze:Iterate+1","bronze:BitShift"],"picked":"bronze:Repair","floor":14.0},{"not_picked":["bronze:DelayedSlice+1","bronze:Overheat+1","bronze:Constructor"],"picked":"bronze:BuggyMess","floor":15.0},{"not_picked":["bronze:Format","bronze:HyperBeam+1","bronze:ThunderWave+1"],"picked":"bronze:BurnOut+1","floor":16.0},{"not_picked":["bronze:DelayedGuard","bronze:Deprecate","bronze:BitShift"],"picked":"bronze:Shield","floor":19.0},{"not_picked":["bronze:FineTuning","bronze:OilSpill+1","bronze:Turbo","bronze:Allocate"],"picked":"SKIP","floor":20.0},{"not_picked":["bronze:Shield+1","bronze:DelayedSlice+1","bronze:Constructor"],"picked":"bronze:BugBarrage+1","floor":23.0},{"not_picked":["bronze:BugBarrage+1","bronze:Deprecate","bronze:Separator+1"],"picked":"bronze:ItsAFeature","floor":25.0},{"not_picked":["bronze:BuggyMess","bronze:Verify","bronze:DigitalCarnage+1"],"picked":"bronze:BugBarrage+1","floor":26.0},{"not_picked":["bronze:GetLatest","bronze:BronzeOrb+1","bronze:DelayedSlice+1","bronze:BuggyMess"],"picked":"SKIP","floor":27.0},{"not_picked":["bronze:Overload","bronze:Overheat+1","bronze:Philosophize+1"],"picked":"bronze:Branch+1","floor":28.0},{"not_picked":["bronze:BronzeOrb+1","bronze:ChildClass","bronze:ClassDefault"],"picked":"bronze:Frontload+1","floor":31},{"not_picked":["bronze:DarkDash+1","bronze:CleanCode","bronze:Overheat+1","bronze:Deprecate"],"picked":"SKIP","floor":32}],"player_experience":174703,"relics_obtained":[{"floor":7.0,"key":"Bottled Lightning"},{"floor":10.0,"key":"Question Card"},{"floor":14.0,"key":"Blue Candle"},{"floor":23.0,"key":"Darkstone Periapt"},{"floor":25.0,"key":"White Beast Statue"}],"event_choices":[{"cards_removed":["Normality"],"damage_healed":0.0,"max_hp_gain":0.0,"max_hp_loss":0.0,"gold_gain":0.0,"event_name":"The Cleric","player_choice":"Card Removal","floor":3.0,"gold_loss":0.0,"damage_taken":0.0},{"damage_healed":23.0,"max_hp_gain":0.0,"max_hp_loss":0.0,"gold_gain":0.0,"event_name":"Big Fish","player_choice":"Banana","floor":11.0,"gold_loss":0.0,"damage_taken":0.0},{"damage_healed":0.0,"max_hp_gain":0.0,"max_hp_loss":0.0,"gold_gain":0.0,"event_name":"Drug Dealer","player_choice":"Obtain J.A.X.","floor":21.0,"gold_loss":0.0,"damage_taken":0.0,"cards_obtained":["J.A.X."]}],"is_beta":false,"boss_relics":[{"not_picked":["Runic Dome","SacredBark"],"picked":"Empty Cage"}],"items_purged_floors":[9,26],"is_endless":false,"potions_floor_spawned":[2,6,12,14,16,19,26,27,28,31,32],"killed_by":"DF_ARCHETYPE_CLAW","ascension_level":1}}