{"host":"x6165drukuu8ns9f","time":1611350235,"event":{"mods":["2.2 Compatiblity","Act Like it!","Arknights The Spire","Aspiration","BaseMod","CapriCore","Colored Map","Colored Powertips","Conspire","Ekko","Elementarium","Gensokyo","GifTheSpireLib","Hallownest","Hubris","Luminous","Minty Spire (QoL Compilation)","Pale of the Ancients","Spicy Shops","Spire Birthday Party","StSLib","SuperFastMode","The Blue Laboratory","The Bug Knight","The Marked","vexMod","??????REMEMod"],"gold_per_floor":[144,189,222,261,20,20,20],"floor_reached":6,"language":"ENG","playtime":236,"items_purged":[],"score":38,"play_id":"33fcb224-0e07-445f-a474-b42f7239aaed","local_time":"20210122221715","daily_mods":["Vintage","Flight","DeadlyEvents","Midas"],"is_ascension_mode":false,"campfire_choices":[],"circlet_count":0,"master_deck":["ats:Strike C","ats:Strike G","ats:Strike S","ats:Strike V","ats:Armor Crushing Shot","ats:Defend","ats:Defend","ats:Defend","ats:Defend","ats:Emotion Absorption","Brilliance"],"relics":["ats:Sanity","REME_ComplimentaryCards","conspire:Flyswatter","aspiration:Lifesprig","Oddly Smooth Stone","ats:Spiritual Recovery","Mummified Hand"],"acts_visited":["Exordium"],"potions_floor_usage":[4,6],"damage_taken":[{"damage":14,"enemies":"Jaw Worm","floor":1,"turns":4},{"damage":6,"enemies":"Cultist","floor":2,"turns":3},{"damage":5,"enemies":"Small Slimes","floor":3,"turns":3},{"damage":9,"enemies":"2 Fungi Beasts","floor":4,"turns":3},{"damage":44,"enemies":"HollowMod:MossKnight","floor":6,"turns":14}],"seed_played":"-4346703445957224093","potions_obtained":[{"floor":3,"key":"blueLaboratory:FruitPunch"},{"floor":4,"key":"blueLaboratory:PyrophylliteBrew"}],"is_trial":true,"path_per_floor":["M","M","M","M","$","E"],"character_chosen":"DOCTOR_CLASS","items_purchased":["Mummified Hand"],"campfire_rested":0,"item_purchase_floors":[5],"current_hp_per_floor":[58,52,47,40,40,0,0],"gold":20,"neow_bonus":"","is_daily":false,"chose_seed":false,"campfire_upgraded":0,"win_rate":0.0,"timestamp":1611350235,"path_taken":["M","M","M","M","$","E"],"items_purchased_type":["Relic"],"build_version":"2020-12-22","purchased_purges":0,"victory":false,"max_hp_per_floor":[72,72,72,74,74,74,74],"card_choices":[],"player_experience":124557,"relics_obtained":[{"floor":1,"key":"conspire:Flyswatter"},{"floor":2,"key":"aspiration:Lifesprig"},{"floor":3,"key":"Oddly Smooth Stone"},{"floor":4,"key":"ats:Spiritual Recovery"}],"event_choices":[],"is_beta":false,"boss_relics":[],"items_purged_floors":[],"is_endless":false,"potions_floor_spawned":[3,4],"killed_by":"HollowMod:MossKnight","ascension_level":0}}