{"host":"ttx8tv95o5vka1nm","time":1611289892,"event":{"mods":["AchievementEnabler","BaseMod","Colored Map","Downfall","Infinite Spire","Minty Spire (QoL Compilation)","Shop Mod","StSLib","The Jungle"],"gold_per_floor":[111,128,58,75,87,120,131,166,192,227,243,275,275,225,225,320,320,339,339,353,353,370,398,398,423,423,453,470,496,510,523,523,620,620,630,630,86,97,97,122,138,171,171,186,201,229,16,31,31,136,136,143,156,156,14,14,28,28,30,30,29,29,35,210,229,229,304,304,307,307,286,285,110,133,133,24,76,76,71,71,80,104,104,185,185,192,15,14,19,19,35,38,40,340,334,334,329,329,344,344,415,415,431,431,436,511,511,520,520,533,588,607,615,615,634,634,634,721,721,726,726,721,721,727,727,752,752,821,826,844,847,851,851,851,934,934,950,957,964,952,952,976,536,548,594,594,604,622,622,622,622,716,716,716,155,184,283],"floor_reached":158,"language":"ENG","playtime":10227,"items_purged":["Strike_G","Defend_G","Defend_G","Bullet Time","Outmaneuver+1","Decay","Decay","Dagger Throw","Dagger Throw"],"score":5640,"play_id":"e8508110-5215-4147-9af7-8f72932f1342","local_time":"20210122143132","is_ascension_mode":true,"campfire_choices":[{"floor":13,"key":"REST"},{"floor":15,"key":"REST"},{"data":"infinitespire:Neurotoxin","floor":24,"key":"SMITH"},{"floor":32,"key":"REST"},{"floor":49,"key":"REST"},{"data":"Defend_G","floor":49,"key":"PURGE"},{"data":"Catalyst","floor":58,"key":"SMITH"},{"data":"Doubt","floor":66,"key":"PURGE"},{"data":"Footwork","floor":75,"key":"SMITH"},{"data":"Flying Knee","floor":83,"key":"PURGE"},{"data":"Pain","floor":96,"key":"PURGE"},{"data":"Flying Knee","floor":98,"key":"PURGE"},{"data":"Flying Knee+1","floor":100,"key":"PURGE"},{"data":"Skewer","floor":109,"key":"PURGE"},{"data":"Sucker Punch","floor":114,"key":"PURGE"},{"data":"Pain","floor":117,"key":"PURGE"},{"data":"Dagger Spray","floor":125,"key":"PURGE"},{"data":"Acrobatics","floor":127,"key":"PURGE"},{"data":"Normality","floor":134,"key":"PURGE"},{"data":"Doubt","floor":149,"key":"PURGE"},{"data":"Prepared","floor":151,"key":"PURGE"},{"data":"Neutralize","floor":154,"key":"PURGE"}],"circlet_count":1,"master_deck":["Survivor","Terror+1","Footwork+1","Blur","Cloak And Dagger","infinitespire:Neurotoxin+1","Blade Dance+1","Masterful Stab+1","Cloak And Dagger","Acrobatics","Eviscerate+1","Underhanded Strike+1","Die Die Die","Dodge and Roll+1","Catalyst+1","Caltrops+1","infinitespire:TheBestDefense","Dagger Throw+1","Accuracy+1","Adrenaline","Infinite Blades+1","Accuracy+1","Poisoned Stab","Catalyst","Dash","infinitespire:Menacing","Storm of Steel","Poisoned Stab","Blade Dance+1","Reflex+1","infinitespire:Collect","Burst+1","CurseOfTheBell","Corpse Explosion+1","Tools of the Trade+1","Finisher+1"],"relics":["White Beast Statue","infinitespire:EmpoweringShard","Anchor","Smiling Mask","Busted Crown","HoveringKite","Gremlin Horn","TungstenRod","Turnip","MerchantsRug","Frozen Egg 2","Ancient Tea Set","Bottled Tornado","Centennial Puzzle","infinitespire:WardingShard","infinitespire:Magic Flask","Peace Pipe","Philosopher\u0027s Stone","infinitespire:Cubic Diamond","Pen Nib","Bag of Preparation","InkBottle","Akabeko","Black Star","Potion Belt","Tingsha","Runic Pyramid","theJungle:SpiritDisease","Kunai","theJungle:ShellPeas","Torii","TwistedFunnel","Spirit Poop","Blue Candle","Eternal Feather","Bronze Scales","Potion Belt","FossilizedHelix","infinitespire:PuzzleCube","Cursed Key","The Specimen","Ice Cream","MealTicket","Old Coin","Molten Egg 2","infinitespire:Beetle Shell","Bird Faced Urn","Boot","WristBlade","Nunchaku","Toxic Egg 2","Bag of Marbles","infinitespire:Satchel","Nunchaku","Tiny Chest","infinitespire:CheckeredPen","Singing Bowl","WarpedTongs","Orichalcum","Gambling Chip","Pocketwatch","Oddly Smooth Stone","Ornamental Fan","Shovel","Letter Opener","Toy Ornithopter","SlaversCollar","Lizard Tail","Bottled Lightning","Shuriken","Strange Spoon","Mercury Hourglass","Ninja Scroll","Incense Burner","infinitespire:Lychee Nut","infinitespire:Midas Blood","Circlet","Dead Branch","Lee\u0027s Waffle","CaptainsWheel","Sundial"],"acts_visited":["Exordium","TheCity","TheBeyond","Exordium","Exordium","TheBeyond","Exordium","Exordium","TheBeyond","TheEnding"],"potions_floor_usage":[6,10,10,22,23,23,25,28,29,33,33,40,42,46,46,50,87,95,95,101],"damage_taken":[{"damage":0,"enemies":"Jaw Worm","floor":1,"turns":5},{"damage":1,"enemies":"Cultist","floor":2,"turns":4},{"damage":4,"enemies":"2 Louse","floor":4,"turns":3},{"damage":0,"enemies":"Blue Slaver","floor":5,"turns":4},{"damage":8,"enemies":"Gremlin Nob","floor":6,"turns":5},{"damage":12,"enemies":"Exordium Wildlife","floor":7,"turns":5},{"damage":7,"enemies":"Lagavulin","floor":8,"turns":8},{"damage":10,"enemies":"Gremlin Nob","floor":10,"turns":3},{"damage":6,"enemies":"Exordium Thugs","floor":11,"turns":5},{"damage":6,"enemies":"Lagavulin","floor":12,"turns":6},{"damage":42,"enemies":"The Guardian","floor":16,"turns":13},{"damage":0,"enemies":"Shell Parasite","floor":18,"turns":3},{"damage":8,"enemies":"Spheric Guardian","floor":20,"turns":4},{"damage":0,"enemies":"3 Cultists","floor":22,"turns":4},{"damage":7,"enemies":"Slavers","floor":23,"turns":4},{"damage":10,"enemies":"Book of Stabbing","floor":25,"turns":3},{"damage":0,"enemies":"Gremlin Leader","floor":27,"turns":3},{"damage":0,"enemies":"Snecko","floor":28,"turns":3},{"damage":0,"enemies":"Book of Stabbing","floor":29,"turns":2},{"damage":0,"enemies":"Chosen and Byrds","floor":30,"turns":3},{"damage":0,"enemies":"Centurion and Healer","floor":31,"turns":3},{"damage":57,"enemies":"Champ","floor":33,"turns":7},{"damage":0,"enemies":"3 Shapes","floor":35,"turns":3},{"damage":15,"enemies":"3 Darklings","floor":38,"turns":4},{"damage":0,"enemies":"Nemesis","floor":40,"turns":5},{"damage":0,"enemies":"Transient","floor":41,"turns":5},{"damage":0,"enemies":"Giant Head","floor":42,"turns":6},{"damage":0,"enemies":"Maw","floor":44,"turns":5},{"damage":0,"enemies":"Writhing Mass","floor":45,"turns":2},{"damage":4,"enemies":"Nightmare","floor":46,"turns":5},{"damage":3,"enemies":"Sphere and 2 Shapes","floor":48,"turns":3},{"damage":19,"enemies":"Time Eater","floor":50,"turns":4},{"damage":0,"enemies":"Cultist","floor":52,"turns":2},{"damage":0,"enemies":"2 Louse","floor":53,"turns":1},{"damage":0,"enemies":"3 Sentries","floor":57,"turns":2},{"damage":0,"enemies":"Jaw Worm","floor":59,"turns":1},{"damage":0,"enemies":"Large Slime","floor":61,"turns":2},{"damage":0,"enemies":"Blue Slaver","floor":63,"turns":1},{"damage":0,"enemies":"Gremlin Nob","floor":65,"turns":1},{"damage":4,"enemies":"The Guardian","floor":67,"turns":3},{"damage":0,"enemies":"theJungle:GiantWrat","floor":69,"turns":2},{"damage":0,"enemies":"JungleHuntersEvent","floor":71,"turns":3},{"damage":0,"enemies":"theJungle:MUSHROOMGANG","floor":72,"turns":1},{"damage":0,"enemies":"theJungle:Cassacara","floor":74,"turns":2},{"damage":0,"enemies":"theJungle:2_Phrogs","floor":79,"turns":3},{"damage":0,"enemies":"theJungle:2_Flameangoes","floor":80,"turns":2},{"damage":0,"enemies":"theJungle:MamaSnecko","floor":81,"turns":2},{"damage":0,"enemies":"theJungle:TotemBoss","floor":84,"turns":1},{"damage":0,"enemies":"3 Shapes","floor":86,"turns":2},{"damage":0,"enemies":"Orb Walker","floor":88,"turns":2},{"damage":0,"enemies":"3 Darklings","floor":89,"turns":2},{"damage":0,"enemies":"Giant Head","floor":91,"turns":3},{"damage":0,"enemies":"Sphere and 2 Shapes","floor":92,"turns":2},{"damage":0,"enemies":"Spire Growth","floor":93,"turns":1},{"damage":0,"enemies":"4 Shapes","floor":95,"turns":1},{"damage":30,"enemies":"Nightmare","floor":97,"turns":4},{"damage":0,"enemies":"Giant Head","floor":99,"turns":2},{"damage":0,"enemies":"infinitespire:MassOfShapes","floor":101,"turns":4},{"damage":0,"enemies":"2 Louse","floor":103,"turns":1},{"damage":0,"enemies":"Small Slimes","floor":105,"turns":1},{"damage":0,"enemies":"3 Sentries","floor":108,"turns":2},{"damage":0,"enemies":"Jaw Worm","floor":110,"turns":1},{"damage":0,"enemies":"Lagavulin","floor":112,"turns":1},{"damage":0,"enemies":"Looter","floor":113,"turns":1},{"damage":0,"enemies":"3 Sentries","floor":115,"turns":2},{"damage":0,"enemies":"The Guardian","floor":118,"turns":2},{"damage":0,"enemies":"Shell Parasite","floor":120,"turns":1},{"damage":0,"enemies":"theJungle:MUSHROOMGANG","floor":122,"turns":1},{"damage":0,"enemies":"theJungle:2_Flameangoes","floor":124,"turns":1},{"damage":0,"enemies":"theJungle:2_Phrogs","floor":126,"turns":1},{"damage":0,"enemies":"theJungle:JungleHuntersEncounter","floor":129,"turns":1},{"damage":0,"enemies":"theJungle:MamaSnecko","floor":130,"turns":2},{"damage":0,"enemies":"theJungle:2_Snecko_Cultists","floor":131,"turns":1},{"damage":0,"enemies":"theJungle:2_Flameangoes","floor":132,"turns":1},{"damage":0,"enemies":"theJungle:TotemBoss","floor":135,"turns":2},{"damage":0,"enemies":"Orb Walker","floor":137,"turns":1},{"damage":0,"enemies":"3 Shapes","floor":138,"turns":1},{"damage":0,"enemies":"Sphere and 2 Shapes","floor":139,"turns":2},{"damage":0,"enemies":"Maw","floor":140,"turns":2},{"damage":0,"enemies":"Reptomancer","floor":142,"turns":1},{"damage":0,"enemies":"Giant Head","floor":144,"turns":2},{"damage":0,"enemies":"Jaw Worm Horde","floor":147,"turns":1},{"damage":0,"enemies":"Nemesis","floor":148,"turns":1},{"damage":0,"enemies":"infinitespire:LordOfFortification","floor":152,"turns":1},{"damage":0,"enemies":"Shield and Spear","floor":156,"turns":1},{"damage":0,"enemies":"The Heart","floor":157,"turns":1}],"seed_played":"8958731299811606955","potions_obtained":[{"floor":1,"key":"CultistPotion"},{"floor":7,"key":"infinitespire:BlackPotion"},{"floor":8,"key":"FearPotion"},{"floor":10,"key":"Block Potion"},{"floor":11,"key":"LiquidMemories"},{"floor":12,"key":"BlessingOfTheForge"},{"floor":21,"key":"CunningPotion"},{"floor":22,"key":"champ:CounterPotion"},{"floor":23,"key":"Explosive Potion"},{"floor":25,"key":"PowerPotion"},{"floor":27,"key":"Ancient Potion"},{"floor":28,"key":"SpeedPotion"},{"floor":29,"key":"bronze:BurnAndBuffPotion"},{"floor":33,"key":"Dexterity Potion"},{"floor":35,"key":"Regen Potion"},{"floor":38,"key":"PowerPotion"},{"floor":40,"key":"CunningPotion"},{"floor":41,"key":"hexamod:SoulburnPotion"},{"floor":42,"key":"SteroidPotion"},{"floor":44,"key":"EssenceOfSteel"},{"floor":45,"key":"Block Potion"},{"floor":46,"key":"CultistPotion"},{"floor":48,"key":"Swift Potion"},{"floor":50,"key":"SteroidPotion"},{"floor":52,"key":"EssenceOfSteel"},{"floor":53,"key":"LiquidMemories"},{"floor":57,"key":"DuplicationPotion"},{"floor":59,"key":"ColorlessPotion"},{"floor":61,"key":"Strength Potion"},{"floor":63,"key":"Fire Potion"},{"floor":65,"key":"SpeedPotion"},{"floor":79,"key":"sneckomod:MuddlingPotion"},{"floor":80,"key":"Poison Potion"},{"floor":81,"key":"EntropicBrew"},{"floor":84,"key":"EssenceOfSteel"},{"floor":86,"key":"Energy Potion"},{"floor":88,"key":"Dexterity Potion"},{"floor":89,"key":"Weak Potion"},{"floor":91,"key":"SkillPotion"},{"floor":92,"key":"Swift Potion"},{"floor":93,"key":"Guardian:BlockOnCardUsePotion"},{"floor":95,"key":"Fruit Juice"},{"floor":97,"key":"DistilledChaos"},{"floor":99,"key":"LiquidBronze"},{"floor":101,"key":"Weak Potion"},{"floor":103,"key":"Block Potion"},{"floor":137,"key":"FairyPotion"},{"floor":144,"key":"sneckomod:MuddlingPotion"},{"floor":147,"key":"GamblersBrew"},{"floor":148,"key":"Dexterity Potion"},{"floor":152,"key":"Guardian:BlockOnCardUsePotion"},{"floor":156,"key":"bronze:BurnAndBuffPotion"},{"floor":157,"key":"CunningPotion"}],"is_trial":false,"path_per_floor":["M","M","$","M","M","E","M","E","T","E","M","E","R","?","R","B",null,"M","AVR","M","?","M","E","R","E","T","E","M","E","M","M","R","B",null,"M","?","$","M","?","E","M","E","T","M","M","NM","$","M","R","B",null,"M","M","?","$","?","E","R","M","T","M","AVR","M","?","E","R","B",null,"M","?","?","M","?","E","R","$","T","?","E","M","E","T","R","B",null,"M","$","M","M","?","E","M","M","T","M","R","NM","R","E","R","B",null,"M","AVR","M","?","?","E","R","M","T","E","M","R","E","?","R","B",null,"M","AVR","M","?","M","R","E","R","T","M","E","M","M","T","R","B",null,"M","M","M","M","AVR","E","$","E","T","?","M","E","R","?","R","B",null,"R","$","E","B",null],"character_chosen":"THE_SILENT","items_purchased":["Footwork","MerchantsRug","Frozen Egg 2","Caltrops+1","Ancient Tea Set","Peace Pipe","Infinite Blades+1","Pen Nib","TwistedFunnel","Noxious Fumes+1","Poisoned Stab","The Specimen","Poisoned Stab","Shuriken","Strange Spoon","Mercury Hourglass","Dead Branch","Finisher+1","Lee\u0027s Waffle"],"campfire_rested":4,"item_purchase_floors":[3,37,37,37,37,47,55,55,76,76,76,87,87,143,143,143,155,155,155],"current_hp_per_floor":[63,62,62,58,58,50,38,31,31,28,22,16,39,39,62,20,63,63,63,55,55,55,48,48,38,38,38,38,38,38,38,61,4,59,59,59,59,44,44,44,44,58,58,58,58,54,54,51,74,55,72,72,72,72,72,72,72,72,72,72,72,72,72,72,79,79,75,82,82,82,82,82,82,82,82,82,82,78,78,78,78,78,84,84,84,84,84,84,84,80,80,80,80,80,85,85,55,79,79,85,85,85,85,85,85,75,68,74,85,85,85,85,85,85,87,87,87,87,87,89,96,98,98,100,100,102,102,102,104,106,108,110,110,110,112,112,114,116,118,120,120,122,122,124,124,118,120,92,92,92,92,92,92,92,99,101,103],"gold":283,"neow_bonus":"REMOVE_CARD","is_daily":false,"chose_seed":false,"campfire_upgraded":3,"win_rate":0.0,"timestamp":1611289892,"path_taken":["M","M","$","M","M","E","M","E","T","E","M","E","R","?","R","BOSS","M","AVR","M","?","M","E","R","E","T","E","M","E","?","M","R","BOSS","M","?","$","M","?","E","M","E","T","M","M","NM","?","?","R","BOSS","M","M","?","$","?","E","R","M","T","M","AVR","M","?","E","R","BOSS","M","?","?","M","?","E","R","$","T","?","E","?","E","?","R","BOSS","M","?","M","M","?","E","M","M","T","M","R","NM","R","E","R","BOSS","M","AVR","M","?","?","E","R","?","T","E","M","R","E","?","R","BOSS","M","AVR","M","?","?","R","E","R","T","M","E","M","M","?","R","BOSS","M","M","M","M","AVR","E","$","E","T","?","M","E","R","?","R","BOSS","R","$","E","BOSS"],"items_purchased_type":["Card","Relic","Relic","Card","Relic","Relic","Card","Relic","Relic","Card","Card","Relic","Card","Relic","Relic","Relic","Relic","Card","Relic"],"build_version":"2020-12-22","purchased_purges":9,"victory":true,"max_hp_per_floor":[70,70,70,70,70,70,70,70,70,77,77,77,77,77,77,77,77,77,77,77,77,77,77,77,77,77,77,77,77,77,77,77,77,77,77,77,77,77,77,77,77,77,77,77,77,77,77,77,77,77,77,77,77,77,77,77,77,77,77,77,77,77,77,77,84,84,84,84,84,84,84,84,84,84,84,84,84,84,84,84,84,84,84,84,84,84,84,84,84,80,80,80,80,80,85,85,85,85,85,85,85,85,85,85,85,85,85,85,85,85,85,85,85,85,87,87,87,87,87,89,96,98,98,100,100,102,102,102,104,106,108,110,110,110,112,112,114,116,118,120,120,122,122,124,124,118,120,92,92,92,92,92,92,92,99,101,103],"card_choices":[{"not_picked":["Prepared","Well Laid Plans"],"picked":"Terror","floor":1},{"not_picked":["Outmaneuver","Quick Slash"],"picked":"Sucker Punch","floor":2},{"not_picked":["Dodge and Roll","Underhanded Strike"],"picked":"Slice","floor":4},{"not_picked":["Outmaneuver","Blade Dance"],"picked":"Blur","floor":5},{"not_picked":["Slice","Outmaneuver"],"picked":"Dagger Throw","floor":6},{"not_picked":["Flechettes","Distraction"],"picked":"Flying Knee","floor":7},{"not_picked":["Underhanded Strike","Sucker Punch"],"picked":"Bullet Time","floor":8},{"not_picked":["Sucker Punch","Accuracy"],"picked":"Flying Knee","floor":10},{"not_picked":["Outmaneuver","Underhanded Strike"],"picked":"Dagger Spray","floor":11},{"not_picked":["Wraith Form v2","Blade Dance"],"picked":"Cloak And Dagger","floor":12},{"not_picked":["Grand Finale","Burst"],"picked":"infinitespire:Neurotoxin","floor":16},{"not_picked":[],"picked":"Blade Dance","floor":18},{"not_picked":[],"picked":"Masterful Stab+1","floor":20},{"not_picked":["Bane"],"picked":"SKIP","floor":22},{"not_picked":[],"picked":"Acrobatics","floor":23},{"not_picked":[],"picked":"Cloak And Dagger","floor":25},{"not_picked":[],"picked":"Acrobatics","floor":27},{"not_picked":[],"picked":"Eviscerate+1","floor":28},{"not_picked":[],"picked":"Dagger Throw","floor":29},{"not_picked":["Skewer"],"picked":"SKIP","floor":30},{"not_picked":[],"picked":"Underhanded Strike+1","floor":31},{"not_picked":[],"picked":"Die Die Die","floor":33},{"not_picked":[],"picked":"Catalyst","floor":35},{"not_picked":[],"picked":"Deflect","floor":38},{"not_picked":["infinitespire:Fortify","infinitespire:FutureSight"],"picked":"infinitespire:TheBestDefense","floor":39},{"not_picked":[],"picked":"Prepared","floor":40},{"not_picked":[],"picked":"Dagger Throw+1","floor":41},{"not_picked":["Sucker Punch"],"picked":"SKIP","floor":42},{"not_picked":["Flying Knee"],"picked":"SKIP","floor":44},{"not_picked":[],"picked":"Accuracy+1","floor":45},{"not_picked":["Outmaneuver"],"picked":"SKIP","floor":46},{"not_picked":["Escape Plan+1"],"picked":"SKIP","floor":48},{"not_picked":[],"picked":"Adrenaline","floor":50},{"not_picked":["Flechettes"],"picked":"SKIP","floor":52},{"not_picked":["Dagger Spray"],"picked":"SKIP","floor":53},{"not_picked":["infinitespire:Neurotoxin"],"picked":"SKIP","floor":57},{"not_picked":[],"picked":"Accuracy+1","floor":59},{"not_picked":["Dagger Throw"],"picked":"SKIP","floor":61},{"not_picked":["Cloak And Dagger"],"picked":"SKIP","floor":63},{"not_picked":["Distraction"],"picked":"SKIP","floor":65},{"not_picked":["Dodge and Roll"],"picked":"SKIP","floor":69},{"not_picked":[],"picked":"Skewer","floor":71},{"not_picked":["PiercingWail"],"picked":"SKIP","floor":72},{"not_picked":["Predator+1"],"picked":"SKIP","floor":74},{"not_picked":[],"picked":"Catalyst","floor":79},{"not_picked":["Catalyst+1"],"picked":"SKIP","floor":80},{"not_picked":[],"picked":"Dash","floor":81},{"not_picked":["infinitespire:Oblivion","infinitespire:SealOfDarkness+"],"picked":"infinitespire:Menacing","floor":84},{"not_picked":[],"picked":"Storm of Steel","floor":84},{"not_picked":["Distraction+1"],"picked":"SKIP","floor":86},{"not_picked":["Poisoned Stab+1"],"picked":"SKIP","floor":88},{"not_picked":[],"picked":"Blade Dance+1","floor":89},{"not_picked":["Accuracy+1"],"picked":"SKIP","floor":91},{"not_picked":["Bane+1"],"picked":"SKIP","floor":92},{"not_picked":["Sucker Punch+1"],"picked":"SKIP","floor":93},{"not_picked":["PiercingWail+1"],"picked":"SKIP","floor":95},{"not_picked":[],"picked":"Reflex+1","floor":97},{"not_picked":["infinitespire:FutureSight","infinitespire:Fortify"],"picked":"infinitespire:Collect","floor":97},{"not_picked":["Poisoned Stab+1"],"picked":"SKIP","floor":99},{"not_picked":["Endless Agony+1"],"picked":"SKIP","floor":103},{"not_picked":["Reflex"],"picked":"SKIP","floor":105},{"not_picked":["Bane+1"],"picked":"SKIP","floor":108},{"not_picked":["Cloak And Dagger+1"],"picked":"SKIP","floor":110},{"not_picked":["Flechettes+1"],"picked":"SKIP","floor":112},{"not_picked":["Outmaneuver+1"],"picked":"SKIP","floor":113},{"not_picked":["PiercingWail+1"],"picked":"Singing Bowl","floor":115},{"not_picked":[],"picked":"Burst+1","floor":118},{"not_picked":["Backflip+1"],"picked":"Singing Bowl","floor":120},{"not_picked":["Acrobatics+1"],"picked":"Singing Bowl","floor":122},{"not_picked":["Slice+1"],"picked":"Singing Bowl","floor":124},{"not_picked":["Skewer+1"],"picked":"Singing Bowl","floor":126},{"not_picked":["Heel Hook+1"],"picked":"Singing Bowl","floor":129},{"not_picked":["Catalyst+1"],"picked":"Singing Bowl","floor":130},{"not_picked":["Poisoned Stab+1"],"picked":"Singing Bowl","floor":131},{"not_picked":["Poisoned Stab+1"],"picked":"Singing Bowl","floor":132},{"not_picked":["Glass Knife+1"],"picked":"Singing Bowl","floor":135},{"not_picked":["Backflip+1"],"picked":"Singing Bowl","floor":137},{"not_picked":["Prepared+1"],"picked":"Singing Bowl","floor":138},{"not_picked":["PiercingWail+1"],"picked":"Singing Bowl","floor":139},{"not_picked":["Underhanded Strike+1"],"picked":"Singing Bowl","floor":140},{"not_picked":["Caltrops+1"],"picked":"Singing Bowl","floor":142},{"not_picked":["Flying Knee+1"],"picked":"Singing Bowl","floor":144},{"not_picked":["Slice+1"],"picked":"Singing Bowl","floor":147},{"not_picked":["Terror+1"],"picked":"Singing Bowl","floor":148},{"not_picked":[],"picked":"Tools of the Trade+1","floor":152},{"not_picked":["Sucker Punch+1"],"picked":"Singing Bowl","floor":156},{"not_picked":["After Image+1"],"picked":"Singing Bowl","floor":157}],"player_experience":795960,"relics_obtained":[{"floor":6,"key":"White Beast Statue"},{"floor":8,"key":"infinitespire:EmpoweringShard"},{"floor":9,"key":"Anchor"},{"floor":10,"key":"Strawberry"},{"floor":12,"key":"Smiling Mask"},{"floor":23,"key":"Omamori"},{"floor":25,"key":"War Paint"},{"floor":26,"key":"Gremlin Horn"},{"floor":27,"key":"TungstenRod"},{"floor":29,"key":"Turnip"},{"floor":40,"key":"Bottled Tornado"},{"floor":42,"key":"Centennial Puzzle"},{"floor":43,"key":"infinitespire:WardingShard"},{"floor":46,"key":"infinitespire:Magic Flask"},{"floor":56,"key":"Bag of Preparation"},{"floor":57,"key":"InkBottle"},{"floor":60,"key":"Akabeko"},{"floor":65,"key":"Strawberry"},{"floor":65,"key":"Tingsha"},{"floor":71,"key":"Kunai"},{"floor":74,"key":"Blue Candle"},{"floor":74,"key":"Torii"},{"floor":77,"key":"Spirit Poop"},{"floor":79,"key":"Eternal Feather"},{"floor":79,"key":"Bronze Scales"},{"floor":81,"key":"Potion Belt"},{"floor":81,"key":"FossilizedHelix"},{"floor":82,"key":"infinitespire:PuzzleCube"},{"floor":91,"key":"Ice Cream"},{"floor":91,"key":"MealTicket"},{"floor":94,"key":"Old Coin"},{"floor":97,"key":"Molten Egg 2"},{"floor":97,"key":"infinitespire:Beetle Shell"},{"floor":99,"key":"Bird Faced Urn"},{"floor":99,"key":"Boot"},{"floor":108,"key":"Toxic Egg 2"},{"floor":108,"key":"Bag of Marbles"},{"floor":111,"key":"infinitespire:Satchel"},{"floor":112,"key":"Nunchaku"},{"floor":112,"key":"Tiny Chest"},{"floor":115,"key":"infinitespire:CheckeredPen"},{"floor":115,"key":"Singing Bowl"},{"floor":119,"key":"Orichalcum"},{"floor":119,"key":"StrikeDummy"},{"floor":119,"key":"Gambling Chip"},{"floor":126,"key":"Pocketwatch"},{"floor":126,"key":"Oddly Smooth Stone"},{"floor":128,"key":"Ornamental Fan"},{"floor":130,"key":"Shovel"},{"floor":130,"key":"Letter Opener"},{"floor":133,"key":"Toy Ornithopter"},{"floor":142,"key":"Lizard Tail"},{"floor":142,"key":"Bottled Lightning"},{"floor":144,"key":"Ninja Scroll"},{"floor":144,"key":"Incense Burner"},{"floor":148,"key":"infinitespire:Lychee Nut"},{"floor":148,"key":"infinitespire:Midas Blood"},{"floor":156,"key":"CaptainsWheel"},{"floor":156,"key":"Sundial"}],"event_choices":[{"cards_removed":["Strike_G"],"damage_healed":0,"gold_gain":0,"player_choice":"Card Removal","damage_taken":0,"max_hp_gain":0,"max_hp_loss":0,"event_name":"The Cleric","floor":14,"gold_loss":50},{"damage_healed":0,"gold_gain":0,"player_choice":"Got Potions","damage_taken":0,"max_hp_gain":0,"max_hp_loss":0,"event_name":"Lab","floor":21,"gold_loss":0},{"damage_healed":0,"gold_gain":175,"player_choice":"AGREE","damage_taken":0,"max_hp_gain":0,"max_hp_loss":0,"event_name":"Liars Game","floor":64,"gold_loss":0,"cards_obtained":["Doubt"]},{"damage_healed":0,"gold_gain":0,"player_choice":"Max HP","damage_taken":0,"max_hp_gain":0,"max_hp_loss":4,"event_name":"Winding Halls","floor":90,"gold_loss":0},{"damage_healed":0,"gold_gain":75,"player_choice":"Gather Gold","damage_taken":11,"max_hp_gain":0,"max_hp_loss":0,"event_name":"World of Goop","floor":106,"gold_loss":0},{"damage_healed":0,"gold_gain":0,"player_choice":"Damaged","damage_taken":8,"max_hp_gain":0,"max_hp_loss":0,"event_name":"Wheel of Change","floor":107,"gold_loss":0},{"damage_healed":0,"gold_gain":0,"player_choice":"Rummage","damage_taken":0,"relics_obtained":["WarpedTongs"],"max_hp_gain":0,"max_hp_loss":0,"event_name":"Accursed Blacksmith","floor":116,"gold_loss":0,"cards_obtained":["Pain"]},{"damage_healed":0,"gold_gain":0,"player_choice":"1 cards matched","damage_taken":0,"max_hp_gain":0,"max_hp_loss":0,"event_name":"Match and Keep!","floor":123,"gold_loss":0,"cards_obtained":["Corpse Explosion"]},{"damage_healed":0,"gold_gain":0,"player_choice":"Max HP","damage_taken":0,"max_hp_gain":0,"max_hp_loss":6,"event_name":"Winding Halls","floor":146,"gold_loss":0},{"cards_removed":["Noxious Fumes"],"damage_healed":0,"gold_gain":0,"player_choice":"Removed Power","damage_taken":0,"max_hp_gain":0,"max_hp_loss":0,"event_name":"Falling","floor":150,"gold_loss":0}],"is_beta":false,"boss_relics":[{"not_picked":["Fusion Hammer","Tiny House"],"picked":"Busted Crown"},{"not_picked":["Sozu","bronze:MakeshiftBattery"],"picked":"Astrolabe"},{"not_picked":["Runic Dome","Cursed Key"],"picked":"Philosopher\u0027s Stone"},{"not_picked":["Snecko Eye","Runic Dome"],"picked":"Runic Pyramid"},{"not_picked":["Calling Bell","Pandora\u0027s Box"],"picked":"Cursed Key"},{"not_picked":["Fusion Hammer","SacredBark"],"picked":"WristBlade"},{"not_picked":["Fusion Hammer","bronze:MakeshiftBattery"],"picked":"Calling Bell"},{"not_picked":["infinitespire:Cupcake","Snecko Eye"],"picked":"SlaversCollar"},{"not_picked":["Circlet","Circlet"],"picked":"Circlet"}],"items_purged_floors":[37,55,62,76,104,121,141,143,155],"is_endless":true,"potions_floor_spawned":[1,7,8,10,11,12,16,18,20,22,23,25,27,28,29,30,31,33,35,38,40,41,42,44,45,46,48,50,52,53,57,59,61,63,65,67,69,71,72,74,79,80,81,84,86,88,89,91,92,93,95,97,99,101,103,105,108,110,112,113,115,118,120,122,124,126,129,130,131,132,135,137,138,139,140,142,144,147,148,152,156,157],"ascension_level":6}}