{"host":"6pi3nqc17y3b7f6a","time":1611274014,"event":{"mods":["Act Like it!","Aspiration","Astrologer","Bartender","BaseMod","Beaked The Cultist","Bestiary","Better Match","Better Sensory Stone","Better Skull","Better Third Choice","Better Vampires","BetterRewards","CapriCore","Challenge The Spire","ChefMod","Chen","Clockwork Mod","Colored Map","Colored Powertips","Colorless Booster Pack","Conspire","Defuse TimeMaze Blight","Dio Mod","Duelist Mod","Elementarium","Energized Spire","Friendly Minions","Gensokyo","GifTheSpireLib","Gremlin Mod","GungeonMod","Halation","Hallownest","Highlight Path","Hubris","Hyrulean Relics","Infinite Spire","KinomotoSakuraMod(????)","Koishi","Mad Scientist","Magitek Elite","Marisa????????","Melee Mod","Menagerie","Mimic Mod","Minty Spire (QoL Compilation)","Nova Terra(??·??)","Pale of the Ancients","Pikachu Mod","Potionbrewer","Quarter Circle Forward PUNCH!","Quick Restart","Random Character Button","Rare Cards Sparkle","Reimu??????","Replay The Spire","Robot Space Explorer","SCP261 Mod","SIMod","SOS???????","Shedinja","Shop Mod","Spikes Relics","StSLib","Stuff the Spire","SuperFastMode","The Administrix","The Alterego","The Animator","The Bug Knight","The Construct","The Dragon Tamer","The Forsaken","The Hierophant","The Immortal","The Jester","The Kombatant","The Mystic","The Poker Player","The Problem Sleuth","The Runesmith","The Sage","The Servant 0.9.4","The Showman","The Spell Scribe","The Vixen","The Wild Card","TheBandit","TheHero","TheSwordswoman","Trackpad","Treasure Hunter","Wandering Minibosses","Yakumo Yukari mod","vexMod","??????REMEMod"],"gold_per_floor":[136,136,66,76,76,106,29,29,75,103,121,121,346,360,360,462,462,474,474,474,76,178,211,136,136,136,136,269,422,22,22,22,140,140,228,228,228,362,387,396,396],"floor_reached":40,"language":"ENG","playtime":3362,"items_purged":["Shame","dioMod:Defend"],"score":487,"play_id":"730feaae-3c44-4ee1-b1c7-c44aa915fbd4","local_time":"20210121160654","is_ascension_mode":false,"campfire_choices":[{"floor":8.0,"key":"RECALL"},{"data":"dioMod:DominatingPresence","floor":12.0,"key":"SMITH"},{"data":"theScribe:QuickStudy","floor":15.0,"key":"SMITH"},{"data":"infinitespire:FutureSight","floor":25.0,"key":"SMITH"},{"floor":32.0,"key":"DIG"}],"circlet_count":0,"master_deck":["dioMod:Strike","dioMod:Strike","Bite","dioMod:Defend","dioMod:Defend","StuffTheSpire:PlasmaPunch","theScribe:QuickStudy+1","dioMod:FlyAway","infinitespire:Starlight","Menagerie:MirarisWake","Menagerie:LoxodonWarhammer","dioMod:VengefulMuda","dioMod:TripleThreat","dioMod:ComposedMuda","TH:DeckOfManyThings","dioMod:Despair","dioMod:DominatingPresence+1","dioMod:BloodTransfusion","dioMod:ZaWarudo","dioMod:BloodShield","infinitespire:FutureSight+1","infinitespire:Oblivion","infinitespire:Starlight","Dash","StuffTheSpire:ClusterCrunch","Calculated Gamble","ReplayTheSpireMod:Private Reserves","dioMod:ComboFever","dioMod:StreetSign+1","TH:Mimic","dioMod:ComposedMuda","dioMod:CutDeep+1","Night Terror","dioMod:BloodSplash","Pikachu:Metronome","Pikachu:Agility+1","Pikachu:TakeDown+1","ReplayUltimateDefense+1","Pikachu:Rain_Dance+1","Pikachu:Flash+1"],"relics":["dioMod:VampireBlood","REME_ComplimentaryCards","hubris:Towel","trackpad:Compendium","DemoMod:ResourcefulSack","Gem_Box","trackpad:HandOfMidas","energizedSpire:MagnifyingGlass","MerchantsRug","vexMod:FocusSash","REME_ArchaeologicalTools","DemoMod:PinkGuonStone","ClockworkSouvenir","StuffTheSpire:RubySignet","REME_ChargedStone","Gensokyo:EmptyGrave"],"acts_visited":["Menagerie:Menagerie","Gensokyo:Gensokyoer","Gensokyo:Gensokyoest"],"potions_floor_usage":[33,33,40],"damage_taken":[{"damage":0.0,"enemies":"Menagerie:MonstrousExperiment","floor":1.0,"turns":9.0},{"damage":5.0,"enemies":"Menagerie:WhisperingWraith","floor":4.0,"turns":4.0},{"damage":1.0,"enemies":"Menagerie:MaskedSummoner","floor":6.0,"turns":8.0},{"damage":44.0,"enemies":"Menagerie:Hydra","floor":10.0,"turns":6.0},{"damage":1.0,"enemies":"Menagerie:StygianBoar","floor":11.0,"turns":3.0},{"damage":24.0,"enemies":"Menagerie:BEAST_MAGE_AND_PROWLING_AMALGAM","floor":14.0,"turns":7.0},{"damage":36.0,"enemies":"Menagerie:Chimera","floor":16.0,"turns":10.0},{"damage":38.0,"enemies":"Gensokyo:2_Gloops","floor":18.0,"turns":6.0},{"damage":0.0,"enemies":"Gensokyo:Chomper","floor":22.0,"turns":2.0},{"damage":11.0,"enemies":"Gensokyo:Reisen","floor":23.0,"turns":5.0},{"damage":59.0,"enemies":"Gensokyo:Slime_Group","floor":28.0,"turns":6.0},{"damage":2.0,"enemies":"Gensokyo:Monolith_and_Dog","floor":29.0,"turns":2.0},{"damage":102,"enemies":"Gensokyo:Eternal_Rivals","floor":33,"turns":12},{"damage":2,"enemies":"Gensokyo:3_Bats","floor":35,"turns":2},{"damage":9,"enemies":"Gensokyo:AncientGuardian","floor":38,"turns":5},{"damage":25,"enemies":"Gensokyo:AtlasGolem","floor":39,"turns":5},{"damage":73,"enemies":"Nightmare","floor":40,"turns":5}],"seed_played":"5844264202824209238","potions_obtained":[{"floor":4.0,"key":"potionbrewer:SplittingPotion"},{"floor":10.0,"key":"potionbrewer:BoundlessPotion"},{"floor":16.0,"key":"SCP261:GirlTearsPotion"},{"floor":22.0,"key":"SCP261:BostonMolassesPotion"},{"floor":23.0,"key":"potionbrewer:DiscountPotion"},{"floor":29.0,"key":"DistilledChaos"},{"floor":35,"key":"Languid Potion"},{"floor":39,"key":"SpeedPotion"}],"is_trial":false,"path_per_floor":["M","?","?","M","?","E","$","R","T","E","M","R","?","M","R","B",null,"M","AVR","?","$","M","E","?","R","T","?","M","M","$","?","R_BF","B",null,"M","?","?","M","M","NM"],"character_chosen":"THE_DEFAULT","items_purchased":["dioMod:TripleThreat","dioMod:ComposedMuda","MerchantsRug","ReplayTheSpireMod:Private Reserves","dioMod:ComboFever","DemoMod:PinkGuonStone","ClockworkSouvenir"],"campfire_rested":0,"item_purchase_floors":[7,7,21,21,21,30,30],"current_hp_per_floor":[75,56,56,70,70,75,75,75,75,48,56,56,56,56,56,51,75,58,58,58,58,65,75,75,75,75,68,48,72,79,79,79,21,82,82,76,76,76,67,0,0],"gold":396,"neow_bonus":"RANDOM_COLORLESS","is_daily":false,"chose_seed":false,"campfire_upgraded":3,"win_rate":0.0,"timestamp":1611274014,"path_taken":["M","?","?","M","?","E","$","R","T","E","M","R","?","M","R","BOSS","M","AVR","?","?","?","E","?","R","T","?","?","M","?","?","R_BF","BOSS","M","?","?","M","?","NM"],"items_purchased_type":["Card","Card","Relic","Card","Card","Relic","Relic"],"build_version":"2020-12-22","purchased_purges":2,"victory":false,"max_hp_per_floor":[75,75,75,75,75,75,75,75,75,75,75,75,75,75,75,75,75,75,75,75,75,75,75,75,75,75,75,75,75,82,82,82,82,82,82,76,76,76,76,76,76],"card_choices":[{"not_picked":["Replay:BasicMightCard","hubris:Insight"],"picked":"StuffTheSpire:PlasmaPunch","floor":0.0},{"not_picked":["dioMod:WRYYY","dioMod:SecretPlan"],"picked":"dioMod:FlyAway","floor":1.0},{"not_picked":["infinitespire:Menacing","infinitespire:DeathsTouch"],"picked":"infinitespire:Starlight","floor":2.0},{"not_picked":["Menagerie:CrumblingSanctuary","Menagerie:LightningBolt"],"picked":"Menagerie:MirarisWake","floor":3.0},{"not_picked":["Menagerie:Tinker","Menagerie:Staggershock"],"picked":"Menagerie:LoxodonWarhammer","floor":3.0},{"not_picked":["dioMod:SadisticLaugh","dioMod:StreetSign"],"picked":"dioMod:VengefulMuda","floor":4.0},{"not_picked":["TH:TreasureMap","TH:PixieDust"],"picked":"SKIP","floor":6.0},{"not_picked":["dioMod:BloodSuck","dioMod:DisarmingVoice","dioMod:WRYYY"],"picked":"SKIP","floor":6.0},{"not_picked":["TH:TreasureMap"],"picked":"TH:DeckOfManyThings","floor":9.0},{"not_picked":["dioMod:Roundabout","dioMod:StreetSign"],"picked":"dioMod:Despair","floor":10.0},{"not_picked":["TH:TreasureMap","TH:ElvenBoots"],"picked":"SKIP","floor":10.0},{"not_picked":["dioMod:BloodShield","dioMod:ComposedMuda"],"picked":"dioMod:DominatingPresence","floor":11.0},{"not_picked":["dioMod:BloodSplash","dioMod:ComposedMuda"],"picked":"dioMod:BloodTransfusion","floor":14.0},{"not_picked":["dioMod:Despair","dioMod:PhantomBlood"],"picked":"dioMod:ZaWarudo","floor":16.0},{"not_picked":["dioMod:BloodSuck+1","dioMod:ComposedMuda+1"],"picked":"dioMod:BloodShield","floor":18.0},{"not_picked":["dioMod:CautiousMuda+1","dioMod:VengefulMuda"],"picked":"dioMod:StreetSign+1","floor":22.0},{"not_picked":["TH:ElvenBoots"],"picked":"TH:Mimic","floor":23.0},{"not_picked":["dioMod:TripleThreat","dioMod:SecretPlan"],"picked":"dioMod:ComposedMuda","floor":23.0},{"not_picked":["dioMod:BloodTransfusion+1","dioMod:Donut+1"],"picked":"dioMod:CutDeep+1","floor":24.0},{"not_picked":["TH:ElvenBoots","TH:TreasureMap"],"picked":"SKIP","floor":26.0},{"not_picked":["dioMod:DaggerToss","dioMod:ComboFever"],"picked":"dioMod:BloodSplash","floor":28.0},{"not_picked":["dioMod:CoffinBath+1","dioMod:LaserVision","dioMod:DaggerToss+1"],"picked":"SKIP","floor":29.0},{"not_picked":["Pikachu:Dig","Pikachu:Rest"],"picked":"Pikachu:Metronome","floor":33},{"not_picked":["Pikachu:Attract","Pikachu:Thunderbolt+1"],"picked":"Pikachu:Agility+1","floor":35},{"not_picked":["Pikachu:Charge_Beam+1","Pikachu:BodySlam+1"],"picked":"Pikachu:TakeDown+1","floor":37},{"not_picked":["CBP: UltraDivineWater+1","TH:PixieDust+1"],"picked":"ReplayUltimateDefense+1","floor":37},{"not_picked":["Pikachu:Flash","Pikachu:ThunderPunch"],"picked":"Pikachu:Rain_Dance+1","floor":38},{"not_picked":["Pikachu:Discharge+1","Pikachu:Agility"],"picked":"Pikachu:Flash+1","floor":39}],"player_experience":653084,"relics_obtained":[{"floor":6.0,"key":"trackpad:Compendium"},{"floor":10.0,"key":"DemoMod:ResourcefulSack"},{"floor":23.0,"key":"vexMod:FocusSash"},{"floor":26.0,"key":"REME_ArchaeologicalTools"},{"floor":32.0,"key":"StuffTheSpire:RubySignet"}],"event_choices":[{"damage_healed":0.0,"max_hp_gain":0.0,"max_hp_loss":0.0,"gold_gain":0.0,"event_name":"Menagerie:MagicPeddler","player_choice":"Spells","floor":3.0,"gold_loss":70.0,"damage_taken":0.0},{"damage_healed":0.0,"max_hp_gain":0.0,"max_hp_loss":0.0,"gold_gain":0.0,"event_name":"Menagerie:SpiderNest","player_choice":"Ignored","floor":13.0,"gold_loss":0.0,"damage_taken":0.0},{"damage_healed":0.0,"max_hp_gain":0.0,"max_hp_loss":0.0,"gold_gain":225.0,"event_name":"Menagerie:SpiderNest","player_choice":"Raid","floor":13.0,"gold_loss":0.0,"damage_taken":0.0,"cards_obtained":["Shame"]},{"damage_healed":0.0,"max_hp_gain":0.0,"max_hp_loss":0.0,"gold_gain":0.0,"event_name":"betterMatch:BetterMatch","player_choice":"2","floor":24.0,"gold_loss":0.0,"damage_taken":0.0,"cards_obtained":["betterMatch:UncommonCard"]},{"damage_healed":0,"gold_gain":0,"player_choice":"2","damage_taken":0,"max_hp_gain":0,"max_hp_loss":0,"event_name":"betterMatch:BetterMatch","floor":37,"gold_loss":0,"cards_obtained":["betterMatch:CommonCard","betterMatch:ColorlessRareCard"]}],"is_beta":false,"boss_relics":[{"not_picked":["aspiration:SecretTechniqueScroll","trackpad:Coffee"],"picked":"Gem_Box"},{"not_picked":["halation:Yufonium","REME_LowDesire"],"picked":"REME_ChargedStone"}],"items_purged_floors":[19,21],"is_endless":false,"potions_floor_spawned":[4,10,16,22,23,29,35,39],"killed_by":"Nightmare","ascension_level":0}}