{"host":"vyjryxuuuxkt43k4","time":1611325708,"event":{"mods":["AchievementEnabler","BaseMod","Colored Map","DeckTracker","Keyboard Shortcuts","Minty Spire (QoL Compilation)","Permanent Neow","Quick Restart","StSLib","SuperFastMode","everything is the same but u backflip on backflip"],"gold_per_floor":[211,230,240,258,270,270,280,313,364,364,382,392,422,22,22,123,123,136,136,136,146,157,157,177,127,180,212,222,235,250,250,250,250,250],"floor_reached":33,"language":"KOR","playtime":2394,"items_purged":[],"score":428,"play_id":"889fbf65-9f2a-47fc-a959-4b28bb37341b","local_time":"20210122232828","is_ascension_mode":true,"campfire_choices":[{"data":"Skewer","floor":6.0,"key":"SMITH"},{"data":"Neutralize","floor":10.0,"key":"SMITH"},{"data":"Calculated Gamble","floor":15.0,"key":"SMITH"},{"floor":23.0,"key":"REST"},{"floor":32,"key":"REST"}],"circlet_count":0,"master_deck":["AscendersBane","Strike_G+1","Strike_G+1","Strike_G+1","Strike_G+1","Strike_G+1","Defend_G+1","Defend_G+1","Defend_G+1","Defend_G+1","Defend_G+1","Survivor","Neutralize+1","Skewer+1","Underhanded Strike","Deadly Poison","Catalyst","Blur","Heel Hook","Reflex","Calculated Gamble+1","Corpse Explosion","Dodge and Roll","Grand Finale","Reflex+1","Eviscerate","Outmaneuver+1","Finisher+1","Leg Sweep","Acrobatics","PiercingWail"],"relics":["Ring of the Snake","StrikeDummy","Lantern","Gremlin Horn","Tiny Chest","Juzu Bracelet","Runic Pyramid","Anchor","Bottled Lightning","Meat on the Bone"],"acts_visited":["Exordium","TheCity"],"potions_floor_usage":[],"damage_taken":[{"damage":0.0,"enemies":"Cultist","floor":1.0,"turns":4.0},{"damage":0.0,"enemies":"2 Louse","floor":2.0,"turns":3.0},{"damage":0.0,"enemies":"Jaw Worm","floor":3.0,"turns":3.0},{"damage":0.0,"enemies":"3 Louse","floor":4.0,"turns":4.0},{"damage":4.0,"enemies":"Exordium Wildlife","floor":5.0,"turns":5.0},{"damage":5.0,"enemies":"Large Slime","floor":7.0,"turns":7.0},{"damage":19.0,"enemies":"Gremlin Nob","floor":8.0,"turns":4.0},{"damage":0.0,"enemies":"Looter","floor":11.0,"turns":3.0},{"damage":0.0,"enemies":"Exordium Thugs","floor":12.0,"turns":3.0},{"damage":12.0,"enemies":"3 Sentries","floor":13.0,"turns":9.0},{"damage":32.0,"enemies":"The Guardian","floor":16.0,"turns":10.0},{"damage":13.0,"enemies":"Spheric Guardian","floor":18.0,"turns":4.0},{"damage":6.0,"enemies":"2 Thieves","floor":21.0,"turns":3.0},{"damage":8.0,"enemies":"Snake Plant","floor":22.0,"turns":5.0},{"damage":0.0,"enemies":"Centurion and Healer","floor":24.0,"turns":4.0},{"damage":7.0,"enemies":"Slavers","floor":27.0,"turns":3.0},{"damage":0.0,"enemies":"Cultist and Chosen","floor":28.0,"turns":3.0},{"damage":6.0,"enemies":"Snake Plant","floor":29.0,"turns":4.0},{"damage":16,"enemies":"Sentry and Sphere","floor":30,"turns":4},{"damage":78,"enemies":"Champ","floor":33,"turns":12}],"seed_played":"5172316113798131550","potions_obtained":[{"floor":2.0,"key":"FearPotion"},{"floor":5.0,"key":"Poison Potion"},{"floor":7.0,"key":"EssenceOfSteel"},{"floor":8.0,"key":"BlessingOfTheForge"},{"floor":16.0,"key":"Fire Potion"},{"floor":18.0,"key":"FairyPotion"},{"floor":21.0,"key":"Swift Potion"},{"floor":22.0,"key":"PowerPotion"},{"floor":27.0,"key":"ColorlessPotion"}],"is_trial":false,"path_per_floor":["M","M","M","M","M","R","M","E","T","R","M","M","E","$","R","B",null,"M","?","?","M","M","R","M","?","T","E","M","M","M","T","R","B"],"character_chosen":"THE_SILENT","items_purchased":["Tiny Chest","Juzu Bracelet","Regen Potion","Dodge and Roll"],"campfire_rested":2,"item_purchase_floors":[14,14,14,14],"current_hp_per_floor":[63,63,63,63,59,59,54,35,35,35,35,35,23,23,23,6,54,41,41,41,35,27,48,48,48,48,41,41,35,19,19,40,0,0],"gold":250,"neow_bonus":"HUNDRED_GOLD","is_daily":false,"chose_seed":false,"campfire_upgraded":3,"win_rate":0.0,"timestamp":1611325708,"path_taken":["M","M","M","M","M","R","M","E","T","R","M","?","E","$","R","BOSS","M","?","?","M","M","R","M","?","T","E","M","M","M","?","R","BOSS"],"items_purchased_type":["Relic","Relic","Potion","Card"],"build_version":"2020-12-22","purchased_purges":0,"victory":false,"max_hp_per_floor":[70,70,70,70,70,70,70,70,70,70,70,70,70,70,70,70,70,70,70,70,70,70,70,70,70,70,70,70,70,70,70,70,70,70],"card_choices":[{"not_picked":["PiercingWail","Infinite Blades"],"picked":"Skewer","floor":1.0},{"not_picked":["Distraction","Outmaneuver"],"picked":"Underhanded Strike","floor":2.0},{"not_picked":["Flechettes","PiercingWail"],"picked":"Deadly Poison","floor":3.0},{"not_picked":["Blur","Dagger Throw"],"picked":"Catalyst","floor":4.0},{"not_picked":["Infinite Blades","Poisoned Stab"],"picked":"Blur","floor":5.0},{"not_picked":["Deadly Poison","Dagger Throw"],"picked":"Heel Hook","floor":7.0},{"not_picked":["Poisoned Stab","Prepared"],"picked":"Reflex","floor":8.0},{"not_picked":["Bane","PiercingWail"],"picked":"Calculated Gamble","floor":11.0},{"not_picked":["Bane","Blade Dance","Outmaneuver"],"picked":"SKIP","floor":12.0},{"not_picked":["Bane","Dagger Spray"],"picked":"Corpse Explosion","floor":13.0},{"not_picked":["Tools of the Trade","A Thousand Cuts"],"picked":"Grand Finale","floor":16.0},{"not_picked":["Dash","Dagger Spray"],"picked":"Reflex+1","floor":18.0},{"not_picked":["Poisoned Stab","Slice"],"picked":"Eviscerate","floor":21.0},{"not_picked":["Cloak And Dagger","Riddle With Holes","Dagger Spray"],"picked":"SKIP","floor":22.0},{"not_picked":["Cloak And Dagger","Riddle With Holes","Dagger Spray"],"picked":"SKIP","floor":22.0},{"not_picked":["Caltrops","Deadly Poison"],"picked":"Outmaneuver+1","floor":24.0},{"not_picked":["Slice","Finisher+1","Unload"],"picked":"SKIP","floor":27.0},{"not_picked":["Slice","Unload"],"picked":"Finisher+1","floor":27.0},{"not_picked":["Riddle With Holes+1","Quick Slash"],"picked":"Leg Sweep","floor":28.0},{"not_picked":["Cloak And Dagger","Quick Slash"],"picked":"Acrobatics","floor":29.0},{"not_picked":["Outmaneuver","Infinite Blades+1"],"picked":"PiercingWail","floor":30}],"player_experience":228869,"relics_obtained":[{"floor":8.0,"key":"StrikeDummy"},{"floor":9.0,"key":"Lantern"},{"floor":13.0,"key":"Gremlin Horn"},{"floor":26.0,"key":"Anchor"},{"floor":27.0,"key":"Bottled Lightning"},{"floor":31,"key":"Meat on the Bone"}],"event_choices":[{"damage_healed":0.0,"max_hp_gain":0.0,"max_hp_loss":0.0,"gold_gain":0.0,"event_name":"Back to Basics","player_choice":"Simplicity","floor":19.0,"gold_loss":0.0,"damage_taken":0.0,"cards_upgraded":["Strike_G","Strike_G","Strike_G","Strike_G","Strike_G","Defend_G","Defend_G","Defend_G","Defend_G","Defend_G"]},{"damage_healed":0.0,"max_hp_gain":0.0,"max_hp_loss":0.0,"gold_gain":0.0,"event_name":"N\u0027loth","player_choice":"Ignored","floor":20.0,"gold_loss":0.0,"damage_taken":0.0},{"damage_healed":0.0,"max_hp_gain":0.0,"max_hp_loss":0.0,"gold_gain":0.0,"event_name":"The Joust","player_choice":"Bet on Owner","floor":25.0,"gold_loss":50.0,"damage_taken":0.0}],"is_beta":false,"boss_relics":[{"not_picked":["Calling Bell","Snecko Eye"],"picked":"Runic Pyramid"}],"items_purged_floors":[],"is_endless":false,"potions_floor_spawned":[2,5,7,8,16,18,21,22,27],"killed_by":"Champ","ascension_level":10}}