{"host":"hjkuipvvowcpo8la","time":1611327387,"event":{"mods":["AchievementEnabler","BaseMod","Block Reminder","CapriCore","Colored Map","Colored Powertips","Highlight Path","Minty Spire (QoL Compilation)","Permanent Neow","Quick Restart","Rare Cards Sparkle","StSLib"],"gold_per_floor":[114,64,79,79,94,94,109,109,134,164,164,18,18,56,56,181,181,200,230,249,249,268,306,306,344,369,369,388,388,388,407,407,532,532,551,570,570,633,652,652,690,1023,1048,1063,1093,1093,1123,1138,1138,1138],"floor_reached":51,"language":"ENG","playtime":1999,"items_purged":[],"score":983,"play_id":"afc0d142-8866-433e-b324-248dd6a55894","local_time":"20210122155627","daily_mods":["Chimera","Hoarder","Binary"],"is_ascension_mode":false,"campfire_choices":[{"data":"Eruption","floor":6.0,"key":"SMITH"},{"data":"Whirlwind","floor":11.0,"key":"SMITH"},{"data":"Zap","floor":15.0,"key":"SMITH"},{"data":"Perfected Strike","floor":24.0,"key":"SMITH"},{"data":"Perfected Strike","floor":27.0,"key":"SMITH"},{"data":"Perfected Strike","floor":29.0,"key":"SMITH"},{"data":"Survivor","floor":32.0,"key":"SMITH"},{"data":"Immolate","floor":40.0,"key":"SMITH"},{"data":"True Grit","floor":49,"key":"SMITH"}],"circlet_count":0,"master_deck":["Bash+1","Survivor+1","Zap+1","Eruption+1","Strike_R+1","Strike_G+1","Strike_B+1","Defend_R+1","Defend_G+1","Defend_P+1","Whirlwind+1","Perfected Strike+1","Perfected Strike+1","Perfected Strike+1","Spot Weakness","Spot Weakness","Spot Weakness","True Grit+1","True Grit","True Grit","Seeing Red","Seeing Red","Seeing Red","Impervious","Impervious","Impervious","Shrug It Off","Shrug It Off","Shrug It Off","Flame Barrier","Flame Barrier","Flame Barrier","Carnage+1","Carnage+1","Carnage+1","Immolate","Immolate","Immolate+1","Apotheosis","Apotheosis","Apotheosis","Panacea","Panacea","Panacea","True Grit+1","True Grit+1","True Grit+1"],"relics":["Burning Blood","Whetstone","Bag of Preparation","Boot","Snecko Eye","Red Mask","Singing Bowl","TungstenRod","Akabeko","SlaversCollar","Dead Branch","The Courier","Bronze Scales","Happy Flower","HornCleat"],"acts_visited":["Exordium","TheCity","TheBeyond"],"potions_floor_usage":[],"damage_taken":[{"damage":3.0,"enemies":"Jaw Worm","floor":1.0,"turns":4.0},{"damage":3.0,"enemies":"Small Slimes","floor":3.0,"turns":2.0},{"damage":1.0,"enemies":"2 Louse","floor":5.0,"turns":2.0},{"damage":9.0,"enemies":"2 Fungi Beasts","floor":7.0,"turns":3.0},{"damage":34.0,"enemies":"Gremlin Nob","floor":10.0,"turns":4.0},{"damage":10.0,"enemies":"3 Sentries","floor":14.0,"turns":4.0},{"damage":0.0,"enemies":"Slime Boss","floor":16.0,"turns":3.0},{"damage":0.0,"enemies":"3 Byrds","floor":18.0,"turns":3.0},{"damage":0.0,"enemies":"Masked Bandits","floor":19.0,"turns":2.0},{"damage":1.0,"enemies":"Shell Parasite","floor":20.0,"turns":2.0},{"damage":10.0,"enemies":"Snake Plant","floor":22.0,"turns":4.0},{"damage":10.0,"enemies":"Slavers","floor":23.0,"turns":2.0},{"damage":0.0,"enemies":"Gremlin Leader","floor":25.0,"turns":4.0},{"damage":0.0,"enemies":"Snecko","floor":28.0,"turns":3.0},{"damage":0.0,"enemies":"Shelled Parasite and Fungi","floor":31.0,"turns":1.0},{"damage":25.0,"enemies":"Collector","floor":33.0,"turns":6.0},{"damage":0.0,"enemies":"3 Shapes","floor":35.0,"turns":1.0},{"damage":42.0,"enemies":"Orb Walker","floor":36.0,"turns":5.0},{"damage":0.0,"enemies":"Mind Bloom Boss Battle","floor":38.0,"turns":5.0},{"damage":1.0,"enemies":"Maw","floor":39.0,"turns":6.0},{"damage":3.0,"enemies":"Nemesis","floor":41.0,"turns":5.0},{"damage":0.0,"enemies":"Transient","floor":44.0,"turns":5.0},{"damage":20.0,"enemies":"Reptomancer","floor":45.0,"turns":4.0},{"damage":7.0,"enemies":"Nemesis","floor":47.0,"turns":3.0},{"damage":0,"enemies":"Sphere and 2 Shapes","floor":48,"turns":3},{"damage":37,"enemies":"Awakened One","floor":50,"turns":9}],"seed_played":"811174962971598332","potions_obtained":[{"floor":1.0,"key":"Weak Potion"},{"floor":14.0,"key":"LiquidBronze"},{"floor":35.0,"key":"BloodPotion"},{"floor":36.0,"key":"Fire Potion"},{"floor":45.0,"key":"Block Potion"}],"is_trial":false,"path_per_floor":["M","?","M","$","M","R","M","?","T","E","R","$","?","E","R","B",null,"M","?","M","?","M","E","R","E","T","R","M","R","?","M","R","B",null,"M","M","?","?","M","R","E","?","T","M","E","?","E","M","R","B",null],"character_chosen":"IRONCLAD","items_purchased":["True Grit","EntropicBrew"],"campfire_rested":0,"item_purchase_floors":[12,12],"current_hp_per_floor":[80,80,80,80,80,80,77,82,82,54,54,54,54,50,50,56,79,79,79,79,79,75,71,71,77,77,77,81,81,81,81,81,62,81,83,49,42,48,55,55,60,60,60,68,56,56,57,65,65,34],"gold":1138,"neow_bonus":"","is_daily":true,"chose_seed":false,"campfire_upgraded":9,"win_rate":0.0,"timestamp":1611327387,"path_taken":["M","?","M","$","M","R","M","?","T","E","R","$","?","E","R","BOSS","M","?","M","?","M","E","R","E","T","R","?","R","?","M","R","BOSS","M","M","?","?","M","R","E","?","T","M","E","?","E","M","R","BOSS"],"items_purchased_type":["Card","Potion"],"build_version":"2020-12-22","purchased_purges":0,"victory":true,"max_hp_per_floor":[80,80,80,80,80,80,80,85,85,85,85,85,79,79,79,79,79,79,79,79,79,79,79,79,79,79,79,81,81,81,81,81,81,81,83,85,87,87,89,89,91,91,91,93,95,95,97,99,99,99],"card_choices":[{"not_picked":["Burning Pact"],"picked":"Whirlwind","floor":1.0},{"not_picked":["Anger"],"picked":"Perfected Strike","floor":3.0},{"not_picked":["Body Slam","Dropkick"],"picked":"SKIP","floor":5.0},{"not_picked":["Twin Strike"],"picked":"Spot Weakness","floor":7.0},{"not_picked":["Body Slam","Heavy Blade"],"picked":"SKIP","floor":10.0},{"not_picked":["True Grit"],"picked":"Seeing Red","floor":14.0},{"not_picked":["Fiend Fire"],"picked":"Impervious","floor":16.0},{"not_picked":["Clothesline","Hemokinesis"],"picked":"SKIP","floor":18.0},{"not_picked":["Second Wind","Dark Embrace"],"picked":"SKIP","floor":20.0},{"not_picked":["Havoc","Feel No Pain"],"picked":"SKIP","floor":22.0},{"not_picked":["Fire Breathing"],"picked":"Shrug It Off","floor":23.0},{"not_picked":["Fire Breathing"],"picked":"Flame Barrier","floor":25.0},{"not_picked":["Thunderclap+1","Twin Strike+1"],"picked":"Singing Bowl","floor":28.0},{"not_picked":["Pommel Strike"],"picked":"Carnage+1","floor":31.0},{"not_picked":["Fiend Fire"],"picked":"Immolate","floor":33.0},{"not_picked":["Sword Boomerang+1","Thunderclap+1"],"picked":"Singing Bowl","floor":35.0},{"not_picked":["Perfected Strike","Burning Pact"],"picked":"Singing Bowl","floor":36.0},{"not_picked":["Madness","Flash of Steel"],"picked":"Singing Bowl","floor":37.0},{"not_picked":["Swift Strike"],"picked":"Apotheosis","floor":37.0},{"not_picked":["Panache"],"picked":"Panacea","floor":37.0},{"not_picked":["Shrug It Off"],"picked":"True Grit+1","floor":38.0},{"not_picked":["Second Wind+1","True Grit"],"picked":"Singing Bowl","floor":39.0},{"not_picked":["Flex+1","Clothesline+1"],"picked":"Singing Bowl","floor":41.0},{"not_picked":["Anger+1","Clothesline+1"],"picked":"Singing Bowl","floor":44.0},{"not_picked":["Second Wind","Armaments+1"],"picked":"Singing Bowl","floor":45.0},{"not_picked":["Dropkick+1","Clothesline"],"picked":"Singing Bowl","floor":47.0},{"not_picked":["Armaments","Dropkick"],"picked":"Singing Bowl","floor":48}],"player_experience":280500,"relics_obtained":[{"floor":9.0,"key":"Whetstone"},{"floor":10.0,"key":"Bag of Preparation"},{"floor":14.0,"key":"Boot"},{"floor":19.0,"key":"Red Mask"},{"floor":23.0,"key":"Singing Bowl"},{"floor":25.0,"key":"TungstenRod"},{"floor":26.0,"key":"Akabeko"},{"floor":38.0,"key":"Dead Branch"},{"floor":41.0,"key":"The Courier"},{"floor":43.0,"key":"Bronze Scales"},{"floor":45.0,"key":"Happy Flower"},{"floor":47.0,"key":"HornCleat"}],"event_choices":[{"cards_removed":["Whirlwind"],"damage_healed":0.0,"max_hp_gain":0.0,"max_hp_loss":0.0,"gold_gain":0.0,"event_name":"The Cleric","player_choice":"Card Removal","floor":2.0,"gold_loss":50.0,"damage_taken":0.0},{"damage_healed":0.0,"max_hp_gain":5.0,"max_hp_loss":0.0,"gold_gain":0.0,"event_name":"Big Fish","player_choice":"Donut","floor":8.0,"gold_loss":0.0,"damage_taken":0.0},{"damage_healed":0.0,"max_hp_gain":0.0,"max_hp_loss":6.0,"gold_gain":0.0,"event_name":"Golden Idol","player_choice":"Lose Max HP","floor":13.0,"gold_loss":0.0,"damage_taken":0.0,"relics_obtained":["Golden Idol"]},{"damage_healed":0.0,"max_hp_gain":0.0,"max_hp_loss":0.0,"gold_gain":0.0,"event_name":"Masked Bandits","player_choice":"Fought Bandits","floor":19.0,"gold_loss":0.0,"damage_taken":0.0},{"damage_healed":0.0,"max_hp_gain":0.0,"max_hp_loss":0.0,"gold_gain":0.0,"event_name":"N\u0027loth","player_choice":"Ignored","floor":21.0,"gold_loss":0.0,"damage_taken":0.0},{"damage_healed":0.0,"max_hp_gain":0.0,"max_hp_loss":0.0,"gold_gain":0.0,"event_name":"Back to Basics","player_choice":"Simplicity","floor":30.0,"gold_loss":0.0,"damage_taken":0.0,"cards_upgraded":["Strike_R","Strike_G","Strike_B","Defend_R","Defend_G","Defend_P"]},{"damage_healed":0.0,"max_hp_gain":0.0,"max_hp_loss":0.0,"gold_gain":0.0,"event_name":"SensoryStone","player_choice":"Memory 3","floor":37.0,"gold_loss":0.0,"damage_taken":10.0},{"damage_healed":0.0,"max_hp_gain":0.0,"max_hp_loss":0.0,"gold_gain":0.0,"event_name":"MindBloom","player_choice":"Fight","floor":38.0,"gold_loss":0.0,"damage_taken":0.0},{"damage_healed":0.0,"max_hp_gain":0.0,"max_hp_loss":0.0,"gold_gain":333.0,"event_name":"The Moai Head","player_choice":"Gave Idol","floor":42.0,"relics_lost":["Golden Idol"],"gold_loss":0.0,"damage_taken":0.0},{"cards_removed":["Whirlwind"],"damage_healed":0.0,"max_hp_gain":0.0,"max_hp_loss":0.0,"gold_gain":0.0,"event_name":"Falling","player_choice":"Removed Attack","floor":46.0,"gold_loss":0.0,"damage_taken":0.0}],"is_beta":false,"boss_relics":[{"not_picked":["SacredBark","Sozu"],"picked":"Snecko Eye"},{"not_picked":["Runic Cube","Tiny House"],"picked":"SlaversCollar"}],"items_purged_floors":[],"is_endless":false,"potions_floor_spawned":[1,14,18,23,25,31,35,36,45,47],"ascension_level":0}}