{"host":"rjbqai8ni6dsiu37","time":1611343278,"event":{"mods":["100% Spire Juice","BaseMod","CapriCore","GungeonMod","Lobotomy","Marisa£¨Ùöéë¡¡Øª×âÞÞ£©","Minty Spire (QoL Compilation)","Shop Mod","StSLib","Td1madao Mod","The Cursed","The Poker Player","WarShipGirlsR/??á´Ò³R mod"],"gold_per_floor":[116,116,7,0,10,39,51,51,104,104,133,160,160,191,191,293,53,73,90,108,87,22,49,60,60,60,72,90,118,130,160,160,265,145,160,160,210,57,68,68,93,93,93,111,111,131,56,89,89,89,89,89,40,69,69],"floor_reached":56,"language":"KOR","playtime":2318,"items_purged":["Parasite"],"score":1606,"play_id":"ca70ef03-e784-48f1-b8c6-03d8197f555e","local_time":"20210123042118","is_ascension_mode":true,"campfire_choices":[{"floor":8.0,"key":"REST"},{"data":"Moonworks:Accelerator","floor":13.0,"key":"SMITH"},{"data":"Moonworks:AccelHyper","floor":15.0,"key":"SMITH"},{"floor":25.0,"key":"REST"},{"data":"Moonworks:EvilSpyWorkPreparation","floor":32,"key":"SMITH"},{"data":"Moonworks:EvilSpyWorkPreparation","floor":40,"key":"SMITH"},{"floor":42,"key":"REST"},{"floor":45,"key":"RECALL"},{"data":"Moonworks:LongDistanceShot","floor":49,"key":"SMITH"},{"data":"Moonworks:WindyEnchantment","floor":52,"key":"SMITH"}],"circlet_count":0,"master_deck":["Moonworks:Strike","Moonworks:Strike","Moonworks:Strike","Moonworks:Strike","Moonworks:Defend","Moonworks:Defend","Moonworks:Defend","Moonworks:Defend","Moonworks:Ambush+1","Moonworks:LongDistanceShot+1","Moonworks:EvilSpyWorkPreparation+1","Moonworks:EvilSpyWorkPreparation+1","Moonworks:MetallicMonocoque","Moonworks:WindyEnchantment+1","Moonworks:Bloodlust","Moonworks:Accelerator+1","Moonworks:JonathanRush","Moonworks:AccelHyper+1","Moonworks:JonathanRush","Moonworks:NicePresent+1","Moonworks:ShieldCounter+1","Moonworks:EvilSpyWorkPreparation+1","Moonworks:FullSpeedAlicianrone","Moonworks:PlushieMaster+1","Moonworks:NicePresent+1"],"relics":["Moonworks:BrokenBomb","Moonworks:Homemark","Regal Pillow","Boot","Odd Mushroom","Lantern","Mango","Runic Dome","Toxic Egg 2","DemoMod:Bottle","DemoMod:Orange","InkBottle","DemoMod:Metronome","SlaversCollar","Ice Cream","DemoMod:ClearGuonStone","DemoMod:OrangeGuonStone","Lizard Tail","Nunchaku"],"acts_visited":["Exordium","TheCity","TheBeyond","TheEnding"],"potions_floor_usage":[31,39,44,48,55,55,55],"damage_taken":[{"damage":6.0,"enemies":"2 Louse","floor":1.0,"turns":3.0},{"damage":0.0,"enemies":"Small Slimes","floor":3.0,"turns":3.0},{"damage":0.0,"enemies":"Cultist","floor":5.0,"turns":3.0},{"damage":24.0,"enemies":"Gremlin Nob","floor":6.0,"turns":4.0},{"damage":6.0,"enemies":"Blue Slaver","floor":7.0,"turns":2.0},{"damage":4.0,"enemies":"The Mushroom Lair","floor":11.0,"turns":2.0},{"damage":22.0,"enemies":"Lagavulin","floor":12.0,"turns":6.0},{"damage":18.0,"enemies":"3 Sentries","floor":14.0,"turns":3.0},{"damage":42.0,"enemies":"Hexaghost","floor":16.0,"turns":6.0},{"damage":9.0,"enemies":"Chosen","floor":18.0,"turns":3.0},{"damage":22.0,"enemies":"2 Thieves","floor":19.0,"turns":3.0},{"damage":8.0,"enemies":"Cultist and Chosen","floor":20.0,"turns":5.0},{"damage":35.0,"enemies":"Book of Stabbing","floor":23.0,"turns":5.0},{"damage":8.0,"enemies":"Centurion and Healer","floor":24.0,"turns":2.0},{"damage":13.0,"enemies":"Chosen and Byrds","floor":27.0,"turns":3.0},{"damage":22.0,"enemies":"Snake Plant","floor":28.0,"turns":3.0},{"damage":24.0,"enemies":"Slavers","floor":29.0,"turns":3.0},{"damage":17.0,"enemies":"Centurion and Healer","floor":30.0,"turns":3.0},{"damage":11,"enemies":"Book of Stabbing","floor":31,"turns":3},{"damage":30,"enemies":"Champ","floor":33,"turns":5},{"damage":26,"enemies":"3 Darklings","floor":35,"turns":3},{"damage":4,"enemies":"Mind Bloom Boss Battle","floor":37,"turns":4},{"damage":0,"enemies":"Orb Walker","floor":39,"turns":1},{"damage":37,"enemies":"Reptomancer","floor":41,"turns":3},{"damage":6,"enemies":"Writhing Mass","floor":44,"turns":4},{"damage":36,"enemies":"Sphere and 2 Shapes","floor":46,"turns":3},{"damage":21,"enemies":"Nemesis","floor":48,"turns":4},{"damage":22,"enemies":"Donu and Deca","floor":50,"turns":5},{"damage":42,"enemies":"Shield and Spear","floor":54,"turns":3},{"damage":63,"enemies":"The Heart","floor":55,"turns":6}],"seed_played":"8924259929670278324","potions_obtained":[{"floor":1.0,"key":"LiquidMemories"},{"floor":6.0,"key":"EntropicBrew"},{"floor":11.0,"key":"Energy Potion"},{"floor":12.0,"key":"ColorlessPotion"},{"floor":20.0,"key":"FearPotion"},{"floor":27.0,"key":"Energy Potion"},{"floor":30.0,"key":"ColorlessPotion"},{"floor":31,"key":"SteroidPotion"},{"floor":33,"key":"SpeedPotion"},{"floor":37,"key":"LiquidMemories"},{"floor":41,"key":"Fire Potion"},{"floor":44,"key":"FearPotion"},{"floor":54,"key":"SkillPotion"}],"is_trial":false,"path_per_floor":["M","?","M","?","M","E","M","R","T","$","?","E","R","E","R","B",null,"M","M","M","?","?","E","M","R","T","M","M","E","M","E","R","B",null,"M","?","?","$","M","R","E","R","T","M","R","M","$","E","R","B",null,"R","$","E","B",null],"character_chosen":"THE_STARBREAKER","items_purchased":["DemoMod:ClearGuonStone","DemoMod:LeadSkinPotion"],"campfire_rested":3,"item_purchase_floors":[38,53],"current_hp_per_floor":[48,48,48,48,48,24,18,51,51,51,57,44,44,54,54,26,62,55,47,53,53,53,22,28,65,77,78,68,50,39,32,32,16,69,57,57,67,67,67,67,32,72,72,80,80,48,48,41,41,33,71,71,71,31,41],"gold":69,"neow_bonus":"UPGRADE_CARD","is_daily":false,"chose_seed":false,"campfire_upgraded":6,"win_rate":0.0,"timestamp":1611343278,"path_taken":["M","?","M","?","M","E","M","R","T","?","?","E","R","E","R","BOSS","M","M","M","?","?","E","?","R","T","M","M","E","M","E","R","BOSS","M","?","?","$","M","R","E","R","T","M","R","M","$","E","R","BOSS","R","$","E","BOSS"],"items_purchased_type":["Relic","Undefined"],"build_version":"2020-12-22","purchased_purges":1,"victory":true,"max_hp_per_floor":[60,60,60,60,60,60,60,60,60,60,60,60,60,74,74,74,74,74,74,74,74,74,74,74,74,86,86,86,86,86,86,86,86,86,86,86,86,86,86,86,86,86,86,86,86,86,83,83,83,83,83,83,83,83,83],"card_choices":[{"not_picked":["Moonworks:BackdoorTrade","Moonworks:ImOnFire"],"picked":"Moonworks:EvilSpyWorkPreparation","floor":1.0},{"not_picked":["Moonworks:SakisCookie","Moonworks:Poppoformation","Moonworks:BigMagnum"],"picked":"SKIP","floor":3.0},{"not_picked":[],"picked":"Moonworks:EvilSpyWorkPreparation","floor":4.0},{"not_picked":[],"picked":"Moonworks:MetallicMonocoque","floor":4.0},{"not_picked":["Moonworks:Flamethrower","Moonworks:DeployBits","Moonworks:Assault"],"picked":"SKIP","floor":5.0},{"not_picked":["Moonworks:DeployBits","Moonworks:EvilSpyWorkPreparation"],"picked":"Moonworks:WindyEnchantment","floor":6.0},{"not_picked":["Moonworks:RedAndBlue","Moonworks:ScrambledEve"],"picked":"Moonworks:Bloodlust","floor":7.0},{"not_picked":["Moonworks:ScrambledEve","Moonworks:LuckyCharm"],"picked":"Moonworks:Accelerator","floor":11.0},{"not_picked":["Moonworks:LulusLuckyEgg","Moonworks:DeployBits"],"picked":"Moonworks:JonathanRush","floor":12.0},{"not_picked":["Moonworks:IndiscriminateFireSupport","Moonworks:ImmovableObject"],"picked":"Moonworks:AccelHyper","floor":14.0},{"not_picked":["Moonworks:CastOff","Moonworks:ImOnFire","Moonworks:StiffCrystal"],"picked":"SKIP","floor":18.0},{"not_picked":["Moonworks:ExtendedPhotonRifle","Moonworks:ImOnFire","Moonworks:SakisCookie+1"],"picked":"SKIP","floor":19.0},{"not_picked":["Moonworks:ExtendedPhotonRifle","Moonworks:ImOnFire","Moonworks:SakisCookie+1"],"picked":"SKIP","floor":19.0},{"not_picked":["Moonworks:EvilSpyWorkPreparation","Moonworks:SelfDestruct"],"picked":"Moonworks:JonathanRush","floor":20.0},{"not_picked":["Moonworks:SakisCookie+1","Moonworks:LulusLuckyEgg+1","Moonworks:ScrambledEve+1"],"picked":"SKIP","floor":23.0},{"not_picked":["Moonworks:RagingMadness","Moonworks:SweetBattle+1","Moonworks:LulusLuckyEgg+1"],"picked":"SKIP","floor":24.0},{"not_picked":["Moonworks:IndiscriminateFireSupport","Moonworks:JonathanRush"],"picked":"Moonworks:NicePresent+1","floor":27.0},{"not_picked":["Moonworks:RagingMadness","Moonworks:CompletionReward"],"picked":"Moonworks:ShieldCounter+1","floor":28.0},{"not_picked":["Moonworks:BeyondHell+1","Moonworks:CloudOfSeagulls"],"picked":"Moonworks:EvilSpyWorkPreparation+1","floor":29.0},{"not_picked":["Moonworks:MixPhenomenon+1","Moonworks:IndiscriminateFireSupport"],"picked":"Moonworks:FullSpeedAlicianrone","floor":30.0},{"not_picked":["Moonworks:ScrambledEve+1","Moonworks:SakisCookie+1"],"picked":"Moonworks:PlushieMaster+1","floor":31},{"not_picked":["Moonworks:Assault","Moonworks:DeployBits+1","Moonworks:CloudOfSeagulls+1"],"picked":"SKIP","floor":35},{"not_picked":["Moonworks:ScrambledEve+1","Moonworks:DeployBits+1","Moonworks:LulusLuckyEgg+1"],"picked":"SKIP","floor":39},{"not_picked":["Moonworks:SelfDestruct+1","Moonworks:Assault","Moonworks:Flamethrower+1"],"picked":"SKIP","floor":41},{"not_picked":["Moonworks:Assault+1","Moonworks:DeployBits+1"],"picked":"Moonworks:NicePresent+1","floor":44},{"not_picked":["Moonworks:Assault","Moonworks:EvilSpyWorkPreparation+1","Moonworks:SinkOrSwim"],"picked":"SKIP","floor":46},{"not_picked":["Moonworks:Dinner+1","Moonworks:CloudOfSeagulls+1","Moonworks:JonathanRush"],"picked":"SKIP","floor":48},{"not_picked":["Moonworks:PlushieMaster+1","Moonworks:BigMagnum+1","Moonworks:AngelHand+1"],"picked":"SKIP","floor":54}],"player_experience":215956,"relics_obtained":[{"floor":6.0,"key":"Regal Pillow"},{"floor":9.0,"key":"Boot"},{"floor":11.0,"key":"Odd Mushroom"},{"floor":12.0,"key":"Lantern"},{"floor":14.0,"key":"Mango"},{"floor":23.0,"key":"DemoMod:Bottle"},{"floor":26.0,"key":"DemoMod:Orange"},{"floor":29.0,"key":"InkBottle"},{"floor":31,"key":"DemoMod:Metronome"},{"floor":37,"key":"Ice Cream"},{"floor":41,"key":"DemoMod:OrangeGuonStone"},{"floor":48,"key":"Lizard Tail"},{"floor":54,"key":"Nunchaku"}],"event_choices":[{"damage_healed":0.0,"max_hp_gain":0.0,"max_hp_loss":0.0,"gold_gain":0.0,"event_name":"Liars Game","player_choice":"Ignored","floor":2.0,"gold_loss":0.0,"damage_taken":0.0},{"damage_healed":0.0,"max_hp_gain":0.0,"max_hp_loss":0.0,"gold_gain":0.0,"event_name":"Mushrooms","player_choice":"Fought Mushrooms","floor":11.0,"gold_loss":0.0,"damage_taken":0.0},{"damage_healed":0.0,"max_hp_gain":0.0,"max_hp_loss":0.0,"gold_gain":99.0,"event_name":"Nest","player_choice":"Stole From Cult","floor":21.0,"gold_loss":0.0,"damage_taken":0.0},{"damage_healed":0.0,"max_hp_gain":0.0,"max_hp_loss":0.0,"gold_gain":0.0,"event_name":"WeMeetAgain","player_choice":"Paid Gold","floor":22.0,"gold_loss":65.0,"damage_taken":0.0,"relics_obtained":["Toxic Egg 2"]},{"damage_healed":0,"gold_gain":0,"player_choice":"Ignored","damage_taken":0,"max_hp_gain":0,"max_hp_loss":0,"event_name":"Tomb of Lord Red Mask","floor":36,"gold_loss":0},{"damage_healed":0,"gold_gain":0,"player_choice":"Fight","damage_taken":0,"max_hp_gain":0,"max_hp_loss":0,"event_name":"MindBloom","floor":37,"gold_loss":0}],"is_beta":false,"boss_relics":[{"not_picked":["Coffee Dripper","Calling Bell"],"picked":"Runic Dome"},{"not_picked":["Astrolabe","Black Star"],"picked":"SlaversCollar"}],"items_purged_floors":[47],"is_endless":false,"potions_floor_spawned":[1,6,11,12,20,27,30,31,33,37,41,44,54],"ascension_level":6}}