{"host":"c3lc60y5x60jlt1y","time":1611326940,"event":{"mods":["AchievementEnabler","BaseMod","Bestiary","Colored Map","Minty Spire (QoL Compilation)","Quick Restart","StSLib","ojb\u0027s Info Mod"],"gold_per_floor":[113,127,127,127,28,53,53,85,85,85,102,102,128,141,141,216,216,231,246,265,279,94,94,120,120,120,120,120,138,148,148,148],"floor_reached":31,"language":"ENG","playtime":1617,"items_purged":["Strike_B","Strike_B"],"score":675,"play_id":"f13a9359-a593-4cb1-a3b1-be4abba8797e","local_time":"20210122164900","is_ascension_mode":true,"campfire_choices":[{"data":"Buffer","floor":7,"key":"SMITH"},{"data":"Sunder","floor":10,"key":"SMITH"},{"data":"Turbo","floor":12,"key":"SMITH"},{"data":"Hyperbeam","floor":15,"key":"SMITH"},{"floor":23,"key":"REST"},{"data":"Echo Form","floor":27,"key":"SMITH"}],"circlet_count":0,"master_deck":["AscendersBane","Strike_B+1","Defend_B","Defend_B","Defend_B","Zap+1","Dualcast","Ball Lightning","Compile Driver","Turbo+1","Buffer+1","Sunder+1","Auto Shields","Hyperbeam+1","Cold Snap","Echo Form+1","Undo","Coolheaded+1","Conserve Battery+1","Defragment","Undo+1","Electrodynamics","Skim+1","Steam"],"relics":["Cracked Core","NeowsBlessing","WingedGreaves","Happy Flower","Calipers","Anchor","Black Star","Tiny Chest","Orichalcum","Mango"],"acts_visited":["Exordium","TheCity"],"potions_floor_usage":[13,16,16,18,19,21],"damage_taken":[{"damage":0,"enemies":"Cultist","floor":1,"turns":1},{"damage":0,"enemies":"Small Slimes","floor":2,"turns":1},{"damage":0,"enemies":"Gremlin Nob","floor":6,"turns":1},{"damage":15,"enemies":"3 Sentries","floor":8,"turns":6},{"damage":0,"enemies":"2 Louse","floor":11,"turns":1},{"damage":0,"enemies":"Gremlin Nob","floor":13,"turns":3},{"damage":0,"enemies":"Large Slime","floor":14,"turns":2},{"damage":0,"enemies":"Slime Boss","floor":16,"turns":7},{"damage":0,"enemies":"Shell Parasite","floor":18,"turns":5},{"damage":11,"enemies":"Spheric Guardian","floor":19,"turns":5},{"damage":8,"enemies":"Snake Plant","floor":20,"turns":4},{"damage":16,"enemies":"Centurion and Healer","floor":21,"turns":6},{"damage":27,"enemies":"Slavers","floor":24,"turns":6},{"damage":0,"enemies":"Snecko","floor":29,"turns":5},{"damage":15,"enemies":"Snake Plant","floor":30,"turns":4},{"damage":22,"enemies":"Book of Stabbing","floor":31,"turns":7}],"seed_played":"8923445233473172739","potions_obtained":[{"floor":1,"key":"FearPotion"},{"floor":6,"key":"GamblersBrew"},{"floor":13,"key":"BlessingOfTheForge"},{"floor":14,"key":"PowerPotion"},{"floor":16,"key":"DistilledChaos"},{"floor":18,"key":"Block Potion"},{"floor":19,"key":"EssenceOfSteel"}],"is_trial":false,"path_per_floor":["M","M","?","?","$","E","R","E","T","R","M","R","E","M","R","B",null,"M","M","M","M","$","R","E","?","T","R","?","M","M","E"],"character_chosen":"DEFECT","items_purchased":["Turbo","Defragment"],"campfire_rested":1,"item_purchase_floors":[5,22],"current_hp_per_floor":[64,64,43,43,43,43,43,28,28,28,28,28,28,28,28,28,60,60,49,41,25,25,46,19,19,33,33,33,33,18,0,0],"gold":148,"neow_bonus":"THREE_ENEMY_KILL","is_daily":false,"chose_seed":false,"campfire_upgraded":5,"win_rate":0.0,"timestamp":1611326940,"path_taken":["M","M","?","?","$","E","R","E","T","R","M","R","E","M","R","BOSS","M","M","?","?","$","R","E","?","T","R","?","?","M","E"],"items_purchased_type":["Card","Card"],"build_version":"2020-12-22","purchased_purges":2,"victory":false,"max_hp_per_floor":[71,71,71,71,71,71,71,71,71,71,71,71,71,71,71,71,71,71,71,71,71,71,71,71,71,85,85,85,85,85,85,85],"card_choices":[{"not_picked":["Steam Power","Cold Snap"],"picked":"Ball Lightning","floor":1},{"not_picked":["Redo","Stack"],"picked":"Compile Driver","floor":2},{"not_picked":["Self Repair","Force Field"],"picked":"Buffer","floor":6},{"not_picked":["Redo","Go for the Eyes"],"picked":"Sunder","floor":8},{"not_picked":["Steam","Self Repair"],"picked":"Auto Shields","floor":11},{"not_picked":["Loop","Heatsinks"],"picked":"Hyperbeam","floor":13},{"not_picked":["Scrape","Stack"],"picked":"Cold Snap","floor":14},{"not_picked":["Reboot","Meteor Strike"],"picked":"Echo Form","floor":16},{"not_picked":["Redo","Rebound"],"picked":"Undo","floor":18},{"not_picked":["Stack","Rip and Tear+1","Conserve Battery"],"picked":"SKIP","floor":19},{"not_picked":["Steam Power","Redo"],"picked":"Coolheaded+1","floor":20},{"not_picked":["Beam Cell","Turbo"],"picked":"Conserve Battery+1","floor":21},{"not_picked":["Aggregate","Hyperbeam"],"picked":"Undo+1","floor":24},{"not_picked":["Reprogram","Ball Lightning"],"picked":"Skim+1","floor":29},{"not_picked":["Genetic Algorithm","Streamline"],"picked":"Steam","floor":30}],"player_experience":8346420,"relics_obtained":[{"floor":6,"key":"WingedGreaves"},{"floor":8,"key":"Happy Flower"},{"floor":9,"key":"Calipers"},{"floor":13,"key":"Anchor"},{"floor":24,"key":"Tiny Chest"},{"floor":24,"key":"Orichalcum"},{"floor":26,"key":"Mango"}],"event_choices":[{"damage_healed":0,"gold_gain":0,"player_choice":"Entered Light","damage_taken":21,"max_hp_gain":0,"max_hp_loss":0,"event_name":"Shining Light","floor":3,"gold_loss":0,"cards_upgraded":["Zap","Strike_B"]},{"cards_removed":["Strike_B"],"damage_healed":0,"gold_gain":0,"player_choice":"Offered Basic","damage_taken":0,"max_hp_gain":0,"max_hp_loss":0,"event_name":"Bonfire Elementals","floor":4,"gold_loss":0},{"cards_removed":["Defend_B"],"damage_healed":0,"gold_gain":0,"player_choice":"Elegance","damage_taken":0,"max_hp_gain":0,"max_hp_loss":0,"event_name":"Back to Basics","floor":25,"gold_loss":0},{"damage_healed":0,"gold_gain":0,"player_choice":"1 cards matched","damage_taken":0,"max_hp_gain":0,"max_hp_loss":0,"event_name":"Match and Keep!","floor":28,"gold_loss":0,"cards_obtained":["Electrodynamics"]}],"is_beta":false,"boss_relics":[{"not_picked":["Busted Crown","Calling Bell"],"picked":"Black Star"}],"items_purged_floors":[5,22],"is_endless":false,"potions_floor_spawned":[1,6,13,14,16,18,19],"killed_by":"Book of Stabbing","ascension_level":16}}