{"host":"7qoz5gmva6til3yp","time":1611347073,"event":{"mods":["AchievementEnabler","BaseMod","Minty Spire (QoL Compilation)","StSLib","SuperFastMode"],"gold_per_floor":[109,127,127,15,33,33,33,33,82,82,82,92,92,106,106,208,208,223,223,85,96,112,127,127,127],"floor_reached":24,"language":"KOR","playtime":610,"items_purged":["Defend_B"],"score":282,"play_id":"f89ade41-c03d-440f-b9e8-0a7266c0c864","local_time":"20210123052433","is_ascension_mode":true,"campfire_choices":[{"data":"Defragment","floor":6.0,"key":"SMITH"},{"data":"Loop","floor":8.0,"key":"SMITH"},{"data":"Zap","floor":13,"key":"SMITH"},{"data":"Glacier","floor":15,"key":"SMITH"}],"circlet_count":0,"master_deck":["AscendersBane","Strike_B","Strike_B","Strike_B","Strike_B","Defend_B","Defend_B","Defend_B","Zap+1","Dualcast+1","Machine Learning","Glacier+1","Self Repair","Loop+1","Defragment+1","Blizzard","Meteor Strike","Redo+1","Echo Form","Double Energy+1"],"relics":["Cracked Core","Thread and Needle","Ancient Tea Set","Art of War","Sozu"],"acts_visited":["Exordium","TheCity"],"potions_floor_usage":[24],"damage_taken":[{"damage":11.0,"enemies":"Small Slimes","floor":1.0,"turns":4.0},{"damage":7.0,"enemies":"2 Louse","floor":2.0,"turns":3.0},{"damage":3.0,"enemies":"Jaw Worm","floor":5.0,"turns":4.0},{"damage":3,"enemies":"Exordium Wildlife","floor":12,"turns":6},{"damage":0,"enemies":"Red Slaver","floor":14,"turns":4},{"damage":46,"enemies":"Hexaghost","floor":16,"turns":12},{"damage":23,"enemies":"Shell Parasite","floor":18,"turns":9},{"damage":0,"enemies":"Chosen","floor":21,"turns":8},{"damage":9,"enemies":"Snecko","floor":22,"turns":4},{"damage":37,"enemies":"Snake Plant","floor":23,"turns":5},{"damage":26,"enemies":"Book of Stabbing","floor":24,"turns":3}],"seed_played":"4882939051232404854","potions_obtained":[{"floor":2.0,"key":"FocusPotion"},{"floor":5.0,"key":"BlessingOfTheForge"},{"floor":12,"key":"ColorlessPotion"}],"is_trial":false,"path_per_floor":["M","M","?","$","M","R","?","R","T","?","?","M","R","M","R","B",null,"M","?","$","M","M","M","E"],"character_chosen":"DEFECT","items_purchased":["Loop","Echo Form"],"campfire_rested":0,"item_purchase_floors":[4,20],"current_hp_per_floor":[57,50,47,47,51,51,51,51,51,56,56,60,60,67,67,28,67,51,51,51,65,56,26,0,0],"gold":127,"neow_bonus":"ONE_RANDOM_RARE_CARD","is_daily":false,"chose_seed":false,"campfire_upgraded":4,"win_rate":0.0,"timestamp":1611347073,"path_taken":["M","M","?","$","M","R","?","R","T","?","?","M","R","M","R","BOSS","M","?","$","M","M","M","E"],"items_purchased_type":["Card","Card"],"build_version":"2020-12-22","purchased_purges":1,"victory":false,"max_hp_per_floor":[75,75,75,75,75,75,75,75,75,80,80,80,80,80,80,80,80,80,80,80,80,80,80,80,80],"card_choices":[{"not_picked":["Stack","Genetic Algorithm"],"picked":"Glacier","floor":1.0},{"not_picked":["Cold Snap","Conserve Battery"],"picked":"Self Repair","floor":2.0},{"not_picked":["Coolheaded","Gash"],"picked":"Defragment","floor":5.0},{"not_picked":["Compile Driver","Coolheaded"],"picked":"Blizzard","floor":12},{"not_picked":["White Noise","Reprogram","Recycle"],"picked":"SKIP","floor":14},{"not_picked":["Electrodynamics","Creative AI"],"picked":"Meteor Strike","floor":16},{"not_picked":["Compile Driver","Barrage"],"picked":"Redo+1","floor":18},{"not_picked":["Stack","Streamline+1"],"picked":"Double Energy+1","floor":21},{"not_picked":["Hologram","Ball Lightning","Double Energy"],"picked":"SKIP","floor":22},{"not_picked":["Leap","Redo+1","Consume"],"picked":"SKIP","floor":23}],"player_experience":417315,"relics_obtained":[{"floor":9.0,"key":"Art of War"}],"event_choices":[{"damage_healed":0.0,"max_hp_gain":0.0,"max_hp_loss":0.0,"gold_gain":0.0,"event_name":"Scrap Ooze","player_choice":"Success","floor":3.0,"gold_loss":0.0,"damage_taken":3.0,"relics_obtained":["Thread and Needle"]},{"damage_healed":0.0,"max_hp_gain":0.0,"max_hp_loss":0.0,"gold_gain":0.0,"event_name":"Dead Adventurer","player_choice":"Searched \u00271\u0027 times","floor":7.0,"gold_loss":0.0,"damage_taken":0.0,"relics_obtained":["Ancient Tea Set"]},{"damage_healed":0.0,"max_hp_gain":5.0,"max_hp_loss":0.0,"gold_gain":0.0,"event_name":"Big Fish","player_choice":"Donut","floor":10.0,"gold_loss":0.0,"damage_taken":0.0},{"damage_healed":0,"gold_gain":0,"player_choice":"Grow","damage_taken":0,"max_hp_gain":0,"max_hp_loss":0,"event_name":"Living Wall","floor":11,"gold_loss":0,"cards_upgraded":["Dualcast"]},{"damage_healed":0,"gold_gain":0,"player_choice":"Ignored","damage_taken":0,"max_hp_gain":0,"max_hp_loss":0,"event_name":"Vampires","floor":19,"gold_loss":0}],"is_beta":false,"boss_relics":[{"not_picked":["Busted Crown","Pandora\u0027s Box"],"picked":"Sozu"}],"items_purged_floors":[4],"is_endless":false,"potions_floor_spawned":[2,5,12,21,23],"killed_by":"Book of Stabbing","ascension_level":10}}