{"host":"ml80p9p157c7xd90","time":1611316697,"event":{"mods":["Ascension Unlocker","Aspiration","BaseMod","Bestiary","Better Altar","Better Match","Better Note","Better Sensory Stone","Better Skull","Better Third Choice","Colored Map","Conspire","Dark Map","Downfall","Friendly Minions","Halation","Hubris","Minty Spire (QoL Compilation)","Relic Stats","StSLib","Wandering Minibosses"],"gold_per_floor":[118,118,118,128,147,172,172,172],"floor_reached":6,"language":"ENG","playtime":260,"items_purged":[],"score":92,"play_id":"5f6c18d0-3d45-444a-b3d4-18b321c41630","local_time":"20210122045817","daily_mods":["SealedDeck","Heirloom","DeadlyEvents","Night Terrors","Terminal","downfall:Enraging"],"is_ascension_mode":true,"campfire_choices":[],"circlet_count":0,"master_deck":["AscendersBane","hubris:Hubris","Slimebound:DisruptingSlam","Slimebound:DisruptingSlam","Slimebound:Equalize+1","Slimebound:SplitMire+1","Slimebound:SplitLeeching","Slimebound:SplitMire","Slimebound:SplitAcid","Slimebound:SplitLeeching","Slimebound:SplitLeeching","Slimebound:Prepare","Slimebound:GrowthPunch","Slimebound:LeadByExample","Slimebound:Equalize"],"relics":["Slimebound:AbsorbEndCombat","Thread and Needle","aspiration:Lifesprig","hubris:DeckOfHolding"],"acts_visited":["Exordium"],"potions_floor_usage":[],"damage_taken":[{"damage":0,"enemies":"Cultist","floor":1,"turns":3},{"damage":0,"enemies":"2 Louse","floor":4,"turns":1},{"damage":0,"enemies":"Jaw Worm","floor":5,"turns":3},{"damage":3,"enemies":"Lagavulin","floor":6,"turns":6}],"seed_played":"-5620545773233591478","potions_obtained":[{"floor":1,"key":"Ancient Potion"},{"floor":6,"key":"Energy Potion"}],"is_trial":true,"path_per_floor":["M","?","?","M","M","E"],"character_chosen":"SLIMEBOUND","items_purchased":[],"campfire_rested":0,"item_purchase_floors":[],"current_hp_per_floor":[57,40,40,44,52,53,53,53],"gold":172,"neow_bonus":"","is_daily":false,"chose_seed":false,"campfire_upgraded":0,"win_rate":0.0,"timestamp":1611316697,"path_taken":["M","?","?","?","M","E"],"items_purchased_type":[],"build_version":"2020-12-22","purchased_purges":0,"victory":false,"max_hp_per_floor":[57,56,55,54,53,53,53,53],"relic_stats":{"counters":[4,12],"obtain_stats":[{"aspiration:Lifesprig":3,"Thread and Needle":0,"hubris:DeckOfHolding":6,"Slimebound:AbsorbEndCombat":0},{"aspiration:Lifesprig":1,"Thread and Needle":0,"hubris:DeckOfHolding":4,"Slimebound:AbsorbEndCombat":0},{"aspiration:Lifesprig":3,"Thread and Needle":0,"hubris:DeckOfHolding":12,"Slimebound:AbsorbEndCombat":0}]},"card_choices":[{"not_picked":["Slimebound:HungryTackle","Slimebound:SplitAcid"],"picked":"Slimebound:GrowthPunch","floor":1},{"not_picked":["Slimebound:Equalize","Slimebound:ForwardTackle"],"picked":"Slimebound:LeadByExample","floor":4},{"not_picked":["Slimebound:GoopSpray","Slimebound:SamplingLick"],"picked":"Slimebound:Equalize","floor":5}],"player_experience":454112,"relics_obtained":[{"floor":6,"key":"hubris:DeckOfHolding"}],"event_choices":[{"damage_healed":57,"gold_gain":0,"player_choice":"Upgrade","damage_taken":17,"max_hp_gain":0,"max_hp_loss":57,"event_name":"betterThird:BetterShining","floor":2,"gold_loss":0,"cards_upgraded":["Slimebound:SplitMire","Slimebound:Equalize"]},{"damage_healed":0,"gold_gain":0,"player_choice":"Gave Potion","damage_taken":0,"relics_obtained":["aspiration:Lifesprig"],"max_hp_gain":0,"max_hp_loss":0,"event_name":"WeMeetAgain","floor":3,"gold_loss":0}],"is_beta":false,"boss_relics":[],"items_purged_floors":[],"is_endless":false,"potions_floor_spawned":[1,6],"killed_by":"Lagavulin","ascension_level":20}}