{"host":"o6rpelx2jpc8yies","time":1611286569,"event":{"mods":["BaseMod","Downfall","Minty Spire (QoL Compilation)","StSLib"],"gold_per_floor":[99,119,131,187,201,301,301,312,312,49,83,101,132,49,63,163,163,163,174,190,200,217,252,252,52,62,78,78,78,78],"floor_reached":28,"language":"ENG","playtime":2410,"items_purged":[],"score":304,"play_id":"08fa023a-df71-4fec-954c-4e3bd13619cf","local_time":"20210121203609","is_ascension_mode":true,"campfire_choices":[{"data":"champ:EnchantSword","floor":1,"key":"SMITH"},{"floor":18,"key":"RECALL"},{"data":"champ:SkillfulDodge","floor":25,"key":"SMITH"}],"circlet_count":0,"master_deck":["champ:Strike","champ:Strike","champ:Strike","champ:Defend","champ:Defend","champ:Defend","champ:Defend","champ:Execute","champ:Taunt","downfall:Icky","champ:EnchantSword+1","champ:Backstep","champ:CrownThrow","champ:BerserkersShout","champ:BringItOn","champ:RisingSlash","champ:Circumvent","champ:EnchantCrown","champ:FocusedBerserking","champ:FanOfKnives","champ:SkillfulDodge","champ:FocusedBerserking","champ:LastStand","champ:EnGarde+1","champ:DefensiveStyle+1","champ:DefensiveStyle","champ:SkillfulDodge+1","champ:PreemptiveStrike+1","champ:Backstep+1"],"relics":["champ:ChampionCrownUpgraded","Ginger","CloakClasp","Pear","Meat on the Bone","Vajra","Matryoshka","Blood Vial","Darkstone Periapt","downfall:HeartBlessingRed","downfall:HeartBlessingBlue"],"acts_visited":["Exordium","TheCity"],"potions_floor_usage":[16,20,21,23,23,26,28,28],"damage_taken":[{"damage":0,"enemies":"Jaw Worm","floor":2,"turns":3},{"damage":14,"enemies":"Small Slimes","floor":3,"turns":4},{"damage":39,"enemies":"3 Sentries","floor":4,"turns":10},{"damage":11,"enemies":"2 Louse","floor":5,"turns":3},{"damage":51,"enemies":"2 Louse","floor":6,"turns":9},{"damage":34,"enemies":"Exordium Thugs","floor":8,"turns":5},{"damage":15,"enemies":"downfall:FleeingMerchant","floor":10,"turns":4},{"damage":62,"enemies":"Gremlin Nob","floor":11,"turns":5},{"damage":27,"enemies":"Exordium Wildlife","floor":12,"turns":4},{"damage":36,"enemies":"Lagavulin","floor":13,"turns":6},{"damage":25,"enemies":"downfall:FleeingMerchant","floor":14,"turns":4},{"damage":29,"enemies":"Lots of Slimes","floor":15,"turns":5},{"damage":116,"enemies":"DF_ARCHETYPE_STREAMLINE","floor":16,"turns":11},{"damage":45,"enemies":"Spheric Guardian","floor":19,"turns":4},{"damage":61,"enemies":"Chosen and Byrds","floor":20,"turns":5},{"damage":36,"enemies":"Snecko","floor":21,"turns":8},{"damage":25,"enemies":"Centurion and Healer","floor":22,"turns":7},{"damage":45,"enemies":"Book of Stabbing","floor":23,"turns":6},{"damage":41,"enemies":"Snake Plant","floor":26,"turns":4},{"damage":51,"enemies":"Chosen and Byrds","floor":27,"turns":7},{"damage":106,"enemies":"Gremlin Leader","floor":28,"turns":9}],"seed_played":"363442086759979637","potions_obtained":[{"floor":2,"key":"sneckomod:MuddlingPotion"},{"floor":6,"key":"LiquidMemories"},{"floor":13,"key":"sneckomod:MuddlingPotion"},{"floor":16,"key":"SteroidPotion"},{"floor":20,"key":"Weak Potion"},{"floor":22,"key":"hexamod:SoulburnPotion"},{"floor":23,"key":"ColorlessPotion"},{"floor":27,"key":"champ:UltimateStancePotion"}],"is_trial":false,"path_per_floor":["R","M","M","?","M","?","T","M","?","$","E","M","E","$","M","B",null,"R","M","M","M","M","E","T","R","M","M","E"],"character_chosen":"THE_CHAMP","items_purchased":["Meat on the Bone","champ:SkillfulDodge"],"campfire_rested":0,"item_purchase_floors":[10,14],"current_hp_per_floor":[90,90,86,67,66,55,65,56,56,56,31,41,47,59,55,21,100,100,80,61,62,62,59,59,69,62,50,0,0,0],"gold":78,"neow_bonus":"THREE_RARE_CARDS","is_daily":false,"chose_seed":false,"campfire_upgraded":2,"win_rate":0.0,"timestamp":1611286569,"path_taken":["R","M","M","?","M","?","T","M","?","?","E","M","E","$","M","BOSS","R","M","M","M","M","E","T","R","M","M","E"],"items_purchased_type":["Relic","Card"],"build_version":"2020-12-22","purchased_purges":0,"victory":false,"max_hp_per_floor":[90,90,90,90,90,90,100,100,100,100,100,100,100,100,100,100,100,100,100,100,100,100,100,100,110,110,110,110,110,110],"card_choices":[{"not_picked":["champ:CheapShot","champ:StrikeOfGenius"],"picked":"champ:EnchantSword","floor":0},{"not_picked":["champ:TornadoPunch","champ:EnGarde"],"picked":"champ:Backstep","floor":2},{"not_picked":["champ:SteelEdge","champ:Lariat"],"picked":"champ:CrownThrow","floor":3},{"not_picked":["champ:ViciousMockery","champ:AdrenalArmor"],"picked":"champ:BerserkersShout","floor":4},{"not_picked":["champ:FanOfKnives","champ:CrownThrow"],"picked":"champ:BringItOn","floor":5},{"not_picked":["champ:HeartStrike","champ:PerfectedStrike"],"picked":"champ:RisingSlash","floor":6},{"not_picked":["champ:RecklessLeap","champ:AdrenalArmor"],"picked":"champ:Circumvent","floor":8},{"not_picked":["champ:SwordSigil","champ:Backstep"],"picked":"champ:EnchantCrown","floor":10},{"not_picked":["champ:PerfectedStrike","champ:Haymaker","champ:PreciseThrust"],"picked":"SKIP","floor":11},{"not_picked":["champ:GutPunch","champ:PreciseThrust","champ:BerserkersShout"],"picked":"SKIP","floor":12},{"not_picked":["champ:FalseCounter","champ:Circumvent"],"picked":"champ:FocusedBerserking","floor":13},{"not_picked":["champ:Backstep","champ:Lariat"],"picked":"champ:FanOfKnives","floor":14},{"not_picked":["champ:BerserkerStyle","champ:BladeFlurry"],"picked":"champ:FocusedBerserking","floor":15},{"not_picked":["champ:Devastate","champ:IgnorePain"],"picked":"champ:LastStand","floor":16},{"not_picked":["champ:CrownThrow+1","champ:RisingSlash","champ:FocusedBerserking"],"picked":"SKIP","floor":19},{"not_picked":["champ:Circumvent","champ:BerserkerStyle"],"picked":"champ:EnGarde+1","floor":20},{"not_picked":["champ:CrookedStrike+1","champ:CrownThrow+1"],"picked":"champ:DefensiveStyle+1","floor":21},{"not_picked":["champ:BerserkerStyle+1","champ:SkillfulDodge+1"],"picked":"champ:DefensiveStyle","floor":22},{"not_picked":["champ:CrownThrow+1","champ:BringItOn"],"picked":"champ:SkillfulDodge","floor":23},{"not_picked":["champ:PreciseThrust","champ:Endure"],"picked":"champ:PreemptiveStrike+1","floor":26},{"not_picked":["champ:Shatter","champ:CheapShot"],"picked":"champ:Backstep+1","floor":27}],"player_experience":1814126,"relics_obtained":[{"floor":4,"key":"Ginger"},{"floor":6,"key":"CloakClasp"},{"floor":7,"key":"Pear"},{"floor":11,"key":"Vajra"},{"floor":13,"key":"Matryoshka"},{"floor":23,"key":"Blood Vial"},{"floor":24,"key":"Darkstone Periapt"}],"event_choices":[],"is_beta":false,"boss_relics":[{"not_picked":["SlaversCollar","Calling Bell"],"picked":"champ:ChampionCrownUpgraded"}],"items_purged_floors":[],"is_endless":false,"potions_floor_spawned":[2,6,13,15,16,20,22,23,27],"killed_by":"Gremlin Leader","ascension_level":2}}