{"host":"cy2xqrw0a4jjdcnp","time":1611283703,"event":{"mods":["AchievementEnabler","BaseMod","Colored Map","Minty Spire (QoL Compilation)","Permanent Neow"],"gold_per_floor":[123,198,219,242,270,270,290,290,337,337,337,359,388,408,408,408,408],"floor_reached":16,"language":"ENG","playtime":1070,"items_purged":[],"score":120,"play_id":"ba197dde-3844-4a01-a427-fda220d5cf86","local_time":"20210122004823","is_ascension_mode":true,"campfire_choices":[{"data":"Eruption","floor":6.0,"key":"SMITH"},{"data":"Collect","floor":8.0,"key":"SMITH"},{"data":"Halt","floor":11.0,"key":"SMITH"},{"data":"Vigilance","floor":15.0,"key":"SMITH"}],"circlet_count":0,"master_deck":["Strike_P","Strike_P","Strike_P","Strike_P","Defend_P","Defend_P","Defend_P","Defend_P","Eruption+1","Vigilance+1","Halt+1","Prostrate","Collect+1","InnerPeace","Prostrate","Pray"],"relics":["PureWater","CeramicFish","Meat on the Bone","Blood Vial"],"acts_visited":["Exordium"],"potions_floor_usage":[16,16],"damage_taken":[{"damage":7.0,"enemies":"Jaw Worm","floor":1.0,"turns":4.0},{"damage":2.0,"enemies":"Small Slimes","floor":3.0,"turns":3.0},{"damage":0.0,"enemies":"Cultist","floor":4.0,"turns":2.0},{"damage":11.0,"enemies":"Exordium Wildlife","floor":5.0,"turns":6.0},{"damage":14.0,"enemies":"Lots of Slimes","floor":7.0,"turns":4.0},{"damage":2.0,"enemies":"Blue Slaver","floor":12.0,"turns":6.0},{"damage":23.0,"enemies":"Lagavulin","floor":13.0,"turns":8.0},{"damage":9.0,"enemies":"Large Slime","floor":14.0,"turns":7.0},{"damage":35,"enemies":"Hexaghost","floor":16,"turns":10}],"seed_played":"-6078892565544314061","potions_obtained":[{"floor":1.0,"key":"Dexterity Potion"},{"floor":7.0,"key":"LiquidMemories"},{"floor":13.0,"key":"Energy Potion"},{"floor":14.0,"key":"Fire Potion"}],"is_trial":false,"path_per_floor":["M","?","M","M","M","R","M","R","T","?","R","M","E","M","R","B"],"character_chosen":"WATCHER","items_purchased":[],"campfire_rested":0,"item_purchase_floors":[],"current_hp_per_floor":[65,54,52,52,41,41,27,27,27,27,27,37,26,31,31,0,0],"gold":408,"neow_bonus":"RANDOM_COMMON_RELIC","is_daily":false,"chose_seed":false,"campfire_upgraded":4,"win_rate":0.0,"timestamp":1611283703,"path_taken":["M","?","M","M","M","R","M","R","T","?","R","?","E","M","R","BOSS"],"items_purchased_type":[],"build_version":"2020-12-22","purchased_purges":0,"victory":false,"max_hp_per_floor":[72,72,72,72,72,72,72,72,72,72,72,72,72,72,72,72,72],"card_choices":[{"not_picked":["Vengeance","PathToVictory"],"picked":"Halt","floor":1.0},{"not_picked":["Nirvana","ReachHeaven"],"picked":"Prostrate","floor":3.0},{"not_picked":["DeceiveReality","Worship"],"picked":"Collect","floor":4.0},{"not_picked":["Halt","ThirdEye"],"picked":"InnerPeace","floor":5.0},{"not_picked":["EmptyFist","CutThroughFate"],"picked":"Prostrate","floor":7.0},{"not_picked":["BowlingBash","EmptyFist"],"picked":"Pray","floor":12.0},{"not_picked":["Evaluate","InnerPeace","CrushJoints"],"picked":"SKIP","floor":13.0},{"not_picked":["LikeWater","Evaluate","Crescendo"],"picked":"SKIP","floor":14.0}],"player_experience":1465208,"relics_obtained":[{"floor":13.0,"key":"Blood Vial"}],"event_choices":[{"damage_healed":0.0,"max_hp_gain":0.0,"max_hp_loss":0.0,"gold_gain":75.0,"event_name":"World of Goop","player_choice":"Gather Gold","floor":2.0,"gold_loss":0.0,"damage_taken":11.0},{"damage_healed":0.0,"max_hp_gain":0.0,"max_hp_loss":0.0,"gold_gain":0.0,"event_name":"WeMeetAgain","player_choice":"Gave Potion","floor":10.0,"gold_loss":0.0,"damage_taken":0.0,"relics_obtained":["Meat on the Bone"]}],"is_beta":false,"boss_relics":[],"items_purged_floors":[],"is_endless":false,"potions_floor_spawned":[1,7,13,14],"killed_by":"Hexaghost","ascension_level":3}}