{"host":"srk2drlvga69hbot","time":1611340362,"event":{"mods":["BaseMod","Bestiary","Block Reminder","Colored Map","Colored Powertips","Dark Map","DeckTracker","Highlight Path","Minty Spire (QoL Compilation)","Quick Restart","Rare Cards Sparkle","Relic Stats","SuperFastMode","Unceasing Turn Reminder"],"gold_per_floor":[117,117,192,192,216,216,235,235,258,272,286,286,286,300,300,420,420,436,346,55,55,55,98,116,116,140,152,197,234,260,312,324,459,471,499,535,561,392,614,614,637,637,716,716,716,716,716],"floor_reached":46,"language":"ZHS","playtime":1933,"items_purged":["Parasite"],"score":641,"play_id":"51400d01-35b1-475e-8102-c800b4af8eee","local_time":"20210123023242","is_ascension_mode":true,"campfire_choices":[{"data":"Uppercut","floor":6.0,"key":"SMITH"},{"data":"Cleave","floor":8.0,"key":"SMITH"},{"floor":15.0,"key":"REST"},{"data":"Clash","floor":25.0,"key":"SMITH"},{"floor":32.0,"key":"REST"},{"floor":40.0,"key":"RECALL"}],"circlet_count":0,"master_deck":["Strike_R","Strike_R","Strike_R+1","Strike_R","Uppercut+1","Cleave+1","Battle Trance+1","Clash+1","Rage+1","Seeing Red+1","Feel No Pain+1","Sever Soul+1"],"relics":["Burning Blood","Matryoshka","Golden Idol","Bronze Scales","Red Skull","Runic Cube","Medical Kit","Juzu Bracelet","MutagenicStrength","TungstenRod","MawBank","Red Mask","Dead Branch","Astrolabe","Membership Card","Gremlin Horn"],"acts_visited":["Exordium","TheCity","TheBeyond"],"potions_floor_usage":[],"damage_taken":[{"damage":3.0,"enemies":"2 Louse","floor":1.0,"turns":2.0},{"damage":13.0,"enemies":"Jaw Worm","floor":5.0,"turns":4.0},{"damage":0.0,"enemies":"Small Slimes","floor":7.0,"turns":3.0},{"damage":8.0,"enemies":"3 Louse","floor":10.0,"turns":2.0},{"damage":0.0,"enemies":"Exordium Thugs","floor":11.0,"turns":2.0},{"damage":0.0,"enemies":"Lots of Slimes","floor":14.0,"turns":1.0},{"damage":23.0,"enemies":"Slime Boss","floor":16.0,"turns":4.0},{"damage":14.0,"enemies":"Shell Parasite","floor":18.0,"turns":4.0},{"damage":25.0,"enemies":"Slavers","floor":23.0,"turns":4.0},{"damage":0.0,"enemies":"3 Byrds","floor":24.0,"turns":2.0},{"damage":4.0,"enemies":"Masked Bandits","floor":28.0,"turns":4.0},{"damage":14.0,"enemies":"Centurion and Healer","floor":29.0,"turns":4.0},{"damage":14.0,"enemies":"Sentry and Sphere","floor":30.0,"turns":4.0},{"damage":0.0,"enemies":"Book of Stabbing","floor":31.0,"turns":3.0},{"damage":65.0,"enemies":"Champ","floor":33.0,"turns":11.0},{"damage":13.0,"enemies":"3 Shapes","floor":35.0,"turns":3.0},{"damage":33.0,"enemies":"3 Darklings","floor":36.0,"turns":7.0},{"damage":8.0,"enemies":"Writhing Mass","floor":37.0,"turns":4.0},{"damage":19.0,"enemies":"Maw","floor":41.0,"turns":5.0},{"damage":0,"enemies":"Transient","floor":46,"turns":3}],"seed_played":"-8782145965352940431","potions_obtained":[{"floor":5.0,"key":"AttackPotion"},{"floor":10.0,"key":"FairyPotion"},{"floor":13.0,"key":"AttackPotion"},{"floor":16.0,"key":"AttackPotion"},{"floor":23.0,"key":"LiquidMemories"},{"floor":28.0,"key":"BloodPotion"},{"floor":33.0,"key":"DuplicationPotion"}],"is_trial":false,"path_per_floor":["M","?","?","?","M","R","M","R","T","M","M","?","?","M","R","B",null,"M","?","$","?","?","E","M","R","T","?","?","M","M","E","R","B",null,"M","M","M","$","?","R","M","?","T","?","?","M"],"character_chosen":"IRONCLAD","items_purchased":["Medical Kit","Juzu Bracelet","Membership Card"],"campfire_rested":2,"item_purchase_floors":[20,20,38],"current_hp_per_floor":[59,34,23,23,16,16,22,22,22,20,26,26,26,32,54,37,65,57,57,57,57,57,38,44,44,44,44,46,38,30,36,58,13,59,52,25,23,23,23,23,10,10,10,10,10,10,10],"gold":716,"neow_bonus":"TRANSFORM_TWO_CARDS","is_daily":false,"chose_seed":false,"campfire_upgraded":3,"win_rate":0.0,"timestamp":1611340362,"path_taken":["M","?","?","?","M","R","M","R","T","M","M","?","?","M","R","BOSS","M","?","?","?","?","E","M","R","T","?","?","M","M","E","R","BOSS","M","M","M","$","?","R","M","?","T","?","?","M"],"items_purchased_type":["Relic","Relic","Relic"],"build_version":"2020-12-22","purchased_purges":1,"victory":false,"max_hp_per_floor":[80,80,80,74,74,74,74,74,74,74,74,74,74,74,74,74,74,74,74,74,74,74,74,74,74,74,74,74,74,74,74,74,74,74,74,74,74,71,71,71,71,71,71,71,71,71,71],"relic_stats":{"Gremlin Horn":[0,0],"counters":[20,76],"Golden Idol":122,"Dead Branch":[18],"Astrolabe":["Feel No Pain","Metallicize","Sever Soul"],"Juzu Bracelet":3,"Medical Kit":[6],"MawBank":144,"Burning Blood":114,"Bronze Scales":[171],"obtain_stats":[{"Gremlin Horn":43,"Golden Idol":4,"Dead Branch":31,"Astrolabe":34,"Juzu Bracelet":20,"Medical Kit":20,"MawBank":26,"Burning Blood":0,"Matryoshka":2,"Bronze Scales":9,"MutagenicStrength":21,"Red Mask":28,"Membership Card":38,"Red Skull":9,"TungstenRod":23,"Runic Cube":17},{"Gremlin Horn":19,"Golden Idol":1,"Dead Branch":14,"Astrolabe":15,"Juzu Bracelet":8,"Medical Kit":8,"MawBank":10,"Burning Blood":0,"Matryoshka":1,"Bronze Scales":3,"MutagenicStrength":8,"Red Mask":11,"Membership Card":18,"Red Skull":3,"TungstenRod":9,"Runic Cube":7},{"Gremlin Horn":73,"Golden Idol":2,"Dead Branch":43,"Astrolabe":54,"Juzu Bracelet":22,"Medical Kit":22,"MawBank":28,"Burning Blood":0,"Matryoshka":2,"Bronze Scales":9,"MutagenicStrength":22,"Red Mask":32,"Membership Card":68,"Red Skull":9,"TungstenRod":26,"Runic Cube":18}],"TungstenRod":35,"Runic Cube":[28]},"card_choices":[{"not_picked":["Perfected Strike","Clothesline","Dropkick"],"picked":"SKIP","floor":1.0},{"not_picked":["Headbutt","Fire Breathing"],"picked":"Cleave","floor":5.0},{"not_picked":["Dual Wield","Metallicize","Heavy Blade"],"picked":"SKIP","floor":7.0},{"not_picked":["Spot Weakness","Thunderclap"],"picked":"Battle Trance","floor":10.0},{"not_picked":["Headbutt","Clothesline","Body Slam"],"picked":"SKIP","floor":11.0},{"not_picked":["Armaments","Heavy Blade"],"picked":"Clash","floor":14.0},{"not_picked":["Iron Wave","Headbutt"],"picked":"Rage+1","floor":18.0},{"not_picked":["True Grit+1","Bludgeon","Hemokinesis+1"],"picked":"SKIP","floor":23.0},{"not_picked":["Spot Weakness+1","Flame Barrier+1","Pommel Strike"],"picked":"SKIP","floor":24.0},{"not_picked":["Shrug It Off","Perfected Strike+1","Thunderclap+1"],"picked":"SKIP","floor":29.0},{"not_picked":["Pummel+1","Power Through+1","Iron Wave"],"picked":"SKIP","floor":30.0},{"not_picked":["Impervious","Dual Wield"],"picked":"Seeing Red+1","floor":31.0},{"not_picked":["Spot Weakness+1","Sword Boomerang+1","Cleave"],"picked":"SKIP","floor":35.0},{"not_picked":["Fire Breathing","Dual Wield","Armaments"],"picked":"SKIP","floor":36.0},{"not_picked":["Thunderclap","Second Wind","Warcry+1"],"picked":"SKIP","floor":37.0},{"not_picked":["Seeing Red+1","Bloodletting","Body Slam"],"picked":"SKIP","floor":41.0}],"player_experience":158748,"relics_obtained":[{"floor":9.0,"key":"Bronze Scales"},{"floor":9.0,"key":"Red Skull"},{"floor":23.0,"key":"TungstenRod"},{"floor":26.0,"key":"MawBank"},{"floor":28.0,"key":"Red Mask"},{"floor":31.0,"key":"Dead Branch"},{"floor":43.0,"key":"Gremlin Horn"}],"event_choices":[{"damage_healed":0.0,"max_hp_gain":0.0,"max_hp_loss":0.0,"gold_gain":0.0,"event_name":"Scrap Ooze","player_choice":"Success","floor":2.0,"gold_loss":0.0,"damage_taken":25.0,"relics_obtained":["Matryoshka"]},{"damage_healed":0.0,"max_hp_gain":0.0,"max_hp_loss":0.0,"gold_gain":75.0,"event_name":"World of Goop","player_choice":"Gather Gold","floor":3.0,"gold_loss":0.0,"damage_taken":11.0},{"damage_healed":0.0,"max_hp_gain":0.0,"max_hp_loss":6.0,"gold_gain":0.0,"event_name":"Golden Idol","player_choice":"Lose Max HP","floor":4.0,"gold_loss":0.0,"damage_taken":0.0,"relics_obtained":["Golden Idol"]},{"damage_healed":0.0,"max_hp_gain":0.0,"max_hp_loss":0.0,"gold_gain":0.0,"event_name":"Shining Light","player_choice":"Ignored","floor":12.0,"gold_loss":0.0,"damage_taken":0.0},{"damage_healed":0.0,"max_hp_gain":0.0,"max_hp_loss":0.0,"gold_gain":0.0,"event_name":"Lab","player_choice":"Got Potions","floor":13.0,"gold_loss":0.0,"damage_taken":0.0},{"cards_removed":["Defend_R"],"damage_healed":0.0,"max_hp_gain":0.0,"max_hp_loss":0.0,"gold_gain":0.0,"event_name":"Designer","player_choice":"Upgrade and Remove","floor":19.0,"gold_loss":90.0,"damage_taken":0.0,"cards_upgraded":["Battle Trance"]},{"damage_healed":0.0,"max_hp_gain":0.0,"max_hp_loss":0.0,"gold_gain":0.0,"event_name":"Drug Dealer","player_choice":"Inject Mutagens","floor":21.0,"gold_loss":0.0,"damage_taken":0.0,"relics_obtained":["MutagenicStrength"]},{"damage_healed":0.0,"max_hp_gain":0.0,"max_hp_loss":0.0,"gold_gain":0.0,"event_name":"Match and Keep!","player_choice":"0 cards matched","floor":22.0,"gold_loss":0.0,"damage_taken":0.0,"cards_obtained":[]},{"damage_healed":0.0,"max_hp_gain":0.0,"max_hp_loss":0.0,"gold_gain":0.0,"event_name":"Match and Keep!","player_choice":"0 cards matched","floor":22.0,"gold_loss":0.0,"damage_taken":0.0,"cards_obtained":[]},{"cards_removed":["Defend_R"],"damage_healed":0.0,"max_hp_gain":0.0,"max_hp_loss":0.0,"gold_gain":0.0,"event_name":"Back to Basics","player_choice":"Elegance","floor":27.0,"gold_loss":0.0,"damage_taken":0.0},{"damage_healed":0.0,"max_hp_gain":0.0,"max_hp_loss":0.0,"gold_gain":0.0,"event_name":"Masked Bandits","player_choice":"Fought Bandits","floor":28.0,"gold_loss":0.0,"damage_taken":0.0},{"damage_healed":0.0,"max_hp_gain":0.0,"max_hp_loss":0.0,"gold_gain":222.0,"event_name":"Tomb of Lord Red Mask","player_choice":"Wore Mask","floor":39.0,"gold_loss":0.0,"damage_taken":0.0},{"damage_healed":0.0,"max_hp_gain":0.0,"max_hp_loss":0.0,"gold_gain":0.0,"event_name":"Upgrade Shrine","player_choice":"Upgraded","floor":42.0,"gold_loss":0.0,"damage_taken":0.0,"cards_upgraded":["Strike_R"]},{"damage_healed":0.0,"max_hp_gain":0.0,"max_hp_loss":0.0,"gold_gain":0.0,"event_name":"Mysterious Sphere","player_choice":"Ignored","floor":44.0,"gold_loss":0.0,"damage_taken":0.0},{"cards_removed":["Metallicize"],"damage_healed":0.0,"max_hp_gain":0.0,"max_hp_loss":0.0,"gold_gain":0.0,"event_name":"Falling","player_choice":"Removed Power","floor":45.0,"gold_loss":0.0,"damage_taken":0.0}],"is_beta":false,"boss_relics":[{"not_picked":["Runic Pyramid","Velvet Choker"],"picked":"Runic Cube"},{"not_picked":["Snecko Eye","Busted Crown"],"picked":"Astrolabe"}],"items_purged_floors":[38],"is_endless":false,"potions_floor_spawned":[5,10,16,23,28,29,33,36],"killed_by":"Transient","ascension_level":5}}