{"host":"gvmmh8a4dbuurnvz","time":1611306509,"event":{"mods":["AchievementEnabler","Aspiration","BaseMod","Better Vampires","BetterRewards","Colored Powertips","Highlight Path","Minty Spire (QoL Compilation)","MostiFishMod","Spicy Shops","StSLib","¡¾ÒÅÎï¿¨ÅÆ¡¿REMEMod"],"gold_per_floor":[111,126,139,156,56,89,89,116,142,171,191,191,224,224,224,298,298,313,252,252,276,101,127,127,161,161,179,179,179,179,200,200,281,281,301,301,316,334,334,334,365,365,365,365,390,426,426,449,449,458,458,458,458,487,487],"floor_reached":56,"language":"ZHS","playtime":1322,"items_purged":["Defend_R","Strike_R","Doubt","Strike_R","Strike_R","Bash","Strike_R","MostiFishMod:NewArrival+1","Body Slam+1","Spot Weakness+1","Defend_R+1"],"score":3213,"play_id":"4063d4ae-4185-4b97-85dd-8880ed3c487e","local_time":"20210122170829","is_ascension_mode":true,"campfire_choices":[{"data":"MostiFishMod:CullingBlade","floor":7,"key":"SMITH"},{"data":"REME_AllRoundStrike","floor":12,"key":"SMITH"},{"floor":15,"key":"RECALL"},{"data":"Spot Weakness","floor":24,"key":"SMITH"},{"data":"MostiFishMod:KingOfFree","floor":29,"key":"SMITH"},{"data":"Defend_R","floor":32,"key":"SMITH"},{"floor":40,"key":"REST"},{"floor":44,"key":"REST"},{"floor":49,"key":"REST"},{"floor":52,"key":"REST"}],"circlet_count":0,"master_deck":["AscendersBane","REME_AllRoundStrike+1","MostiFishMod:KingOfFree+1","MostiFishMod:CullingBlade+1","MostiFishMod:RacingGame+1","Impervious+1"],"relics":["Burning Blood","REME_ComplimentaryCards","DaveBox","Oddly Smooth Stone","BirthdayGift-Icosahedron","Civilization","SynthV:TestCard","aspiration:AnachronicSnailShell","Toxic Egg 2","Potion Belt","Gremlin Horn","ShadowXiaoBlade","DiscerningMonocle","aspiration:HummingbirdHeart","Bag of Marbles","Lee\u0027s Waffle","aspiration:StickyExplosives_weak","Mummified Hand","aspiration:FetidBarrel","ClockworkSouvenir","Prayer Wheel","FossilizedHelix","Vajra","Akabeko","Orrery","OrangePellets","Bag of Preparation","Paper Frog","TungstenRod","Molten Egg 2","Tiny Chest","Red Skull","BrkXgEgg","Blood Vial","Bottled Lightning","Medical Kit","Astrolabe","HornCleat","ImprovedEquipment","Pear","Happy Flower","Shuriken","Ornamental Fan","Lantern","Sling","Strawberry","War Paint","BirthdayGift-Tetrahedron","Orichalcum","Whetstone","MetatronsCube","Lizard Tail"],"acts_visited":["Exordium","TheCity","TheBeyond","TheEnding"],"potions_floor_usage":[18,18,23,30,55,55,55],"damage_taken":[{"damage":0,"enemies":"Jaw Worm","floor":1,"turns":2},{"damage":0,"enemies":"Cultist","floor":2,"turns":2},{"damage":0,"enemies":"2 Louse","floor":3,"turns":1},{"damage":0,"enemies":"Exordium Thugs","floor":4,"turns":1},{"damage":0,"enemies":"Lagavulin","floor":6,"turns":1},{"damage":0,"enemies":"Gremlin Nob","floor":8,"turns":1},{"damage":0,"enemies":"3 Sentries","floor":10,"turns":2},{"damage":0,"enemies":"Large Slime","floor":11,"turns":1},{"damage":0,"enemies":"Gremlin Nob","floor":13,"turns":2},{"damage":0,"enemies":"Slime Boss","floor":16,"turns":1},{"damage":0,"enemies":"Shell Parasite","floor":18,"turns":1},{"damage":0,"enemies":"Book of Stabbing","floor":23,"turns":1},{"damage":0,"enemies":"Slavers","floor":25,"turns":2},{"damage":0,"enemies":"Chosen","floor":27,"turns":1},{"damage":0,"enemies":"Snake Plant","floor":31,"turns":1},{"damage":0,"enemies":"Collector","floor":33,"turns":1},{"damage":0,"enemies":"Orb Walker","floor":35,"turns":1},{"damage":0,"enemies":"3 Shapes","floor":37,"turns":1},{"damage":0,"enemies":"3 Darklings","floor":38,"turns":1},{"damage":0,"enemies":"Reptomancer","floor":41,"turns":1},{"damage":0,"enemies":"Spire Growth","floor":45,"turns":1},{"damage":0,"enemies":"Giant Head","floor":46,"turns":1},{"damage":0,"enemies":"Awakened One","floor":50,"turns":2},{"damage":0,"enemies":"Shield and Spear","floor":54,"turns":1},{"damage":0,"enemies":"The Heart","floor":55,"turns":1}],"seed_played":"3930162435114907222","potions_obtained":[{"floor":2,"key":"Weak Potion"},{"floor":3,"key":"DistilledChaos"},{"floor":10,"key":"Energy Potion"},{"floor":16,"key":"EntropicBrew"},{"floor":18,"key":"LiquidMemories"},{"floor":31,"key":"FearPotion"},{"floor":41,"key":"BlessingOfTheForge"},{"floor":54,"key":"SteroidPotion"}],"is_trial":false,"path_per_floor":["M","M","M","M","$","E","R","E","T","E","M","R","E","?","R","B",null,"M","$","?","T","$","E","R","E","T","M","$","R","$","M","R","B",null,"M","$","M","M","$","R","E","?","T","R","M","E","$","T","R","B",null,"R","$","E","B",null],"character_chosen":"IRONCLAD","items_purchased":["Oddly Smooth Stone","BirthdayGift-Icosahedron","Civilization","Spot Weakness","MostiFishMod:KingOfFree","DiscerningMonocle","aspiration:HummingbirdHeart","Bag of Marbles","Lee\u0027s Waffle","aspiration:StickyExplosives_weak","Mummified Hand","aspiration:FetidBarrel","ClockworkSouvenir","Prayer Wheel","Orrery","OrangePellets","Bag of Preparation","Paper Frog","TungstenRod","Molten Egg 2","Swift Potion","Tiny Chest","Red Skull","BrkXgEgg","Blood Vial","Bottled Lightning","Medical Kit","REME_GoldPotion","HornCleat","Energy Potion","Strength Potion","ImprovedEquipment","Pear","Happy Flower","Sling","Strawberry","BirthdayGift-Tetrahedron","Orichalcum","Whetstone","MetatronsCube"],"campfire_rested":4,"item_purchase_floors":[0,0,0,0,0,19,19,19,19,19,22,22,22,22,28,28,28,28,28,28,28,30,30,30,30,30,30,30,36,36,36,39,39,39,47,47,53,53,53,53],"current_hp_per_floor":[80,83,87,92,92,97,97,102,102,107,112,112,117,117,117,122,122,127,134,134,134,134,139,139,144,144,149,149,149,149,154,154,159,159,164,164,169,174,184,184,189,189,189,189,194,199,206,206,206,211,211,211,211,216,221],"gold":487,"neow_bonus":"","is_daily":false,"chose_seed":false,"campfire_upgraded":5,"win_rate":0.0,"timestamp":1611306509,"path_taken":["M","M","M","M","$","E","R","E","T","E","M","R","E","?","R","BOSS","M","?","?","?","$","E","R","E","T","?","$","R","$","M","R","BOSS","M","$","M","?","$","R","E","?","T","R","M","E","?","?","R","BOSS","R","$","E","BOSS"],"items_purchased_type":["Relic","Relic","Relic","Card","Card","Relic","Relic","Relic","Relic","Relic","Relic","Relic","Relic","Relic","Relic","Relic","Relic","Relic","Relic","Relic","Potion","Relic","Relic","Relic","Relic","Relic","Relic","Potion","Relic","Potion","Potion","Relic","Relic","Relic","Relic","Relic","Relic","Relic","Relic","Relic"],"build_version":"2020-12-22","purchased_purges":11,"victory":true,"max_hp_per_floor":[81,83,87,92,92,97,97,102,102,107,112,112,117,117,117,122,122,127,134,134,134,134,139,139,144,144,149,149,149,149,154,154,159,159,164,164,169,174,184,184,189,189,189,189,194,199,206,206,206,211,211,211,211,216,221],"card_choices":[{"not_picked":["Thunderclap","Warcry","Iron Wave"],"picked":"SKIP","floor":1},{"not_picked":["Whirlwind","Dropkick","Flex","Inflame"],"picked":"MostiFishMod:CullingBlade","floor":2},{"not_picked":["MostiFishMod:#F4004","Sword Boomerang","Sentinel","Spot Weakness","Seeing Red"],"picked":"SKIP","floor":3},{"not_picked":["Rage","Dual Wield","Perfected Strike","Cleave","Wild Strike"],"picked":"SKIP","floor":4},{"not_picked":["Wild Strike","True Grit","Iron Wave","Sword Boomerang","Pommel Strike"],"picked":"SKIP","floor":6},{"not_picked":["MostiFishMod:#F4004+1","True Grit+1","Disarm+1","Entrench+1"],"picked":"MostiFishMod:RacingGame+1","floor":8},{"not_picked":["Thunderclap","Pommel Strike","Body Slam","Warcry+1","Perfected Strike"],"picked":"SKIP","floor":10},{"not_picked":["Perfected Strike","Ghostly Armor+1","Searing Blow","Clothesline","Flex+1"],"picked":"SKIP","floor":11},{"not_picked":["Headbutt","Combust","Dual Wield+1","Clash","Impervious+1"],"picked":"SKIP","floor":13},{"not_picked":["Perfected Strike","Feel No Pain","Iron Wave","Dual Wield+1","Heavy Blade"],"picked":"SKIP","floor":18},{"not_picked":["Pommel Strike","Spot Weakness+1","Armaments+1","Wild Strike","Demon Form"],"picked":"SKIP","floor":23},{"not_picked":["Rupture","Clash","Intimidate+1","Shrug It Off+1","Pummel"],"picked":"SKIP","floor":25},{"not_picked":["Warcry+1","Hemokinesis","Shrug It Off+1","Perfected Strike","Armaments+1"],"picked":"SKIP","floor":27},{"not_picked":["Flex+1","Shrug It Off+1","Dropkick+1","Spot Weakness+1","Hemokinesis"],"picked":"SKIP","floor":27},{"not_picked":["REME_FearOfPain+1","Headbutt+1","Perfected Strike+1","Uppercut+1","Clash+1"],"picked":"SKIP","floor":31},{"not_picked":["Armaments+1","Sword Boomerang+1","Flex+1","Burning Pact+1","Cleave+1"],"picked":"SKIP","floor":31},{"not_picked":["Body Slam+1","REME_FearOfPain","Heavy Blade+1","True Grit+1","Thunderclap+1"],"picked":"SKIP","floor":35},{"not_picked":["Infernal Blade+1","Armaments+1","Feel No Pain","Pommel Strike+1","Clash+1"],"picked":"SKIP","floor":35},{"not_picked":["True Grit+1","MostiFishMod:DarkDeal+1","Thunderclap+1","Warcry+1","Second Wind+1"],"picked":"SKIP","floor":37},{"not_picked":["Sentinel+1","Ghostly Armor+1","Clothesline+1","Armaments+1","REME_Cut"],"picked":"SKIP","floor":37},{"not_picked":["Rupture","Sword Boomerang+1","Fiend Fire+1","REME_FearOfPain","Dark Embrace"],"picked":"SKIP","floor":38},{"not_picked":["True Grit+1","Inflame+1","Sword Boomerang+1","Feel No Pain+1","Shockwave+1"],"picked":"SKIP","floor":38},{"not_picked":["REME_SingleHolding+1","REME_Scribble+1","Shrug It Off+1","Twin Strike+1","Iron Wave+1"],"picked":"SKIP","floor":41},{"not_picked":["Thunderclap+1","Hemokinesis+1","Anger+1","Shockwave+1","Feel No Pain"],"picked":"SKIP","floor":45},{"not_picked":["Clash+1","Flex+1","Feel No Pain+1","Body Slam+1","Disarm+1"],"picked":"SKIP","floor":45},{"not_picked":["Uppercut+1","REME_ACTH+1","Ghostly Armor+1","Dual Wield+1","Clothesline+1"],"picked":"SKIP","floor":46},{"not_picked":["Power Through+1","Iron Wave+1","Thunderclap+1","Feel No Pain","Cleave+1"],"picked":"SKIP","floor":54}],"player_experience":284848,"relics_obtained":[{"floor":1,"key":"SynthV:TestCard"},{"floor":6,"key":"aspiration:AnachronicSnailShell"},{"floor":8,"key":"Toxic Egg 2"},{"floor":9,"key":"Potion Belt"},{"floor":13,"key":"Gremlin Horn"},{"floor":23,"key":"FossilizedHelix"},{"floor":25,"key":"Vajra"},{"floor":26,"key":"Akabeko"},{"floor":41,"key":"Shuriken"},{"floor":43,"key":"Ornamental Fan"},{"floor":46,"key":"Lantern"},{"floor":48,"key":"War Paint"},{"floor":54,"key":"Lizard Tail"}],"event_choices":[{"damage_healed":0,"gold_gain":0,"player_choice":"0 cards matched","damage_taken":0,"max_hp_gain":0,"max_hp_loss":0,"event_name":"Match and Keep!","floor":14,"gold_loss":0,"cards_obtained":[]},{"damage_healed":44,"gold_gain":0,"player_choice":"Heal","damage_taken":0,"max_hp_gain":0,"max_hp_loss":0,"event_name":"The Library","floor":20,"gold_loss":0},{"damage_healed":0,"gold_gain":0,"player_choice":"Ignored","damage_taken":0,"max_hp_gain":0,"max_hp_loss":0,"event_name":"SecretPortal","floor":42,"gold_loss":0}],"is_beta":false,"boss_relics":[{"not_picked":["TimeKeys","TakeMeEscape"],"picked":"ShadowXiaoBlade"},{"not_picked":["REME_DemonsWealth","Tiny House"],"picked":"Astrolabe"}],"items_purged_floors":[0,5,19,22,22,28,30,36,39,47,53],"is_endless":false,"potions_floor_spawned":[2,3,8,10,16,18,31,41,45,54],"ascension_level":13}}