{"host":"c2p2isezsqpgoqg6","time":1611349969,"event":{"mods":["BaseMod","BetterRewards","Colored Map","DeckTracker","Minty Spire (QoL Compilation)","Quick Restart","StSLib","SuperFastMode","The Exalted","The Jungle"],"gold_per_floor":[116,130,107,126,139,139,170,170,170,190,208,208,220,220,244,244,342,342,352,352,369,386,404,404,421,437,437,463,463,482,494,504,523,523,621,621,632,647,647,142,142,142,142,142],"floor_reached":43,"language":"ENG","playtime":1166,"items_purged":["Bromod:Strike_Bro+1"],"score":563,"play_id":"9e5570ab-3ea1-4974-aa59-7cf121465dd9","local_time":"20210122221249","is_ascension_mode":false,"campfire_choices":[{"data":"Bromod:HeatedCharge","floor":6,"key":"SMITH"},{"data":"Bromod:NorthWind","floor":12,"key":"SMITH"},{"floor":16,"key":"REST"},{"floor":24,"key":"REST"},{"data":"Bromod:SteelCharge","floor":29,"key":"SMITH"},{"floor":34,"key":"REST"},{"data":"Bromod:LethalTorrent","floor":42,"key":"SMITH"}],"circlet_count":0,"master_deck":["Bromod:Defend_Bro","Bromod:Defend_Bro","Bromod:Defend_Bro","Bromod:Defend_Bro","Bromod:SlashDash","Bromod:SlashDash","Bromod:SlashDash+1","Bromod:NorthWind+1","Bromod:HeatedCharge+1","Bromod:SteelFiber","Bromod:OrganShatter","Bromod:JaggedEdge","Bromod:RelentlessCombination+1","Bromod:ArchwingLauncher","Bromod:ContagiousSpread","Bromod:Blaze+1","Bromod:Stormbringer+1","Bromod:OrganShatter+1","Bromod:Vitality+1","Bromod:SteelCharge+1","Bromod:SteelFiber+1","Bromod:HeatedCharge+1","Bromod:LethalTorrent+1","Bromod:SteelFiber","Panache"],"relics":["Bromod:Ordis","Bromod:AscarisDevice","Tiny Chest","Toxic Egg 2","Bronze Scales","Bromod:ArcaneGrace","Whetstone","Bromod:ArcaneNullifier","Busted Crown","Molten Egg 2","Shuriken"],"acts_visited":["Exordium","Exordium","TheBeyond"],"potions_floor_usage":[23,30,32,32,33,35],"damage_taken":[{"damage":3,"enemies":"2 Louse","floor":1,"turns":3},{"damage":0,"enemies":"Cultist","floor":2,"turns":3},{"damage":0,"enemies":"Small Slimes","floor":4,"turns":3},{"damage":7,"enemies":"Exordium Thugs","floor":5,"turns":2},{"damage":21,"enemies":"Lagavulin","floor":7,"turns":6},{"damage":3,"enemies":"Red Slaver","floor":10,"turns":3},{"damage":0,"enemies":"Gremlin Gang","floor":11,"turns":3},{"damage":7,"enemies":"3 Louse","floor":13,"turns":2},{"damage":12,"enemies":"The Guardian","floor":17,"turns":7},{"damage":16,"enemies":"theJungle:GiantWrat","floor":19,"turns":4},{"damage":17,"enemies":"Shell Parasite","floor":21,"turns":4},{"damage":53,"enemies":"theJungle:2_Flameangoes","floor":22,"turns":6},{"damage":12,"enemies":"theJungle:JungleHuntersEncounter","floor":23,"turns":6},{"damage":1,"enemies":"theJungle:Snecko_Cultist_And_Trap","floor":25,"turns":4},{"damage":0,"enemies":"theJungle:Lyon","floor":26,"turns":5},{"damage":30,"enemies":"theJungle:2_Snecko_Cultists","floor":30,"turns":4},{"damage":0,"enemies":"theJungle:SlimyTreeVines","floor":31,"turns":5},{"damage":16,"enemies":"theJungle:JungleHuntersEncounter","floor":32,"turns":5},{"damage":2,"enemies":"theJungle:2_Snecko_Cultists","floor":33,"turns":5},{"damage":14,"enemies":"theJungle:FunGuy","floor":35,"turns":8},{"damage":27,"enemies":"3 Darklings","floor":37,"turns":5},{"damage":39,"enemies":"3 Shapes","floor":38,"turns":3},{"damage":90,"enemies":"Nemesis","floor":43,"turns":4}],"seed_played":"-8155546377286338634","potions_obtained":[{"floor":2,"key":"SpeedPotion"},{"floor":5,"key":"Bromod:Endo"},{"floor":11,"key":"ColorlessPotion"},{"floor":22,"key":"Fire Potion"},{"floor":26,"key":"SpeedPotion"},{"floor":30,"key":"Bromod:Forma"},{"floor":32,"key":"Fire Potion"}],"is_trial":true,"path_per_floor":["M","M","$","M","M","R","E","?","T","M","M","R","M","?","T","R","B",null,"M","?","M","M","M","R","M","M","T","T","R","M","M","M","M","R","B",null,"M","M","T","$","?","R","E"],"character_chosen":"THE_EXALTED","items_purchased":["Bromod:SteelFiber","Shuriken","Panache"],"campfire_rested":3,"item_purchase_floors":[3,40,40],"current_hp_per_floor":[72,72,72,72,65,65,44,44,44,41,41,41,34,34,34,56,44,75,60,60,49,24,21,43,42,42,42,42,42,14,20,17,16,38,28,75,54,18,18,18,66,66,0,0],"gold":142,"neow_bonus":"","is_daily":false,"chose_seed":false,"campfire_upgraded":4,"win_rate":0.0,"timestamp":1611349969,"path_taken":["M","M","$","M","M","R","E","?","T","?","M","R","M","?","?","R","BOSS","M","?","?","M","M","R","M","M","T","T","R","M","M","M","?","R","BOSS","M","M","?","$","?","R","E"],"items_purchased_type":["Card","Relic","Card"],"build_version":"2020-12-22","purchased_purges":1,"victory":false,"max_hp_per_floor":[75,75,75,75,75,75,75,75,75,75,75,75,75,75,75,75,75,75,75,75,75,75,75,75,75,75,75,75,75,75,75,75,75,75,75,75,75,75,75,75,66,66,66,66],"card_choices":[{"not_picked":["Bromod:PressurePoint","Bromod:FinishingTouch"],"picked":"Bromod:NorthWind","floor":1},{"not_picked":["Bromod:RelentlessCombination","Bromod:PointBlank"],"picked":"Bromod:HeatedCharge","floor":2},{"not_picked":["Bromod:KillingBlow","Bromod:FastHands"],"picked":"Bromod:OrganShatter","floor":4},{"not_picked":["Bromod:QuickDraw","Bromod:BriefRespite","Bromod:Patagium"],"picked":"SKIP","floor":5},{"not_picked":["Bromod:ShatteringImpact","Bromod:Reflection"],"picked":"Bromod:JaggedEdge","floor":7},{"not_picked":["Bromod:TargetCracker","Bromod:ShatteringImpact"],"picked":"Bromod:RelentlessCombination+1","floor":10},{"not_picked":["Bromod:Foundry","Bromod:FastHands+1"],"picked":"Bromod:ArchwingLauncher","floor":11},{"not_picked":["Bromod:Reflection+1","Bromod:BulletJump+1"],"picked":"Bromod:ContagiousSpread","floor":13},{"not_picked":["Bromod:Flow+1","Bromod:RadialJavelin"],"picked":"Bromod:Blaze+1","floor":17},{"not_picked":["Bromod:BodyCount","Bromod:OrganShatter"],"picked":"Bromod:Stormbringer+1","floor":19},{"not_picked":["Bromod:BodyCount","Bromod:TargetCracker"],"picked":"Bromod:OrganShatter+1","floor":21},{"not_picked":["Bromod:Maglev+1","Bromod:QuickDraw+1"],"picked":"Bromod:Vitality+1","floor":22},{"not_picked":["Bromod:ContagiousSpread","Bromod:FastHands+1"],"picked":"Bromod:SteelCharge","floor":23},{"not_picked":["Bromod:FastHands+1","Bromod:ArchwingLauncher","Bromod:TacticalPump+1"],"picked":"SKIP","floor":25},{"not_picked":["Bromod:SlipMagazine","Bromod:Patagium+1","Bromod:TargetCracker"],"picked":"SKIP","floor":26},{"not_picked":["Bromod:OrganShatter","Bromod:PressurePoint+1"],"picked":"Bromod:SteelFiber+1","floor":30},{"not_picked":["Bromod:ToxicFlight+1","Bromod:TargetCracker+1","Bromod:RelentlessCombination+1"],"picked":"SKIP","floor":31},{"not_picked":["Bromod:ReflexCoil+1","Bromod:SlipMagazine+1"],"picked":"Bromod:HeatedCharge+1","floor":32},{"not_picked":["Bromod:ShatteringImpact+1","Bromod:BulletJump+1","Bromod:QuickDraw+1"],"picked":"SKIP","floor":33},{"not_picked":["Bromod:QuickThinking","Bromod:SplitChamber+1"],"picked":"Bromod:LethalTorrent","floor":35},{"not_picked":["Bromod:PressurePoint+1"],"picked":"SKIP","floor":37},{"not_picked":[],"picked":"Bromod:SteelFiber","floor":38}],"player_experience":546661,"relics_obtained":[{"floor":7,"key":"Tiny Chest"},{"floor":9,"key":"Toxic Egg 2"},{"floor":15,"key":"Bronze Scales"},{"floor":27,"key":"Whetstone"},{"floor":28,"key":"Bromod:ArcaneNullifier"},{"floor":39,"key":"Molten Egg 2"}],"event_choices":[{"cards_removed":["Bromod:Strike_Bro"],"damage_healed":0,"gold_gain":0,"player_choice":"Offered Basic","damage_taken":0,"max_hp_gain":0,"max_hp_loss":0,"event_name":"Bonfire Elementals","floor":8,"gold_loss":0},{"damage_healed":0,"gold_gain":0,"player_choice":"Ignored","damage_taken":0,"max_hp_gain":0,"max_hp_loss":0,"event_name":"Liars Game","floor":14,"gold_loss":0},{"cards_removed":["Bromod:Strike_Bro"],"damage_healed":0,"gold_gain":0,"player_choice":"Purged","damage_taken":0,"max_hp_gain":0,"max_hp_loss":0,"event_name":"Purifier","floor":20,"gold_loss":0},{"damage_healed":66,"gold_gain":0,"player_choice":"Heal","damage_taken":0,"max_hp_gain":0,"max_hp_loss":9,"event_name":"The Moai Head","floor":41,"gold_loss":0}],"is_beta":false,"boss_relics":[{"not_picked":["Pandora\u0027s Box","Philosopher\u0027s Stone"],"picked":"Bromod:ArcaneGrace"},{"not_picked":["Runic Pyramid","Runic Dome"],"picked":"Busted Crown"}],"items_purged_floors":[40],"is_endless":true,"potions_floor_spawned":[2,5,11,22,26,30,32],"killed_by":"Nemesis","ascension_level":0}}