{"host":"zxd2l8an9de7z7b9","time":1611319084,"event":{"mods":["100% Spire Juice","2.2 Compatiblity","Arknights The Spire","BaseMod","CapriCore","Colored Map","Colored Powertips","GungeonMod","Minty Spire (QoL Compilation)","Rare Cards Sparkle","StSLib","SuperFastMode"],"gold_per_floor":[211,311,321,332,113,145,145,320,320,332,282,282,142,155,155,255,255,270,270,280,295,170,199,199,199,199,233,233,263,263,33,33,131,131,144,107,127,127,127,127,137,137,162,180,195,228,80,80,80,80],"floor_reached":51,"language":"KOR","playtime":2568,"items_purged":["Strike_P","Defend_P","Defend_P","Strike_P"],"score":811,"play_id":"8e1f55c7-2dbf-4758-80a6-f8cc3a129107","local_time":"20210122213804","is_ascension_mode":false,"campfire_choices":[{"data":"Eruption","floor":7.0,"key":"SMITH"},{"data":"Wallop","floor":12.0,"key":"SMITH"},{"data":"Judgement","floor":15.0,"key":"SMITH"},{"data":"Vault","floor":25.0,"key":"SMITH"},{"floor":28.0,"key":"REST"},{"data":"Establishment","floor":30.0,"key":"SMITH"},{"data":"MentalFortress","floor":32.0,"key":"SMITH"},{"data":"MasterReality","floor":40.0,"key":"SMITH"},{"data":"Forethought","floor":42.0,"key":"SMITH"},{"floor":49,"key":"REST"}],"circlet_count":0,"master_deck":["Strike_P+1","Defend_P","Vigilance","FearNoEvil","ThirdEye","CarveReality+1","Wallop+1","MentalFortress+1","BattleHymn","Judgement+1","Vault+1","Consecrate+1","EmptyFist","Evaluate+1","Establishment+1","ClearTheMind+1","Vengeance","MasterReality+1","DeceiveReality","LikeWater","Protect+1","Forethought+1","Tantrum+1","TalkToTheHand+1","ThirdEye+1"],"relics":["HolyWater","Whetstone","DemoMod:WeirdEgg","Meat on the Bone","Empty Cage","Matryoshka","Blue Candle","Red Mask","Bag of Marbles","Ancient Tea Set","Damaru","DemoMod:BigBoy","Lantern","DemoMod:BlueGuonStone"],"acts_visited":["Exordium","TheCity","TheBeyond"],"potions_floor_usage":[46,50],"damage_taken":[{"damage":1.0,"enemies":"Jaw Worm","floor":1.0,"turns":4.0},{"damage":12.0,"enemies":"Cultist","floor":3.0,"turns":3.0},{"damage":0.0,"enemies":"Small Slimes","floor":4.0,"turns":4.0},{"damage":6.0,"enemies":"Gremlin Nob","floor":6.0,"turns":3.0},{"damage":4.0,"enemies":"3 Louse","floor":10.0,"turns":2.0},{"damage":3.0,"enemies":"Red Slaver","floor":14.0,"turns":5.0},{"damage":0.0,"enemies":"Slime Boss","floor":16.0,"turns":6.0},{"damage":8.0,"enemies":"3 Byrds","floor":18.0,"turns":4.0},{"damage":17.0,"enemies":"Chosen","floor":20.0,"turns":5.0},{"damage":21.0,"enemies":"Snecko","floor":21.0,"turns":7.0},{"damage":0.0,"enemies":"Gremlin Leader","floor":23.0,"turns":5.0},{"damage":0.0,"enemies":"Masked Bandits","floor":27.0,"turns":3.0},{"damage":5.0,"enemies":"Book of Stabbing","floor":29.0,"turns":5.0},{"damage":5.0,"enemies":"Champ","floor":33.0,"turns":8.0},{"damage":11.0,"enemies":"3 Darklings","floor":35.0,"turns":4.0},{"damage":7.0,"enemies":"Orb Walker","floor":37.0,"turns":4.0},{"damage":9.0,"enemies":"4 Shapes","floor":41.0,"turns":6.0},{"damage":6.0,"enemies":"Spire Growth","floor":44.0,"turns":5.0},{"damage":21.0,"enemies":"Writhing Mass","floor":45.0,"turns":6.0},{"damage":0,"enemies":"Giant Head","floor":46,"turns":7},{"damage":24,"enemies":"Donu and Deca","floor":50,"turns":10}],"seed_played":"-8619689388380592787","potions_obtained":[{"floor":3.0,"key":"ColorlessPotion"},{"floor":4.0,"key":"DemoMod:BlankPotion"},{"floor":16.0,"key":"Fire Potion"},{"floor":18.0,"key":"SpeedPotion"},{"floor":44.0,"key":"Regen Potion"},{"floor":45.0,"key":"FearPotion"},{"floor":46,"key":"Strength Potion"}],"is_trial":false,"path_per_floor":["M","?","M","M","$","E","R","?","T","M","?","R","$","M","R","B",null,"M","?","M","M","$","E","?","R","T","?","R","E","R","$","R","B",null,"M","$","M","?","?","R","M","R","T","M","M","E","$","T","R","B",null],"character_chosen":"WATCHER","items_purchased":["Whetstone","BattleHymn","Vengeance","LikeWater","Lantern"],"campfire_rested":2,"item_purchase_floors":[5,13,31,36,47],"current_hp_per_floor":[71,71,59,59,59,53,53,53,53,49,49,49,49,46,46,46,72,64,64,47,38,38,38,38,38,38,38,59,54,54,54,54,49,72,61,61,54,54,54,54,45,45,45,39,44,44,44,44,65,41],"gold":80,"neow_bonus":"HUNDRED_GOLD","is_daily":false,"chose_seed":false,"campfire_upgraded":8,"win_rate":0.0,"timestamp":1611319084,"path_taken":["M","?","?","M","$","E","R","?","T","M","?","R","$","M","R","BOSS","M","?","?","M","$","E","?","R","T","?","R","E","R","?","R","BOSS","M","?","?","?","?","R","M","R","T","M","M","E","$","?","R","BOSS"],"items_purchased_type":["Relic","Card","Card","Card","Relic"],"build_version":"2020-12-22","purchased_purges":4,"victory":true,"max_hp_per_floor":[72,72,72,72,72,72,72,72,72,72,72,72,72,72,72,72,72,72,72,72,72,72,72,72,72,72,72,72,72,72,72,72,72,72,72,72,72,72,72,72,72,72,72,72,72,72,72,72,72,72],"card_choices":[{"not_picked":["ClearTheMind","Study"],"picked":"FearNoEvil","floor":1.0},{"not_picked":["FlurryOfBlows","PathToVictory"],"picked":"ThirdEye","floor":3.0},{"not_picked":["Worship","FlurryOfBlows"],"picked":"CarveReality","floor":4.0},{"not_picked":["SashWhip","Pray"],"picked":"Wallop","floor":6.0},{"not_picked":["JustLucky","Evaluate"],"picked":"MentalFortress","floor":10.0},{"not_picked":["FlurryOfBlows","BowlingBash"],"picked":"Judgement","floor":14.0},{"not_picked":["DevaForm","Alpha"],"picked":"Vault","floor":16.0},{"not_picked":["Crescendo","Swivel"],"picked":"Consecrate+1","floor":18.0},{"not_picked":["WheelKick","FlyingSleeves"],"picked":"EmptyFist","floor":20.0},{"not_picked":["CutThroughFate","Meditate"],"picked":"Evaluate+1","floor":21.0},{"not_picked":["FlurryOfBlows","Study+1"],"picked":"Establishment","floor":23.0},{"not_picked":["Worship+1","FlurryOfBlows"],"picked":"ClearTheMind+1","floor":27.0},{"not_picked":["FlyingSleeves","Alpha","ReachHeaven+1"],"picked":"SKIP","floor":29.0},{"not_picked":["LessonLearned","Alpha"],"picked":"MasterReality","floor":33.0},{"not_picked":["Weave+1","FearNoEvil"],"picked":"DeceiveReality","floor":35.0},{"not_picked":["SashWhip","EmptyMind"],"picked":"Protect+1","floor":37.0},{"not_picked":["DemoMod:Invincible","Madness"],"picked":"Forethought","floor":39.0},{"not_picked":["CutThroughFate","Study"],"picked":"Tantrum+1","floor":41.0},{"not_picked":["WaveOfTheHand","TalkToTheHand+1","Swivel+1"],"picked":"SKIP","floor":44.0},{"not_picked":["WaveOfTheHand","Swivel+1"],"picked":"TalkToTheHand+1","floor":44.0},{"not_picked":["SashWhip","EmptyFist","Consecrate+1"],"picked":"SKIP","floor":45.0},{"not_picked":["SashWhip","EmptyFist","Consecrate+1"],"picked":"SKIP","floor":45.0},{"not_picked":["BowlingBash","Nirvana+1"],"picked":"ThirdEye+1","floor":46}],"player_experience":359049,"relics_obtained":[{"floor":6.0,"key":"DemoMod:WeirdEgg"},{"floor":9.0,"key":"Meat on the Bone"},{"floor":23.0,"key":"Matryoshka"},{"floor":26.0,"key":"Blue Candle"},{"floor":27.0,"key":"Red Mask"},{"floor":29.0,"key":"Bag of Marbles"},{"floor":43.0,"key":"Ancient Tea Set"},{"floor":43.0,"key":"Damaru"},{"floor":46,"key":"DemoMod:BigBoy"},{"floor":48,"key":"DemoMod:BlueGuonStone"}],"event_choices":[{"damage_healed":0.0,"max_hp_gain":0.0,"max_hp_loss":0.0,"gold_gain":100.0,"event_name":"Golden Shrine","player_choice":"Pray","floor":2.0,"gold_loss":0.0,"damage_taken":0.0},{"damage_healed":0.0,"max_hp_gain":0.0,"max_hp_loss":0.0,"gold_gain":175.0,"event_name":"Liars Game","player_choice":"AGREE","floor":8.0,"gold_loss":0.0,"damage_taken":0.0,"cards_obtained":["Doubt"]},{"cards_removed":["Doubt"],"damage_healed":0.0,"max_hp_gain":0.0,"max_hp_loss":0.0,"gold_gain":0.0,"event_name":"The Cleric","player_choice":"Card Removal","floor":11.0,"gold_loss":50.0,"damage_taken":0.0},{"damage_healed":0.0,"max_hp_gain":0.0,"max_hp_loss":0.0,"gold_gain":0.0,"event_name":"N\u0027loth","player_choice":"Ignored","floor":19.0,"gold_loss":0.0,"damage_taken":0.0},{"damage_healed":0.0,"max_hp_gain":0.0,"max_hp_loss":0.0,"gold_gain":0.0,"event_name":"Vampires","player_choice":"Ignored","floor":24.0,"gold_loss":0.0,"damage_taken":0.0},{"damage_healed":0.0,"max_hp_gain":0.0,"max_hp_loss":0.0,"gold_gain":0.0,"event_name":"Masked Bandits","player_choice":"Fought Bandits","floor":27.0,"gold_loss":0.0,"damage_taken":0.0},{"cards_removed":["Eruption"],"damage_healed":0.0,"max_hp_gain":0.0,"max_hp_loss":0.0,"gold_gain":0.0,"event_name":"Falling","player_choice":"Removed Attack","floor":38.0,"gold_loss":0.0,"damage_taken":0.0},{"damage_healed":0.0,"max_hp_gain":0.0,"max_hp_loss":0.0,"gold_gain":0.0,"event_name":"SensoryStone","player_choice":"Memory 1","floor":39.0,"gold_loss":0.0,"damage_taken":0.0}],"is_beta":false,"boss_relics":[{"not_picked":["Calling Bell","Black Star"],"picked":"Empty Cage"},{"not_picked":["Coffee Dripper","Tiny House"],"picked":"HolyWater"}],"items_purged_floors":[5,13,22,31],"is_endless":false,"potions_floor_spawned":[3,4,16,18,21,44,45,46],"ascension_level":0}}