{"host":"cw25u8qal1h0d7ia","time":1611337871,"event":{"mods":["BaseMod","Downfall","Minty Spire (QoL Compilation)","StSLib"],"gold_per_floor":[99,111,111,131,231,261,335,346,21,21,53,67,92,77,90,191,191,91,101,119,130,130,130,130,230,257,14,41,41,68,79,97,201,201,101,120,139,150,200,200,200,100,100,129,156,156,156,173,185,185,185,185,185,185],"floor_reached":52,"language":"ENG","playtime":4085,"items_purged":["downfall:Icky"],"score":739,"play_id":"423d7a11-761d-4fa6-928f-ed7e8c12414c","local_time":"20210122185111","is_ascension_mode":true,"campfire_choices":[{"data":"champ:Execute","floor":1,"key":"SMITH"},{"data":"champ:GladiatorStyle","floor":10,"key":"SMITH"},{"data":"champ:BladeFlurry","floor":18,"key":"SMITH"},{"data":"champ:BladeFlurry","floor":23,"key":"SMITH"},{"data":"champ:GladiatorStyle","floor":29,"key":"SMITH"},{"data":"champ:BladeFlurry","floor":35,"key":"SMITH"},{"floor":40,"key":"RECALL"},{"data":"champ:Taunt","floor":42,"key":"SMITH"},{"data":"champ:Defend","floor":47,"key":"SMITH"}],"circlet_count":0,"master_deck":["champ:Strike","champ:Strike","champ:Strike","champ:Strike","champ:Defend+1","champ:Defend+1","champ:Defend+1","champ:Defend","champ:Execute+1","champ:Taunt+1","champ:GladiatorStyle+1","champ:GladiatorStyle+1","champ:BladeFlurry+1","champ:BladeFlurry+1","Pride","downfall:Haunted","champ:BladeFlurry+1","Injury","Clumsy"],"relics":["champ:ChampionCrown","Tiny Chest","Mercury Hourglass","Bird Faced Urn","MealTicket","Nunchaku","Cursed Key","downfall:HeartBlessingGreen","Slimebound:StickyStick","Guardian:PocketSentry","Vajra","War Paint","Coffee Dripper","downfall:HeartBlessingBlue","Turnip","Juzu Bracelet","downfall:HeartBlessingRed","Boot","CeramicFish"],"acts_visited":["Exordium","TheCity","TheBeyond","TheEnding"],"potions_floor_usage":[11,16,16,16,26,44,44,48,50],"damage_taken":[{"damage":10,"enemies":"2 Louse","floor":2,"turns":3},{"damage":12,"enemies":"Cultist","floor":4,"turns":4},{"damage":15,"enemies":"Small Slimes","floor":8,"turns":3},{"damage":11,"enemies":"downfall:FleeingMerchant","floor":9,"turns":4},{"damage":28,"enemies":"Gremlin Nob","floor":11,"turns":3},{"damage":10,"enemies":"Blue Slaver","floor":12,"turns":4},{"damage":27,"enemies":"3 Sentries","floor":13,"turns":7},{"damage":10,"enemies":"downfall:FleeingMerchant","floor":14,"turns":4},{"damage":10,"enemies":"Red Slaver","floor":15,"turns":2},{"damage":70,"enemies":"IC_STATUS_ARCHETYPE","floor":16,"turns":6},{"damage":18,"enemies":"Spheric Guardian","floor":19,"turns":4},{"damage":0,"enemies":"Chosen","floor":20,"turns":3},{"damage":19,"enemies":"Shelled Parasite and Fungi","floor":21,"turns":4},{"damage":30,"enemies":"Gremlin Leader","floor":26,"turns":5},{"damage":21,"enemies":"downfall:FleeingMerchant","floor":27,"turns":4},{"damage":46,"enemies":"Slavers","floor":30,"turns":4},{"damage":21,"enemies":"Chosen and Byrds","floor":31,"turns":4},{"damage":10,"enemies":"Cultist and Chosen","floor":32,"turns":4},{"damage":50,"enemies":"WA_ARCHETYPE_CALM","floor":33,"turns":8},{"damage":9,"enemies":"Orb Walker","floor":36,"turns":3},{"damage":41,"enemies":"3 Darklings","floor":37,"turns":4},{"damage":25,"enemies":"Jaw Worm Horde","floor":38,"turns":4},{"damage":20,"enemies":"Jaw Worm Horde","floor":39,"turns":6},{"damage":64,"enemies":"Nemesis","floor":44,"turns":7},{"damage":12,"enemies":"Writhing Mass","floor":48,"turns":6},{"damage":22,"enemies":"3 Darklings","floor":49,"turns":5},{"damage":16,"enemies":"SI_POISON_ARCHETYPE","floor":50,"turns":7},{"damage":140,"enemies":"downfall:CharBossMerchant","floor":52,"turns":6}],"seed_played":"5186770568630918724","potions_obtained":[{"floor":2,"key":"Fire Potion"},{"floor":4,"key":"Energy Potion"},{"floor":12,"key":"champ:TechniquePotion"},{"floor":15,"key":"SkillPotion"},{"floor":20,"key":"Block Potion"},{"floor":30,"key":"champ:OpenerPotion"},{"floor":31,"key":"SteroidPotion"},{"floor":33,"key":"DuplicationPotion"},{"floor":48,"key":"sneckomod:MuddlingPotion"},{"floor":49,"key":"Strength Potion"}],"is_trial":false,"path_per_floor":["R","M","?","M","?","?","T","M","$","R","E","M","E","$","M","B",null,"R","M","M","M","?","R","T","?","E","$","T","R","E","M","M","B",null,"R","M","M","M","?","R","T","R","?","E","T","?","R","M","M","B",null,"E"],"character_chosen":"THE_CHAMP","items_purchased":["Bird Faced Urn","Guardian:PocketSentry"],"campfire_rested":0,"item_purchase_floors":[9,27],"current_hp_per_floor":[99,99,99,97,97,97,97,92,91,91,85,89,76,95,99,83,99,99,93,97,92,92,92,92,92,86,90,90,90,58,59,63,47,99,109,100,83,82,86,86,86,86,86,46,46,46,46,38,30,28,109,0,0,0],"gold":185,"neow_bonus":"TEN_PERCENT_HP_BONUS","is_daily":false,"chose_seed":false,"campfire_upgraded":8,"win_rate":0.0,"timestamp":1611337871,"path_taken":["R","M","?","?","?","?","T","M","?","R","E","M","E","$","M","BOSS","R","M","M","M","?","R","T","?","E","$","?","R","E","?","M","BOSS","R","M","M","M","?","R","T","R","?","E","?","?","R","M","M","BOSS","E"],"items_purchased_type":["Relic","Relic"],"build_version":"2020-12-22","purchased_purges":1,"victory":false,"max_hp_per_floor":[99,99,99,99,99,99,99,99,99,99,99,99,99,99,99,99,99,99,99,99,99,99,99,99,99,99,99,99,99,99,99,99,99,99,109,109,109,109,109,109,109,109,109,109,109,109,109,109,109,109,109,109,109,109],"card_choices":[{"not_picked":["champ:PerfectedStrike","champ:PreemptiveStrike"],"picked":"champ:GladiatorStyle","floor":2},{"not_picked":["champ:Endure","champ:Shatter","champ:EnragedBash"],"picked":"SKIP","floor":4},{"not_picked":["champ:FlashCut","champ:Circumvent","champ:FaceSlap"],"picked":"SKIP","floor":8},{"not_picked":["champ:StanceDance","champ:Circumvent","champ:BerserkersShout"],"picked":"SKIP","floor":9},{"not_picked":["champ:UltimateStance","champ:CrownThrow","champ:SkillfulDodge"],"picked":"SKIP","floor":11},{"not_picked":["champ:FaceSlap","champ:EnGarde","champ:PerfectedStrike"],"picked":"SKIP","floor":12},{"not_picked":["champ:DefensiveShout","champ:Backstep"],"picked":"champ:BladeFlurry","floor":13},{"not_picked":["champ:CrookedStrike","champ:PerfectedStrike"],"picked":"champ:BladeFlurry","floor":14},{"not_picked":["champ:RageSigil","champ:AdrenalArmor","champ:TornadoPunch"],"picked":"SKIP","floor":15},{"not_picked":["champ:PreemptiveStrike","champ:FanOfKnives","champ:EnGarde"],"picked":"SKIP","floor":19},{"not_picked":["champ:PreciseThrust","champ:EndlessRage","champ:AdrenalArmor"],"picked":"SKIP","floor":20},{"not_picked":["champ:Circumvent","champ:PreciseThrust+1","champ:RageSigil"],"picked":"SKIP","floor":21},{"not_picked":["champ:BerserkersShout","champ:FocusedDefense","champ:ViciousMockery"],"picked":"SKIP","floor":26},{"not_picked":["champ:FlashCut","champ:HoldFirm","champ:RapidStrikes"],"picked":"SKIP","floor":27},{"not_picked":["champ:FlashCut","champ:RapidStrikes"],"picked":"champ:BladeFlurry","floor":30},{"not_picked":["champ:AdrenalArmor+1","champ:CrownThrow","champ:Circumvent"],"picked":"SKIP","floor":31},{"not_picked":["champ:DefensiveStyle","champ:Devastate","champ:GutPunch+1"],"picked":"SKIP","floor":32},{"not_picked":["champ:PreciseThrust+1","champ:ShieldSigil","champ:GutPunch+1"],"picked":"SKIP","floor":36},{"not_picked":["champ:BringItOn+1","champ:Haymaker","champ:ShieldWall"],"picked":"SKIP","floor":37},{"not_picked":["champ:EnGarde","champ:FaceSlap+1","champ:BerserkersShout"],"picked":"SKIP","floor":38},{"not_picked":["champ:PreemptiveStrike","champ:Haymaker","champ:DancingMaster"],"picked":"SKIP","floor":44},{"not_picked":["champ:RisingSlash+1","champ:FanOfKnives","champ:FaceSlap"],"picked":"SKIP","floor":48},{"not_picked":["champ:BringItOn+1","champ:GutPunch","champ:BladeFlurry+1"],"picked":"SKIP","floor":49}],"player_experience":668825,"relics_obtained":[{"floor":7,"key":"Mercury Hourglass"},{"floor":11,"key":"MealTicket"},{"floor":13,"key":"Nunchaku"},{"floor":26,"key":"Slimebound:StickyStick"},{"floor":28,"key":"Vajra"},{"floor":30,"key":"War Paint"},{"floor":39,"key":"Turnip"},{"floor":41,"key":"Juzu Bracelet"},{"floor":44,"key":"Boot"},{"floor":45,"key":"CeramicFish"}],"event_choices":[],"is_beta":false,"boss_relics":[{"not_picked":["Calling Bell","Fusion Hammer"],"picked":"Cursed Key"},{"not_picked":["Astrolabe","champ:ChampionCrownUpgraded"],"picked":"Coffee Dripper"}],"items_purged_floors":[27],"is_endless":false,"potions_floor_spawned":[2,4,12,15,20,30,31,33,38,39,48,49],"killed_by":"downfall:CharBossMerchant","ascension_level":1}}