{"host":"zx8rmvlb08usbkpl","time":1611356643,"event":{"mods":["BaseMod","BetterRewards","Colored Powertips","Dota2Spire","Downfall","GifTheSpireLib","Marisa????????","Minty Spire (QoL Compilation)","Quick Restart","StSLib","Stuff the Spire","The Bug Knight","The Senshi"],"gold_per_floor":[114,126,51,126,136,136,152,152,152,186,186,215,232,249,249,349,349,364,379,133,133,133],"floor_reached":21,"language":"ENG","playtime":973,"items_purged":["Strike_R","Defend_R"],"score":201,"play_id":"e4472eaf-376e-41af-8635-0472646764e3","local_time":"20210122180403","is_ascension_mode":true,"campfire_choices":[{"data":"Inflame","floor":6,"key":"SMITH"},{"data":"Armaments","floor":8,"key":"SMITH"},{"floor":15,"key":"REST"}],"circlet_count":0,"master_deck":["Strike_R","Strike_R","Strike_R","Strike_R","Defend_R","Defend_R","Defend_R","Bash","Wild Strike","Inflame+1","Armaments+1","Burning Pact","Rage+1","Cleave","Thunderclap","Cleave","Cleave","Battle Trance","Juggernaut","CurseOfTheBell","Inflame","Armaments","Clash+1","Double Tap"],"relics":["Burning Blood","White Beast Statue","Prayer Wheel","StuffTheSpire:PointBlank","Calling Bell","Dota2Spire:ShadowBlade","Blue Candle","Calipers"],"acts_visited":["Exordium","TheCity"],"potions_floor_usage":[10,19,19],"damage_taken":[{"damage":15,"enemies":"Cultist","floor":1,"turns":4},{"damage":4,"enemies":"Small Slimes","floor":2,"turns":3},{"damage":1,"enemies":"Jaw Worm","floor":5,"turns":3},{"damage":15,"enemies":"Red Slaver","floor":7,"turns":5},{"damage":29,"enemies":"Gremlin Nob","floor":10,"turns":5},{"damage":22,"enemies":"Lagavulin","floor":12,"turns":7},{"damage":0,"enemies":"Lots of Slimes","floor":13,"turns":2},{"damage":8,"enemies":"2 Fungi Beasts","floor":14,"turns":3},{"damage":13,"enemies":"Slime Boss","floor":16,"turns":9},{"damage":17,"enemies":"Chosen","floor":18,"turns":5},{"damage":62,"enemies":"3 Byrds","floor":19,"turns":6},{"damage":22,"enemies":"Cultist and Chosen","floor":21,"turns":4}],"seed_played":"-7968717865532998131","potions_obtained":[{"floor":1,"key":"SkillPotion"},{"floor":2,"key":"SteroidPotion"},{"floor":10,"key":"CultistPotion"},{"floor":12,"key":"GamblersBrew"},{"floor":19,"key":"BlessingOfTheForge"}],"is_trial":false,"path_per_floor":["M","M","$","?","M","R","M","R","T","E","?","E","M","M","R","B",null,"M","M","$","M"],"character_chosen":"IRONCLAD","items_purchased":["Double Tap"],"campfire_rested":1,"item_purchase_floors":[20],"current_hp_per_floor":[79,81,81,70,75,75,66,66,66,43,43,27,33,31,57,50,88,77,21,21,0,0],"gold":133,"neow_bonus":"TEN_PERCENT_HP_BONUS","is_daily":false,"chose_seed":false,"campfire_upgraded":2,"win_rate":0.0,"timestamp":1611356643,"path_taken":["M","M","?","?","M","R","M","R","T","E","?","E","M","?","R","BOSS","M","M","$","M"],"items_purchased_type":["Card"],"build_version":"2020-12-22","purchased_purges":2,"victory":false,"max_hp_per_floor":[88,88,88,88,88,88,88,88,88,88,88,88,88,88,88,88,88,88,88,88,88,88],"card_choices":[{"not_picked":["Pummel","Reckless Charge"],"picked":"Wild Strike","floor":1},{"not_picked":["StuffTheSpire:Incineration","Wild Strike"],"picked":"Inflame","floor":2},{"not_picked":["Pommel Strike","True Grit"],"picked":"Armaments","floor":5},{"not_picked":["Bloodletting","Feel No Pain"],"picked":"Burning Pact","floor":7},{"not_picked":["Havoc","Exhume"],"picked":"Rage","floor":10},{"not_picked":["Searing Blow","Pummel"],"picked":"Cleave","floor":12},{"not_picked":["Shrug It Off","Twin Strike"],"picked":"Thunderclap","floor":13},{"not_picked":["Clothesline","Sever Soul"],"picked":"Cleave","floor":13},{"not_picked":["Wild Strike","Blood for Blood"],"picked":"Cleave","floor":14},{"not_picked":["Warcry","StuffTheSpire:Slingshot"],"picked":"Battle Trance","floor":14},{"not_picked":["Immolate","Brutality"],"picked":"Juggernaut","floor":16},{"not_picked":["StuffTheSpire:Pyroclast+1","Shockwave"],"picked":"Inflame","floor":18},{"not_picked":["StuffTheSpire:Incineration+1","Metallicize"],"picked":"Armaments","floor":18},{"not_picked":["Iron Wave","Heavy Blade"],"picked":"Clash+1","floor":19},{"not_picked":["Havoc","Pommel Strike","Cleave"],"picked":"SKIP","floor":19}],"player_experience":970350,"relics_obtained":[{"floor":9,"key":"White Beast Statue"},{"floor":10,"key":"Prayer Wheel"},{"floor":12,"key":"StuffTheSpire:PointBlank"},{"floor":17,"key":"Dota2Spire:ShadowBlade"},{"floor":17,"key":"Blue Candle"},{"floor":17,"key":"Calipers"}],"event_choices":[{"damage_healed":0,"gold_gain":75,"player_choice":"Gather Gold","damage_taken":11,"max_hp_gain":0,"max_hp_loss":0,"event_name":"World of Goop","floor":4,"gold_loss":0},{"damage_healed":0,"gold_gain":0,"player_choice":"Forge","damage_taken":0,"max_hp_gain":0,"max_hp_loss":0,"event_name":"Accursed Blacksmith","floor":11,"gold_loss":0,"cards_upgraded":["Rage"]}],"is_beta":false,"boss_relics":[{"not_picked":["SlaversCollar","Coffee Dripper"],"picked":"Calling Bell"}],"items_purged_floors":[3,20],"is_endless":false,"potions_floor_spawned":[1,2,10,12,13,14,16,18,19],"killed_by":"Cultist and Chosen","ascension_level":1}}