{"host":"qsusua7l529r8z9k","time":1611299798,"event":{"mods":["BaseMod","Minty Spire (QoL Compilation)","Spicy Shops","StSLib"],"gold_per_floor":[110,110,110,385,7,40,59,93,93,121,121,155,174,185,185,262,562,579,266,280,300,300,300,328,328,355,396,507,529,571,583,595,679,691,718,449,466,478,492,522,539,566,566,592,1,11,11,11,11,11],"floor_reached":51,"language":"ZHS","playtime":3058,"items_purged":["Regret","Strike_B","Shame","Strike_B"],"score":1664,"play_id":"9e27b6f3-5e89-4d4b-b6b6-d0bb46d945a1","local_time":"20210122151638","is_ascension_mode":true,"campfire_choices":[{"data":"Chaos","floor":11.0,"key":"SMITH"},{"data":"Coolheaded","floor":15.0,"key":"SMITH"},{"data":"Reboot","floor":23.0,"key":"SMITH"},{"data":"Dualcast","floor":25.0,"key":"SMITH"},{"data":"Blizzard","floor":32.0,"key":"SMITH"},{"data":"Fission","floor":47,"key":"SMITH"},{"data":"Double Energy","floor":49,"key":"SMITH"}],"circlet_count":0,"master_deck":["AscendersBane","Strike_B","Defend_B+1","Defend_B","Defend_B+1","Defend_B","Zap","Dualcast+1","Steam","Chaos+1","Cold Snap","Chill+1","Core Surge","Coolheaded+1","Reboot+1","CurseOfTheBell","Double Energy+1","Loop+1","White Noise+1","Coolheaded+1","Blizzard+1","Echo Form+1","Fission+1","Defragment+1","Buffer+1","Turbo","Conserve Battery","Defragment+1","Capacitor+1","Biased Cognition+1"],"relics":["FrozenCore","NeowsBlessing","Frozen Egg 2","DataDisk","Strange Spoon","Gambling Chip","Dream Catcher","Vajra","Sundial","Meat on the Bone","Calling Bell","Bag of Preparation","Cables","Old Coin","Membership Card","Blood Vial","Question Card","MawBank","Kunai","MealTicket","Potion Belt","War Paint","Medical Kit","Chemical X","Symbiotic Virus","Ornamental Fan","HornCleat","Orichalcum","Oddly Smooth Stone","Toolbox","DollysMirror","Bronze Scales","Akabeko"],"acts_visited":["Exordium","TheCity","TheBeyond"],"potions_floor_usage":[40,44,45,50,50,50,50,50,50,50,50],"damage_taken":[{"damage":0.0,"enemies":"Cultist","floor":1.0,"turns":1.0},{"damage":0.0,"enemies":"Gremlin Nob","floor":6.0,"turns":1.0},{"damage":0.0,"enemies":"Jaw Worm","floor":7.0,"turns":1.0},{"damage":10.0,"enemies":"Lagavulin","floor":8.0,"turns":7.0},{"damage":10.0,"enemies":"3 Sentries","floor":10.0,"turns":10.0},{"damage":13.0,"enemies":"Gremlin Nob","floor":12.0,"turns":3.0},{"damage":7.0,"enemies":"Small Slimes","floor":13.0,"turns":3.0},{"damage":4.0,"enemies":"Blue Slaver","floor":14.0,"turns":3.0},{"damage":5.0,"enemies":"The Guardian","floor":16.0,"turns":13.0},{"damage":0.0,"enemies":"Chosen","floor":18.0,"turns":5.0},{"damage":2.0,"enemies":"2 Thieves","floor":20.0,"turns":5.0},{"damage":14.0,"enemies":"Sentry and Sphere","floor":21.0,"turns":8.0},{"damage":18.0,"enemies":"Book of Stabbing","floor":24.0,"turns":7.0},{"damage":11.0,"enemies":"Slavers","floor":27.0,"turns":6.0},{"damage":10.0,"enemies":"Centurion and Healer","floor":29.0,"turns":15.0},{"damage":39.0,"enemies":"Gremlin Leader","floor":30.0,"turns":13.0},{"damage":0.0,"enemies":"Automaton","floor":33.0,"turns":14.0},{"damage":9.0,"enemies":"3 Shapes","floor":35.0,"turns":2.0},{"damage":0,"enemies":"3 Darklings","floor":37,"turns":6},{"damage":0,"enemies":"Spire Growth","floor":38,"turns":7},{"damage":0,"enemies":"Maw","floor":39,"turns":7},{"damage":26,"enemies":"Reptomancer","floor":40,"turns":7},{"damage":1,"enemies":"Writhing Mass","floor":41,"turns":8},{"damage":0,"enemies":"Giant Head","floor":42,"turns":10},{"damage":0,"enemies":"Nemesis","floor":44,"turns":11},{"damage":0,"enemies":"Jaw Worm Horde","floor":46,"turns":5},{"damage":0,"enemies":"Donu and Deca","floor":50,"turns":9}],"seed_played":"8848789759053385067","potions_obtained":[{"floor":6.0,"key":"Energy Potion"},{"floor":10.0,"key":"Fire Potion"},{"floor":12.0,"key":"FearPotion"},{"floor":16.0,"key":"PowerPotion"},{"floor":21.0,"key":"FearPotion"},{"floor":24.0,"key":"Swift Potion"},{"floor":30.0,"key":"SkillPotion"},{"floor":37,"key":"Explosive Potion"},{"floor":39,"key":"SpeedPotion"},{"floor":40,"key":"SkillPotion"},{"floor":41,"key":"Strength Potion"}],"is_trial":false,"path_per_floor":["M","T","?","?","$","E","M","E","T","E","R","E","M","M","R","B",null,"M","$","M","M","?","R","E","R","T","E","?","M","E","?","R","B",null,"M","$","M","M","M","E","M","E","T","E","$","M","R","$","R","B",null],"character_chosen":"DEFECT","items_purchased":["DataDisk","Strange Spoon","Membership Card","Loop+1","Blood Vial","Potion Belt","War Paint","Medical Kit","Chemical X","Oddly Smooth Stone","Toolbox","DollysMirror","Capacitor+1","Fruit Juice","EntropicBrew","Bronze Scales","Akabeko"],"campfire_rested":0,"item_purchase_floors":[5,5,19,19,19,36,36,36,36,45,45,45,45,45,45,45,45],"current_hp_per_floor":[68,68,53,53,53,53,53,43,43,33,33,20,25,33,33,40,66,66,66,66,54,54,54,38,38,38,41,41,45,20,20,20,34,65,58,73,75,75,75,49,50,52,52,54,74,76,76,80,80,80],"gold":11,"neow_bonus":"THREE_ENEMY_KILL","is_daily":false,"chose_seed":false,"campfire_upgraded":7,"win_rate":0.0,"timestamp":1611299798,"path_taken":["M","?","?","?","$","E","M","E","T","E","R","E","M","?","R","BOSS","M","$","M","M","?","R","E","R","T","E","?","M","E","?","R","BOSS","M","$","M","M","M","E","?","E","T","E","$","M","R","?","R","BOSS"],"items_purchased_type":["Relic","Relic","Relic","Card","Relic","Relic","Relic","Relic","Relic","Relic","Relic","Relic","Card","Potion","Potion","Relic","Relic"],"build_version":"2020-12-22","purchased_purges":4,"victory":true,"max_hp_per_floor":[75,75,75,75,75,75,75,75,75,75,75,75,75,75,75,75,75,75,75,75,75,75,75,75,75,75,75,75,75,75,75,75,75,75,75,75,75,75,75,75,75,75,75,75,80,80,80,80,80,80],"card_choices":[{"not_picked":["Conserve Battery","Gash"],"picked":"Steam","floor":1.0},{"not_picked":["Barrage","BootSequence","Go for the Eyes"],"picked":"SKIP","floor":6.0},{"not_picked":["Streamline","Stack"],"picked":"Chaos","floor":7.0},{"not_picked":["Steam Power","Barrage"],"picked":"Cold Snap","floor":8.0},{"not_picked":["Doom and Gloom","Hologram"],"picked":"Chill","floor":10.0},{"not_picked":["Gash","Turbo"],"picked":"Core Surge","floor":12.0},{"not_picked":["Tempest","Compile Driver"],"picked":"Coolheaded","floor":13.0},{"not_picked":["Beam Cell","Steam","Blizzard"],"picked":"SKIP","floor":14.0},{"not_picked":["Core Surge","Multi-Cast"],"picked":"Reboot","floor":16.0},{"not_picked":["Sweeping Beam","Go for the Eyes"],"picked":"Double Energy","floor":18.0},{"not_picked":["Static Discharge+1","Go for the Eyes","Steam"],"picked":"SKIP","floor":20.0},{"not_picked":["Compile Driver+1","Cold Snap+1","Sunder"],"picked":"SKIP","floor":21.0},{"not_picked":["Sunder","Scrape","Rip and Tear"],"picked":"SKIP","floor":24.0},{"not_picked":["Skim","Stack","Reinforced Body"],"picked":"White Noise+1","floor":27.0},{"not_picked":["Go for the Eyes","Darkness","Beam Cell"],"picked":"Coolheaded","floor":29.0},{"not_picked":["Rip and Tear","Gash","Rebound"],"picked":"Blizzard","floor":30.0},{"not_picked":["All For One","Hyperbeam","Core Surge"],"picked":"Echo Form+1","floor":33.0},{"not_picked":["Melter","Barrage","Gash","Redo"],"picked":"SKIP","floor":35.0},{"not_picked":["Barrage+1","Gash","Coolheaded"],"picked":"Fission","floor":37},{"not_picked":["Reprogram","Redo","Leap"],"picked":"Defragment+1","floor":38},{"not_picked":["Cold Snap+1","Darkness+1","Melter","Steam"],"picked":"SKIP","floor":39},{"not_picked":["Conserve Battery+1","Aggregate+1","Rebound"],"picked":"Buffer+1","floor":40},{"not_picked":["Leap","Hologram","Gash"],"picked":"Turbo","floor":41},{"not_picked":["Conserve Battery","Cold Snap","Steam","Core Surge"],"picked":"SKIP","floor":42},{"not_picked":["Cold Snap","Steam","Core Surge"],"picked":"Conserve Battery","floor":42},{"not_picked":["Rebound","Aggregate","Ball Lightning","Turbo"],"picked":"SKIP","floor":44},{"not_picked":["Beam Cell+1","Ball Lightning","Rebound"],"picked":"Biased Cognition+1","floor":46}],"player_experience":446576,"relics_obtained":[{"floor":2.0,"key":"Frozen Egg 2"},{"floor":6.0,"key":"Gambling Chip"},{"floor":8.0,"key":"Dream Catcher"},{"floor":9.0,"key":"Vajra"},{"floor":10.0,"key":"Sundial"},{"floor":12.0,"key":"Meat on the Bone"},{"floor":17.0,"key":"Bag of Preparation"},{"floor":17.0,"key":"Cables"},{"floor":17.0,"key":"Old Coin"},{"floor":24.0,"key":"Question Card"},{"floor":26.0,"key":"MawBank"},{"floor":27.0,"key":"Kunai"},{"floor":30.0,"key":"MealTicket"},{"floor":40,"key":"Symbiotic Virus"},{"floor":42,"key":"Ornamental Fan"},{"floor":43,"key":"HornCleat"},{"floor":44,"key":"Orichalcum"}],"event_choices":[{"damage_healed":0.0,"max_hp_gain":0.0,"max_hp_loss":0.0,"gold_gain":0.0,"event_name":"Shining Light","player_choice":"Entered Light","floor":3.0,"gold_loss":0.0,"damage_taken":15.0,"cards_upgraded":["Defend_B","Defend_B"]},{"damage_healed":0.0,"max_hp_gain":0.0,"max_hp_loss":0.0,"gold_gain":275.0,"event_name":"Golden Shrine","player_choice":"Desecrate","floor":4.0,"gold_loss":0.0,"damage_taken":0.0,"cards_obtained":["Regret"]},{"damage_healed":0.0,"max_hp_gain":0.0,"max_hp_loss":0.0,"gold_gain":0.0,"event_name":"Ghosts","player_choice":"Ignored","floor":22.0,"gold_loss":0.0,"damage_taken":0.0},{"damage_healed":0.0,"max_hp_gain":0.0,"max_hp_loss":0.0,"gold_gain":99.0,"event_name":"Nest","player_choice":"Stole From Cult","floor":28.0,"gold_loss":0.0,"damage_taken":0.0},{"cards_removed":["Strike_B"],"damage_healed":0.0,"max_hp_gain":0.0,"max_hp_loss":0.0,"gold_gain":0.0,"event_name":"Purifier","player_choice":"Purged","floor":31.0,"gold_loss":0.0,"damage_taken":0.0}],"is_beta":false,"boss_relics":[{"not_picked":["Ectoplasm","Velvet Choker"],"picked":"Calling Bell"},{"not_picked":["SacredBark","Runic Dome"],"picked":"FrozenCore"}],"items_purged_floors":[5,19,36,45],"is_endless":false,"potions_floor_spawned":[6,10,12,16,21,24,30,37,39,40,41,42],"ascension_level":13}}