{"host":"4rvakrj1idbgia3f","time":1611349301,"event":{"mods":["BaseMod","Colored Map","Colored Powertips","DeckTracker","Highlight Path","Minty Spire (QoL Compilation)","Random Character Button","StSLib"],"gold_per_floor":[109,119,8,22,22,22,53,65,100,126,138,170,215,237,249,335,347,377,389,412,449,198,198,232,242,242,77,77,93,93,104,104,104,104],"floor_reached":33,"language":"JPN","playtime":1034,"items_purged":["Shame","Strike_R+1"],"score":608,"play_id":"714ce0e9-43cd-4f76-bb5c-df2194b3f456","local_time":"20210123060141","is_ascension_mode":true,"campfire_choices":[{"data":"Uppercut","floor":6,"key":"SMITH"},{"data":"Evolve","floor":8,"key":"SMITH"},{"data":"Fire Breathing","floor":11,"key":"SMITH"},{"data":"True Grit","floor":15,"key":"SMITH"},{"data":"Limit Break","floor":23,"key":"SMITH"},{"data":"1","floor":28,"key":"LIFT"},{"data":"2","floor":30,"key":"LIFT"},{"data":"3","floor":32,"key":"LIFT"}],"circlet_count":0,"master_deck":["AscendersBane","Strike_R+1","Strike_R+1","Strike_R+1","Strike_R+1","Defend_R+1","Defend_R+1","Defend_R+1","Defend_R+1","Bash","Uppercut+1","Spot Weakness","Sever Soul","Sword Boomerang","Evolve+1","Fire Breathing+1","True Grit+1","Cleave","Seeing Red","Limit Break+1","Shrug It Off+1","Power Through","True Grit"],"relics":["Burning Blood","Charon\u0027s Ashes","MawBank","Akabeko","Bag of Marbles","Sozu","Red Mask","Red Skull","Lantern","Girya","Ancient Tea Set"],"acts_visited":["Exordium","TheCity"],"potions_floor_usage":[5,7,18],"damage_taken":[{"damage":6,"enemies":"Cultist","floor":1,"turns":4},{"damage":2,"enemies":"Small Slimes","floor":2,"turns":4},{"damage":4,"enemies":"Jaw Worm","floor":4,"turns":3},{"damage":0,"enemies":"Exordium Wildlife","floor":5,"turns":1},{"damage":0,"enemies":"Gremlin Nob","floor":7,"turns":2},{"damage":10,"enemies":"3 Louse","floor":10,"turns":4},{"damage":9,"enemies":"Red Slaver","floor":12,"turns":2},{"damage":25,"enemies":"Lagavulin","floor":13,"turns":6},{"damage":17,"enemies":"Large Slime","floor":14,"turns":5},{"damage":35,"enemies":"Hexaghost","floor":16,"turns":10},{"damage":11,"enemies":"Spheric Guardian","floor":18,"turns":3},{"damage":8,"enemies":"2 Thieves","floor":20,"turns":4},{"damage":28,"enemies":"Masked Bandits","floor":21,"turns":4},{"damage":12,"enemies":"Book of Stabbing","floor":24,"turns":4},{"damage":4,"enemies":"3 Cultists","floor":25,"turns":4},{"damage":10,"enemies":"Snecko","floor":29,"turns":3},{"damage":0,"enemies":"Snake Plant","floor":31,"turns":1},{"damage":41,"enemies":"Champ","floor":33,"turns":6}],"seed_played":"3187311267025540566","potions_obtained":[{"floor":2,"key":"SmokeBomb"},{"floor":4,"key":"AttackPotion"},{"floor":13,"key":"Explosive Potion"}],"is_trial":false,"path_per_floor":["M","M","$","M","M","R","E","R","T","M","R","M","E","M","R","B",null,"M","?","M","?","$","R","E","M","T","$","R","M","R","M","R","B"],"character_chosen":"IRONCLAD","items_purchased":["Sever Soul","Red Skull","Ancient Tea Set"],"campfire_rested":0,"item_purchase_floors":[3,22,27],"current_hp_per_floor":[68,72,72,74,75,75,75,75,75,71,71,68,49,38,38,9,59,54,54,52,30,30,30,24,26,26,26,26,22,22,28,28,0,0],"gold":104,"neow_bonus":"ONE_RARE_RELIC","is_daily":false,"chose_seed":false,"campfire_upgraded":5,"win_rate":0.0,"timestamp":1611349301,"path_taken":["M","M","$","M","?","R","E","R","T","M","R","M","E","M","R","BOSS","M","?","M","?","?","R","E","M","T","$","R","M","R","?","R","BOSS"],"items_purchased_type":["Card","Relic","Relic"],"build_version":"2020-12-22","purchased_purges":2,"victory":false,"max_hp_per_floor":[75,75,75,75,75,75,75,75,75,75,75,75,75,75,75,75,75,75,75,75,75,75,75,75,75,75,75,75,75,75,75,75,75,75],"card_choices":[{"not_picked":["Pummel","Wild Strike"],"picked":"Uppercut","floor":1},{"not_picked":["Armaments","Thunderclap"],"picked":"Spot Weakness","floor":2},{"not_picked":["Rupture","Dark Embrace"],"picked":"Sword Boomerang","floor":4},{"not_picked":["Flex","Twin Strike"],"picked":"Evolve","floor":7},{"not_picked":["Blood for Blood","Heavy Blade"],"picked":"Fire Breathing","floor":10},{"not_picked":["Brutality","Reckless Charge"],"picked":"True Grit","floor":12},{"not_picked":["Carnage","Armaments"],"picked":"Cleave","floor":13},{"not_picked":["Pommel Strike","Clash"],"picked":"Seeing Red","floor":14},{"not_picked":["Impervious","Juggernaut"],"picked":"Limit Break","floor":16},{"not_picked":["Inflame","Evolve","Anger+1"],"picked":"SKIP","floor":18},{"not_picked":["Inflame","Rupture"],"picked":"Shrug It Off+1","floor":20},{"not_picked":["Cleave","Burning Pact"],"picked":"Power Through","floor":24},{"not_picked":["Searing Blow","Anger+1","Iron Wave"],"picked":"SKIP","floor":25},{"not_picked":["Bloodletting","Flex","Perfected Strike+1"],"picked":"SKIP","floor":29},{"not_picked":["Cleave","Clash"],"picked":"True Grit","floor":31}],"player_experience":2069049,"relics_obtained":[{"floor":7,"key":"MawBank"},{"floor":9,"key":"Akabeko"},{"floor":13,"key":"Bag of Marbles"},{"floor":21,"key":"Red Mask"},{"floor":24,"key":"Lantern"},{"floor":26,"key":"Girya"}],"event_choices":[{"damage_healed":0,"gold_gain":0,"player_choice":"Simplicity","damage_taken":0,"max_hp_gain":0,"max_hp_loss":0,"event_name":"Back to Basics","floor":19,"gold_loss":0,"cards_upgraded":["Strike_R","Strike_R","Strike_R","Strike_R","Strike_R","Defend_R","Defend_R","Defend_R","Defend_R"]},{"damage_healed":0,"gold_gain":0,"player_choice":"Fought Bandits","damage_taken":0,"max_hp_gain":0,"max_hp_loss":0,"event_name":"Masked Bandits","floor":21,"gold_loss":0}],"is_beta":false,"boss_relics":[{"not_picked":["Cursed Key","Ectoplasm"],"picked":"Sozu"}],"items_purged_floors":[3,22],"is_endless":false,"potions_floor_spawned":[2,4,13,20,21,29],"killed_by":"Champ","ascension_level":20}}