{"host":"dqv8oo4v229c1o2l","time":1611346422,"event":{"mods":["AchievementEnabler","BaseMod","Colored Map","Colored Powertips","Minty Spire (QoL Compilation)","Quick Restart","Rare Cards Sparkle","StSLib","Synergy Search","The Bug Knight"],"gold_per_floor":[113,126,140,157,157,157,189,112,136,136,146,161,181,192,192,192,192],"floor_reached":16,"language":"ENG","playtime":1107,"items_purged":[],"score":111,"play_id":"b41cd6ec-4d9b-403d-8af1-4e0b92bf4065","local_time":"20210122121342","is_ascension_mode":true,"campfire_choices":[{"data":"HollowMod:MawleksShell","floor":6,"key":"SMITH"},{"floor":15,"key":"REST"}],"circlet_count":0,"master_deck":["HollowMod:NailStrikeStart","HollowMod:NailStrikeStart","HollowMod:NailStrikeStart","HollowMod:QuickDashStart","HollowMod:QuickDashStart","HollowMod:QuickDashStart","HollowMod:QuickDashStart","HollowMod:FocusHealStart","HollowMod:PogoStrike","HollowMod:ShadowDash","HollowMod:InfectionAssault","HollowMod:SoulSplash","HollowMod:CloakDash","HollowMod:MawleksShell+1","HollowMod:NewGlowingWomb","HollowMod:DashSlash","HollowMod:InfectedAttack","HollowMod:MothsMistake","HollowMod:MantisMark","HollowMod:NewJinnsSoul","HollowMod:DashSlash"],"relics":["HollowMod:VesselMask","HollowMod:IsmasTear","NlothsMask"],"acts_visited":["Exordium"],"potions_floor_usage":[12],"damage_taken":[{"damage":0,"enemies":"2 Louse","floor":1,"turns":3},{"damage":1,"enemies":"Cultist","floor":2,"turns":3},{"damage":0,"enemies":"Small Slimes","floor":3,"turns":2},{"damage":9,"enemies":"Blue Slaver","floor":4,"turns":3},{"damage":53,"enemies":"HollowMod:MossKnight","floor":7,"turns":8},{"damage":2,"enemies":"Exordium Wildlife","floor":11,"turns":4},{"damage":4,"enemies":"Exordium Thugs","floor":12,"turns":4},{"damage":12,"enemies":"2 Fungi Beasts","floor":13,"turns":3},{"damage":10,"enemies":"3 Louse","floor":14,"turns":4},{"damage":30,"enemies":"The Guardian","floor":16,"turns":4}],"seed_played":"3993730119859769919","potions_obtained":[{"floor":2,"key":"Dexterity Potion"},{"floor":3,"key":"Energy Potion"},{"floor":4,"key":"SteroidPotion"},{"floor":12,"key":"AttackPotion"}],"is_trial":false,"path_per_floor":["M","M","M","M","$","R","E","$","T","?","M","M","M","M","R","B"],"character_chosen":"THE_BUGKNIGHT","items_purchased":["HollowMod:DashSlash","HollowMod:InfectedAttack"],"campfire_rested":1,"item_purchase_floors":[8,8],"current_hp_per_floor":[75,74,74,65,65,65,18,18,18,18,22,24,18,8,30,0,0],"gold":192,"neow_bonus":"TRANSFORM_CARD","is_daily":false,"chose_seed":false,"campfire_upgraded":1,"win_rate":0.0,"timestamp":1611346422,"path_taken":["M","M","M","M","$","R","E","$","T","?","M","?","M","M","R","BOSS"],"items_purchased_type":["Card","Card"],"build_version":"2020-12-22","purchased_purges":0,"victory":false,"max_hp_per_floor":[75,75,75,75,75,75,75,75,75,75,75,75,75,75,75,75,75],"card_choices":[{"not_picked":["HollowMod:GoodIntentions","HollowMod:ShapeofUnn"],"picked":"HollowMod:InfectionAssault","floor":1},{"not_picked":["HollowMod:FallenFury","HollowMod:ShadowDash"],"picked":"HollowMod:SoulSplash","floor":2},{"not_picked":["HollowMod:SoulEater","HollowMod:InfectedCysts"],"picked":"HollowMod:CloakDash","floor":3},{"not_picked":["HollowMod:VengefulSpirit","HollowMod:SharpenedNail"],"picked":"HollowMod:MawleksShell","floor":4},{"not_picked":["HollowMod:ZotesMagnificence","HollowMod:LuriensSpire"],"picked":"HollowMod:NewGlowingWomb","floor":7},{"not_picked":["HollowMod:ShadowDash","HollowMod:NewLittleFool"],"picked":"HollowMod:MothsMistake","floor":11},{"not_picked":["HollowMod:ChannelNail","HollowMod:InfectedAttack"],"picked":"HollowMod:MantisMark","floor":12},{"not_picked":["HollowMod:GreatSlash","HollowMod:InfectedCysts"],"picked":"HollowMod:NewJinnsSoul","floor":13},{"not_picked":["HollowMod:TaintedHusks","HollowMod:PerfectDash"],"picked":"HollowMod:DashSlash","floor":14}],"player_experience":336925,"relics_obtained":[{"floor":7,"key":"HollowMod:IsmasTear"}],"event_choices":[{"damage_healed":0,"gold_gain":0,"player_choice":"Trade","damage_taken":0,"relics_obtained":["NlothsMask"],"max_hp_gain":0,"max_hp_loss":0,"event_name":"FaceTrader","floor":10,"gold_loss":0}],"is_beta":false,"boss_relics":[],"items_purged_floors":[],"is_endless":false,"potions_floor_spawned":[2,3,4,12,14],"killed_by":"The Guardian","ascension_level":1}}