{"host":"u9h06qdlnp3wgzsw","time":1611299708,"event":{"mods":["Act Like it!","BaseMod","Curses Come First","Downfall","Hallownest","Hermit","Minty Spire (QoL Compilation)","Quick Restart","Rare Cards Sparkle","Shop Mod","StSLib","The Disciple","The Hierophant","The Servant 0.9.4"],"gold_per_floor":[101,101,0,0,26,26,48,48,48,48,48,80,107,135,135,245,245,263,183,183,209,232,232,35,85,85,85,103,103,103,137,137,240,240,254,254,174,207,107,149,149,27,52,111,139,139,175,229,229,219],"floor_reached":51,"language":"ENG","playtime":5341,"items_purged":[],"score":789,"play_id":"9f075fb4-3a7b-46e6-ac76-3b50a54ee422","local_time":"20210122021508","is_ascension_mode":false,"campfire_choices":[{"data":"hierophant:ChurchCoffers","floor":6.0,"key":"SMITH"},{"floor":8.0,"key":"REST"},{"floor":10.0,"key":"REST"},{"data":"hierophant:Patience","floor":15.0,"key":"SMITH"},{"floor":23.0,"key":"REST"},{"floor":30.0,"key":"REST"},{"floor":32.0,"key":"REST"},{"floor":46,"key":"REST"},{"data":"hierophant:Martyrdom","floor":49,"key":"SMITH"}],"circlet_count":1,"master_deck":["hierophant:Strike_Hierophant","hierophant:Strike_Hierophant","hierophant:Strike_Hierophant","hierophant:Punish","hierophant:Defend_Hierophant","hierophant:Defend_Hierophant","hierophant:Defend_Hierophant","hierophant:ChurchCoffers+1","hierophant:Encroach","hierophant:Purify","hierophant:Patience+1","hierophant:Doubloon+1","hierophant:CoinFling+1","hierophant:Shelter+1","hierophant:RepressedViolence+1","hierophant:Invocation+1","Hallownest:skillCityofTearsMap+1","hierophant:Doubloon+1","hierophant:CoinFling","Hallownest:attackAdjustingAction","hierophant:Alms+1","hierophant:DivineIntervention+1","hierophant:Patience+1","hierophant:Doubloon+1","hierophant:HolyVerse+1","hierophant:DeathKnell+1","hierophant:Community+1","Hallownest:attackMasterDashSlash","hierophant:Martyrdom+1","hierophant:Shelter+1","Decay","Shame"],"relics":["hierophant:PropheticMaskRelic","Hallownest:DreamNailRelic","Oddly Smooth Stone","Ice Cream","Happy Flower","Toxic Egg 2","Circlet","Shuriken","Cursed Key","Whetstone","Ornamental Fan","Red Mask","Hallownest:BeastSealRelic","Singing Bowl","hexamod:BolsterEngine","Bag of Preparation","Molten Egg 2","Juzu Bracelet"],"acts_visited":["Exordium","Hallownest:Greenpath","Hallownest:CityofTears"],"potions_floor_usage":[35,44,44,47],"damage_taken":[{"damage":2.0,"enemies":"Hallownest:monsterHuskGuard","floor":1.0,"turns":3.0},{"damage":8.0,"enemies":"Hallownest:eliteVengeflyKing","floor":5.0,"turns":8.0},{"damage":30.0,"enemies":"Hallownest:eliteCrystalGuardian","floor":7.0,"turns":7.0},{"damage":10.0,"enemies":"Hallownest:eliteMossKnight","floor":12.0,"turns":7.0},{"damage":0.0,"enemies":"Hallownest:monsterHuskWarrior","floor":13.0,"turns":2.0},{"damage":0.0,"enemies":"Hallownest:2_Baldur","floor":14.0,"turns":3.0},{"damage":40.0,"enemies":"Hallownest:BossFalseKnight","floor":16.0,"turns":9.0},{"damage":0.0,"enemies":"Hallownest:Guard_and_Sentry","floor":18.0,"turns":3.0},{"damage":4.0,"enemies":"Hallownest:2_Mistakes","floor":21.0,"turns":7.0},{"damage":44.0,"enemies":"Hallownest:monsterMisterMushroom","floor":22.0,"turns":9.0},{"damage":24.0,"enemies":"Hallownest:eliteWatcherKnight","floor":25.0,"turns":3.0},{"damage":0.0,"enemies":"Hallownest:Warrior_and_Youth","floor":28.0,"turns":3.0},{"damage":4.0,"enemies":"Hallownest:3_Mistakes","floor":31.0,"turns":2.0},{"damage":74.0,"enemies":"Hallownest:BossSoulMaster","floor":33.0,"turns":20.0},{"damage":15,"enemies":"Hallownest:2_Littles","floor":35,"turns":5},{"damage":0,"enemies":"Hallownest:3_Siblings","floor":38,"turns":6},{"damage":20,"enemies":"Hallownest:eliteHiveKnight","floor":40,"turns":7},{"damage":0,"enemies":"Hallownest:StalkingDevout","floor":44,"turns":4},{"damage":0,"enemies":"Hallownest:2_Wing_and_1_Kings","floor":45,"turns":3},{"damage":0,"enemies":"Hallownest:2_Wandering_and_1_Horned","floor":47,"turns":2},{"damage":32,"enemies":"Hallownest:BossGreyPrinceZote","floor":50,"turns":12}],"seed_played":"-6220207475713198046","potions_obtained":[{"floor":5.0,"key":"Swift Potion"},{"floor":13.0,"key":"AttackPotion"},{"floor":14.0,"key":"FearPotion"},{"floor":16.0,"key":"EntropicBrew"},{"floor":18.0,"key":"ColorlessPotion"},{"floor":21.0,"key":"SteroidPotion"},{"floor":28.0,"key":"Weak Potion"},{"floor":33.0,"key":"LiquidMemories"},{"floor":38,"key":"bronze:BurnAndBuffPotion"},{"floor":45,"key":"Swift Potion"}],"is_trial":false,"path_per_floor":["M","?","?","?","?","R","E","R","T","R","?","E","M","M","R","B",null,"M","?","$","M","M","R","$","E","T","?","M","?","R","M","R","B",null,"M","?","?","M","?","E","?","$","T","E","M","R","M","T","R","B",null],"character_chosen":"HIEROPHANT","items_purchased":["hierophant:DivineIntervention+1","SteroidPotion","hierophant:Martyrdom","hierophant:Shelter+1"],"campfire_rested":6,"item_purchase_floors":[24,24,42,42],"current_hp_per_floor":[80,80,80,80,72,72,42,66,66,82,82,72,72,72,72,32,82,82,82,82,78,34,58,58,34,34,34,34,34,58,54,78,4,82,67,67,67,67,67,49,64,64,64,66,68,88,90,90,90,58],"gold":219,"neow_bonus":"TEN_PERCENT_HP_BONUS","is_daily":false,"chose_seed":false,"campfire_upgraded":3,"win_rate":0.0,"timestamp":1611299708,"path_taken":["M","?","?","?","?","R","E","R","T","R","?","E","M","?","R","BOSS","M","?","$","M","M","R","$","E","T","?","?","?","R","M","R","BOSS","M","?","?","?","?","E","?","$","T","E","M","R","M","?","R","BOSS"],"items_purchased_type":["Card","Potion","Card","Card"],"build_version":"2020-12-22","purchased_purges":0,"victory":true,"max_hp_per_floor":[82,82,82,82,82,82,82,82,82,82,82,82,82,82,82,82,82,82,82,82,82,82,82,82,82,82,82,82,82,82,82,82,82,82,82,82,82,82,82,84,84,84,84,86,88,88,90,90,90,90],"card_choices":[{"not_picked":["hierophant:Zeal","hierophant:AuricBeam"],"picked":"hierophant:Encroach","floor":1.0},{"not_picked":["hierophant:Upheaval","hierophant:MintersHammer"],"picked":"hierophant:Purify","floor":5.0},{"not_picked":["hierophant:Smite","hierophant:HolyVerse"],"picked":"hierophant:Patience","floor":7.0},{"not_picked":["hierophant:RecallFunds+1","hierophant:SolarFlare"],"picked":"hierophant:CoinFling","floor":12.0},{"not_picked":["hierophant:Sermon+1","hierophant:Remorse"],"picked":"hierophant:Shelter+1","floor":13.0},{"not_picked":["hierophant:DisplayOfPower","hierophant:MorningPrayer+1"],"picked":"hierophant:RepressedViolence","floor":14.0},{"not_picked":["hierophant:DeathKnell+1","hierophant:Cornucopia+1"],"picked":"hierophant:Invocation+1","floor":16.0},{"not_picked":["hierophant:HolyVerse+1","hierophant:Exaltation+1","hierophant:ThreeLashes+1"],"picked":"SKIP","floor":18.0},{"not_picked":["hierophant:Encroach+1","hierophant:HolyVerse+1"],"picked":"hierophant:CoinFling","floor":21.0},{"not_picked":["hierophant:HammerAndAnvil+1","hierophant:HolyVerse+1"],"picked":"hierophant:Alms+1","floor":22.0},{"not_picked":["hierophant:Remorse","hierophant:Mercenaries+1"],"picked":"hierophant:Patience+1","floor":25.0},{"not_picked":["hierophant:RepressedViolence","hierophant:Embezzle+1"],"picked":"hierophant:Doubloon+1","floor":28.0},{"not_picked":["hierophant:Chorus+1","hierophant:ThreeLashes"],"picked":"hierophant:HolyVerse+1","floor":31.0},{"not_picked":["hierophant:Cornucopia+1","hierophant:Levitation+1"],"picked":"hierophant:DeathKnell+1","floor":33.0},{"not_picked":["hierophant:TollTheBells+1","hierophant:Remorse"],"picked":"hierophant:Community+1","floor":35},{"not_picked":["hierophant:OrnateJavelin","hierophant:Purify+1","hierophant:AuricBeam"],"picked":"SKIP","floor":38},{"not_picked":["hierophant:FaithHealing+1","hierophant:AuricShield+1","hierophant:Doubloon+1"],"picked":"Singing Bowl","floor":40},{"not_picked":["hierophant:Alms+1","hierophant:FlamingChariot+1","hierophant:Smite+1"],"picked":"Singing Bowl","floor":44},{"not_picked":["hierophant:HammerAndAnvil+1","hierophant:MorningPrayer+1","hierophant:AuricBeam+1"],"picked":"Singing Bowl","floor":45},{"not_picked":["hierophant:FlamingChariot+1","hierophant:FieryStrike+1","hierophant:Sermon+1"],"picked":"Singing Bowl","floor":47}],"player_experience":857373,"relics_obtained":[{"floor":5.0,"key":"Ice Cream"},{"floor":7.0,"key":"Happy Flower"},{"floor":9.0,"key":"Toxic Egg 2"},{"floor":12.0,"key":"Shuriken"},{"floor":25.0,"key":"Whetstone"},{"floor":26.0,"key":"Ornamental Fan"},{"floor":40,"key":"hexamod:BolsterEngine"},{"floor":43,"key":"Bag of Preparation"},{"floor":44,"key":"Molten Egg 2"},{"floor":48,"key":"Juzu Bracelet"}],"event_choices":[],"is_beta":false,"boss_relics":[{"not_picked":["Velvet Choker","SlaversCollar"],"picked":"Cursed Key"},{"not_picked":["Philosopher\u0027s Stone","Snecko Eye","Runic Pyramid"]}],"items_purged_floors":[],"is_endless":false,"potions_floor_spawned":[5,13,14,16,18,21,28,33,38,45],"ascension_level":0}}