{"host":"cy2xqrw0a4jjdcnp","time":1611325696,"event":{"mods":["AchievementEnabler","BaseMod","Colored Map","Minty Spire (QoL Compilation)","Permanent Neow"],"gold_per_floor":[112,132,148,148,161,161,188,188,268,295,308,334,334,344,344,449,449,463,128,148,48,65,65,93,93,93,93,93,106,136,149,149,246,246,260,66,66,78,90,90,125,141,194,219,129,78,104,104,104,104,104,104,31,57,57],"floor_reached":56,"language":"ENG","playtime":5904,"items_purged":["Defend_P","Strike_P","Defend_P"],"score":1481,"play_id":"4bacfc51-1516-44e9-a8c2-85e4007dab7f","local_time":"20210122122816","is_ascension_mode":true,"campfire_choices":[{"data":"Eruption","floor":6.0,"key":"SMITH"},{"data":"MentalFortress","floor":8.0,"key":"SMITH"},{"floor":13.0,"key":"REST"},{"data":"Vigilance","floor":15.0,"key":"SMITH"},{"data":"FlurryOfBlows","floor":23.0,"key":"SMITH"},{"data":"FlurryOfBlows","floor":25.0,"key":"SMITH"},{"data":"Perseverance","floor":27.0,"key":"SMITH"},{"floor":32.0,"key":"RECALL"},{"floor":40.0,"key":"REST"},{"floor":49,"key":"REST"},{"floor":52,"key":"REST"}],"circlet_count":0,"master_deck":["Strike_P+1","Strike_P+1","Defend_P+1","Eruption+1","Vigilance+1","DeceiveReality+1","MentalFortress+1","Prostrate+1","FlurryOfBlows+1","FlurryOfBlows+1","Perseverance+1","Halt+1","EmptyBody+1","LessonLearned+1","WaveOfTheHand+1","ClearTheMind+1","Tantrum+1","Consecrate+1","FlyingSleeves+1","Evaluate+1","Blasphemy+1","Collect+1","ConjureBlade+1","Study","Adaptation+1","Crescendo+1","Trip+1","Halt+1","Omniscience+1","WheelKick+1","TalkToTheHand+1","DevaForm","TalkToTheHand+1"],"relics":["PureWater","StoneCalendar","Art of War","Kunai","White Beast Statue","Toxic Egg 2","Philosopher\u0027s Stone","Meat on the Bone","Anchor","HornCleat","Vajra","Yang","Fusion Hammer","Dream Catcher","Damaru","TungstenRod","Bird Faced Urn"],"acts_visited":["Exordium","TheCity","TheBeyond","TheEnding"],"potions_floor_usage":[41,41,42,45,47,50,50,54,55,55,55,55,55],"damage_taken":[{"damage":0.0,"enemies":"Small Slimes","floor":1.0,"turns":4.0},{"damage":0.0,"enemies":"Cultist","floor":2.0,"turns":3.0},{"damage":2.0,"enemies":"Jaw Worm","floor":3.0,"turns":5.0},{"damage":16.0,"enemies":"Exordium Thugs","floor":5.0,"turns":7.0},{"damage":21.0,"enemies":"3 Sentries","floor":7.0,"turns":7.0},{"damage":19.0,"enemies":"Gremlin Nob","floor":10.0,"turns":6.0},{"damage":0.0,"enemies":"Exordium Wildlife","floor":11.0,"turns":3.0},{"damage":0.0,"enemies":"3 Sentries","floor":12.0,"turns":7.0},{"damage":0.0,"enemies":"3 Louse","floor":14.0,"turns":2.0},{"damage":4.0,"enemies":"Hexaghost","floor":16.0,"turns":9.0},{"damage":27.0,"enemies":"3 Byrds","floor":18.0,"turns":7.0},{"damage":0.0,"enemies":"Spheric Guardian","floor":20.0,"turns":6.0},{"damage":18.0,"enemies":"Shelled Parasite and Fungi","floor":22.0,"turns":5.0},{"damage":3.0,"enemies":"Gremlin Leader","floor":24.0,"turns":7.0},{"damage":0.0,"enemies":"Cultist and Chosen","floor":29.0,"turns":4.0},{"damage":6.0,"enemies":"Slavers","floor":30.0,"turns":4.0},{"damage":0.0,"enemies":"Centurion and Healer","floor":31.0,"turns":5.0},{"damage":0.0,"enemies":"Collector","floor":33.0,"turns":8.0},{"damage":0.0,"enemies":"Orb Walker","floor":35.0,"turns":4.0},{"damage":0.0,"enemies":"3 Darklings","floor":38.0,"turns":4.0},{"damage":0.0,"enemies":"Sphere and 2 Shapes","floor":39.0,"turns":3.0},{"damage":1,"enemies":"Reptomancer","floor":41,"turns":5},{"damage":5,"enemies":"4 Shapes","floor":42,"turns":6},{"damage":2,"enemies":"Nemesis","floor":44,"turns":5},{"damage":0,"enemies":"Reptomancer","floor":47,"turns":3},{"damage":16,"enemies":"Donu and Deca","floor":50,"turns":7},{"damage":1,"enemies":"Shield and Spear","floor":54,"turns":6},{"damage":52,"enemies":"The Heart","floor":55,"turns":8}],"seed_played":"7698643174428011948","potions_obtained":[{"floor":2.0,"key":"DuplicationPotion"},{"floor":3.0,"key":"FearPotion"},{"floor":7.0,"key":"EntropicBrew"},{"floor":11.0,"key":"EntropicBrew"},{"floor":12.0,"key":"Explosive Potion"},{"floor":14.0,"key":"FearPotion"},{"floor":16.0,"key":"BottledMiracle"},{"floor":18.0,"key":"Dexterity Potion"},{"floor":20.0,"key":"BlessingOfTheForge"},{"floor":22.0,"key":"DistilledChaos"},{"floor":24.0,"key":"LiquidBronze"},{"floor":29.0,"key":"AttackPotion"},{"floor":30.0,"key":"ColorlessPotion"},{"floor":31.0,"key":"StancePotion"},{"floor":33.0,"key":"Strength Potion"},{"floor":35.0,"key":"EssenceOfSteel"},{"floor":39.0,"key":"Swift Potion"},{"floor":41,"key":"SteroidPotion"},{"floor":42,"key":"Swift Potion"},{"floor":44,"key":"Fruit Juice"},{"floor":47,"key":"LiquidMemories"},{"floor":54,"key":"EntropicBrew"}],"is_trial":false,"path_per_floor":["M","M","M","?","M","R","E","R","T","E","M","E","R","M","R","B",null,"M","$","M","$","M","R","E","R","T","R","?","M","E","M","R","B",null,"M","$","?","M","M","R","E","M","T","E","?","$","E","$","R","B",null,"R","$","E","B",null],"character_chosen":"WATCHER","items_purchased":["Meat on the Bone","ClearTheMind+1","Adaptation","Swift Potion","DistilledChaos"],"campfire_rested":4,"item_purchase_floors":[19,19,36,46,53],"current_hp_per_floor":[72,72,70,63,47,47,26,26,26,7,7,7,28,28,28,24,72,45,45,45,45,39,39,48,48,48,48,48,48,42,42,42,42,72,72,72,72,72,72,72,71,66,66,64,69,69,69,69,77,61,77,77,77,76,39],"gold":57,"neow_bonus":"REMOVE_CARD","is_daily":false,"chose_seed":false,"campfire_upgraded":6,"win_rate":0.0,"timestamp":1611325696,"path_taken":["M","M","M","?","M","R","E","R","T","E","M","E","R","M","R","BOSS","M","$","M","$","M","R","E","R","T","R","?","M","E","M","R","BOSS","M","$","?","?","M","R","E","M","T","E","?","$","E","?","R","BOSS","R","$","E","BOSS"],"items_purchased_type":["Relic","Card","Card","Potion","Potion"],"build_version":"2020-12-22","purchased_purges":3,"victory":true,"max_hp_per_floor":[72,72,72,72,72,72,72,72,72,72,72,72,72,72,72,72,72,72,72,72,72,72,72,72,72,72,72,72,72,72,72,72,72,72,72,72,72,72,72,72,72,72,72,72,77,77,77,77,77,77,77,77,77,77,77],"card_choices":[{"not_picked":["BowlingBash","ClearTheMind"],"picked":"DeceiveReality","floor":1.0},{"not_picked":["PathToVictory","Meditate"],"picked":"MentalFortress","floor":2.0},{"not_picked":["ThirdEye","Consecrate"],"picked":"Prostrate","floor":3.0},{"not_picked":["Alpha","FlyingSleeves","EmptyFist"],"picked":"SKIP","floor":5.0},{"not_picked":["Weave","SandsOfTime"],"picked":"FlurryOfBlows","floor":7.0},{"not_picked":["Protect","Pray"],"picked":"FlurryOfBlows","floor":10.0},{"not_picked":["EmptyFist","FlyingSleeves"],"picked":"Perseverance","floor":11.0},{"not_picked":["Evaluate+1","Fasting2"],"picked":"Halt+1","floor":12.0},{"not_picked":["Alpha+1","FollowUp"],"picked":"EmptyBody+1","floor":14.0},{"not_picked":["DevaForm","MasterReality"],"picked":"LessonLearned","floor":16.0},{"not_picked":["WheelKick","SandsOfTime"],"picked":"WaveOfTheHand+1","floor":18.0},{"not_picked":["Fasting2","InnerPeace+1"],"picked":"Tantrum","floor":20.0},{"not_picked":["BattleHymn","SignatureMove"],"picked":"Consecrate+1","floor":22.0},{"not_picked":["SandsOfTime","FlurryOfBlows"],"picked":"FlyingSleeves+1","floor":24.0},{"not_picked":["JustLucky","FollowUp"],"picked":"Evaluate+1","floor":29.0},{"not_picked":["EmptyBody+1","ThirdEye+1"],"picked":"Blasphemy+1","floor":30.0},{"not_picked":["PathToVictory+1","FlyingSleeves"],"picked":"Collect+1","floor":31.0},{"not_picked":["Establishment","DeusExMachina+1"],"picked":"ConjureBlade+1","floor":33.0},{"not_picked":["Perseverance+1","SashWhip"],"picked":"Study","floor":35.0},{"not_picked":["SashWhip+1","ThirdEye+1"],"picked":"Halt+1","floor":38.0},{"not_picked":["Tantrum+1","BattleHymn","Conclude"],"picked":"SKIP","floor":39.0},{"not_picked":["Study","Protect+1"],"picked":"Omniscience+1","floor":41},{"not_picked":["BowlingBash","PathToVictory+1","JustLucky+1"],"picked":"SKIP","floor":42},{"not_picked":["SashWhip","CarveReality+1"],"picked":"WheelKick","floor":44},{"not_picked":["WaveOfTheHand+1","ClearTheMind+1","Pray+1"],"picked":"SKIP","floor":47},{"not_picked":["FearNoEvil","SashWhip"],"picked":"TalkToTheHand+1","floor":49},{"not_picked":["Evaluate+1","FlurryOfBlows+1"],"picked":"DevaForm","floor":52},{"not_picked":["ClearTheMind+1","SandsOfTime"],"picked":"TalkToTheHand+1","floor":54}],"player_experience":1466278,"relics_obtained":[{"floor":7.0,"key":"Art of War"},{"floor":9.0,"key":"Kunai"},{"floor":10.0,"key":"White Beast Statue"},{"floor":12.0,"key":"Toxic Egg 2"},{"floor":24.0,"key":"Anchor"},{"floor":26.0,"key":"HornCleat"},{"floor":30.0,"key":"Yang"},{"floor":41,"key":"Dream Catcher"},{"floor":44,"key":"Damaru"},{"floor":47,"key":"TungstenRod"},{"floor":54,"key":"Bird Faced Urn"}],"event_choices":[{"damage_healed":0.0,"max_hp_gain":0.0,"max_hp_loss":0.0,"gold_gain":0.0,"event_name":"Scrap Ooze","player_choice":"Success","floor":4.0,"gold_loss":0.0,"damage_taken":7.0,"relics_obtained":["StoneCalendar"]},{"damage_healed":0.0,"max_hp_gain":0.0,"max_hp_loss":0.0,"gold_gain":0.0,"event_name":"The Mausoleum","player_choice":"Opened","floor":28.0,"gold_loss":0.0,"damage_taken":0.0,"relics_obtained":["Vajra"]},{"damage_healed":0.0,"max_hp_gain":0.0,"max_hp_loss":0.0,"gold_gain":0.0,"event_name":"Match and Keep!","player_choice":"2 cards matched","floor":37.0,"gold_loss":0.0,"damage_taken":0.0,"cards_obtained":["Crescendo","Trip"]},{"cards_removed":["Defend_P"],"damage_healed":0,"gold_gain":0,"player_choice":"Upgrade and Remove","damage_taken":0,"max_hp_gain":0,"max_hp_loss":0,"event_name":"Designer","floor":45,"gold_loss":90,"cards_upgraded":["WheelKick"]}],"is_beta":false,"boss_relics":[{"not_picked":["VioletLotus","Sozu"],"picked":"Philosopher\u0027s Stone"},{"not_picked":["SlaversCollar","Calling Bell"],"picked":"Fusion Hammer"}],"items_purged_floors":[19,21,36],"is_endless":false,"potions_floor_spawned":[2,3,7,11,12,14,16,18,20,22,24,29,30,31,33,35,38,39,41,42,44,47,54],"ascension_level":3}}