{"host":"gk5m6v7zec9neb0j","time":1611275815,"event":{"mods":["AchievementEnabler","AlwaysNeverKeys","BaseMod","BetterRewards","Block Reminder","Minty Spire (QoL Compilation)","Rare Cards Sparkle","Relic Stats","StSLib"],"gold_per_floor":[112,62,77,77,91,91,91,91,91,91,16,16,30,55,55,185,185,199,62,62,11,11,11,36,36,61,76,89,115,133,157,157,288,288,308,308,321,70,88,119,119,137,137,470,470,483,493,504,504,504,504,504,10,40,40,40],"floor_reached":55,"language":"ENG","playtime":2022,"items_purged":["Strike_R","Strike_R","Feel No Pain","Feel No Pain","Havoc","Strike_R"],"score":891,"play_id":"8f5a149b-4b89-4ad3-bb28-1b68602c751b","local_time":"20210121193655","is_ascension_mode":false,"campfire_choices":[{"data":"Limit Break","floor":6.0,"key":"SMITH"},{"floor":8.0,"key":"REST"},{"data":"Bash","floor":10.0,"key":"SMITH"},{"data":"Inflame","floor":12.0,"key":"SMITH"},{"data":"Spot Weakness","floor":15.0,"key":"SMITH"},{"data":"Shrug It Off","floor":23.0,"key":"SMITH"},{"data":"Iron Wave","floor":25.0,"key":"SMITH"},{"floor":32.0,"key":"REST"},{"data":"1","floor":41.0,"key":"LIFT"},{"data":"2","floor":45.0,"key":"LIFT"},{"data":"Body Slam","floor":49.0,"key":"SMITH"},{"data":"Twin Strike","floor":52.0,"key":"SMITH"}],"circlet_count":0,"master_deck":["Strike_R","Defend_R","Defend_R","Defend_R","Defend_R","Bash+1","Inflame+1","Spot Weakness+1","Limit Break+1","Burning Pact","Shrug It Off+1","Finesse","Iron Wave+1","Shrug It Off+1","Pummel+1","Twin Strike+1","Body Slam+1","Double Tap"],"relics":["Burning Blood","Pocketwatch","Membership Card","Orrery","Meat on the Bone","Nunchaku","Tiny Chest","Busted Crown","FossilizedHelix","ClockworkSouvenir","Girya","Dead Branch","TheAbacus","Blood Vial","Bottled Lightning","White Beast Statue"],"acts_visited":["Exordium","TheCity","TheBeyond","TheEnding"],"potions_floor_usage":[54,55,55,55],"damage_taken":[{"damage":15.0,"enemies":"Jaw Worm","floor":1.0,"turns":3.0},{"damage":0.0,"enemies":"Small Slimes","floor":3.0,"turns":3.0},{"damage":6.0,"enemies":"2 Louse","floor":5.0,"turns":4.0},{"damage":26.0,"enemies":"Lots of Slimes","floor":13.0,"turns":4.0},{"damage":16.0,"enemies":"Exordium Thugs","floor":14.0,"turns":5.0},{"damage":35.0,"enemies":"Slime Boss","floor":16.0,"turns":7.0},{"damage":0.0,"enemies":"Shell Parasite","floor":18.0,"turns":8.0},{"damage":30.0,"enemies":"2 Thieves","floor":24.0,"turns":4.0},{"damage":41.0,"enemies":"Sentry and Sphere","floor":27.0,"turns":7.0},{"damage":7.0,"enemies":"Centurion and Healer","floor":28.0,"turns":6.0},{"damage":37.0,"enemies":"3 Cultists","floor":30.0,"turns":8.0},{"damage":0.0,"enemies":"Cultist and Chosen","floor":31.0,"turns":4.0},{"damage":20.0,"enemies":"Collector","floor":33.0,"turns":4.0},{"damage":11.0,"enemies":"Orb Walker","floor":35.0,"turns":3.0},{"damage":11.0,"enemies":"3 Darklings","floor":37.0,"turns":7.0},{"damage":0.0,"enemies":"Maw","floor":39.0,"turns":6.0},{"damage":24.0,"enemies":"Giant Head","floor":40.0,"turns":7.0},{"damage":0.0,"enemies":"Transient","floor":42.0,"turns":5.0},{"damage":11.0,"enemies":"Writhing Mass","floor":46.0,"turns":4.0},{"damage":0.0,"enemies":"4 Shapes","floor":47.0,"turns":4.0},{"damage":0.0,"enemies":"Sphere and 2 Shapes","floor":48.0,"turns":6.0},{"damage":59.0,"enemies":"Time Eater","floor":50.0,"turns":11.0},{"damage":63,"enemies":"Shield and Spear","floor":54,"turns":5},{"damage":85,"enemies":"The Heart","floor":55,"turns":5}],"seed_played":"-1374796095475928077","potions_obtained":[{"floor":13.0,"key":"Fruit Juice"},{"floor":24.0,"key":"DuplicationPotion"},{"floor":42.0,"key":"Strength Potion"},{"floor":47.0,"key":"Explosive Potion"},{"floor":54,"key":"EntropicBrew"}],"is_trial":false,"path_per_floor":["M","?","M","?","M","R","?","R","T","R","$","R","M","M","R","B",null,"M","$","?","$","?","R","M","R","T","M","M","T","M","M","R","B",null,"M","?","M","$","M","E","R","M","T","?","R","M","M","M","R","B",null,"R","$","E","B"],"character_chosen":"IRONCLAD","items_purchased":["Inflame","Membership Card","Feel No Pain","Feel No Pain","Havoc","Orrery","Limit Break","Finesse","FairyPotion","FossilizedHelix","ClockworkSouvenir","Swift Potion","TheAbacus","Blood Vial","Bottled Lightning","LiquidMemories","Double Tap"],"campfire_rested":2,"item_purchase_floors":[0,0,0,0,0,0,0,19,21,38,38,38,53,53,53,53,53],"current_hp_per_floor":[24,24,30,30,30,30,30,52,52,52,52,52,49,51,51,34,79,79,79,79,79,79,79,55,55,55,32,43,43,24,42,65,51,79,74,74,69,69,75,57,57,63,63,63,63,58,64,70,70,29,75,75,75,30,0,0],"gold":40,"neow_bonus":"","is_daily":false,"chose_seed":false,"campfire_upgraded":8,"win_rate":0.0,"timestamp":1611275815,"path_taken":["M","?","M","?","M","R","?","R","T","R","$","R","M","M","R","BOSS","M","$","?","$","?","R","M","R","T","M","?","?","?","M","R","BOSS","M","?","M","$","M","E","R","M","T","?","R","M","M","M","R","BOSS","R","$","E","BOSS"],"items_purchased_type":["Card","Relic","Card","Card","Card","Relic","Card","Card","Potion","Relic","Relic","Potion","Relic","Relic","Relic","Potion","Card"],"build_version":"2020-12-22","purchased_purges":6,"victory":false,"max_hp_per_floor":[80,80,80,80,80,80,74,74,74,74,74,74,79,79,79,79,79,79,79,79,79,79,79,79,79,79,79,79,79,79,79,79,79,79,79,75,75,75,75,75,75,75,75,75,75,75,75,75,75,75,75,75,75,75,75,75],"relic_stats":{"Blood Vial":2,"Nunchaku":[20],"Busted Crown":18,"TheAbacus":[12],"counters":[566,2997],"Dead Branch":[27],"Tiny Chest":0,"obtain_stats":[{"Whetstone":45,"Ginger":48,"Bottled Tornado":12,"Boot":40,"Old Coin":9,"Blood Vial":54,"Sundial":43,"MealTicket":44,"Fusion Hammer":34,"Kunai":3,"Runic Cube":34,"Pear":6,"Blue Candle":9,"Eternal Feather":6,"Pen Nib":9,"Akabeko":37,"SlaversCollar":17,"Runic Dome":17,"Bird Faced Urn":0,"MutagenicStrength":27,"Mark of Pain":34,"StrikeDummy":47,"Unceasing Top":0,"Regal Pillow":9,"Lantern":23,"Singing Bowl":42,"Torii":44,"Magic Flower":34,"StoneCalendar":0,"Bag of Preparation":41,"Ancient Tea Set":6,"Smiling Mask":9,"Burning Blood":0,"Matryoshka":27,"Shovel":0,"WingedGreaves":11,"Chemical X":0,"InkBottle":23,"Paper Frog":9,"Potion Belt":43,"Lee\u0027s Waffle":0,"Golden Idol":4,"Self Forming Clay":25,"Thread and Needle":0,"The Courier":13,"PreservedInsect":24,"Omamori":13,"Frozen Egg 2":8,"MawBank":9,"Busted Crown":34,"Ornamental Fan":12,"Orrery":0,"Turnip":13,"Art of War":26,"Champion Belt":23,"Bottled Lightning":43,"Toy Ornithopter":9,"Ice Cream":0,"Calipers":0,"Gremlin Horn":24,"CeramicFish":11,"Vajra":19,"Sozu":17,"Lizard Tail":25,"Centennial Puzzle":26,"HornCleat":54,"DollysMirror":37,"Strawberry":43,"Toxic Egg 2":25,"Girya":0,"Happy Flower":0,"Dead Branch":13,"Oddly Smooth Stone":54,"Charon\u0027s Ashes":0,"Letter Opener":26,"War Paint":55,"Question Card":9,"Du-Vu Doll":43,"OrangePellets":0,"Bottled Flame":54,"Shuriken":0,"Bronze Scales":0,"Molten Egg 2":26,"Nloth\u0027s Gift":20,"Pocketwatch":47,"Meat on the Bone":28,"Darkstone Periapt":26,"SacredBark":34,"Black Blood":17,"Enchiridion":21,"Mango":26,"Juzu Bracelet":3,"Incense Burner":0,"Empty Cage":17,"PrismaticShard":0,"ClockworkSouvenir":0,"Nunchaku":36,"Dream Catcher":25,"TheAbacus":37,"Mummified Hand":0,"Gambling Chip":13,"Pantograph":54,"Tiny Chest":24,"Red Mask":41,"Red Skull":4,"Runic Pyramid":34,"Orichalcum":20,"Odd Mushroom":14,"Medical Kit":36,"White Beast Statue":2,"Mercury Hourglass":30,"Peace Pipe":0,"Calling Bell":34,"Anchor":12,"CaptainsWheel":28,"Bag of Marbles":0,"Coffee Dripper":34,"Membership Card":0,"FossilizedHelix":0,"TungstenRod":36},{"Whetstone":46,"Ginger":104,"Bottled Tornado":137,"Boot":102,"Old Coin":4,"Blood Vial":49,"Sundial":149,"MealTicket":536,"Fusion Hammer":98,"Kunai":2,"Runic Cube":296,"Pear":111,"Blue Candle":112,"Eternal Feather":25,"Pen Nib":56,"Akabeko":221,"SlaversCollar":36,"Runic Dome":61,"Bird Faced Urn":129,"MutagenicStrength":292,"Mark of Pain":70,"StrikeDummy":47,"Unceasing Top":0,"Regal Pillow":157,"Lantern":442,"Singing Bowl":102,"Torii":398,"Magic Flower":367,"StoneCalendar":80,"Bag of Preparation":196,"Ancient Tea Set":84,"Smiling Mask":407,"Burning Blood":0,"Matryoshka":118,"Shovel":457,"WingedGreaves":26,"Chemical X":50,"InkBottle":468,"Paper Frog":33,"Potion Belt":102,"Lee\u0027s Waffle":231,"Golden Idol":2,"Self Forming Clay":265,"Thread and Needle":154,"The Courier":15,"PreservedInsect":500,"Omamori":27,"Frozen Egg 2":25,"MawBank":13,"Busted Crown":505,"Ornamental Fan":381,"Orrery":9,"Turnip":59,"Art of War":117,"Champion Belt":66,"Bottled Lightning":451,"Toy Ornithopter":181,"Ice Cream":80,"Calipers":80,"Gremlin Horn":39,"CeramicFish":33,"Vajra":140,"Sozu":306,"Lizard Tail":39,"Centennial Puzzle":39,"HornCleat":174,"DollysMirror":395,"Strawberry":124,"Toxic Egg 2":117,"Girya":50,"Happy Flower":80,"Dead Branch":88,"Oddly Smooth Stone":326,"Charon\u0027s Ashes":50,"Letter Opener":67,"War Paint":79,"Question Card":135,"Du-Vu Doll":149,"OrangePellets":19,"Bottled Flame":106,"Shuriken":0,"Bronze Scales":29,"Molten Egg 2":165,"Nloth\u0027s Gift":115,"Pocketwatch":172,"Meat on the Bone":216,"Darkstone Periapt":93,"SacredBark":219,"Black Blood":16,"Enchiridion":413,"Mango":141,"Juzu Bracelet":10,"Incense Burner":107,"Empty Cage":160,"PrismaticShard":327,"ClockworkSouvenir":0,"Nunchaku":42,"Dream Catcher":141,"TheAbacus":99,"Mummified Hand":50,"Gambling Chip":34,"Pantograph":515,"Tiny Chest":92,"Red Mask":148,"Red Skull":32,"Runic Pyramid":41,"Orichalcum":17,"Odd Mushroom":28,"Medical Kit":421,"White Beast Statue":10,"Mercury Hourglass":69,"Peace Pipe":0,"Calling Bell":367,"Anchor":59,"CaptainsWheel":502,"Bag of Marbles":50,"Coffee Dripper":420,"Membership Card":0,"FossilizedHelix":129,"TungstenRod":193},{"Whetstone":235,"Ginger":445,"Bottled Tornado":578,"Boot":443,"Old Coin":20,"Blood Vial":254,"Sundial":607,"MealTicket":2825,"Fusion Hammer":434,"Kunai":11,"Runic Cube":1471,"Pear":468,"Blue Candle":470,"Eternal Feather":132,"Pen Nib":288,"Akabeko":1053,"SlaversCollar":194,"Runic Dome":314,"Bird Faced Urn":552,"MutagenicStrength":1449,"Mark of Pain":351,"StrikeDummy":240,"Unceasing Top":0,"Regal Pillow":630,"Lantern":2249,"Singing Bowl":443,"Torii":2056,"Magic Flower":1869,"StoneCalendar":388,"Bag of Preparation":876,"Ancient Tea Set":396,"Smiling Mask":2125,"Burning Blood":0,"Matryoshka":499,"Shovel":2324,"WingedGreaves":139,"Chemical X":262,"InkBottle":2390,"Paper Frog":177,"Potion Belt":443,"Lee\u0027s Waffle":1104,"Golden Idol":11,"Self Forming Clay":1293,"Thread and Needle":621,"The Courier":70,"PreservedInsect":2626,"Omamori":150,"Frozen Egg 2":132,"MawBank":57,"Busted Crown":2653,"Ornamental Fan":1932,"Orrery":48,"Turnip":301,"Art of War":496,"Champion Belt":329,"Bottled Lightning":2288,"Toy Ornithopter":757,"Ice Cream":388,"Calipers":388,"Gremlin Horn":203,"CeramicFish":177,"Vajra":586,"Sozu":1538,"Lizard Tail":203,"Centennial Puzzle":203,"HornCleat":729,"DollysMirror":2030,"Strawberry":538,"Toxic Egg 2":496,"Girya":262,"Happy Flower":388,"Dead Branch":406,"Oddly Smooth Stone":1624,"Charon\u0027s Ashes":262,"Letter Opener":332,"War Paint":381,"Question Card":574,"Du-Vu Doll":607,"OrangePellets":106,"Bottled Flame":448,"Shuriken":0,"Bronze Scales":164,"Molten Egg 2":671,"Nloth\u0027s Gift":488,"Pocketwatch":718,"Meat on the Bone":1028,"Darkstone Periapt":419,"SacredBark":1044,"Black Blood":80,"Enchiridion":2151,"Mango":587,"Juzu Bracelet":50,"Incense Burner":454,"Empty Cage":646,"PrismaticShard":1631,"ClockworkSouvenir":0,"Nunchaku":221,"Dream Catcher":587,"TheAbacus":436,"Mummified Hand":262,"Gambling Chip":183,"Pantograph":2705,"Tiny Chest":417,"Red Mask":605,"Red Skull":173,"Runic Pyramid":217,"Orichalcum":95,"Odd Mushroom":152,"Medical Kit":2161,"White Beast Statue":50,"Mercury Hourglass":341,"Peace Pipe":0,"Calling Bell":1869,"Anchor":301,"CaptainsWheel":2638,"Bag of Marbles":262,"Coffee Dripper":2160,"Membership Card":0,"FossilizedHelix":552,"TungstenRod":854}],"Burning Blood":3114,"Pocketwatch":[152],"Meat on the Bone":108},"card_choices":[{"not_picked":["Iron Wave","Perfected Strike"],"picked":"Fire Breathing","floor":0.0},{"not_picked":["Bloodletting","Anger"],"picked":"Spot Weakness","floor":0.0},{"not_picked":["Clash","Anger"],"picked":"Burning Pact","floor":1.0},{"not_picked":["Dual Wield","Havoc","Feel No Pain"],"picked":"SKIP","floor":3.0},{"not_picked":["Shockwave","Immolate","Iron Wave"],"picked":"SKIP","floor":5.0},{"not_picked":["Shockwave","Entrench","Sever Soul"],"picked":"SKIP","floor":13.0},{"not_picked":["Thunderclap","Body Slam"],"picked":"Shrug It Off","floor":14.0},{"not_picked":["Spot Weakness","Clash","Hemokinesis"],"picked":"SKIP","floor":18.0},{"not_picked":["Reckless Charge","Dark Embrace"],"picked":"Iron Wave","floor":24.0},{"not_picked":["Fire Breathing","Blood for Blood"],"picked":"Shrug It Off+1","floor":27.0},{"not_picked":["Thunderclap","Metallicize+1"],"picked":"Pummel+1","floor":28.0},{"not_picked":["Exhume","Flex","Rupture"],"picked":"SKIP","floor":30.0},{"not_picked":["Carnage+1","Flex+1","Flame Barrier"],"picked":"SKIP","floor":31.0},{"not_picked":["Sword Boomerang"],"picked":"SKIP","floor":35.0},{"not_picked":["Anger+1"],"picked":"SKIP","floor":37.0},{"not_picked":["Second Wind"],"picked":"SKIP","floor":39.0},{"not_picked":["Perfected Strike+1"],"picked":"SKIP","floor":40.0},{"not_picked":["Pommel Strike"],"picked":"SKIP","floor":42.0},{"not_picked":["Blood for Blood+1"],"picked":"SKIP","floor":46.0},{"not_picked":[],"picked":"Twin Strike","floor":47.0},{"not_picked":[],"picked":"Body Slam","floor":48.0},{"not_picked":["Uppercut+1"],"picked":"SKIP","floor":54}],"player_experience":759935,"relics_obtained":[{"floor":9.0,"key":"Meat on the Bone"},{"floor":26.0,"key":"Nunchaku"},{"floor":29.0,"key":"Tiny Chest"},{"floor":40.0,"key":"Girya"},{"floor":43.0,"key":"Dead Branch"},{"floor":54,"key":"White Beast Statue"}],"event_choices":[{"cards_removed":["Fire Breathing"],"damage_healed":0.0,"max_hp_gain":0.0,"max_hp_loss":0.0,"gold_gain":0.0,"event_name":"The Cleric","player_choice":"Card Removal","floor":2.0,"gold_loss":50.0,"damage_taken":0.0},{"damage_healed":0.0,"max_hp_gain":0.0,"max_hp_loss":0.0,"gold_gain":0.0,"event_name":"Scrap Ooze","player_choice":"Fled","floor":4.0,"gold_loss":0.0,"damage_taken":0.0},{"damage_healed":0.0,"max_hp_gain":0.0,"max_hp_loss":6.0,"gold_gain":0.0,"event_name":"Golden Idol","player_choice":"Lose Max HP","floor":7.0,"gold_loss":0.0,"damage_taken":0.0,"relics_obtained":["Golden Idol"]},{"cards_removed":["Strike_R"],"damage_healed":0.0,"max_hp_gain":0.0,"max_hp_loss":0.0,"gold_gain":0.0,"event_name":"Back to Basics","player_choice":"Elegance","floor":20.0,"gold_loss":0.0,"damage_taken":0.0},{"damage_healed":0.0,"max_hp_gain":0.0,"max_hp_loss":0.0,"gold_gain":0.0,"event_name":"NoteForYourself","player_choice":"Ignored","floor":22.0,"gold_loss":0.0,"damage_taken":0.0},{"damage_healed":0.0,"max_hp_gain":0.0,"max_hp_loss":4.0,"gold_gain":0.0,"event_name":"Winding Halls","player_choice":"Max HP","floor":36.0,"gold_loss":0.0,"damage_taken":0.0},{"damage_healed":0.0,"max_hp_gain":0.0,"max_hp_loss":0.0,"gold_gain":333.0,"event_name":"The Moai Head","player_choice":"Gave Idol","floor":44.0,"relics_lost":["Golden Idol"],"gold_loss":0.0,"damage_taken":0.0}],"is_beta":false,"boss_relics":[{"not_picked":["Fusion Hammer","Runic Dome","Coffee Dripper"]},{"not_picked":["Calling Bell","Pandora\u0027s Box"],"picked":"Busted Crown"}],"items_purged_floors":[0,0,0,11,19,53],"is_endless":false,"potions_floor_spawned":[5,13,16,24,27,30,40,42,47,48,54],"killed_by":"The Heart","ascension_level":0}}