{"host":"5eh8stjbz3x0wd4z","time":1611303778,"event":{"mods":["BaseMod","Downfall","Hermit","Minty Spire (QoL Compilation)","StSLib","The Cursed"],"gold_per_floor":[109,109,119,133,133,166,181,181,207,207,160,174,174,192,192,297,297,317,57,57,57,82,82,82],"floor_reached":23,"language":"ENG","playtime":1278,"items_purged":[],"score":189,"play_id":"c23b5430-e6bd-4962-8090-420246c969b3","local_time":"20210122002258","is_ascension_mode":false,"campfire_choices":[{"floor":13,"key":"REST"},{"floor":15,"key":"REST"}],"circlet_count":0,"master_deck":["Strike_G","Strike_G","Strike_G+1","Strike_G","Defend_G+1","Defend_G","Defend_G","Defend_G","Defend_G","Survivor","Neutralize","Deflect","Blade Dance","Flying Knee","Blade Dance","Dagger Spray","Deflect","Blade Dance","A Thousand Cuts","Backflip","Dash","Deflect","Flash of Steel","Noxious Fumes","RitualDagger"],"relics":["Ring of the Snake","Bag of Preparation","Centennial Puzzle","Runic Pyramid","Toy Ornithopter"],"acts_visited":["Exordium","TheCity"],"potions_floor_usage":[16,16,16,23],"damage_taken":[{"damage":2,"enemies":"Small Slimes","floor":1,"turns":5},{"damage":0,"enemies":"Cultist","floor":3,"turns":4},{"damage":0,"enemies":"2 Louse","floor":4,"turns":2},{"damage":46,"enemies":"3 Sentries","floor":6,"turns":12},{"damage":0,"enemies":"Blue Slaver","floor":7,"turns":4},{"damage":0,"enemies":"Exordium Wildlife","floor":12,"turns":3},{"damage":6,"enemies":"3 Louse","floor":14,"turns":2},{"damage":51,"enemies":"Slime Boss","floor":16,"turns":16},{"damage":18,"enemies":"Spheric Guardian","floor":18,"turns":4},{"damage":62,"enemies":"Book of Stabbing","floor":23,"turns":7}],"seed_played":"6532459051156751500","potions_obtained":[{"floor":7,"key":"Weak Potion"},{"floor":12,"key":"Energy Potion"},{"floor":14,"key":"GamblersBrew"},{"floor":16,"key":"Fire Potion"}],"is_trial":false,"path_per_floor":["M","?","M","M","?","E","M","?","T","$","?","M","R","M","R","B",null,"M","$","?","?","T","E"],"character_chosen":"THE_SILENT","items_purchased":["Dash","Deflect","Flash of Steel","Noxious Fumes"],"campfire_rested":2,"item_purchase_floors":[19,19,19,19],"current_hp_per_floor":[75,75,75,75,75,29,29,14,14,14,14,14,37,31,54,3,77,59,59,59,53,53,0,0],"gold":82,"neow_bonus":"TEN_PERCENT_HP_BONUS","is_daily":false,"chose_seed":false,"campfire_upgraded":0,"win_rate":0.0,"timestamp":1611303778,"path_taken":["M","?","M","?","?","E","M","?","T","$","?","M","R","?","R","BOSS","M","$","?","?","?","E"],"items_purchased_type":["Card","Card","Card","Card"],"build_version":"2020-12-22","purchased_purges":0,"victory":false,"max_hp_per_floor":[77,77,77,77,77,77,77,77,77,77,77,77,77,77,77,77,77,77,77,77,77,77,77,77],"card_choices":[{"not_picked":["Dagger Spray","Backflip"],"picked":"Deflect","floor":1},{"not_picked":["Sucker Punch","Finisher"],"picked":"Blade Dance","floor":3},{"not_picked":["Choke","PiercingWail"],"picked":"Flying Knee","floor":4},{"not_picked":["Blur","Tools of the Trade"],"picked":"Blade Dance","floor":6},{"not_picked":["Prepared","PiercingWail"],"picked":"Dagger Spray","floor":7},{"not_picked":["Expertise","Distraction"],"picked":"Deflect","floor":12},{"not_picked":["Dagger Throw","Die Die Die"],"picked":"Blade Dance","floor":14},{"not_picked":["Burst","Adrenaline"],"picked":"A Thousand Cuts","floor":16},{"not_picked":["Eviscerate","Expertise"],"picked":"Backflip","floor":18}],"player_experience":2257,"relics_obtained":[{"floor":6,"key":"Bag of Preparation"},{"floor":9,"key":"Centennial Puzzle"},{"floor":22,"key":"Toy Ornithopter"}],"event_choices":[{"cards_removed":["Strike_G"],"damage_healed":0,"gold_gain":0,"player_choice":"Purged","damage_taken":0,"max_hp_gain":0,"max_hp_loss":0,"event_name":"Purifier","floor":2,"gold_loss":0},{"damage_healed":0,"gold_gain":0,"player_choice":"Ignored","damage_taken":0,"max_hp_gain":0,"max_hp_loss":0,"event_name":"Liars Game","floor":5,"gold_loss":0},{"damage_healed":0,"gold_gain":0,"player_choice":"Entered Light","damage_taken":15,"max_hp_gain":0,"max_hp_loss":0,"event_name":"Shining Light","floor":8,"gold_loss":0,"cards_upgraded":["Defend_G","Strike_G"]},{"damage_healed":0,"gold_gain":0,"player_choice":"Left Gold","damage_taken":0,"max_hp_gain":0,"max_hp_loss":0,"event_name":"World of Goop","floor":11,"gold_loss":47},{"damage_healed":0,"gold_gain":0,"player_choice":"Ignored","damage_taken":0,"max_hp_gain":0,"max_hp_loss":0,"event_name":"Ghosts","floor":20,"gold_loss":0},{"damage_healed":0,"gold_gain":0,"player_choice":"Joined the Cult","damage_taken":6,"max_hp_gain":0,"max_hp_loss":0,"event_name":"Nest","floor":21,"gold_loss":0,"cards_obtained":["RitualDagger"]}],"is_beta":false,"boss_relics":[{"not_picked":["Tiny House","SlaversCollar"],"picked":"Runic Pyramid"}],"items_purged_floors":[],"is_endless":false,"potions_floor_spawned":[7,12,14,16],"killed_by":"Book of Stabbing","ascension_level":0}}