{"host":"lxihx0b6awoz2w1j","time":1611334778,"event":{"mods":["Act Like it!","BaseMod","Better Third Choice","CapriCore","Colored Powertips","Conspire","Downfall","Fox Events","Gensokyo","Hermit","Hubris","Infinite Spire","JesterMod","Luminous","Marisa????????","Melee Mod","Minty Spire (QoL Compilation)","Prisma Mod","Quick Restart","Relic Stats","Replay The Spire","Shade Mod","Spicy Shops","StSLib","The Alterego","The Blue Laboratory","The Cursed","The Disciple","The Forsaken","The Gatherer","The Immortal","The Jungle","The Marked","The Runesmith","The Senshi","The Servant 0.9.4","The Spell Scribe","Waifu the Spire"],"gold_per_floor":[115,132,4,79,99,127,127,161,233,59,59,59,74,74,74,177,177,191,207,207,220,220,220,247,247,300,318,353,365,375,393,393,497,497,510,520,264,281,483,510,510,523,523,551,551,551,551,551,339,352,352,455,455,460,472,481,489,490,507,507,525,525,503,503],"floor_reached":63,"language":"ENG","playtime":3221,"items_purged":[],"score":1039,"play_id":"c5253d45-177b-4b75-a97e-3f40e0ac766f","local_time":"20210122175938","is_ascension_mode":true,"campfire_choices":[{"floor":7.0,"key":"REST"},{"floor":12.0,"key":"REST"},{"data":"Shade:FreshBones","floor":15.0,"key":"SMITH"},{"floor":23.0,"key":"REST"},{"data":"Shade:Putrefaction","floor":25.0,"key":"SMITH"},{"data":"Shade:CommandSoldier","floor":32.0,"key":"SMITH"},{"floor":41.0,"key":"REST"},{"data":"Shade:LichForm","floor":51,"key":"SMITH"},{"data":"Shade:UnbarTheGrave","floor":60,"key":"SMITH"}],"circlet_count":0,"master_deck":["Shade:Strike_Shade","Shade:Strike_Shade","Shade:Strike_Shade","Shade:Defend_Shade+1","Shade:Defend_Shade","Shade:Defend_Shade","Shade:Defend_Shade","Shade:AnimateDead","Shade:CarefulCut","Shade:FuneraryArmor","Shade:FreshBones","Shade:OpenGraves","Shade:CoffinDance+1","Shade:PressTheAttack","Shade:Frenzy","Shade:AncientSpear","Shade:FreshBones+1","Shade:ExtraLimbs","Shade:CommandSoldier+1","Shade:Putrefaction+1","Shade:WallOfFlesh","Shade:SkeletonArmy+1","Shade:PressTheAttack+1","Shade:AncientSpear","Shade:CloudOfShrapnel","Shade:AnimateDead","ReplayTheSpireMod:Trickstab","Shade:Bonestorm","Shade:CoffinDance+1","Shade:FuneraryArmor+1","Shade:Bonestorm","Shade:Carnophage","Shade:LichForm+1","Shade:FleshOffering","Shade:WallOfFlesh+1","Shade:PoundOfFlesh","Shade:OpenGraves","Shade:FuneraryArmor","Shade:SkeletonArmy+1","Parasite","Shade:Patience+1","Shade:BoneShards+1","Shade:FuneraryJewels","Shade:AuraOfUnlife+1","Shade:OneIsEnough","Shade:FleshLikeOak","Shade:Trample","Shade:FuneraryArmor","Shade:Asphyxiate","Shade:FingerOfDeath","Shade:UnbarTheGrave+1"],"relics":["Shade:YorickSkull","Blood Vial","Replay:Bottled Steam","InkBottle","HandDrill","hubris:RunicObelisk","Black Star","Eternal Feather","hubris:TenFootPole","Centennial Puzzle","infinitespire:Broken Mirror","Smiling Mask","Sozu","Replay:Mystery Machine","Toy Ornithopter","theForsaken:Lifeblossom","War Paint","Bag of Preparation","hubris:FunFungus","ReplayTheSpireMod:Lightbulb","Oddly Smooth Stone","Painkiller Herb","Runesmith:AutoHammer","Golden Egg","Anchor","infinitespire:Bottled Soul"],"acts_visited":["Exordium","TheCity","TheBeyond","Exordium"],"potions_floor_usage":[52],"damage_taken":[{"damage":0.0,"enemies":"2 Louse","floor":1.0,"turns":3.0},{"damage":3.0,"enemies":"infinitespire:Voidling","floor":2.0,"turns":4.0},{"damage":0.0,"enemies":"Small Slimes","floor":5.0,"turns":3.0},{"damage":15.0,"enemies":"3 Sentries","floor":6.0,"turns":8.0},{"damage":28.0,"enemies":"Gremlin Nob","floor":8.0,"turns":4.0},{"damage":0.0,"enemies":"Blue Slaver","floor":13.0,"turns":3.0},{"damage":19.0,"enemies":"Hexaghost","floor":16.0,"turns":8.0},{"damage":12.0,"enemies":"Shell Parasite","floor":18.0,"turns":4.0},{"damage":0.0,"enemies":"Chosen","floor":19.0,"turns":4.0},{"damage":15.0,"enemies":"Snecko","floor":21.0,"turns":3.0},{"damage":3.0,"enemies":"Replay:Snechameleon","floor":24.0,"turns":4.0},{"damage":13.0,"enemies":"Shelled Parasite and Fungi","floor":27.0,"turns":5.0},{"damage":12.0,"enemies":"Slavers","floor":28.0,"turns":4.0},{"damage":6.0,"enemies":"Snake Plant","floor":29.0,"turns":3.0},{"damage":0.0,"enemies":"Cultist and Chosen","floor":30.0,"turns":3.0},{"damage":0.0,"enemies":"Snecko","floor":31.0,"turns":5.0},{"damage":40.0,"enemies":"Automaton","floor":33.0,"turns":7.0},{"damage":10.0,"enemies":"3 Shapes","floor":35.0,"turns":3.0},{"damage":0.0,"enemies":"3 Darklings","floor":36.0,"turns":3.0},{"damage":0.0,"enemies":"Jaw Worm Horde","floor":38.0,"turns":3.0},{"damage":35.0,"enemies":"Giant Head","floor":40.0,"turns":8.0},{"damage":6.0,"enemies":"Writhing Mass","floor":42.0,"turns":3.0},{"damage":38.0,"enemies":"Nightmare","floor":44.0,"turns":5.0},{"damage":2,"enemies":"4 Shapes","floor":50,"turns":4},{"damage":59,"enemies":"Awakened One","floor":52,"turns":9},{"damage":0,"enemies":"Jaw Worm","floor":54,"turns":2},{"damage":0,"enemies":"Cultist","floor":55,"turns":1},{"damage":0,"enemies":"infinitespire:Voidling","floor":56,"turns":2},{"damage":0,"enemies":"3 Louse","floor":57,"turns":2},{"damage":0,"enemies":"Gremlin Gang","floor":58,"turns":2},{"damage":0,"enemies":"3 Sentries","floor":59,"turns":3},{"damage":0,"enemies":"Gremlin Nob","floor":61,"turns":3},{"damage":92,"enemies":"Nightmare","floor":63,"turns":5}],"seed_played":"8453747983776481496","potions_obtained":[{"floor":5.0,"key":"Adrenaline Potion"},{"floor":6.0,"key":"blueLaboratory:HummingbirdPotion"},{"floor":16.0,"key":"blueLaboratory:ArtificerPotion"},{"floor":19.0,"key":"Dexterity Potion"},{"floor":27.0,"key":"Adrenaline Potion"},{"floor":29.0,"key":"LiquidMemories"},{"floor":31.0,"key":"blueLaboratory:PyrophylliteBrew"}],"is_trial":false,"path_per_floor":["M","M","$","?","M","E","R","E","T","$","?","R","M","?","R","B",null,"M","M","AVR","M","?","R","E","R","T","M","E","M","M","M","R","B",null,"M","M","$","M","?","E","R","M","T","NM","?","T","PTL","PTL","$","M","R","B",null,"?","?","?","?","?","E","T","E","T","NM"],"character_chosen":"SHADE","items_purchased":["Shade:CoffinDance+1","Shade:PressTheAttack","Shade:ExtraLimbs","HandDrill","Replay:Mystery Machine","Shade:PoundOfFlesh","Shade:OpenGraves","Oddly Smooth Stone","Shade:FuneraryJewels"],"campfire_rested":4,"item_purchase_floors":[3,3,10,10,37,37,37,49,49],"current_hp_per_floor":[65,62,62,56,56,41,60,34,34,34,34,53,55,55,55,38,65,53,55,55,42,42,61,60,65,65,52,42,38,40,42,60,22,65,55,57,57,59,59,26,65,61,61,28,28,28,28,28,28,38,62,13,65,65,65,65,65,65,65,65,65,65,0,0],"gold":503,"neow_bonus":"THREE_CARDS","is_daily":false,"chose_seed":false,"campfire_upgraded":5,"win_rate":0.0,"timestamp":1611334778,"path_taken":["M","M","$","?","?","E","R","E","T","$","?","R","M","?","R","BOSS","M","M","AVR","M","?","R","E","R","T","M","E","M","M","?","R","BOSS","M","M","$","M","?","E","R","M","T","NM","?","?","PTL","PTL","$","M","R","BOSS","?","?","?","?","?","E","T","E","T","NM"],"items_purchased_type":["Card","Card","Card","Relic","Relic","Card","Card","Relic","Card"],"build_version":"2020-12-22","purchased_purges":0,"victory":false,"max_hp_per_floor":[65,65,65,65,65,65,65,65,65,65,65,65,65,65,65,65,65,65,65,65,65,65,65,65,65,65,65,65,65,65,65,65,65,65,65,65,65,65,65,65,65,65,65,65,65,65,65,65,65,65,65,65,65,65,65,65,65,65,65,65,65,65,65,65],"relic_stats":{"counters":[33,132],"Eternal Feather":71,"Bag of Preparation":[20],"War Paint":["Shade:Defend_Shade","Shade:SkeletonArmy"],"Smiling Mask":0,"Blood Vial":34,"Sozu":6,"Centennial Puzzle":[33],"HandDrill":[58],"Black Star":6,"obtain_stats":[{"Golden Egg":61,"Shade:YorickSkull":0,"theForsaken:Lifeblossom":40,"Painkiller Herb":53,"Bag of Preparation":44,"hubris:RunicObelisk":17,"Replay:Mystery Machine":37,"Smiling Mask":28,"Blood Vial":6,"Sozu":34,"Centennial Puzzle":26,"infinitespire:Bottled Soul":62,"hubris:FunFungus":44,"HandDrill":10,"InkBottle":9,"Replay:Bottled Steam":8,"Oddly Smooth Stone":49,"Eternal Feather":24,"War Paint":43,"Anchor":61,"infinitespire:Broken Mirror":28,"Black Star":20,"hubris:TenFootPole":24,"Runesmith:AutoHammer":59,"ReplayTheSpireMod:Lightbulb":46,"Toy Ornithopter":40},{"Golden Egg":32,"Shade:YorickSkull":0,"theForsaken:Lifeblossom":21,"Painkiller Herb":25,"Bag of Preparation":23,"hubris:RunicObelisk":7,"Replay:Mystery Machine":19,"Smiling Mask":13,"Blood Vial":4,"Sozu":17,"Centennial Puzzle":11,"infinitespire:Bottled Soul":32,"hubris:FunFungus":23,"HandDrill":5,"InkBottle":5,"Replay:Bottled Steam":5,"Oddly Smooth Stone":23,"Eternal Feather":11,"War Paint":22,"Anchor":32,"infinitespire:Broken Mirror":13,"Black Star":9,"hubris:TenFootPole":11,"Runesmith:AutoHammer":31,"ReplayTheSpireMod:Lightbulb":23,"Toy Ornithopter":21},{"Golden Egg":127,"Shade:YorickSkull":0,"theForsaken:Lifeblossom":91,"Painkiller Herb":112,"Bag of Preparation":99,"hubris:RunicObelisk":33,"Replay:Mystery Machine":81,"Smiling Mask":57,"Blood Vial":18,"Sozu":75,"Centennial Puzzle":48,"infinitespire:Bottled Soul":127,"hubris:FunFungus":99,"HandDrill":22,"InkBottle":22,"Replay:Bottled Steam":22,"Oddly Smooth Stone":99,"Eternal Feather":48,"War Paint":94,"Anchor":127,"infinitespire:Broken Mirror":57,"Black Star":41,"hubris:TenFootPole":48,"Runesmith:AutoHammer":124,"ReplayTheSpireMod:Lightbulb":99,"Toy Ornithopter":91}],"InkBottle":[38],"Toy Ornithopter":5},"card_choices":[{"not_picked":["Shade:PoundOfFlesh","Shade:TouchOfTheGrave"],"picked":"Shade:FuneraryArmor","floor":0.0},{"not_picked":["Shade:SoulToxin","Shade:CallOfTheGrave"],"picked":"Shade:FreshBones","floor":1.0},{"not_picked":["Shade:FleshToFlesh","Shade:CallWraith"],"picked":"Shade:OpenGraves","floor":2.0},{"not_picked":["Shade:Trample","Shade:GoDigging"],"picked":"Shade:Frenzy","floor":5.0},{"not_picked":["Shade:Trample","Shade:Frenzy"],"picked":"Shade:AncientSpear","floor":6.0},{"not_picked":["Shade:AncientSpear","Shade:SpectralStrikes"],"picked":"Shade:FreshBones","floor":8.0},{"not_picked":["Shade:Brains","Shade:Tombstone"],"picked":"Shade:CommandSoldier","floor":13.0},{"not_picked":["Shade:OminousRitual","Shade:MadHubris"],"picked":"Shade:Putrefaction","floor":16.0},{"not_picked":["Shade:FeralStrike","Shade:FuneraryArmor"],"picked":"Shade:WallOfFlesh","floor":18.0},{"not_picked":["Shade:AncientSpear","Shade:GoDigging+1"],"picked":"Shade:SkeletonArmy+1","floor":19.0},{"not_picked":["Shade:SpectralStrikes+1","Shade:ExtraLimbs+1"],"picked":"Shade:PressTheAttack+1","floor":21.0},{"not_picked":["Shade:FreshBones","Shade:TouchOfTheGrave"],"picked":"Shade:Bonestorm","floor":24.0},{"not_picked":["Shade:AncientSpear","Shade:Trample+1"],"picked":"Shade:CoffinDance+1","floor":27.0},{"not_picked":["Shade:Doomsay+1","Shade:Premonition"],"picked":"Shade:FuneraryArmor+1","floor":28.0},{"not_picked":["Shade:SensePrey","Shade:FreshBones"],"picked":"Shade:Bonestorm","floor":29.0},{"not_picked":["Shade:DangerousRitual","Shade:GreyBargain","Shade:Excise"],"picked":"SKIP","floor":30.0},{"not_picked":["Shade:ScuttlingHand","Shade:Excise"],"picked":"Shade:Carnophage","floor":31.0},{"not_picked":["Shade:Consume","Shade:LastGasp"],"picked":"Shade:LichForm","floor":33.0},{"not_picked":["Shade:RavenousHorde","Shade:Brains"],"picked":"Shade:FleshOffering","floor":35.0},{"not_picked":["Shade:CoffinDance+1","Shade:CallWraith"],"picked":"Shade:WallOfFlesh+1","floor":36.0},{"not_picked":["Shade:Haruspicy+1","Shade:SpontaneousRitual+1","Shade:ExtraLimbs"],"picked":"SKIP","floor":38.0},{"not_picked":["Shade:CoffinDance","Shade:DangerousRitual"],"picked":"Shade:FuneraryArmor","floor":39.0},{"not_picked":["Shade:GoDigging+1","Shade:LyeBath+1"],"picked":"Shade:SkeletonArmy","floor":40.0},{"not_picked":["Shade:FleshToFlesh+1","Shade:Brains"],"picked":"Shade:Patience+1","floor":42.0},{"not_picked":["Shade:ExtraLimbs+1","Shade:LyeBath"],"picked":"Shade:BoneShards+1","floor":44.0},{"not_picked":["Shade:SkeletonHug","Shade:FuneraryArmor+1"],"picked":"Shade:AuraOfUnlife+1","floor":50},{"not_picked":["Shade:SelfBurial","Shade:LoseControl"],"picked":"Shade:OneIsEnough","floor":52},{"not_picked":["Shade:GoDigging","Shade:SpectralStrikes"],"picked":"Shade:FleshLikeOak","floor":54},{"not_picked":["Shade:RavenousHorde","Shade:GreyBargain"],"picked":"Shade:Trample","floor":55},{"not_picked":["Shade:CallOfTheGrave","Shade:SpontaneousRitual"],"picked":"Shade:FuneraryArmor","floor":56},{"not_picked":["Shade:CoffinDance","Shade:ExtraLimbs"],"picked":"Shade:Asphyxiate","floor":57},{"not_picked":["Shade:SanguineRitual","Shade:TouchOfTheGrave"],"picked":"Shade:FingerOfDeath","floor":58},{"not_picked":["Shade:DangerousRitual","Shade:BoneShards"],"picked":"Shade:UnbarTheGrave","floor":59},{"not_picked":["Shade:Brains","Shade:FleshToFlesh","Shade:PotionOfRestlessness"],"picked":"SKIP","floor":61}],"player_experience":654070,"relics_obtained":[{"floor":6.0,"key":"Blood Vial"},{"floor":8.0,"key":"Replay:Bottled Steam"},{"floor":9.0,"key":"InkBottle"},{"floor":24.0,"key":"Eternal Feather"},{"floor":24.0,"key":"hubris:TenFootPole"},{"floor":26.0,"key":"Centennial Puzzle"},{"floor":28.0,"key":"infinitespire:Broken Mirror"},{"floor":28.0,"key":"Smiling Mask"},{"floor":40.0,"key":"Toy Ornithopter"},{"floor":40.0,"key":"theForsaken:Lifeblossom"},{"floor":43.0,"key":"War Paint"},{"floor":44.0,"key":"Bag of Preparation"},{"floor":44.0,"key":"hubris:FunFungus"},{"floor":46.0,"key":"ReplayTheSpireMod:Lightbulb"},{"floor":59,"key":"Runesmith:AutoHammer"},{"floor":61,"key":"Golden Egg"},{"floor":61,"key":"Anchor"},{"floor":62,"key":"infinitespire:Bottled Soul"}],"event_choices":[{"damage_healed":0.0,"max_hp_gain":0.0,"max_hp_loss":0.0,"gold_gain":75.0,"event_name":"FaceTrader","player_choice":"Touch","floor":4.0,"gold_loss":0.0,"damage_taken":6.0},{"damage_healed":0.0,"max_hp_gain":0.0,"max_hp_loss":0.0,"gold_gain":0.0,"event_name":"conspire:LoneGhost","player_choice":"Disagree","floor":11.0,"gold_loss":0.0,"damage_taken":0.0},{"damage_healed":0.0,"max_hp_gain":0.0,"max_hp_loss":0.0,"gold_gain":0.0,"event_name":"Match and Keep!","player_choice":"4 cards matched","floor":22.0,"gold_loss":0.0,"damage_taken":0.0,"cards_obtained":["Shade:AncientSpear","Shade:CloudOfShrapnel","Shade:AnimateDead","ReplayTheSpireMod:Trickstab"]},{"cards_removed":["Shade:Strike_Shade"],"damage_healed":0.0,"max_hp_gain":0.0,"max_hp_loss":0.0,"gold_gain":0.0,"event_name":"Falling","player_choice":"Removed Attack","floor":45.0,"gold_loss":0.0,"damage_taken":0.0}],"is_beta":false,"boss_relics":[{"not_picked":["jesterMod:MachoBrace","Replay:Drink Me"],"picked":"hubris:RunicObelisk"},{"not_picked":["Runesmith:UraniumAnvil","Replay:Grab Bag"],"picked":"Sozu"},{"not_picked":["Snecko Eye","Velvet Choker"],"picked":"Painkiller Herb"}],"items_purged_floors":[],"is_endless":true,"potions_floor_spawned":[5,6,16,19,27,29,31,33,36,40,50,55,59,61],"killed_by":"Nightmare","ascension_level":1}}