{"host":"qsusua7l529r8z9k","time":1611311505,"event":{"mods":["BaseMod","Minty Spire (QoL Compilation)","Spicy Shops","StSLib"],"gold_per_floor":[119,138,63,63,80,80,109,138,199,136,158,170,182,225,237,249,249],"floor_reached":16,"language":"ZHS","playtime":475,"items_purged":["Injury"],"score":193,"play_id":"697e9d82-e95a-497d-b700-fa99caeabb3e","local_time":"20210122183145","is_ascension_mode":true,"campfire_choices":[{"data":"Beam Cell","floor":6.0,"key":"SMITH"},{"floor":12.0,"key":"REST"},{"data":"Fission","floor":15.0,"key":"SMITH"}],"circlet_count":0,"master_deck":["AscendersBane","Strike_B","Strike_B","Strike_B","Strike_B","Defend_B","Defend_B","Defend_B","Defend_B","Zap","Dualcast","All For One","Turbo","Beam Cell+1","Gash","Conserve Battery","Undo","Fission+1"],"relics":["Cracked Core","Pantograph","MawBank","Nunchaku","The Courier","Frozen Egg 2"],"acts_visited":["Exordium"],"potions_floor_usage":[],"damage_taken":[{"damage":8.0,"enemies":"Jaw Worm","floor":1.0,"turns":4.0},{"damage":0.0,"enemies":"2 Louse","floor":2.0,"turns":2.0},{"damage":0.0,"enemies":"Cultist","floor":5.0,"turns":2.0},{"damage":33.0,"enemies":"Lagavulin","floor":7.0,"turns":6.0},{"damage":7.0,"enemies":"Exordium Thugs","floor":8.0,"turns":4.0},{"damage":5.0,"enemies":"Large Slime","floor":11.0,"turns":6.0},{"damage":23.0,"enemies":"3 Sentries","floor":14.0,"turns":7.0},{"damage":36,"enemies":"Slime Boss","floor":16,"turns":5}],"seed_played":"-7532735734189883955","potions_obtained":[{"floor":1.0,"key":"BlessingOfTheForge"},{"floor":5.0,"key":"FocusPotion"},{"floor":8.0,"key":"Explosive Potion"}],"is_trial":false,"path_per_floor":["M","M","$","?","M","R","E","M","T","?","M","R","?","E","R","B"],"character_chosen":"DEFECT","items_purchased":[],"campfire_rested":1,"item_purchase_floors":[],"current_hp_per_floor":[56,56,56,56,56,56,23,16,16,16,11,32,32,9,9,0,0],"gold":249,"neow_bonus":"THREE_RARE_CARDS","is_daily":false,"chose_seed":false,"campfire_upgraded":2,"win_rate":0.0,"timestamp":1611311505,"path_taken":["M","M","$","?","M","R","E","M","T","?","M","R","?","E","R","BOSS"],"items_purchased_type":[],"build_version":"2020-12-22","purchased_purges":1,"victory":false,"max_hp_per_floor":[71,71,71,71,71,71,71,71,71,71,71,71,71,71,71,71,71],"card_choices":[{"not_picked":["Creative AI","Buffer"],"picked":"All For One","floor":0.0},{"not_picked":["Tempest","Redo"],"picked":"Turbo","floor":1.0},{"not_picked":["Rip and Tear","Darkness"],"picked":"Beam Cell","floor":2.0},{"not_picked":["Redo","Ball Lightning"],"picked":"Gash","floor":5.0},{"not_picked":["Coolheaded","White Noise"],"picked":"Conserve Battery","floor":7.0},{"not_picked":["Redo","Rebound"],"picked":"Undo","floor":8.0},{"not_picked":["Consume","Redo","Storm"],"picked":"SKIP","floor":11.0},{"not_picked":["Capacitor+1","Sweeping Beam"],"picked":"Fission","floor":14.0}],"player_experience":455149,"relics_obtained":[{"floor":7.0,"key":"MawBank"},{"floor":9.0,"key":"Nunchaku"},{"floor":14.0,"key":"Frozen Egg 2"}],"event_choices":[{"damage_healed":0.0,"max_hp_gain":0.0,"max_hp_loss":0.0,"gold_gain":0.0,"event_name":"Big Fish","player_choice":"Box","floor":4.0,"gold_loss":0.0,"damage_taken":0.0,"relics_obtained":["Pantograph"],"cards_obtained":["Regret"]},{"cards_removed":["Regret"],"damage_healed":0.0,"max_hp_gain":0.0,"max_hp_loss":0.0,"gold_gain":0.0,"event_name":"The Cleric","player_choice":"Card Removal","floor":10.0,"gold_loss":75.0,"damage_taken":0.0},{"damage_healed":0.0,"max_hp_gain":0.0,"max_hp_loss":0.0,"gold_gain":0.0,"event_name":"WeMeetAgain","player_choice":"Gave Potion","floor":13.0,"gold_loss":0.0,"damage_taken":0.0,"relics_obtained":["The Courier"]}],"is_beta":false,"boss_relics":[],"items_purged_floors":[3],"is_endless":false,"potions_floor_spawned":[1,5,8,11],"killed_by":"Slime Boss","ascension_level":15}}