{"host":"28p8ce41sjwa6lzf","time":1611343027,"event":{"mods":["BaseMod","Bestiary","Colored Map","Colored Powertips","Dark Map","Highlight Path","Minty Spire (QoL Compilation)","Permanent Neow","Quick Restart","Random Character Button","Rare Cards Sparkle","Relic Stats","StSLib","Unceasing Turn Reminder"],"gold_per_floor":[110,110,125,141,151,151,186,186,186,200,200,217,217,251,251,322,322,336,336,336,347,347,347,380,50,127,127,157,157,176,190,190,265,265,276,287,287,304,329,363,363,396,396,421,436,446,446,462,462,462,462,462,462,10,45,45,45],"floor_reached":56,"language":"ENG","playtime":3620,"items_purged":["Strike_B"],"score":2549,"play_id":"cb9b2b2a-4003-4c65-a53b-5b4c84b3746b","local_time":"20210122131707","is_ascension_mode":true,"campfire_choices":[{"data":"Hyperbeam","floor":6.0,"key":"SMITH"},{"data":"Doom and Gloom","floor":8.0,"key":"SMITH"},{"floor":15.0,"key":"REST"},{"floor":23.0,"key":"REST"},{"data":"Seek","floor":27.0,"key":"SMITH"},{"data":"Hologram","floor":32.0,"key":"SMITH"},{"data":"Hologram","floor":47.0,"key":"SMITH"},{"floor":49.0,"key":"RECALL"},{"data":"Hologram","floor":53.0,"key":"SMITH"}],"circlet_count":0,"master_deck":["AscendersBane","Strike_B","Defend_B","Defend_B","Defend_B","Defend_B","Zap","Dualcast","Hyperbeam+1","Steam","Rebound","Chill","Doom and Gloom+1","Defragment","Rebound+1","Hyperbeam+1","Streamline+1","Seek+1","Scrape+1","Hologram+1","Auto Shields","Hologram+1","All For One+1","Meteor Strike+1","Meteor Strike+1","Conserve Battery","Conserve Battery","Stack+1","Conserve Battery+1","Multi-Cast","Reinforced Body","Scrape+1","Turbo","Compile Driver+1","Compile Driver+1","Machine Learning","Hologram+1","All For One+1","Violence","Hologram"],"relics":["Cracked Core","Symbiotic Virus","Molten Egg 2","HornCleat","Snecko Eye","Question Card","Orrery","Bottled Lightning","Cables","Cursed Key","Bird Faced Urn","Happy Flower","Ginger","Pear","DollysMirror","StoneCalendar"],"acts_visited":["Exordium","TheCity","TheBeyond","TheEnding"],"potions_floor_usage":[56,56],"damage_taken":[{"damage":0.0,"enemies":"Small Slimes","floor":1.0,"turns":1.0},{"damage":0.0,"enemies":"Cultist","floor":3.0,"turns":3.0},{"damage":0.0,"enemies":"2 Louse","floor":4.0,"turns":1.0},{"damage":1.0,"enemies":"2 Fungi Beasts","floor":5.0,"turns":2.0},{"damage":3.0,"enemies":"Gremlin Nob","floor":7.0,"turns":3.0},{"damage":8.0,"enemies":"3 Louse","floor":10.0,"turns":3.0},{"damage":7.0,"enemies":"Exordium Wildlife","floor":12.0,"turns":2.0},{"damage":34.0,"enemies":"Lagavulin","floor":14.0,"turns":5.0},{"damage":0.0,"enemies":"Slime Boss","floor":16.0,"turns":4.0},{"damage":6.0,"enemies":"2 Thieves","floor":18.0,"turns":2.0},{"damage":0.0,"enemies":"3 Byrds","floor":21.0,"turns":1.0},{"damage":12.0,"enemies":"Gremlin Leader","floor":24.0,"turns":5.0},{"damage":0.0,"enemies":"Slavers","floor":28.0,"turns":1.0},{"damage":0.0,"enemies":"Snecko","floor":30.0,"turns":2.0},{"damage":0.0,"enemies":"Cultist and Chosen","floor":31.0,"turns":2.0},{"damage":4.0,"enemies":"Automaton","floor":33.0,"turns":6.0},{"damage":0.0,"enemies":"Orb Walker","floor":35.0,"turns":1.0},{"damage":3.0,"enemies":"3 Shapes","floor":36.0,"turns":2.0},{"damage":0.0,"enemies":"Jaw Worm Horde","floor":38.0,"turns":3.0},{"damage":0.0,"enemies":"Mind Bloom Boss Battle","floor":39.0,"turns":2.0},{"damage":0.0,"enemies":"Reptomancer","floor":40.0,"turns":3.0},{"damage":0.0,"enemies":"Giant Head","floor":42.0,"turns":4.0},{"damage":0.0,"enemies":"Reptomancer","floor":44.0,"turns":3.0},{"damage":0.0,"enemies":"Transient","floor":45.0,"turns":2.0},{"damage":6.0,"enemies":"Writhing Mass","floor":46.0,"turns":2.0},{"damage":0.0,"enemies":"Maw","floor":48.0,"turns":4.0},{"damage":0.0,"enemies":"Donu and Deca","floor":50.0,"turns":1.0},{"damage":60.0,"enemies":"Time Eater","floor":51.0,"turns":8.0},{"damage":0.0,"enemies":"Shield and Spear","floor":55.0,"turns":2.0},{"damage":85,"enemies":"The Heart","floor":56,"turns":3}],"seed_played":"-3795352219374499721","potions_obtained":[{"floor":1.0,"key":"SneckoOil"},{"floor":4.0,"key":"EssenceOfDarkness"},{"floor":5.0,"key":"SteroidPotion"},{"floor":14.0,"key":"ColorlessPotion"},{"floor":16.0,"key":"Fruit Juice"},{"floor":28.0,"key":"AttackPotion"},{"floor":31.0,"key":"FearPotion"},{"floor":44.0,"key":"ColorlessPotion"},{"floor":46.0,"key":"CultistPotion"},{"floor":48.0,"key":"LiquidMemories"}],"is_trial":false,"path_per_floor":["M","?","M","M","M","R","E","R","T","M","?","M","?","E","R","B",null,"M","?","?","M","?","R","E","$","T","R","E","?","M","M","R","B",null,"M","M","?","M","?","E","T","E","T","E","M","M","R","M","R","B","B",null,"R","$","E","B"],"character_chosen":"DEFECT","items_purchased":["All For One+1","Orrery","DollysMirror","Violence","AttackPotion","PowerPotion"],"campfire_rested":2,"item_purchase_floors":[25,25,54,54,54,54],"current_hp_per_floor":[64,64,64,64,63,63,60,60,60,52,52,45,50,16,38,38,67,61,61,61,61,39,63,51,51,51,51,51,67,67,72,72,68,82,82,79,79,79,79,79,79,81,81,93,93,89,89,93,93,93,37,81,81,81,81,0,0],"gold":45,"neow_bonus":"ONE_RANDOM_RARE_CARD","is_daily":false,"chose_seed":false,"campfire_upgraded":6,"win_rate":0.0,"timestamp":1611343027,"path_taken":["M","?","M","M","M","R","E","R","T","?","?","M","?","E","R","BOSS","M","?","?","M","?","R","E","$","T","R","E","?","M","M","R","BOSS","M","M","?","?","?","E","?","E","T","E","M","M","R","M","R","BOSS","BOSS","R","$","E","BOSS"],"items_purchased_type":["Card","Relic","Relic","Card","Potion","Potion"],"build_version":"2020-12-22","purchased_purges":1,"victory":false,"max_hp_per_floor":[71,71,71,71,71,71,71,71,71,71,71,71,76,76,76,76,76,76,76,76,76,81,81,81,81,81,81,81,81,81,86,86,86,86,86,86,86,86,86,86,86,86,86,96,96,96,96,96,96,96,96,96,96,96,96,96,96],"relic_stats":{"Happy Flower":[9],"counters":[30,83],"Bird Faced Urn":[18],"Snecko Eye":[143,132,131,137],"StoneCalendar":[0],"Ginger":[10],"Question Card":20,"Cursed Key":0,"obtain_stats":[{"Pear":44,"Happy Flower":40,"StoneCalendar":55,"Ginger":42,"Question Card":24,"Cursed Key":34,"Cables":28,"HornCleat":14,"DollysMirror":54,"Bird Faced Urn":39,"Snecko Eye":17,"Orrery":25,"Molten Egg 2":7,"Bottled Lightning":26,"Cracked Core":0,"Symbiotic Virus":2},{"Pear":23,"Happy Flower":21,"StoneCalendar":29,"Ginger":22,"Question Card":12,"Cursed Key":16,"Cables":13,"HornCleat":8,"DollysMirror":28,"Bird Faced Urn":20,"Snecko Eye":9,"Orrery":12,"Molten Egg 2":5,"Bottled Lightning":12,"Cracked Core":0,"Symbiotic Virus":1},{"Pear":61,"Happy Flower":54,"StoneCalendar":80,"Ginger":58,"Question Card":32,"Cursed Key":43,"Cables":33,"HornCleat":20,"DollysMirror":78,"Bird Faced Urn":51,"Snecko Eye":24,"Orrery":32,"Molten Egg 2":10,"Bottled Lightning":32,"Cracked Core":0,"Symbiotic Virus":1}],"Cables":[33,9,1,1,22]},"card_choices":[{"not_picked":["Skim","Sunder"],"picked":"Steam","floor":1.0},{"not_picked":["Barrage","Gash"],"picked":"Rebound","floor":3.0},{"not_picked":["Rebound","Hello World"],"picked":"Chill","floor":4.0},{"not_picked":["Beam Cell","Storm"],"picked":"Doom and Gloom","floor":5.0},{"not_picked":["Reinforced Body","Hello World"],"picked":"Defragment","floor":7.0},{"not_picked":["Redo","Barrage+1"],"picked":"Rebound+1","floor":10.0},{"not_picked":["Blizzard+1","Darkness"],"picked":"Hyperbeam+1","floor":12.0},{"not_picked":["Stack","Coolheaded"],"picked":"Streamline+1","floor":14.0},{"not_picked":["Fission","All For One+1"],"picked":"Seek","floor":16.0},{"not_picked":["Turbo","Compile Driver+1"],"picked":"Scrape+1","floor":18.0},{"not_picked":["Beam Cell+1","Compile Driver+1","Tempest"],"picked":"SKIP","floor":21.0},{"not_picked":["Melter+1","Consume"],"picked":"Hologram","floor":24.0},{"not_picked":["Double Energy","Darkness","Conserve Battery+1"],"picked":"Meteor Strike+1","floor":25.0},{"not_picked":["Storm","Glacier+1","Ball Lightning+1"],"picked":"Meteor Strike+1","floor":25.0},{"not_picked":["Undo","Coolheaded","Go for the Eyes+1"],"picked":"Conserve Battery","floor":25.0},{"not_picked":["Redo","Self Repair","Static Discharge+1"],"picked":"Conserve Battery","floor":25.0},{"not_picked":["Reboot","Compile Driver+1","Barrage+1"],"picked":"Stack+1","floor":28.0},{"not_picked":["Genetic Algorithm","Steam","Barrage+1"],"picked":"Conserve Battery+1","floor":30.0},{"not_picked":["Chaos+1","Go for the Eyes+1","Fusion","Barrage+1"],"picked":"SKIP","floor":31.0},{"not_picked":["Electrodynamics","Seek","Machine Learning"],"picked":"Multi-Cast","floor":33.0},{"not_picked":["Hologram+1","Recycle+1","Double Energy"],"picked":"Reinforced Body","floor":35.0},{"not_picked":["Gash+1","Barrage+1","Double Energy","Conserve Battery"],"picked":"SKIP","floor":36.0},{"not_picked":["Doom and Gloom+1","Go for the Eyes+1","Barrage+1"],"picked":"Turbo","floor":38.0},{"not_picked":["Steam","Gash+1","Conserve Battery"],"picked":"Compile Driver+1","floor":39.0},{"not_picked":["Doom and Gloom+1","Reboot","Heatsinks","Ball Lightning+1"],"picked":"SKIP","floor":40.0},{"not_picked":["Lockon+1","Stack","Conserve Battery","Blizzard+1"],"picked":"SKIP","floor":42.0},{"not_picked":["Streamline+1","Rainbow","Lockon+1","Chill"],"picked":"SKIP","floor":44.0},{"not_picked":["Coolheaded","Storm","Stack"],"picked":"Compile Driver+1","floor":45.0},{"not_picked":["Compile Driver+1","Streamline+1","Self Repair"],"picked":"Machine Learning","floor":46.0},{"not_picked":["Ball Lightning+1","Rebound+1","Lockon+1"],"picked":"Hologram","floor":48.0},{"not_picked":["Cold Snap+1","Melter+1","Sweeping Beam+1"],"picked":"Hologram","floor":55.0}],"player_experience":1168122,"relics_obtained":[{"floor":2.0,"key":"Symbiotic Virus"},{"floor":7.0,"key":"Molten Egg 2"},{"floor":14.0,"key":"HornCleat"},{"floor":24.0,"key":"Question Card"},{"floor":26.0,"key":"Bottled Lightning"},{"floor":28.0,"key":"Cables"},{"floor":39.0,"key":"Bird Faced Urn"},{"floor":40.0,"key":"Happy Flower"},{"floor":42.0,"key":"Ginger"},{"floor":44.0,"key":"Pear"},{"floor":55.0,"key":"StoneCalendar"}],"event_choices":[{"damage_healed":0.0,"max_hp_gain":0.0,"max_hp_loss":0.0,"gold_gain":0.0,"event_name":"Wheel of Change","player_choice":"Relic","floor":2.0,"gold_loss":0.0,"damage_taken":0.0},{"damage_healed":0.0,"max_hp_gain":0.0,"max_hp_loss":0.0,"gold_gain":0.0,"event_name":"Shining Light","player_choice":"Ignored","floor":11.0,"gold_loss":0.0,"damage_taken":0.0},{"damage_healed":0.0,"max_hp_gain":5.0,"max_hp_loss":0.0,"gold_gain":0.0,"event_name":"Big Fish","player_choice":"Donut","floor":13.0,"gold_loss":0.0,"damage_taken":0.0},{"damage_healed":0.0,"max_hp_gain":0.0,"max_hp_loss":0.0,"gold_gain":0.0,"event_name":"The Mausoleum","player_choice":"Ignored","floor":19.0,"gold_loss":0.0,"damage_taken":0.0},{"damage_healed":0.0,"max_hp_gain":0.0,"max_hp_loss":0.0,"gold_gain":0.0,"cards_transformed":["Strike_B","Strike_B"],"event_name":"Drug Dealer","player_choice":"Became Test Subject","floor":20.0,"gold_loss":0.0,"damage_taken":0.0,"cards_obtained":["Hologram","Auto Shields"]},{"damage_healed":0.0,"max_hp_gain":5.0,"max_hp_loss":0.0,"gold_gain":0.0,"event_name":"Forgotten Altar","player_choice":"Shed Blood","floor":22.0,"gold_loss":0.0,"damage_taken":27.0},{"damage_healed":16.0,"max_hp_gain":0.0,"max_hp_loss":0.0,"gold_gain":0.0,"event_name":"The Library","player_choice":"Heal","floor":29.0,"gold_loss":0.0,"damage_taken":0.0},{"damage_healed":0.0,"max_hp_gain":0.0,"max_hp_loss":0.0,"gold_gain":0.0,"event_name":"Duplicator","player_choice":"Copied","floor":37.0,"gold_loss":0.0,"damage_taken":0.0,"cards_obtained":["Scrape"]},{"damage_healed":0.0,"max_hp_gain":0.0,"max_hp_loss":0.0,"gold_gain":0.0,"event_name":"MindBloom","player_choice":"Fight","floor":39.0,"gold_loss":0.0,"damage_taken":0.0}],"is_beta":false,"boss_relics":[{"not_picked":["Black Star","Sozu"],"picked":"Snecko Eye"},{"not_picked":["FrozenCore","Coffee Dripper"],"picked":"Cursed Key"}],"items_purged_floors":[25],"is_endless":false,"potions_floor_spawned":[1,4,5,14,16,28,31,33,35,38,44,46,48],"killed_by":"The Heart","ascension_level":20}}