{"host":"l60rmjjsfi0fipmi","time":1611279176,"event":{"mods":["BaseMod","Colored Map","DeckTracker","Highlight Path","Minty Spire (QoL Compilation)","StSLib","The Cursed","The Servant 0.9.4"],"gold_per_floor":[116,131,56,56,56,56,83,57,126,138,138,157,171,136,136,236,236,251,231,242,167,182,210,224,224,224,224,235,235,235],"floor_reached":29,"language":"ENG","playtime":1203,"items_purged":["Strike_R"],"score":294,"play_id":"ce37fe0f-d47e-42dd-9e9a-380a1f5af35a","local_time":"20210121203256","is_ascension_mode":true,"campfire_choices":[{"data":"Twin Strike","floor":6,"key":"SMITH"},{"data":"Cleave","floor":11,"key":"SMITH"},{"data":"Uppercut","floor":15,"key":"SMITH"},{"data":"Rage","floor":25,"key":"SMITH"},{"data":"Perfected Strike","floor":27,"key":"SMITH"}],"circlet_count":0,"master_deck":["Strike_R","Strike_R","Strike_R","Strike_R","Defend_R","Defend_R","Defend_R","Defend_R","Bash","Twin Strike+1","Pommel Strike+1","Flex","Headbutt+1","Dual Wield","Cleave+1","Uppercut+1","Rage+1","Heavy Blade","Inflame+1","Flame Barrier+1","Perfected Strike+1"],"relics":["Black Blood","Thread and Needle","Mummified Hand","Unceasing Top","Tiny Chest"],"acts_visited":["Exordium","TheCity"],"potions_floor_usage":[7,16,20,23,23,24],"damage_taken":[{"damage":9,"enemies":"Jaw Worm","floor":1,"turns":5},{"damage":4,"enemies":"Small Slimes","floor":2,"turns":4},{"damage":27,"enemies":"Gremlin Nob","floor":7,"turns":4},{"damage":0,"enemies":"Cultist","floor":10,"turns":3},{"damage":0,"enemies":"2 Fungi Beasts","floor":12,"turns":1},{"damage":0,"enemies":"Large Slime","floor":13,"turns":3},{"damage":60,"enemies":"The Guardian","floor":16,"turns":11},{"damage":17,"enemies":"3 Byrds","floor":18,"turns":5},{"damage":18,"enemies":"2 Thieves","floor":20,"turns":4},{"damage":3,"enemies":"3 Cultists","floor":22,"turns":4},{"damage":48,"enemies":"Slavers","floor":23,"turns":5},{"damage":0,"enemies":"Snecko","floor":24,"turns":3},{"damage":37,"enemies":"Snake Plant","floor":28,"turns":4},{"damage":46,"enemies":"Shelled Parasite and Fungi","floor":29,"turns":5}],"seed_played":"2444830037869991994","potions_obtained":[{"floor":2,"key":"Weak Potion"},{"floor":12,"key":"AttackPotion"},{"floor":13,"key":"Explosive Potion"},{"floor":18,"key":"ColorlessPotion"},{"floor":19,"key":"DistilledChaos"},{"floor":23,"key":"DistilledChaos"},{"floor":28,"key":"SteroidPotion"}],"is_trial":false,"path_per_floor":["M","M","$","?","?","R","E","$","T","M","R","M","M","?","R","B",null,"M","?","M","$","M","E","M","R","T","R","M","M"],"character_chosen":"IRONCLAD","items_purchased":["Flex","Headbutt","Cleave"],"campfire_rested":0,"item_purchase_floors":[3,3,8],"current_hp_per_floor":[85,87,87,87,87,87,66,66,66,72,72,78,84,84,84,30,88,83,83,77,77,86,50,62,62,62,62,37,0,0],"gold":235,"neow_bonus":"TEN_PERCENT_HP_BONUS","is_daily":false,"chose_seed":false,"campfire_upgraded":5,"win_rate":0.0,"timestamp":1611279176,"path_taken":["M","M","$","?","?","R","E","$","T","?","R","M","M","?","R","BOSS","M","?","M","$","M","E","M","R","T","R","M","M"],"items_purchased_type":["Card","Card","Card"],"build_version":"2020-12-22","purchased_purges":1,"victory":false,"max_hp_per_floor":[88,88,88,88,88,88,88,88,88,88,88,88,88,88,88,88,88,88,88,88,88,88,88,88,88,88,88,88,88,88],"card_choices":[{"not_picked":["Power Through","Combust"],"picked":"Twin Strike","floor":1},{"not_picked":["Havoc","Rage"],"picked":"Pommel Strike","floor":2},{"not_picked":["Flex","Rupture"],"picked":"Dual Wield","floor":7},{"not_picked":["Thunderclap","Perfected Strike"],"picked":"Uppercut","floor":10},{"not_picked":["Cleave","Headbutt"],"picked":"Rage","floor":12},{"not_picked":["Havoc","Dark Embrace","Warcry"],"picked":"SKIP","floor":13},{"not_picked":["Clothesline","Carnage+1"],"picked":"Heavy Blade","floor":18},{"not_picked":["Rage","Sever Soul+1"],"picked":"Inflame+1","floor":20},{"not_picked":["Havoc","Wild Strike","Combust"],"picked":"SKIP","floor":22},{"not_picked":["Combust","Armaments"],"picked":"Flame Barrier+1","floor":23},{"not_picked":["Wild Strike","Flex"],"picked":"Perfected Strike","floor":24},{"not_picked":["Intimidate+1","Fire Breathing+1","Iron Wave"],"picked":"SKIP","floor":28}],"player_experience":540680,"relics_obtained":[{"floor":7,"key":"Thread and Needle"},{"floor":9,"key":"Mummified Hand"},{"floor":23,"key":"Unceasing Top"},{"floor":26,"key":"Tiny Chest"}],"event_choices":[{"damage_healed":0,"gold_gain":0,"player_choice":"Grow","damage_taken":0,"max_hp_gain":0,"max_hp_loss":0,"event_name":"Living Wall","floor":4,"gold_loss":0,"cards_upgraded":["Pommel Strike"]},{"damage_healed":0,"gold_gain":0,"player_choice":"Upgraded","damage_taken":0,"max_hp_gain":0,"max_hp_loss":0,"event_name":"Upgrade Shrine","floor":5,"gold_loss":0,"cards_upgraded":["Headbutt"]},{"damage_healed":0,"gold_gain":0,"player_choice":"Left Gold","damage_taken":0,"max_hp_gain":0,"max_hp_loss":0,"event_name":"World of Goop","floor":14,"gold_loss":35},{"damage_healed":0,"gold_gain":0,"player_choice":"Bought 1 Potion","damage_taken":0,"max_hp_gain":0,"max_hp_loss":0,"event_name":"The Woman in Blue","floor":19,"gold_loss":0}],"is_beta":false,"boss_relics":[{"not_picked":["Runic Cube","SacredBark"],"picked":"Black Blood"}],"items_purged_floors":[21],"is_endless":false,"potions_floor_spawned":[2,12,13,18,23,28],"killed_by":"Shelled Parasite and Fungi","ascension_level":4}}