{"host":"88eug9pqmt5m979n","time":1611330755,"event":{"mods":["Arknights The Spire","BaseMod","Downfall","Minty Spire (QoL Compilation)","MostiFishMod","StSLib"],"gold_per_floor":[118,118,118,132,142,175,175,201,225,239,252,280,280,290,290,394,394,409,427,452,464,464,464,490,490,515,398,418,322,322,339,339,437,437,448,474,491,508,527,527,49,65,65,100,127,152,175,198,210,222],"floor_reached":51,"language":"ZHS","playtime":2335,"items_purged":["Strike_B","Reprogram+1"],"score":887,"play_id":"d237be08-d705-48a7-9b2d-4a21bd95a17b","local_time":"20210122235235","is_ascension_mode":true,"campfire_choices":[{"data":"Zap","floor":7,"key":"SMITH"},{"data":"MostiFishMod:Distribution","floor":15,"key":"SMITH"},{"data":"Reprogram","floor":23,"key":"SMITH"},{"floor":25,"key":"REST"},{"data":"MostiFishMod:Prepare","floor":30,"key":"SMITH"},{"floor":32,"key":"REST"},{"data":"MostiFishMod:FantasySummer","floor":40,"key":"SMITH"},{"floor":49,"key":"REST"}],"circlet_count":0,"master_deck":["Strike_B","Strike_B","Defend_B","Defend_B","Defend_B","Defend_B","Zap+1","Dualcast","MostiFishMod:DawningShadow+1","Ball Lightning","Defragment","Coolheaded","Self Repair","MostiFishMod:Distribution+1","Double Energy","BootSequence","Machine Learning","Storm+1","Storm+1","MostiFishMod:Prepare+1","Heatsinks","White Noise+1","Electrodynamics","MostiFishMod:Neptune","MostiFishMod:TheEndOfMoonlight","MostiFishMod:SparklingWater","MostiFishMod:FantasySummer+1","MostiFishMod:NightSea","Storm+1","Thunder Strike","Storm","Static Discharge","Chill+1","Echo Form+1"],"relics":["Cracked Core","DaveBox","DianPoetry","SynthV:TestCard","Smiling Mask","Tiny Chest","Boot","Happy Flower","Philosopher\u0027s Stone","Orichalcum","Ornamental Fan","Oddly Smooth Stone","Matryoshka","MoonlightInvasionPlan","Regal Pillow","Centennial Puzzle","Potion Belt","Toy Ornithopter","Nunchaku","Frozen Egg 2","Strawberry","MawBank"],"acts_visited":["Exordium","TheCity","TheBeyond"],"potions_floor_usage":[6,6,19,33,42,50,50,50,50],"damage_taken":[{"damage":0,"enemies":"2 Louse","floor":1,"turns":3},{"damage":0,"enemies":"Cultist","floor":4,"turns":3},{"damage":6,"enemies":"Jaw Worm","floor":5,"turns":2},{"damage":0,"enemies":"Gremlin Nob","floor":6,"turns":3},{"damage":17,"enemies":"3 Sentries","floor":8,"turns":4},{"damage":13,"enemies":"Gremlin Gang","floor":10,"turns":3},{"damage":6,"enemies":"3 Louse","floor":11,"turns":2},{"damage":0,"enemies":"Lagavulin","floor":12,"turns":5},{"damage":0,"enemies":"Blue Slaver","floor":14,"turns":2},{"damage":3,"enemies":"The Guardian","floor":16,"turns":6},{"damage":7,"enemies":"Spheric Guardian","floor":18,"turns":4},{"damage":14,"enemies":"3 Byrds","floor":19,"turns":2},{"damage":10,"enemies":"Snake Plant","floor":21,"turns":2},{"damage":34,"enemies":"Gremlin Leader","floor":24,"turns":4},{"damage":10,"enemies":"3 Cultists","floor":28,"turns":3},{"damage":20,"enemies":"Centurion and Healer","floor":31,"turns":3},{"damage":13,"enemies":"Champ","floor":33,"turns":4},{"damage":5,"enemies":"Orb Walker","floor":35,"turns":3},{"damage":5,"enemies":"3 Shapes","floor":37,"turns":2},{"damage":6,"enemies":"Spire Growth","floor":38,"turns":2},{"damage":0,"enemies":"3 Darklings","floor":39,"turns":2},{"damage":0,"enemies":"Writhing Mass","floor":42,"turns":2},{"damage":32,"enemies":"Nemesis","floor":44,"turns":3},{"damage":3,"enemies":"Sphere and 2 Shapes","floor":46,"turns":3},{"damage":0,"enemies":"Spire Growth","floor":47,"turns":2},{"damage":3,"enemies":"Writhing Mass","floor":48,"turns":2},{"damage":27,"enemies":"Time Eater","floor":50,"turns":3}],"seed_played":"-5552961758394543579","potions_obtained":[{"floor":1,"key":"AttackPotion"},{"floor":4,"key":"Guardian:BlockOnCardUsePotion"},{"floor":10,"key":"Dexterity Potion"},{"floor":11,"key":"champ:CounterPotion"},{"floor":12,"key":"Dexterity Potion"},{"floor":19,"key":"AttackPotion"},{"floor":37,"key":"Dexterity Potion"},{"floor":39,"key":"PowerPotion"},{"floor":42,"key":"Fire Potion"},{"floor":44,"key":"AttackPotion"}],"is_trial":false,"path_per_floor":["M","?","?","M","M","E","R","E","T","M","M","E","?","M","R","B",null,"M","M","T","M","?","R","E","R","T","$","M","?","R","M","R","B",null,"M","T","M","M","M","R","$","M","T","E","T","M","M","M","R","B",null],"character_chosen":"DEFECT","items_purchased":["Heatsinks","Potion Belt","PowerPotion","Storm","Toy Ornithopter"],"campfire_rested":3,"item_purchase_floors":[27,41,41,41,41],"current_hp_per_floor":[75,80,80,80,74,74,74,57,57,51,45,52,52,52,52,56,80,80,66,66,56,56,56,29,53,53,53,43,43,43,30,54,48,80,75,75,70,64,64,64,64,76,76,58,58,55,55,52,87,67],"gold":234,"neow_bonus":"ONE_RANDOM_RARE_CARD","is_daily":false,"chose_seed":false,"campfire_upgraded":5,"win_rate":0.0,"timestamp":1611330755,"path_taken":["M","?","?","M","M","E","R","E","T","?","M","E","?","M","R","BOSS","M","?","?","M","?","R","E","R","T","$","?","?","R","M","R","BOSS","M","?","?","M","?","R","?","M","T","E","?","M","M","M","R","BOSS"],"items_purchased_type":["Card","Relic","Potion","Card","Relic"],"build_version":"2020-12-22","purchased_purges":2,"victory":true,"max_hp_per_floor":[75,80,80,80,80,80,80,80,80,80,80,80,80,80,80,80,80,80,80,80,80,80,80,80,80,80,80,80,80,80,80,80,80,80,80,80,80,80,80,80,80,80,80,87,87,87,87,87,87,87],"card_choices":[{"not_picked":["Double Energy","Gash"],"picked":"Ball Lightning","floor":1},{"not_picked":["Compile Driver","FTL","Hologram","Redo","Cold Snap"],"picked":"SKIP","floor":4},{"not_picked":["MostiFishMod:FluxCapactior","Rip and Tear","BootSequence","Steam"],"picked":"Defragment","floor":5},{"not_picked":["MostiFishMod:Distribution","Reinforced Body","Compile Driver","Rip and Tear"],"picked":"Coolheaded","floor":6},{"not_picked":["Force Field","Rebound","Turbo","MostiFishMod:PushDownKick"],"picked":"Self Repair","floor":8},{"not_picked":["Barrage","Coolheaded","Leap","Cold Snap","Doom and Gloom"],"picked":"SKIP","floor":10},{"not_picked":["Coolheaded","Gash","MostiFishMod:PushDownKick","Rebound"],"picked":"MostiFishMod:Distribution","floor":11},{"not_picked":["Redo","BootSequence","Cold Snap","Skim"],"picked":"Double Energy","floor":12},{"not_picked":["MostiFishMod:ReprogramOld","Beam Cell","Defragment","Sweeping Beam","Turbo"],"picked":"SKIP","floor":14},{"not_picked":["MostiFishMod:Overload","MostiFishMod:Culaccino","MostiFishMod:ATRI","MostiFishMod:GoodWordForIt"],"picked":"Machine Learning","floor":16},{"not_picked":["Turbo+1","Defragment","Conserve Battery","Steam"],"picked":"Storm+1","floor":18},{"not_picked":["FTL","Leap","Steam+1","Coolheaded+1"],"picked":"Storm+1","floor":19},{"not_picked":["Cold Snap","Steam","Turbo","Auto Shields+1"],"picked":"Reprogram","floor":21},{"not_picked":["Compile Driver","Hologram","Darkness","Beam Cell"],"picked":"MostiFishMod:Prepare","floor":24},{"not_picked":["Darkness","Cold Snap+1","Turbo+1","BootSequence+1"],"picked":"White Noise+1","floor":28},{"not_picked":["Tempest","MostiFishMod:FluxCapactior","Redo+1","BootSequence","Consume"],"picked":"SKIP","floor":31},{"not_picked":["MostiFishMod:ATRI","MostiFishMod:ActiveDefenseSystem","Hyperbeam","MostiFishMod:Culaccino"],"picked":"Electrodynamics","floor":33},{"not_picked":["Ball Lightning","Force Field+1","Sweeping Beam","BootSequence"],"picked":"Storm+1","floor":35},{"not_picked":["Redo+1","Gash+1","Cold Snap","MostiFishMod:PushDownKick+1"],"picked":"Thunder Strike","floor":37},{"not_picked":["Turbo+1","Sweeping Beam","Reinforced Body","Steam+1","Ball Lightning+1"],"picked":"SKIP","floor":38},{"not_picked":["Reprogram","Steam+1","FTL+1","Auto Shields","Aggregate+1"],"picked":"SKIP","floor":39},{"not_picked":["Chaos","Fusion+1","Gash+1","Cold Snap+1"],"picked":"Static Discharge","floor":42},{"not_picked":["Consume+1","Heatsinks+1","Cold Snap+1","Rebound"],"picked":"Chill+1","floor":44},{"not_picked":["Ball Lightning+1","Steam Power+1","Darkness+1","Leap","Reinforced Body+1"],"picked":"SKIP","floor":46},{"not_picked":["Ball Lightning+1","MostiFishMod:Impulse","Rebound","Go for the Eyes+1"],"picked":"Echo Form+1","floor":47},{"not_picked":["Gash","Steam+1","Turbo+1","Coolheaded","Rebound+1"],"picked":"SKIP","floor":48}],"player_experience":292562,"relics_obtained":[{"floor":1,"key":"SynthV:TestCard"},{"floor":6,"key":"Smiling Mask"},{"floor":8,"key":"Tiny Chest"},{"floor":9,"key":"Boot"},{"floor":12,"key":"Happy Flower"},{"floor":20,"key":"Orichalcum"},{"floor":24,"key":"Ornamental Fan"},{"floor":26,"key":"Oddly Smooth Stone"},{"floor":36,"key":"Regal Pillow"},{"floor":36,"key":"Centennial Puzzle"},{"floor":43,"key":"Nunchaku"},{"floor":43,"key":"Frozen Egg 2"},{"floor":44,"key":"Strawberry"},{"floor":45,"key":"MawBank"}],"event_choices":[{"damage_healed":0,"gold_gain":0,"player_choice":"Donut","damage_taken":0,"max_hp_gain":5,"max_hp_loss":0,"event_name":"Big Fish","floor":2,"gold_loss":0},{"damage_healed":0,"gold_gain":0,"player_choice":"Forge","damage_taken":0,"max_hp_gain":0,"max_hp_loss":0,"event_name":"Accursed Blacksmith","floor":3,"gold_loss":0,"cards_upgraded":["MostiFishMod:DawningShadow"]},{"damage_healed":0,"gold_gain":0,"cards_transformed":["Strike_B"],"player_choice":"Transformed","damage_taken":0,"max_hp_gain":0,"max_hp_loss":0,"event_name":"Transmorgrifier","floor":13,"gold_loss":0,"cards_obtained":["BootSequence"]},{"damage_healed":0,"gold_gain":0,"player_choice":"Ignored","damage_taken":0,"max_hp_gain":0,"max_hp_loss":0,"event_name":"The Mausoleum","floor":22,"gold_loss":0},{"damage_healed":0,"gold_gain":0,"player_choice":"Paid Gold","damage_taken":0,"relics_obtained":["Matryoshka"],"max_hp_gain":0,"max_hp_loss":0,"event_name":"WeMeetAgain","floor":29,"gold_loss":96}],"is_beta":false,"boss_relics":[{"not_picked":["GuanYuAspect","Runic Dome"],"picked":"Philosopher\u0027s Stone"},{"not_picked":["NightmareShop","HaiYi:Twilight"],"picked":"MoonlightInvasionPlan"}],"items_purged_floors":[27,41],"is_endless":false,"potions_floor_spawned":[1,4,10,11,12,19,24,31,33,37,39,42,44,47],"ascension_level":1}}