{"host":"1xo5g347e5o4auts","time":1611312320,"event":{"mods":["BaseMod","Minty Spire (QoL Compilation)","Permanent Neow","StSLib"],"gold_per_floor":[112,123,136,153,164,195,195,214,239,239,239,303,328,368,368,459,459,478,513,538,552,48,48,48],"floor_reached":23,"language":"ENG","playtime":1124,"items_purged":["Strike_G"],"score":430,"play_id":"aa785562-3d83-426b-8809-4b220ca44ba9","local_time":"20210122124520","is_ascension_mode":true,"campfire_choices":[{"floor":7.0,"key":"REST"},{"data":"Predator","floor":10.0,"key":"SMITH"},{"data":"Footwork","floor":15.0,"key":"SMITH"}],"circlet_count":0,"master_deck":["AscendersBane","Strike_G","Strike_G","Strike_G","Defend_G","Defend_G","Defend_G","Defend_G","Survivor","Neutralize","Caltrops","Footwork+1","Dash","Predator+1","Deadly Poison","Catalyst","Bullet Time","Bouncing Flask","After Image","Adrenaline","Footwork","Cloak And Dagger"],"relics":["Ring of the Snake","Kunai","Omamori","Golden Idol","Akabeko","Bag of Preparation","Coffee Dripper","Red Mask","Membership Card","Strawberry","Centennial Puzzle"],"acts_visited":["Exordium","TheCity"],"potions_floor_usage":[19,23],"damage_taken":[{"damage":2.0,"enemies":"Jaw Worm","floor":1.0,"turns":6.0},{"damage":0.0,"enemies":"Small Slimes","floor":2.0,"turns":5.0},{"damage":3.0,"enemies":"2 Louse","floor":3.0,"turns":5.0},{"damage":6.0,"enemies":"Exordium Thugs","floor":4.0,"turns":5.0},{"damage":6.0,"enemies":"Blue Slaver","floor":5.0,"turns":5.0},{"damage":14.0,"enemies":"Lagavulin","floor":6.0,"turns":10.0},{"damage":6.0,"enemies":"3 Louse","floor":8.0,"turns":3.0},{"damage":5.0,"enemies":"3 Sentries","floor":12.0,"turns":8.0},{"damage":0.0,"enemies":"2 Fungi Beasts","floor":13.0,"turns":3.0},{"damage":8.0,"enemies":"Gremlin Nob","floor":14.0,"turns":3.0},{"damage":2.0,"enemies":"The Guardian","floor":16.0,"turns":10.0},{"damage":0.0,"enemies":"Spheric Guardian","floor":18.0,"turns":3.0},{"damage":5,"enemies":"Masked Bandits","floor":19,"turns":5},{"damage":31,"enemies":"Chosen","floor":20,"turns":5},{"damage":11,"enemies":"Centurion and Healer","floor":21,"turns":7},{"damage":15,"enemies":"Slavers","floor":23,"turns":3}],"seed_played":"656510269840165856","potions_obtained":[{"floor":2.0,"key":"Fire Potion"},{"floor":3.0,"key":"LiquidMemories"},{"floor":5.0,"key":"SteroidPotion"},{"floor":6.0,"key":"EntropicBrew"},{"floor":12.0,"key":"SteroidPotion"},{"floor":21,"key":"Poison Potion"}],"is_trial":false,"path_per_floor":["M","M","M","M","M","E","R","M","T","R","?","E","M","E","R","B",null,"M","?","M","M","$","E"],"character_chosen":"THE_SILENT","items_purchased":["Membership Card","Strawberry","Centennial Puzzle","Adrenaline","Footwork","Cloak And Dagger"],"campfire_rested":1,"item_purchase_floors":[22,22,22,22,22,22],"current_hp_per_floor":[57,57,54,48,42,28,46,40,40,40,40,35,35,27,27,25,51,51,46,15,4,11,0,0],"gold":48,"neow_bonus":"REMOVE_TWO","is_daily":false,"chose_seed":false,"campfire_upgraded":2,"win_rate":0.0,"timestamp":1611312320,"path_taken":["M","M","M","M","M","E","R","M","T","R","?","E","M","E","R","BOSS","M","?","M","M","$","E"],"items_purchased_type":["Relic","Relic","Relic","Card","Card","Card"],"build_version":"2020-12-22","purchased_purges":1,"victory":false,"max_hp_per_floor":[60,60,60,60,60,60,60,60,60,60,60,60,60,60,60,60,60,60,60,60,60,67,67,67],"card_choices":[{"not_picked":["Bane","Blur"],"picked":"Caltrops","floor":1.0},{"not_picked":["Deadly Poison","Dagger Throw"],"picked":"Footwork","floor":2.0},{"not_picked":["Dagger Spray","Backflip"],"picked":"Dash","floor":3.0},{"not_picked":["All Out Attack","Grand Finale"],"picked":"Predator","floor":4.0},{"not_picked":["Flying Knee","Riddle With Holes","PiercingWail"],"picked":"SKIP","floor":5.0},{"not_picked":["Quick Slash","Finisher"],"picked":"Deadly Poison","floor":6.0},{"not_picked":["Caltrops","Bane"],"picked":"Catalyst","floor":8.0},{"not_picked":["Escape Plan","Slice"],"picked":"Bullet Time","floor":12.0},{"not_picked":["Deflect","PiercingWail"],"picked":"Bouncing Flask","floor":13.0},{"not_picked":["Eviscerate","Finisher","Poisoned Stab"],"picked":"SKIP","floor":14.0},{"not_picked":["Phantasmal Killer","Doppelganger"],"picked":"After Image","floor":16.0},{"not_picked":["Flying Knee","Riddle With Holes","Dagger Spray"],"picked":"SKIP","floor":18.0},{"not_picked":["Caltrops+1","Quick Slash","Deflect"],"picked":"SKIP","floor":20},{"not_picked":["Sucker Punch+1","Deadly Poison","Dagger Spray"],"picked":"SKIP","floor":21}],"player_experience":1345840,"relics_obtained":[{"floor":6.0,"key":"Kunai"},{"floor":9.0,"key":"Omamori"},{"floor":12.0,"key":"Akabeko"},{"floor":14.0,"key":"Bag of Preparation"},{"floor":19,"key":"Red Mask"}],"event_choices":[{"damage_healed":0.0,"max_hp_gain":0.0,"max_hp_loss":0.0,"gold_gain":0.0,"event_name":"Golden Idol","player_choice":"Take Wound","floor":11.0,"gold_loss":0.0,"damage_taken":0.0,"relics_obtained":["Golden Idol"],"cards_obtained":["Injury"]},{"damage_healed":0,"gold_gain":0,"player_choice":"Fought Bandits","damage_taken":0,"max_hp_gain":0,"max_hp_loss":0,"event_name":"Masked Bandits","floor":19,"gold_loss":0}],"is_beta":false,"boss_relics":[{"not_picked":["Velvet Choker","Sozu"],"picked":"Coffee Dripper"}],"items_purged_floors":[22],"is_endless":false,"potions_floor_spawned":[2,3,5,6,12,21],"killed_by":"Slavers","ascension_level":20}}