{"host":"1vfpjvae9xcvmh7u","time":1611302203,"event":{"mods":["BaseMod","Downfall","Hermit","Hubris","Minty Spire (QoL Compilation)","Robot Space Explorer","StSLib","The Cursed","The Forsaken","The Necromancer","The Servant 0.9.4"],"gold_per_floor":[99,99,99,112,129,147,170,185,185,213,225,240,240,253,268,371,371,371,382,402,235,235,70,122,122,122,138,152,165,0,15,25,126,126,126,146,156,12,12,30,30,30,42,53,53,66,86,115,135,135],"floor_reached":51,"language":"ENG","playtime":5051,"items_purged":[],"score":516,"play_id":"df35c561-ef10-4f10-86fa-400590950477","local_time":"20210121235643","is_ascension_mode":false,"campfire_choices":[{"data":"champ:Taunt","floor":1,"key":"SMITH"},{"data":"champ:GladiatorStyle","floor":9,"key":"SMITH"},{"floor":13,"key":"REST"},{"data":"champ:CrookedStrike","floor":18,"key":"SMITH"},{"data":"champ:LastStand","floor":26,"key":"SMITH"},{"data":"champ:Improvising","floor":35,"key":"SMITH"},{"data":"expansioncontent:DashGenerateEvil","floor":42,"key":"SMITH"},{"floor":45,"key":"REST"}],"circlet_count":0,"master_deck":["champ:Strike","champ:Strike","champ:Defend","champ:Defend","champ:Defend","champ:Execute","champ:Taunt+1","champ:DeathBlow","champ:ArenaPreparation","champ:GladiatorStyle+1","champ:StanceDance","champ:ArenaPreparation","champ:Duel+1","champ:GladiatorStyle","champ:ShieldWall","champ:CrookedStrike+1","champ:LastStand+1","champ:CrookedStrike+1","champ:PreciseThrust+1","champ:StanceDance+1","champ:RecklessLeap+1","champ:Devastate","champ:FocusedBerserking","champ:Improvising+1","expansioncontent:DashGenerateEvil+1","champ:HoldFirm","champ:StrikeOfGenius"],"relics":["hubris:HollowSoul","Blue Candle","Regal Pillow","Meat on the Bone","Astrolabe","Strawberry","Nilry\u0027s Codex","ClockworkSouvenir","theForsaken:Lifeblossom","Medical Kit","bronze:MakeshiftBattery","Blood Vial","Sling","hubris:Towel","Bottled Flame","Bottled Tornado"],"acts_visited":["Exordium","TheCity","TheBeyond"],"potions_floor_usage":[12,16,16,16,30,30,31,32,33,46,47,50,50],"damage_taken":[{"damage":10,"enemies":"2 Louse","floor":4,"turns":2},{"damage":10,"enemies":"Small Slimes","floor":5,"turns":2},{"damage":20,"enemies":"Cultist","floor":6,"turns":3},{"damage":10,"enemies":"Lots of Slimes","floor":8,"turns":1},{"damage":71,"enemies":"Lagavulin","floor":10,"turns":8},{"damage":20,"enemies":"2 Fungi Beasts","floor":11,"turns":2},{"damage":66,"enemies":"Exordium Thugs","floor":12,"turns":3},{"damage":22,"enemies":"Blue Slaver","floor":14,"turns":3},{"damage":15,"enemies":"Exordium Wildlife","floor":15,"turns":4},{"damage":118,"enemies":"DF_ARCHETYPE_STREAMLINE","floor":16,"turns":10},{"damage":15,"enemies":"Shell Parasite","floor":19,"turns":6},{"damage":33,"enemies":"Chosen","floor":20,"turns":6},{"damage":55,"enemies":"downfall:FleeingMerchant","floor":21,"turns":4},{"damage":37,"enemies":"downfall:FleeingMerchant","floor":23,"turns":4},{"damage":78,"enemies":"Centurion and Healer","floor":27,"turns":8},{"damage":35,"enemies":"Snake Plant","floor":28,"turns":4},{"damage":51,"enemies":"Cultist and Chosen","floor":29,"turns":6},{"damage":18,"enemies":"downfall:FleeingMerchant","floor":30,"turns":4},{"damage":72,"enemies":"Sentry and Sphere","floor":31,"turns":4},{"damage":56,"enemies":"Centurion and Healer","floor":32,"turns":8},{"damage":86,"enemies":"IC_MUSHROOM_ARCHETYPE","floor":33,"turns":7},{"damage":20,"enemies":"Orb Walker","floor":36,"turns":4},{"damage":42,"enemies":"3 Shapes","floor":37,"turns":6},{"damage":25,"enemies":"downfall:FleeingMerchant","floor":38,"turns":4},{"damage":57,"enemies":"Sphere and 2 Shapes","floor":40,"turns":3},{"damage":47,"enemies":"3 Darklings","floor":43,"turns":6},{"damage":35,"enemies":"Spire Growth","floor":44,"turns":3},{"damage":52,"enemies":"Transient","floor":46,"turns":5},{"damage":36,"enemies":"3 Darklings","floor":47,"turns":6},{"damage":109,"enemies":"Nemesis","floor":48,"turns":7},{"damage":35,"enemies":"Spire Growth","floor":49,"turns":4},{"damage":0,"enemies":"WA_ARCHETYPE_DIVINITY","floor":50,"turns":1}],"seed_played":"8953580470981956266","potions_obtained":[{"floor":4,"key":"Ancient Potion"},{"floor":12,"key":"champ:OpenerPotion"},{"floor":14,"key":"DistilledChaos"},{"floor":16,"key":"Fruit Juice"},{"floor":27,"key":"SteroidPotion"},{"floor":28,"key":"bronze:BurnAndBuffPotion"},{"floor":29,"key":"Energy Potion"},{"floor":31,"key":"champ:OpenerPotion"},{"floor":32,"key":"LiquidBronze"},{"floor":43,"key":"hexamod:SoulburnPotion"},{"floor":46,"key":"Explosive Potion"},{"floor":47,"key":"Ancient Potion"},{"floor":49,"key":"hexamod:SoulburnPotion"}],"is_trial":false,"path_per_floor":["R","?","?","M","M","M","T","M","R","E","M","M","R","M","M","B",null,"R","M","M","$","?","$","T","?","R","M","M","M","$","M","M","B",null,"R","M","M","$","?","M","T","R","M","M","R","M","M","E","M","B",null],"character_chosen":"THE_CHAMP","items_purchased":["Strawberry","ClockworkSouvenir","Medical Kit","expansioncontent:DashGenerateEvil","Blood Vial","Sling"],"campfire_rested":2,"item_purchase_floors":[21,23,30,38,38,38],"current_hp_per_floor":[90,83,83,83,83,83,83,83,83,67,67,61,90,83,78,47,95,95,95,82,89,73,71,71,71,71,61,79,86,84,63,55,17,102,102,102,101,102,102,63,63,63,46,65,102,83,80,56,76,51],"gold":135,"neow_bonus":"BOSS_RELIC","is_daily":false,"chose_seed":false,"campfire_upgraded":6,"win_rate":0.0,"timestamp":1611302203,"path_taken":["R","?","?","M","M","M","T","M","R","E","M","M","R","M","M","BOSS","R","M","M","$","?","$","T","?","R","M","M","?","?","M","M","BOSS","R","M","M","$","?","M","T","R","M","M","R","M","M","E","M","BOSS"],"items_purchased_type":["Relic","Relic","Relic","Card","Relic","Relic"],"build_version":"2020-12-22","purchased_purges":0,"victory":true,"max_hp_per_floor":[90,90,90,90,90,90,90,90,90,90,90,90,90,90,90,95,95,95,95,95,102,102,102,102,102,102,102,102,102,102,102,102,102,102,102,102,102,102,102,102,102,102,102,102,102,102,102,102,102,102],"card_choices":[{"not_picked":["champ:GutPunch","champ:Endure"],"picked":"champ:ArenaPreparation","floor":4},{"not_picked":["champ:PreemptiveStrike","champ:Lariat"],"picked":"champ:GladiatorStyle","floor":5},{"not_picked":["champ:Shatter","champ:GutPunch"],"picked":"champ:StanceDance","floor":6},{"not_picked":["champ:StanceDance","champ:HeartStrike"],"picked":"champ:ArenaPreparation","floor":8},{"not_picked":["champ:CrownThrow","champ:Encircle"],"picked":"champ:Duel","floor":10},{"not_picked":["champ:Shatter","champ:RecklessLeap"],"picked":"champ:GladiatorStyle","floor":11},{"not_picked":["champ:Backstep","champ:StanceDance"],"picked":"champ:ShieldWall","floor":12},{"not_picked":["champ:EnGarde","champ:Backstep"],"picked":"champ:CrookedStrike","floor":14},{"not_picked":["champ:Shatter","champ:TornadoPunch","champ:PreemptiveStrike"],"picked":"SKIP","floor":15},{"not_picked":["champ:ShieldThrow","champ:HeavySlash"],"picked":"champ:LastStand","floor":16},{"not_picked":["champ:Shatter","champ:StanceDance+1","champ:PreciseThrust"],"picked":"SKIP","floor":19},{"not_picked":["champ:FocusedDefense","champ:IronFortress"],"picked":"champ:RecklessLeap+1","floor":20},{"not_picked":["champ:FlashCut","champ:StanceDance"],"picked":"champ:Devastate","floor":21},{"not_picked":["champ:BerserkersShout","champ:StanceDance","champ:FalseCounter"],"picked":"SKIP","floor":23},{"not_picked":["champ:AdrenalArmor","champ:TornadoPunch","champ:FanOfKnives"],"picked":"SKIP","floor":27},{"not_picked":["champ:BringItOn+1","champ:SkillfulDodge","champ:PerfectedStrike"],"picked":"SKIP","floor":28},{"not_picked":["champ:ArenaPreparation","champ:DefensiveShout","champ:Haymaker"],"picked":"SKIP","floor":29},{"not_picked":["champ:PerfectedStrike","champ:FanOfKnives"],"picked":"champ:FocusedBerserking","floor":30},{"not_picked":["champ:HeartStrike+1","champ:SetATrap","champ:PreemptiveStrike+1"],"picked":"SKIP","floor":31},{"not_picked":["champ:Haymaker","champ:ViciousMockery","champ:FlashCut"],"picked":"SKIP","floor":32},{"not_picked":["champ:DancingMaster","champ:UltimateStance"],"picked":"champ:Improvising","floor":33},{"not_picked":["champ:BerserkersShout+1","champ:GutPunch+1","champ:AdrenalArmor"],"picked":"SKIP","floor":36},{"not_picked":["champ:RisingSlash+1","champ:BladeFlurry","champ:FlashCut"],"picked":"SKIP","floor":37},{"not_picked":["champ:Endure","champ:ArenaPreparation","champ:AdrenalArmor+1"],"picked":"SKIP","floor":38},{"not_picked":["champ:BerserkersShout","champ:Shatter"],"picked":"champ:HoldFirm","floor":40},{"not_picked":["champ:EnragedBash+1","champ:EnGarde","champ:StanceDance+1"],"picked":"SKIP","floor":43},{"not_picked":["champ:AdrenalArmor+1","champ:Backstep","champ:DeathBlow+1"],"picked":"SKIP","floor":44},{"not_picked":["champ:RapidStrikes+1","champ:DefensiveShout","champ:EnragedBash+1"],"picked":"SKIP","floor":46},{"not_picked":["champ:DeathBlow+1","champ:IronFortress+1","champ:AdrenalArmor+1"],"picked":"SKIP","floor":47},{"not_picked":["champ:PreciseThrust","champ:DefensiveShout+1"],"picked":"champ:StrikeOfGenius","floor":48},{"not_picked":["champ:BerserkersShout+1","champ:FlashCut+1","champ:Backstep"],"picked":"SKIP","floor":49}],"player_experience":1802387,"relics_obtained":[{"floor":7,"key":"Regal Pillow"},{"floor":10,"key":"Meat on the Bone"},{"floor":22,"key":"Nilry\u0027s Codex"},{"floor":24,"key":"theForsaken:Lifeblossom"},{"floor":41,"key":"Bottled Flame"},{"floor":48,"key":"Bottled Tornado"}],"event_choices":[{"damage_healed":0,"gold_gain":0,"player_choice":"Success","damage_taken":7,"relics_obtained":["Blue Candle"],"max_hp_gain":0,"max_hp_loss":0,"event_name":"Scrap Ooze","floor":2,"gold_loss":0}],"is_beta":false,"boss_relics":[{"not_picked":["hubris:GrandSneckoEye","SacredBark"],"picked":"Astrolabe"},{"not_picked":["Coffee Dripper","theForsaken:PaleLantern"],"picked":"bronze:MakeshiftBattery"}],"items_purged_floors":[],"is_endless":false,"potions_floor_spawned":[4,12,14,16,27,28,29,31,32,43,46,47,49],"ascension_level":0}}