{"host":"g2kelmgng7xf1xjg","time":1611340047,"event":{"mods":["BaseMod","Bestiary","Highlight Path","Minty Spire (QoL Compilation)","Relic Stats","StSLib"],"gold_per_floor":[109,125,10,10,28,28,61,71,71,71,103,118,146,221,221,321,321,336,251,251,265,284,284,284],"floor_reached":23,"language":"ENG","playtime":2127,"items_purged":["Strike_B"],"score":306,"play_id":"2dade178-02ee-4137-b081-a2d1752439d2","local_time":"20210122122727","is_ascension_mode":true,"campfire_choices":[{"data":"Capacitor","floor":6,"key":"SMITH"},{"floor":15,"key":"REST"}],"circlet_count":0,"master_deck":["Strike_B","Strike_B","Strike_B","Defend_B","Defend_B","Defend_B","Defend_B","Zap","Dualcast","Beam Cell","Barrage","Chill","Capacitor+1","Genetic Algorithm","Streamline","Glacier","Consume","Buffer","Defragment","Go for the Eyes","Coolheaded+1"],"relics":["Cracked Core","Ornamental Fan","Sundial","HornCleat","Strawberry","Snecko Eye","Thread and Needle"],"acts_visited":["Exordium","TheCity"],"potions_floor_usage":[7,11,16],"damage_taken":[{"damage":12,"enemies":"Small Slimes","floor":1,"turns":2},{"damage":2,"enemies":"Jaw Worm","floor":2,"turns":3},{"damage":0,"enemies":"2 Louse","floor":5,"turns":3},{"damage":21,"enemies":"Lagavulin","floor":7,"turns":6},{"damage":0,"enemies":"Large Slime","floor":8,"turns":6},{"damage":4,"enemies":"3 Sentries","floor":11,"turns":8},{"damage":0,"enemies":"2 Fungi Beasts","floor":12,"turns":4},{"damage":25,"enemies":"Gremlin Nob","floor":13,"turns":5},{"damage":13,"enemies":"Slime Boss","floor":16,"turns":15},{"damage":2,"enemies":"Shell Parasite","floor":18,"turns":5},{"damage":0,"enemies":"3 Byrds","floor":21,"turns":7},{"damage":5,"enemies":"Cultist and Chosen","floor":22,"turns":10},{"damage":66,"enemies":"Gremlin Leader","floor":23,"turns":10}],"seed_played":"-2207419524132856058","potions_obtained":[{"floor":1,"key":"Strength Potion"},{"floor":7,"key":"AttackPotion"},{"floor":12,"key":"Ancient Potion"},{"floor":13,"key":"DistilledChaos"},{"floor":16,"key":"DistilledChaos"}],"is_trial":false,"path_per_floor":["M","M","$","?","M","R","E","M","T","?","E","M","E","?","R","B",null,"M","?","?","M","M","E"],"character_chosen":"DEFECT","items_purchased":["Capacitor"],"campfire_rested":1,"item_purchase_floors":[3],"current_hp_per_floor":[56,54,54,59,59,59,38,38,38,38,34,34,16,5,31,18,70,68,68,68,68,63,0,0],"gold":284,"neow_bonus":"THREE_CARDS","is_daily":false,"chose_seed":false,"campfire_upgraded":1,"win_rate":0.0,"timestamp":1611340047,"path_taken":["M","M","$","?","M","R","E","M","T","?","E","M","E","?","R","BOSS","M","?","?","?","M","E"],"items_purchased_type":["Card"],"build_version":"2020-12-22","purchased_purges":1,"victory":false,"max_hp_per_floor":[75,75,75,80,80,80,80,80,80,80,80,80,87,87,87,87,87,87,87,87,87,87,87,87],"relic_stats":{"counters":[13,84],"Ornamental Fan":[28],"Sundial":[14],"Snecko Eye":[44,55,56,66],"obtain_stats":[{"HornCleat":11,"Ornamental Fan":7,"Sundial":9,"Strawberry":13,"Snecko Eye":17,"Thread and Needle":19,"Cracked Core":0},{"HornCleat":6,"Ornamental Fan":4,"Sundial":5,"Strawberry":8,"Snecko Eye":9,"Thread and Needle":10,"Cracked Core":0},{"HornCleat":28,"Ornamental Fan":14,"Sundial":20,"Strawberry":37,"Snecko Eye":52,"Thread and Needle":57,"Cracked Core":0}]},"card_choices":[{"not_picked":["Reprogram","Undo"],"picked":"Beam Cell","floor":0},{"not_picked":["BootSequence","Go for the Eyes"],"picked":"Barrage","floor":1},{"not_picked":["White Noise","Go for the Eyes"],"picked":"Chill","floor":2},{"not_picked":["Beam Cell","Sweeping Beam"],"picked":"Genetic Algorithm","floor":5},{"not_picked":["Turbo","Loop","Scrape"],"picked":"SKIP","floor":7},{"not_picked":["Reprogram","Skim"],"picked":"Streamline","floor":8},{"not_picked":["Stack","Genetic Algorithm"],"picked":"Glacier","floor":11},{"not_picked":["Aggregate","Blizzard","Stack"],"picked":"SKIP","floor":12},{"not_picked":["Chill","Melter"],"picked":"Consume","floor":13},{"not_picked":["Multi-Cast","Thunder Strike"],"picked":"Buffer","floor":16},{"not_picked":["Compile Driver+1","Sunder+1"],"picked":"Defragment","floor":18},{"not_picked":["Gash+1","White Noise"],"picked":"Go for the Eyes","floor":21},{"not_picked":["Streamline+1","Beam Cell"],"picked":"Coolheaded+1","floor":22}],"player_experience":1014256,"relics_obtained":[{"floor":7,"key":"Ornamental Fan"},{"floor":9,"key":"Sundial"},{"floor":11,"key":"HornCleat"},{"floor":13,"key":"Strawberry"}],"event_choices":[{"damage_healed":0,"gold_gain":0,"player_choice":"Donut","damage_taken":0,"max_hp_gain":5,"max_hp_loss":0,"event_name":"Big Fish","floor":4,"gold_loss":0},{"damage_healed":0,"gold_gain":0,"player_choice":"Ignored","damage_taken":0,"max_hp_gain":0,"max_hp_loss":0,"event_name":"Liars Game","floor":10,"gold_loss":0},{"damage_healed":0,"gold_gain":75,"player_choice":"Gather Gold","damage_taken":11,"max_hp_gain":0,"max_hp_loss":0,"event_name":"World of Goop","floor":14,"gold_loss":0},{"damage_healed":0,"gold_gain":0,"player_choice":"Obtained Relic","damage_taken":0,"relics_obtained":["Thread and Needle"],"max_hp_gain":0,"max_hp_loss":0,"event_name":"Addict","floor":19,"gold_loss":85},{"damage_healed":0,"gold_gain":0,"player_choice":"Ignored","damage_taken":0,"max_hp_gain":0,"max_hp_loss":0,"event_name":"N\u0027loth","floor":20,"gold_loss":0}],"is_beta":false,"boss_relics":[{"not_picked":["SacredBark","Empty Cage"],"picked":"Snecko Eye"}],"items_purged_floors":[3],"is_endless":false,"potions_floor_spawned":[1,7,12,13,16],"killed_by":"Gremlin Leader","ascension_level":9}}