{"host":"8i58hvcssdezoe94","time":1611298149,"event":{"mods":["Act Like it!","BaseMod","Colored Map","Conspire","Gensokyo","KinomotoSakuraMod(木之本樱)","Marisa（F雨　魔理沙）","Minty Spire (QoL Compilation)","Quick Restart","Remilia（蕾米莉亚）","Replay The Spire","StSLib","The Animator","The Bug Knight","The Construct","The Cursed","The Hierophant","The Jungle","The Servant 0.9.4"],"gold_per_floor":[113,123,138,165,265,297,297,297,323,323,323,343,146,161,161,161,161],"floor_reached":16,"language":"ZHS","playtime":669,"items_purged":[],"score":100,"play_id":"1fd3af29-b66c-4cdd-816d-201529775832","local_time":"20210122144909","is_ascension_mode":false,"campfire_choices":[{"floor":7,"key":"REST"},{"data":"Zap","floor":10,"key":"SMITH"},{"data":"Defragment","floor":15,"key":"SMITH"}],"circlet_count":0,"master_deck":["Strike_B","Strike_B","Strike_B","Strike_B","Defend_B","Defend_B","Defend_B","Defend_B","Zap+1","Dualcast","Conserve Battery","Cold Snap","Coolheaded","Streamline","Rebound","Gensokyo:BlemishedSteel","Gensokyo:TarnishedGold","Gensokyo:Shovel","Gensokyo:RPG","Defragment+1"],"relics":["Cracked Core","DataDisk","PreservedInsect","Regal Pillow","Gensokyo:OccultBall"],"acts_visited":["Gensokyo:Gensokyo"],"potions_floor_usage":[],"damage_taken":[{"damage":0,"enemies":"Gensokyo:3_Fairies","floor":1,"turns":3},{"damage":1,"enemies":"Gensokyo:Python","floor":2,"turns":3},{"damage":0,"enemies":"Gensokyo:2_Kodama","floor":3,"turns":3},{"damage":19,"enemies":"conspire:MimicChest","floor":4,"turns":6},{"damage":15,"enemies":"Gensokyo:Aya","floor":6,"turns":3},{"damage":0,"enemies":"Gensokyo:VengefulSpirit","floor":12,"turns":4},{"damage":1,"enemies":"Gensokyo:Kitsune","floor":14,"turns":4},{"damage":74,"enemies":"Gensokyo:Reimu","floor":16,"turns":13}],"seed_played":"4892540581801582351","potions_obtained":[{"floor":4,"key":"SkillPotion"},{"floor":6,"key":"FocusPotion"},{"floor":12,"key":"Energy Potion"}],"is_trial":false,"path_per_floor":["M","M","M","?","?","E","R","?","T","R","?","M","COS","M","R","B"],"character_chosen":"DEFECT","items_purchased":[],"campfire_rested":1,"item_purchase_floors":[],"current_hp_per_floor":[75,74,74,55,55,40,75,75,75,75,75,75,75,74,74,0,0],"gold":161,"neow_bonus":"RANDOM_COMMON_RELIC","is_daily":false,"chose_seed":false,"campfire_upgraded":2,"win_rate":0.0,"timestamp":1611298149,"path_taken":["M","M","M","?","?","E","R","?","T","R","?","M","COS","M","R","BOSS"],"items_purchased_type":[],"build_version":"2020-12-22","purchased_purges":0,"victory":false,"max_hp_per_floor":[75,75,75,75,75,75,75,75,75,75,75,75,75,75,75,75,75],"card_choices":[{"not_picked":["Barrage","conspire:SharedLibrary"],"picked":"Conserve Battery","floor":1},{"not_picked":["Go for the Eyes","Stack"],"picked":"Cold Snap","floor":2},{"not_picked":["Streamline","Cold Snap"],"picked":"Doom and Gloom","floor":3},{"not_picked":["Gash","ReplayGash"],"picked":"Coolheaded","floor":4},{"not_picked":["Stack","Multi-Cast"],"picked":"Streamline","floor":6},{"not_picked":["Panic Button","ReplayTheSpireMod:GoodbyeWorld"],"picked":"Rebound","floor":12},{"not_picked":["Coolheaded","Beam Cell"],"picked":"Defragment","floor":14}],"player_experience":74229,"relics_obtained":[{"floor":4,"key":"PreservedInsect"},{"floor":6,"key":"Regal Pillow"}],"event_choices":[],"is_beta":false,"boss_relics":[],"items_purged_floors":[],"is_endless":false,"potions_floor_spawned":[4,6,12],"killed_by":"Gensokyo:Reimu","ascension_level":0}}