{"host":"oigynbtg272c19pw","time":1611316479,"event":{"mods":["BaseMod","Colored Map","Minty Spire (QoL Compilation)","Relic Stats","Slay the Relics Exporter","StSLib"],"gold_per_floor":[11,11,27,27,39,74,74,74,74],"floor_reached":8,"playtime":256,"items_purged":[],"score":112,"play_id":"35c727d0-0059-42f8-b9e9-a5de07528399","local_time":"20210122125439","is_ascension_mode":true,"campfire_choices":[{"data":"Streamline","floor":7.0,"key":"SMITH"}],"circlet_count":0,"master_deck":["AscendersBane","Strike_B","Strike_B","Strike_B","Defend_B","Defend_B","Defend_B","Defend_B","Zap","Dualcast","Barrage","Reprogram","Streamline+1","Gash","Multi-Cast"],"relics":["Cracked Core","Unceasing Top","Orichalcum","Lantern"],"acts_visited":["Exordium"],"potions_floor_usage":[],"damage_taken":[{"damage":6.0,"enemies":"2 Louse","floor":1.0,"turns":3.0},{"damage":6.0,"enemies":"Jaw Worm","floor":3.0,"turns":5.0},{"damage":4.0,"enemies":"Small Slimes","floor":5.0,"turns":3.0},{"damage":5.0,"enemies":"Lagavulin","floor":6.0,"turns":7.0},{"damage":54,"enemies":"Gremlin Nob","floor":8,"turns":4}],"seed_played":"4532246438461613572","potions_obtained":[{"floor":5.0,"key":"SpeedPotion"}],"is_trial":false,"path_per_floor":["M","?","M","T","M","E","R","E"],"character_chosen":"DEFECT","items_purchased":[],"campfire_rested":0,"item_purchase_floors":[],"current_hp_per_floor":[58,58,52,52,48,43,43,0,0],"gold":74,"neow_bonus":"ONE_RARE_RELIC","is_daily":false,"chose_seed":false,"campfire_upgraded":1,"win_rate":0.0,"timestamp":1611316479,"path_taken":["M","?","M","?","M","E","R","E"],"items_purchased_type":[],"build_version":"2020-12-13","purchased_purges":0,"victory":false,"max_hp_per_floor":[71,71,71,71,71,71,71,71,71],"relic_stats":{"counters":[5,22],"Orichalcum":[66],"obtain_stats":[{"Lantern":6,"Orichalcum":4,"Cracked Core":0,"Unceasing Top":0},{"Lantern":4,"Orichalcum":2,"Cracked Core":0,"Unceasing Top":0},{"Lantern":18,"Orichalcum":8,"Cracked Core":0,"Unceasing Top":0}],"Unceasing Top":[0]},"card_choices":[{"not_picked":["Steam Power","Stack"],"picked":"Barrage","floor":1.0},{"not_picked":["Barrage","Force Field"],"picked":"Streamline","floor":3.0},{"not_picked":["Stack","Cold Snap"],"picked":"Gash","floor":5.0},{"not_picked":["Leap","Barrage"],"picked":"Multi-Cast","floor":6.0}],"player_experience":1466524,"relics_obtained":[{"floor":4.0,"key":"Orichalcum"},{"floor":6.0,"key":"Lantern"}],"event_choices":[{"damage_healed":0.0,"max_hp_gain":0.0,"max_hp_loss":0.0,"gold_gain":0.0,"cards_transformed":["Strike_B"],"event_name":"Living Wall","player_choice":"Change","floor":2.0,"gold_loss":0.0,"damage_taken":0.0,"cards_obtained":["Reprogram"]}],"is_beta":false,"boss_relics":[],"items_purged_floors":[],"is_endless":false,"potions_floor_spawned":[5],"killed_by":"Gremlin Nob","ascension_level":20}}