{"host":"cw25u8qal1h0d7ia","time":1611332372,"event":{"mods":["BaseMod","Downfall","Minty Spire (QoL Compilation)","StSLib"],"gold_per_floor":[99,119,138,149,166,201,201,1,33,133,158,158,158,158],"floor_reached":12,"language":"ENG","playtime":837,"items_purged":[],"score":92,"play_id":"5fd7ef93-bba0-4bd5-b3fd-5d0b7bab4785","local_time":"20210122171932","is_ascension_mode":true,"campfire_choices":[{"data":"champ:Taunt","floor":1.0,"key":"SMITH"},{"data":"champ:EndlessRage","floor":8.0,"key":"SMITH"}],"circlet_count":0,"master_deck":["champ:Strike","champ:Strike","champ:Strike","champ:Strike","champ:Defend","champ:Defend","champ:Defend","champ:Defend","champ:Execute","champ:Taunt+1","champ:EndlessRage+1","champ:FocusedDefense"],"relics":["champ:ChampionCrown","Juzu Bracelet","Darkstone Periapt","downfall:HeartBlessingGreen","downfall:HeartBlessingBlue","Thread and Needle","Odd Mushroom"],"acts_visited":["Exordium"],"potions_floor_usage":[12],"damage_taken":[{"damage":11.0,"enemies":"2 Louse","floor":2.0,"turns":3.0},{"damage":10.0,"enemies":"Small Slimes","floor":3.0,"turns":3.0},{"damage":21.0,"enemies":"Jaw Worm","floor":4.0,"turns":4.0},{"damage":47.0,"enemies":"Large Slime","floor":5.0,"turns":11.0},{"damage":64.0,"enemies":"Lagavulin","floor":6.0,"turns":9.0},{"damage":56.0,"enemies":"3 Sentries","floor":9.0,"turns":10.0},{"damage":26,"enemies":"The Mushroom Lair","floor":11,"turns":5},{"damage":36,"enemies":"Lagavulin","floor":12,"turns":5}],"seed_played":"8202781722690183759","potions_obtained":[{"floor":2.0,"key":"SkillPotion"},{"floor":6.0,"key":"BlessingOfTheForge"},{"floor":9,"key":"champ:OpenerPotion"}],"is_trial":false,"path_per_floor":["R","M","M","M","M","E","T","R","E","?","?","E"],"character_chosen":"THE_CHAMP","items_purchased":[],"campfire_rested":0,"item_purchase_floors":[],"current_hp_per_floor":[90,89,89,88,81,47,47,57,33,33,27,0,0,0],"gold":158,"neow_bonus":"RANDOM_COMMON_RELIC","is_daily":false,"chose_seed":false,"campfire_upgraded":2,"win_rate":0.0,"timestamp":1611332372,"path_taken":["R","M","M","M","M","E","T","R","E","?","?","E"],"items_purchased_type":[],"build_version":"2020-12-22","purchased_purges":0,"victory":false,"max_hp_per_floor":[90,90,90,90,90,90,90,100,100,100,100,100,100,100],"card_choices":[{"not_picked":["champ:FanOfKnives","champ:Circumvent","champ:PerfectedStrike"],"picked":"SKIP","floor":2.0},{"not_picked":["champ:RisingSlash","champ:FalseCounter","champ:ArenaPreparation"],"picked":"SKIP","floor":3.0},{"not_picked":["champ:CalledShot","champ:PreciseThrust"],"picked":"champ:EndlessRage","floor":4.0},{"not_picked":["champ:CrownThrow","champ:BerserkersShout","champ:FancyFootwork"],"picked":"SKIP","floor":5.0},{"not_picked":["champ:PreemptiveStrike","champ:BringItOn"],"picked":"champ:FocusedDefense","floor":6.0},{"not_picked":["champ:PerfectedStrike","champ:AdrenalArmor","champ:Backstep"],"picked":"SKIP","floor":9}],"player_experience":666636,"relics_obtained":[{"floor":6.0,"key":"Darkstone Periapt"},{"floor":9,"key":"Thread and Needle"},{"floor":11,"key":"Odd Mushroom"}],"event_choices":[{"damage_healed":0,"gold_gain":0,"player_choice":"Fought Mushrooms","damage_taken":0,"max_hp_gain":0,"max_hp_loss":0,"event_name":"Mushrooms","floor":11,"gold_loss":0}],"is_beta":false,"boss_relics":[],"items_purged_floors":[],"is_endless":false,"potions_floor_spawned":[2,6,9],"killed_by":"Lagavulin","ascension_level":1}}