{"host":"wogey4gsknv4ot2d","time":1611304007,"event":{"mods":["2.2 Compatiblity","AchievementEnabler","Act Like it!","Alarm Clock","BaseMod","Bestiary","Better Match","Better Third Choice","Colored Map","Colored Powertips","Googly Eyes","Key Reminder","Minty Spire (QoL Compilation)","Permanent Neow","Rare Cards Sparkle","Relic Stats","Spicy Shops","StSLib"],"gold_per_floor":[118,42,58,58,72,72,99,111,134,144,109,128,154,82,82,181,181,197,29,39,57,57,57,57],"floor_reached":23,"language":"ENG","playtime":636,"items_purged":[],"score":223,"play_id":"afce3bd9-db95-45c9-a7c8-9e8e451d8e31","local_time":"20210122022647","is_ascension_mode":true,"campfire_choices":[{"floor":6,"key":"RECALL"},{"floor":15,"key":"REST"}],"circlet_count":0,"master_deck":["Strike_B","Strike_B","Strike_B","Strike_B+1","Defend_B","Defend_B","Defend_B","Defend_B","Zap","Dualcast","Electrodynamics","Melter+1","Chill","Static Discharge","Streamline","BootSequence","Leap","Self Repair","Capacitor","The Bomb","Go for the Eyes+1","Genetic Algorithm"],"relics":["Cracked Core","Cauldron","Centennial Puzzle","MealTicket","Inserter","MutagenicStrength"],"acts_visited":["Exordium","TheCity"],"potions_floor_usage":[3,5,7,10,20,21],"damage_taken":[{"damage":0,"enemies":"2 Louse","floor":1,"turns":1},{"damage":0,"enemies":"Small Slimes","floor":3,"turns":2},{"damage":7,"enemies":"Jaw Worm","floor":5,"turns":2},{"damage":19,"enemies":"Lagavulin","floor":7,"turns":5},{"damage":0,"enemies":"3 Louse","floor":8,"turns":1},{"damage":13,"enemies":"Exordium Thugs","floor":10,"turns":2},{"damage":8,"enemies":"Large Slime","floor":12,"turns":4},{"damage":21,"enemies":"Gremlin Nob","floor":13,"turns":3},{"damage":40,"enemies":"Hexaghost","floor":16,"turns":9},{"damage":26,"enemies":"Shell Parasite","floor":18,"turns":5},{"damage":24,"enemies":"Chosen","floor":20,"turns":5},{"damage":36,"enemies":"Shelled Parasite and Fungi","floor":21,"turns":5},{"damage":28,"enemies":"Gremlin Leader","floor":23,"turns":4}],"seed_played":"-4511070626528144169","potions_obtained":[{"floor":2,"key":"Regen Potion"},{"floor":2,"key":"Explosive Potion"},{"floor":2,"key":"Fire Potion"},{"floor":5,"key":"LiquidBronze"},{"floor":16,"key":"FearPotion"},{"floor":18,"key":"Explosive Potion"}],"is_trial":false,"path_per_floor":["M","$","M","?","M","R","E","M","T","M","?","M","E","$","R","B",null,"M","$","M","M","?","E"],"character_chosen":"DEFECT","items_purchased":["Cauldron","Self Repair","The Bomb"],"campfire_rested":1,"item_purchase_floors":[2,14,19],"current_hp_per_floor":[75,75,75,60,53,53,34,34,34,30,48,40,19,34,56,23,75,56,71,54,25,25,0,0],"gold":57,"neow_bonus":"ONE_RANDOM_RARE_CARD","is_daily":false,"chose_seed":false,"campfire_upgraded":0,"win_rate":0.0,"timestamp":1611304007,"path_taken":["M","$","M","?","M","R","E","M","T","M","?","M","E","?","R","BOSS","M","$","M","M","?","E"],"items_purchased_type":["Relic","Card","Card"],"build_version":"2020-12-22","purchased_purges":0,"victory":false,"max_hp_per_floor":[75,75,75,75,75,75,75,75,75,75,75,75,75,75,75,75,75,75,75,75,75,75,75,75],"relic_stats":{"Centennial Puzzle":[24],"Inserter":[9],"counters":[13,48],"MealTicket":30,"obtain_stats":[{"keyreminder:keyreminder":6,"Cauldron":2,"Centennial Puzzle":7,"Inserter":17,"MutagenicStrength":22,"MealTicket":13,"Cracked Core":0},{"keyreminder:keyreminder":3,"Cauldron":1,"Centennial Puzzle":4,"Inserter":9,"MutagenicStrength":12,"MealTicket":8,"Cracked Core":0},{"keyreminder:keyreminder":5,"Cauldron":1,"Centennial Puzzle":10,"Inserter":29,"MutagenicStrength":44,"MealTicket":20,"Cracked Core":0}]},"card_choices":[{"not_picked":["Aggregate","Reprogram"],"picked":"Melter","floor":1},{"not_picked":["Barrage","Undo","Meteor Strike"],"picked":"SKIP","floor":3},{"not_picked":["Doom and Gloom","Stack"],"picked":"Chill","floor":5},{"not_picked":["Fission","Turbo"],"picked":"Static Discharge","floor":7},{"not_picked":["Barrage","Compile Driver","Stack"],"picked":"SKIP","floor":8},{"not_picked":["Turbo","Redo"],"picked":"Streamline","floor":10},{"not_picked":["Hologram","Steam Power"],"picked":"BootSequence","floor":12},{"not_picked":["Creative AI","Sweeping Beam"],"picked":"Leap","floor":13},{"not_picked":["Beam Cell","Compile Driver"],"picked":"Capacitor","floor":18},{"not_picked":["Barrage+1","Sweeping Beam"],"picked":"Go for the Eyes+1","floor":20},{"not_picked":["Storm","Hologram"],"picked":"Genetic Algorithm","floor":21}],"player_experience":69875,"relics_obtained":[{"floor":7,"key":"Centennial Puzzle"},{"floor":13,"key":"MealTicket"}],"event_choices":[{"damage_healed":75,"gold_gain":0,"player_choice":"Upgrade","damage_taken":15,"max_hp_gain":0,"max_hp_loss":75,"event_name":"betterThird:BetterShining","floor":4,"gold_loss":0,"cards_upgraded":["Melter","Strike_B"]},{"damage_healed":18,"gold_gain":0,"player_choice":"Healed","damage_taken":0,"max_hp_gain":0,"max_hp_loss":0,"event_name":"The Cleric","floor":11,"gold_loss":35},{"damage_healed":0,"gold_gain":0,"player_choice":"Inject Mutagens","damage_taken":0,"relics_obtained":["MutagenicStrength"],"max_hp_gain":0,"max_hp_loss":0,"event_name":"Drug Dealer","floor":22,"gold_loss":0}],"is_beta":false,"boss_relics":[{"not_picked":["Cursed Key","Tiny House"],"picked":"Inserter"}],"items_purged_floors":[],"is_endless":false,"potions_floor_spawned":[1,5,16,18],"killed_by":"Gremlin Leader","ascension_level":2}}