{"host":"sc0o2qwpf9j16a4i","time":1611356448,"event":{"mods":["AchievementEnabler","BaseMod","BetterRewards","Block Reminder","Colored Map","Colored Powertips","Custom Start","Highlight Path","Minty Spire (QoL Compilation)","Relic Stats"],"gold_per_floor":[118,68,82,96,96,129,129,144,144,29,39,39,39,39,39,138,138,152,152,67,81,97,127,127,162,212,228,228,228,228],"floor_reached":29,"language":"ENG","playtime":996,"items_purged":[],"score":263,"play_id":"b0f80073-3948-4001-a848-52b177d18b58","local_time":"20210123010048","daily_mods":["Draft","Red Cards","Binary"],"is_ascension_mode":false,"campfire_choices":[{"data":"Limit Break","floor":7,"key":"SMITH"},{"data":"Dark Embrace","floor":12,"key":"SMITH"},{"data":"Calculated Gamble","floor":15,"key":"SMITH"},{"floor":24,"key":"REST"},{"floor":28,"key":"REST"}],"circlet_count":0,"master_deck":["Armaments+1","Burning Pact","Sucker Punch","Deadly Poison","Twin Strike","Flying Knee","Inflame","Deadly Poison","Poisoned Stab","Deflect","Sucker Punch","Anger","Shrug It Off","Calculated Gamble+1","Blade Dance","Limit Break+1","Feel No Pain","Dark Embrace+1","Bloodletting","Well Laid Plans","Burning Pact","Whirlwind+1","True Grit","Headbutt+1"],"relics":["Ring of the Serpent","Lizard Tail","StoneCalendar","Unceasing Top","Girya","Nunchaku","Vajra"],"acts_visited":["Exordium","TheCity"],"potions_floor_usage":[16,23,25],"damage_taken":[{"damage":0,"enemies":"Cultist","floor":1,"turns":3},{"damage":0,"enemies":"Jaw Worm","floor":3,"turns":3},{"damage":0,"enemies":"Small Slimes","floor":4,"turns":3},{"damage":5,"enemies":"3 Sentries","floor":6,"turns":5},{"damage":6,"enemies":"Exordium Thugs","floor":8,"turns":4},{"damage":3,"enemies":"Large Slime","floor":11,"turns":5},{"damage":32,"enemies":"Hexaghost","floor":16,"turns":6},{"damage":3,"enemies":"Spheric Guardian","floor":18,"turns":3},{"damage":29,"enemies":"2 Thieves","floor":21,"turns":4},{"damage":8,"enemies":"Centurion and Healer","floor":22,"turns":6},{"damage":9,"enemies":"Gremlin Leader","floor":23,"turns":5},{"damage":46,"enemies":"Book of Stabbing","floor":25,"turns":6},{"damage":6,"enemies":"Snecko","floor":27,"turns":3},{"damage":40,"enemies":"Slavers","floor":29,"turns":2}],"seed_played":"-3665384691108444548","potions_obtained":[{"floor":4,"key":"SpeedPotion"},{"floor":11,"key":"Strength Potion"},{"floor":18,"key":"Explosive Potion"},{"floor":21,"key":"SneckoOil"}],"is_trial":true,"path_per_floor":["M","?","M","M","?","E","R","M","T","$","M","R","?","?","R","B",null,"M","?","?","M","M","E","R","E","T","M","R","E"],"character_chosen":"THE_SILENT","items_purchased":["Dark Embrace","Bloodletting"],"campfire_rested":2,"item_purchase_floors":[10,10],"current_hp_per_floor":[70,70,70,70,63,58,58,52,52,52,49,49,49,70,70,38,70,67,54,54,25,17,8,30,22,22,16,38,0,0],"gold":228,"neow_bonus":"","is_daily":false,"chose_seed":false,"campfire_upgraded":3,"win_rate":0.0,"timestamp":1611356448,"path_taken":["M","?","M","M","?","E","R","M","T","?","?","R","?","?","R","BOSS","M","?","?","M","M","E","R","E","T","M","R","E"],"items_purchased_type":["Card","Card"],"build_version":"2020-12-22","purchased_purges":0,"victory":false,"max_hp_per_floor":[70,70,70,70,70,70,70,70,70,70,70,70,70,70,70,70,70,70,75,75,75,75,75,75,75,75,75,75,75,75],"relic_stats":{"Lizard Tail":37,"Nunchaku":[0],"counters":[14,58],"StoneCalendar":[0],"obtain_stats":[{"Girya":23,"Lizard Tail":6,"Nunchaku":25,"Vajra":26,"StoneCalendar":9,"Ring of the Serpent":17,"Unceasing Top":20,"Ring of the Snake":0},{"Girya":11,"Lizard Tail":4,"Nunchaku":12,"Vajra":12,"StoneCalendar":5,"Ring of the Serpent":7,"Unceasing Top":8,"Ring of the Snake":0},{"Girya":47,"Lizard Tail":14,"Nunchaku":53,"Vajra":53,"StoneCalendar":18,"Ring of the Serpent":29,"Unceasing Top":32,"Ring of the Snake":0}],"Unceasing Top":[3]},"card_choices":[{"not_picked":["Dagger Spray","Deflect"],"picked":"Armaments","floor":0},{"not_picked":["Bloodletting","Backflip"],"picked":"Burning Pact","floor":0},{"not_picked":["Iron Wave","Searing Blow"],"picked":"Sucker Punch","floor":0},{"not_picked":["Backflip","Quick Slash"],"picked":"Deadly Poison","floor":0},{"not_picked":["Dropkick","Accuracy"],"picked":"PiercingWail","floor":0},{"not_picked":["Backflip","Havoc"],"picked":"Twin Strike","floor":0},{"not_picked":["Sucker Punch","Combust"],"picked":"Flying Knee","floor":0},{"not_picked":["Twin Strike","Wild Strike"],"picked":"Setup","floor":0},{"not_picked":["True Grit","Backstab"],"picked":"Inflame","floor":0},{"not_picked":["Havoc","Perfected Strike"],"picked":"Deadly Poison","floor":0},{"not_picked":["Havoc","Warcry"],"picked":"Poisoned Stab","floor":0},{"not_picked":["Deadly Poison","Poisoned Stab"],"picked":"Deflect","floor":0},{"not_picked":["Wild Strike","Clothesline"],"picked":"Sucker Punch","floor":0},{"not_picked":["Quick Slash","Accuracy"],"picked":"Anger","floor":0},{"not_picked":["Thunderclap","Deflect"],"picked":"Shrug It Off","floor":0},{"not_picked":["Poisoned Stab"],"picked":"Calculated Gamble","floor":1},{"not_picked":["Shrug It Off","Backflip"],"picked":"SKIP","floor":3},{"not_picked":["Iron Wave"],"picked":"Blade Dance","floor":4},{"not_picked":["Dark Embrace"],"picked":"Limit Break","floor":6},{"not_picked":["Heel Hook"],"picked":"Feel No Pain","floor":8},{"not_picked":["Cleave"],"picked":"Well Laid Plans","floor":11},{"not_picked":["Perfected Strike","Iron Wave"],"picked":"SKIP","floor":18},{"not_picked":["Dodge and Roll"],"picked":"Burning Pact","floor":21},{"not_picked":["True Grit"],"picked":"Whirlwind+1","floor":22},{"not_picked":["Body Slam+1"],"picked":"True Grit","floor":23},{"not_picked":["Sucker Punch","Sword Boomerang"],"picked":"SKIP","floor":25},{"not_picked":["Backflip"],"picked":"Headbutt+1","floor":27}],"player_experience":915021,"relics_obtained":[{"floor":6,"key":"Lizard Tail"},{"floor":9,"key":"StoneCalendar"},{"floor":23,"key":"Girya"},{"floor":25,"key":"Nunchaku"},{"floor":26,"key":"Vajra"}],"event_choices":[{"cards_removed":["Setup"],"damage_healed":0,"gold_gain":0,"player_choice":"Card Removal","damage_taken":0,"max_hp_gain":0,"max_hp_loss":0,"event_name":"The Cleric","floor":2,"gold_loss":50},{"cards_removed":["PiercingWail"],"damage_healed":0,"gold_gain":0,"player_choice":"Card Removal","damage_taken":7,"max_hp_gain":0,"max_hp_loss":0,"event_name":"Golden Wing","floor":5,"gold_loss":0},{"damage_healed":0,"gold_gain":0,"player_choice":"Grow","damage_taken":0,"max_hp_gain":0,"max_hp_loss":0,"event_name":"Living Wall","floor":13,"gold_loss":0,"cards_upgraded":["Armaments"]},{"damage_healed":23,"gold_gain":0,"player_choice":"Banana","damage_taken":0,"max_hp_gain":0,"max_hp_loss":0,"event_name":"Big Fish","floor":14,"gold_loss":0},{"damage_healed":0,"gold_gain":0,"player_choice":"Shed Blood","damage_taken":18,"max_hp_gain":5,"max_hp_loss":0,"event_name":"Forgotten Altar","floor":19,"gold_loss":0},{"damage_healed":0,"gold_gain":0,"player_choice":"Obtained Relic","damage_taken":0,"relics_obtained":["Unceasing Top"],"max_hp_gain":0,"max_hp_loss":0,"event_name":"Addict","floor":20,"gold_loss":85}],"is_beta":false,"boss_relics":[{"not_picked":["Cursed Key","SacredBark"],"picked":"Ring of the Serpent"}],"items_purged_floors":[],"is_endless":false,"potions_floor_spawned":[4,11,18,21],"killed_by":"Slavers","ascension_level":0}}