{"host":"2n2g1vowfllvjtvi","time":1611327785,"event":{"mods":["AchievementEnabler","BaseMod","Custom Start","GifTheSpireLib","Keyboard Shortcuts","Minty Spire (QoL Compilation)","Quick Restart","Rare Cards Sparkle","StSLib","SuperFastMode"],"gold_per_floor":[111,36,111,127,14,48,64,64,112,126,126,159,334,12,12,116,116,126,126,1,17,37,37,54,82,107,107,125,125,138,171,171,171,171],"floor_reached":33,"language":"KOR","playtime":567,"items_purged":["Strike_R","Doubt","Strike_R"],"score":432,"play_id":"21855426-73ff-44fd-96f2-f475539e622c","local_time":"20210123000305","is_ascension_mode":true,"campfire_choices":[{"data":"Rupture","floor":8.0,"key":"SMITH"},{"data":"Carnage","floor":11.0,"key":"SMITH"},{"data":"Blood for Blood","floor":15.0,"key":"SMITH"},{"data":"Immolate","floor":23,"key":"SMITH"},{"data":"Shockwave","floor":27,"key":"SMITH"},{"data":"Hemokinesis","floor":29,"key":"SMITH"},{"floor":32,"key":"REST"}],"circlet_count":0,"master_deck":["Strike_R","Strike_R","Strike_R","Defend_R","Defend_R","Defend_R","Defend_R","Bash","Hemokinesis+1","Rupture+1","Carnage+1","Shockwave+1","Blood for Blood+1","Immolate+1","Flame Barrier+1","Second Wind"],"relics":["Burning Blood","NeowsBlessing","Orichalcum","Bag of Preparation","Ginger","Chemical X","Velvet Choker","Oddly Smooth Stone","Smiling Mask","Art of War"],"acts_visited":["Exordium","TheCity"],"potions_floor_usage":[33,33],"damage_taken":[{"damage":0.0,"enemies":"Small Slimes","floor":1.0,"turns":1.0},{"damage":0.0,"enemies":"Jaw Worm","floor":4.0,"turns":1.0},{"damage":0.0,"enemies":"Lagavulin","floor":6.0,"turns":2.0},{"damage":3.0,"enemies":"Cultist","floor":7.0,"turns":3.0},{"damage":15.0,"enemies":"Gremlin Gang","floor":10.0,"turns":4.0},{"damage":12.0,"enemies":"Gremlin Nob","floor":12.0,"turns":3.0},{"damage":30.0,"enemies":"Hexaghost","floor":16.0,"turns":6.0},{"damage":2.0,"enemies":"Spheric Guardian","floor":18.0,"turns":2.0},{"damage":12,"enemies":"2 Thieves","floor":21,"turns":3},{"damage":15,"enemies":"Snecko","floor":22,"turns":3},{"damage":4,"enemies":"Chosen and Byrds","floor":24,"turns":3},{"damage":19,"enemies":"Gremlin Leader","floor":25,"turns":4},{"damage":2,"enemies":"Centurion and Healer","floor":28,"turns":3},{"damage":4,"enemies":"Cultist and Chosen","floor":30,"turns":4},{"damage":23,"enemies":"Book of Stabbing","floor":31,"turns":4},{"damage":81,"enemies":"Collector","floor":33,"turns":6}],"seed_played":"7994288406019208936","potions_obtained":[{"floor":7.0,"key":"DistilledChaos"},{"floor":10.0,"key":"Fire Potion"},{"floor":12.0,"key":"LiquidMemories"},{"floor":16.0,"key":"CultistPotion"},{"floor":21,"key":"Energy Potion"},{"floor":25,"key":"Ancient Potion"}],"is_trial":false,"path_per_floor":["M","$","?","M","$","E","M","R","T","M","R","E","?","$","R","B",null,"M","?","$","M","M","R","M","E","T","R","M","R","M","E","R","B"],"character_chosen":"IRONCLAD","items_purchased":["Hemokinesis","Rupture","Blood for Blood","Chemical X"],"campfire_rested":1,"item_purchase_floors":[5,5,14,14],"current_hp_per_floor":[78,78,67,73,73,79,80,80,80,71,71,65,65,65,65,41,70,74,74,74,68,59,59,61,48,48,48,52,52,54,37,61,0,0],"gold":171,"neow_bonus":"THREE_ENEMY_KILL","is_daily":false,"chose_seed":false,"campfire_upgraded":6,"win_rate":0.0,"timestamp":1611327785,"path_taken":["M","$","?","M","$","E","M","R","T","M","R","E","?","$","R","BOSS","M","?","$","M","M","R","M","E","T","R","M","R","?","E","R","BOSS"],"items_purchased_type":["Card","Card","Card","Relic"],"build_version":"2020-12-22","purchased_purges":3,"victory":false,"max_hp_per_floor":[80,80,80,80,80,80,80,80,80,80,80,80,80,80,80,80,80,80,80,80,80,80,80,80,80,80,80,80,80,80,80,80,80,80],"card_choices":[{"not_picked":["Havoc","Intimidate","Thunderclap"],"picked":"SKIP","floor":1.0},{"not_picked":["Rage","Twin Strike","True Grit"],"picked":"SKIP","floor":4.0},{"not_picked":["Exhume","Clothesline","Dual Wield"],"picked":"SKIP","floor":6.0},{"not_picked":["Wild Strike","Feel No Pain"],"picked":"Carnage","floor":7.0},{"not_picked":["Feel No Pain","Clothesline","Heavy Blade"],"picked":"SKIP","floor":10.0},{"not_picked":["Dark Embrace","Battle Trance"],"picked":"Shockwave","floor":12.0},{"not_picked":["Barricade","Fiend Fire"],"picked":"Immolate","floor":16.0},{"not_picked":["Infernal Blade","Twin Strike","Pummel"],"picked":"SKIP","floor":18.0},{"not_picked":["Sentinel","Cleave"],"picked":"Flame Barrier+1","floor":21},{"not_picked":["Havoc+1","Rage","Sentinel"],"picked":"SKIP","floor":22},{"not_picked":["Body Slam+1","Hemokinesis","Searing Blow"],"picked":"SKIP","floor":24},{"not_picked":["Disarm","Dark Embrace","Anger+1"],"picked":"SKIP","floor":25},{"not_picked":["Pommel Strike+1","Sword Boomerang"],"picked":"Second Wind","floor":28},{"not_picked":["Havoc","Twin Strike","Shockwave"],"picked":"SKIP","floor":30},{"not_picked":["True Grit","Infernal Blade","Warcry"],"picked":"SKIP","floor":31}],"player_experience":226052,"relics_obtained":[{"floor":6.0,"key":"Orichalcum"},{"floor":9.0,"key":"Bag of Preparation"},{"floor":12.0,"key":"Ginger"},{"floor":25,"key":"Oddly Smooth Stone"},{"floor":26,"key":"Smiling Mask"},{"floor":31,"key":"Art of War"}],"event_choices":[{"damage_healed":0.0,"max_hp_gain":0.0,"max_hp_loss":0.0,"gold_gain":75.0,"event_name":"World of Goop","player_choice":"Gather Gold","floor":3.0,"gold_loss":0.0,"damage_taken":11.0},{"damage_healed":0.0,"max_hp_gain":0.0,"max_hp_loss":0.0,"gold_gain":175.0,"event_name":"Liars Game","player_choice":"AGREE","floor":13.0,"gold_loss":0.0,"damage_taken":0.0,"cards_obtained":["Doubt"]},{"damage_healed":0,"gold_gain":0,"player_choice":"0 cards matched","damage_taken":0,"max_hp_gain":0,"max_hp_loss":0,"event_name":"Match and Keep!","floor":19,"gold_loss":0,"cards_obtained":[]}],"is_beta":false,"boss_relics":[{"not_picked":["Empty Cage","Astrolabe"],"picked":"Velvet Choker"}],"items_purged_floors":[2,14,20],"is_endless":false,"potions_floor_spawned":[7,10,12,16,21,25],"killed_by":"Collector","ascension_level":7}}