{"host":"skr63qsdfgeey3it","time":1611295353,"event":{"mods":["BaseMod","Colored Map","Hubris","Minty Spire (QoL Compilation)","Replay The Spire","Spicy Shops","StSLib"],"gold_per_floor":[116,116,126,215,215,215,230,230,305,305,387,405,25,59,59,59,59,154,154,175,175,175,175,175],"floor_reached":23,"language":"ENG","playtime":1130,"items_purged":["Strike_G"],"score":305,"play_id":"24c3fa3a-a47a-4c5b-a1a8-92979365f1d3","local_time":"20210122000233","is_ascension_mode":true,"campfire_choices":[{"floor":8,"key":"REST"},{"floor":10,"key":"REST"}],"circlet_count":0,"master_deck":["AscendersBane","Strike_G","Strike_G","Strike_G","Strike_G","Defend_G","Defend_G","Defend_G","Defend_G","Survivor","Neutralize","Infinite Blades","Flying Knee","ReplayTheSpireMod:Scrap Shanks","Acrobatics","Distraction","Envenom","Noxious Fumes","Leg Sweep+1","Toxin Wave","Envenom","Noxious Fumes","Adrenaline"],"relics":["Ring of the Snake","Pocketwatch","Garlic","Blue Doll","Meat on the Bone","Orrery","DollysMirror","Pet Ghost","Golden Idol","Ring of Chaos"],"acts_visited":["Exordium","TheCity"],"potions_floor_usage":[14],"damage_taken":[{"damage":7,"enemies":"2 Louse","floor":1,"turns":3},{"damage":3,"enemies":"Cultist","floor":3,"turns":4},{"damage":4,"enemies":"Jaw Worm","floor":7,"turns":4},{"damage":0,"enemies":"Exordium Wildlife","floor":12,"turns":4},{"damage":23,"enemies":"3 Sentries","floor":14,"turns":7},{"damage":13,"enemies":"Hexaghost","floor":18,"turns":9},{"damage":16,"enemies":"Spheric Guardian","floor":20,"turns":5},{"damage":32,"enemies":"3 Byrds","floor":23,"turns":4}],"seed_played":"-15054475794650889","potions_obtained":[{"floor":1,"key":"Elixir"},{"floor":12,"key":"Block Potion"},{"floor":18,"key":"SteroidPotion"}],"is_trial":false,"path_per_floor":["M","?","M","?","PTL","PTL","M","R","?","R","T","M","$","E","?","?","R_BF","B",null,"M","?","?","M"],"character_chosen":"THE_SILENT","items_purchased":["Orrery","DollysMirror"],"campfire_rested":2,"item_purchase_floors":[13,13],"current_hp_per_floor":[38,38,35,35,35,35,31,52,41,62,62,62,62,39,32,15,36,35,61,45,45,32,0,0],"gold":175,"neow_bonus":"ONE_RARE_RELIC","is_daily":false,"chose_seed":false,"campfire_upgraded":0,"win_rate":0.0,"timestamp":1611295353,"path_taken":["M","?","?","?","PTL","PTL","M","R","?","R","T","M","$","E","?","?","R_BF","BOSS","M","?","?","M"],"items_purchased_type":["Relic","Relic"],"build_version":"2020-12-22","purchased_purges":1,"victory":false,"max_hp_per_floor":[70,70,70,70,70,70,70,70,70,70,70,70,70,70,70,70,70,70,70,70,70,75,75,75],"card_choices":[{"not_picked":["Blade Dance","Backflip"],"picked":"Infinite Blades","floor":1},{"not_picked":["Toxin Wave","Dodge and Roll"],"picked":"Flying Knee","floor":3},{"not_picked":["Bane","Prepared"],"picked":"ReplayTheSpireMod:Scrap Shanks","floor":4},{"not_picked":["Endless Agony","Quick Slash"],"picked":"Acrobatics","floor":4},{"not_picked":["Hidden Blade","ReplayTheSpireMod:Shiv Toss","Replay:Poison Smokescreen"],"picked":"SKIP","floor":7},{"not_picked":["Outmaneuver","Deadly Poison"],"picked":"Distraction","floor":12},{"not_picked":["Crippling Poison","Poisoned Stab"],"picked":"Envenom","floor":13},{"not_picked":["Deadly Poison","Toxin Wave"],"picked":"Noxious Fumes","floor":13},{"not_picked":["Riddle With Holes","Poisoned Stab"],"picked":"Leg Sweep","floor":13},{"not_picked":["Backflip","Caltrops"],"picked":"Toxin Wave","floor":13},{"not_picked":["Sucker Punch","Hidden Blade"],"picked":"Noxious Fumes","floor":14},{"not_picked":["Corpse Explosion","Poison Darts"],"picked":"Adrenaline","floor":18},{"not_picked":["hubris:SlightOfHand","Outmaneuver+1","Acrobatics+1"],"picked":"SKIP","floor":20}],"player_experience":798619,"relics_obtained":[{"floor":4,"key":"Blue Doll"},{"floor":11,"key":"Meat on the Bone"},{"floor":14,"key":"Pet Ghost"}],"event_choices":[{"damage_healed":0,"gold_gain":0,"player_choice":"Gave Potion","damage_taken":0,"relics_obtained":["Garlic"],"max_hp_gain":0,"max_hp_loss":0,"event_name":"WeMeetAgain","floor":2,"gold_loss":0},{"damage_healed":0,"gold_gain":75,"player_choice":"Gather Gold","damage_taken":11,"max_hp_gain":0,"max_hp_loss":0,"event_name":"World of Goop","floor":9,"gold_loss":0},{"cards_removed":["Defend_G"],"damage_healed":0,"gold_gain":0,"player_choice":"Card Removal","damage_taken":7,"max_hp_gain":0,"max_hp_loss":0,"event_name":"Golden Wing","floor":15,"gold_loss":0},{"damage_healed":0,"gold_gain":0,"player_choice":"Take Damage","damage_taken":17,"relics_obtained":["Golden Idol"],"max_hp_gain":0,"max_hp_loss":0,"event_name":"Golden Idol","floor":16,"gold_loss":0},{"damage_healed":0,"gold_gain":0,"player_choice":"Shed Blood","damage_taken":18,"max_hp_gain":5,"max_hp_loss":0,"event_name":"Forgotten Altar","floor":22,"gold_loss":0}],"is_beta":false,"boss_relics":[{"not_picked":["hubris:TerracottaHorce","SlaversCollar"],"picked":"Ring of Chaos"}],"items_purged_floors":[13],"is_endless":false,"potions_floor_spawned":[1,12,18],"killed_by":"3 Byrds","ascension_level":13}}