{"host":"neeznpvpgo0qgfkd","time":1611352789,"event":{"mods":["AchievementEnabler","BaseMod","BetterRewards","Colored Map","Colored Powertips","Exacting","Minty Spire (QoL Compilation)","Permanent Neow","Quick Restart","Shop Mod"],"gold_per_floor":[119,119,150,184,210,242,258,271,271,126,153,183,199,199,199],"floor_reached":14,"language":"ENG","playtime":512,"items_purged":[],"score":186,"play_id":"b192263a-adfd-48e2-98cf-ced5b28942c4","local_time":"20210122165949","is_ascension_mode":true,"campfire_choices":[],"circlet_count":0,"master_deck":["AscendersBane","Strike_G","Strike_G","Strike_G","Strike_G","Strike_G","Defend_G","Defend_G","Defend_G","Defend_G","Defend_G","Survivor","Neutralize","Dagger Spray","Underhanded Strike","Dash","Finisher","Backstab","Dash","Accuracy","A Thousand Cuts"],"relics":["Ring of the Snake","Vajra","Art of War","ClockworkSouvenir","HornCleat"],"acts_visited":["Exordium"],"potions_floor_usage":[11,13],"damage_taken":[{"damage":1.0,"enemies":"Cultist","floor":1.0,"turns":4.0},{"damage":5.0,"enemies":"2 Louse","floor":3.0,"turns":2.0},{"damage":4.0,"enemies":"Jaw Worm","floor":4.0,"turns":3.0},{"damage":0.0,"enemies":"Exordium Thugs","floor":5.0,"turns":4.0},{"damage":4.0,"enemies":"3 Sentries","floor":6.0,"turns":4.0},{"damage":8.0,"enemies":"Blue Slaver","floor":7.0,"turns":2.0},{"damage":8,"enemies":"Lots of Slimes","floor":8,"turns":2},{"damage":17,"enemies":"Lagavulin","floor":11,"turns":5},{"damage":3,"enemies":"Looter","floor":12,"turns":2},{"damage":0,"enemies":"2 Fungi Beasts","floor":13,"turns":1},{"damage":10,"enemies":"Gremlin Nob","floor":14,"turns":3}],"seed_played":"8385089059543096540","potions_obtained":[{"floor":1.0,"key":"Fire Potion"},{"floor":3.0,"key":"Explosive Potion"},{"floor":6.0,"key":"PowerPotion"},{"floor":8,"key":"Strength Potion"}],"is_trial":false,"path_per_floor":["M","$","M","M","M","E","M","M","T","$","E","M","M","E"],"character_chosen":"THE_SILENT","items_purchased":["ClockworkSouvenir"],"campfire_rested":0,"item_purchase_floors":[10],"current_hp_per_floor":[58,58,53,49,49,45,37,29,29,29,12,9,9,0,0],"gold":199,"neow_bonus":"RANDOM_COMMON_RELIC","is_daily":false,"chose_seed":false,"campfire_upgraded":0,"win_rate":0.0,"timestamp":1611352789,"path_taken":["M","?","M","?","M","E","M","?","T","$","E","M","M","E"],"items_purchased_type":["Relic"],"build_version":"2020-12-22","purchased_purges":0,"victory":false,"max_hp_per_floor":[66,66,66,66,66,66,66,66,66,66,66,66,66,66,66],"card_choices":[{"not_picked":["Heel Hook","Blade Dance"],"picked":"Dagger Spray","floor":1.0},{"not_picked":["Prepared","Deadly Poison"],"picked":"Underhanded Strike","floor":3.0},{"not_picked":["Choke","Dagger Throw"],"picked":"Dash","floor":4.0},{"not_picked":["Setup","Tactician","Underhanded Strike"],"picked":"SKIP","floor":5.0},{"not_picked":["Underhanded Strike","Deadly Poison"],"picked":"Finisher","floor":6.0},{"not_picked":["Underhanded Strike","Heel Hook"],"picked":"Backstab","floor":7.0},{"not_picked":["Cloak And Dagger","Reflex"],"picked":"Dash","floor":8},{"not_picked":["Slice","Cloak And Dagger"],"picked":"Accuracy","floor":11},{"not_picked":["Setup","Dodge and Roll","Deflect"],"picked":"SKIP","floor":12},{"not_picked":["Dash","All Out Attack"],"picked":"A Thousand Cuts","floor":13}],"player_experience":1904294,"relics_obtained":[{"floor":6.0,"key":"Art of War"},{"floor":11,"key":"HornCleat"}],"event_choices":[],"is_beta":false,"boss_relics":[],"items_purged_floors":[],"is_endless":false,"potions_floor_spawned":[1,3,6,8],"killed_by":"Gremlin Nob","ascension_level":15}}