{"host":"28p8ce41sjwa6lzf","time":1611345092,"event":{"mods":["BaseMod","Bestiary","Colored Map","Colored Powertips","Dark Map","Highlight Path","Minty Spire (QoL Compilation)","Permanent Neow","Quick Restart","Random Character Button","Rare Cards Sparkle","Relic Stats","StSLib","Unceasing Turn Reminder"],"gold_per_floor":[111,123,140,159,171,503,123,152,201,231,231,249,249,249,249,328,328,308,308,308,155,179,179,179],"floor_reached":23,"language":"ENG","playtime":1274,"items_purged":["Strike_B","Strike_B"],"score":468,"play_id":"7dc5c32d-be7a-46c4-a7a8-99b7957cdbf8","local_time":"20210122135132","is_ascension_mode":true,"campfire_choices":[{"floor":11.0,"key":"REST"},{"data":"Buffer","floor":13.0,"key":"SMITH"},{"floor":15.0,"key":"REST"}],"circlet_count":0,"master_deck":["AscendersBane","Strike_B","Strike_B","Defend_B","Defend_B","Defend_B","Defend_B","Zap","Dualcast","Magnetism","Genetic Algorithm","Sunder","Conserve Battery","Buffer+1","Steam","Core Surge","Recycle+1","Coolheaded","Blizzard","Stack","Cold Snap","Biased Cognition","Ball Lightning+1","Coolheaded"],"relics":["Cracked Core","Old Coin","Omamori","Pen Nib","Tiny Chest","Matryoshka","Sozu","Toy Ornithopter","Enchiridion","Regal Pillow"],"acts_visited":["Exordium","TheCity"],"potions_floor_usage":[],"damage_taken":[{"damage":0.0,"enemies":"Cultist","floor":1.0,"turns":3.0},{"damage":18.0,"enemies":"Jaw Worm","floor":2.0,"turns":4.0},{"damage":6.0,"enemies":"Small Slimes","floor":3.0,"turns":4.0},{"damage":1.0,"enemies":"Exordium Wildlife","floor":4.0,"turns":3.0},{"damage":4.0,"enemies":"Looter","floor":5.0,"turns":3.0},{"damage":0.0,"enemies":"Lagavulin","floor":6.0,"turns":7.0},{"damage":32.0,"enemies":"3 Sentries","floor":8.0,"turns":9.0},{"damage":4.0,"enemies":"Gremlin Nob","floor":10.0,"turns":4.0},{"damage":4.0,"enemies":"3 Louse","floor":12.0,"turns":3.0},{"damage":15.0,"enemies":"The Guardian","floor":16.0,"turns":19.0},{"damage":4.0,"enemies":"2 Thieves","floor":18.0,"turns":4.0},{"damage":33,"enemies":"Gremlin Leader","floor":23,"turns":5}],"seed_played":"-4837581994140453292","potions_obtained":[{"floor":2.0,"key":"Swift Potion"},{"floor":5.0,"key":"Regen Potion"},{"floor":8.0,"key":"LiquidMemories"},{"floor":12.0,"key":"Fire Potion"},{"floor":16.0,"key":"LiquidMemories"}],"is_trial":false,"path_per_floor":["M","M","M","M","M","E","$","E","T","E","R","M","R","?","R","B",null,"M","?","?","$","T","E"],"character_chosen":"DEFECT","items_purchased":["Omamori","Recycle","Coolheaded","Coolheaded"],"campfire_rested":2,"item_purchase_floors":[7,7,7,21],"current_hp_per_floor":[64,46,40,39,35,35,35,18,18,14,33,29,29,29,48,33,56,52,52,31,31,31,0,0],"gold":179,"neow_bonus":"RANDOM_COLORLESS_2","is_daily":false,"chose_seed":false,"campfire_upgraded":1,"win_rate":0.0,"timestamp":1611345092,"path_taken":["M","M","M","M","M","E","$","E","T","E","R","M","R","?","R","BOSS","M","?","?","$","?","E"],"items_purchased_type":["Relic","Card","Card","Card"],"build_version":"2020-12-22","purchased_purges":2,"victory":false,"max_hp_per_floor":[64,64,64,64,64,64,64,64,64,64,64,64,64,64,64,64,64,64,64,64,64,64,64,64],"relic_stats":{"Sozu":0,"Regal Pillow":0,"counters":[12,68],"Tiny Chest":1,"Pen Nib":[4],"obtain_stats":[{"Sozu":17,"Regal Pillow":22,"Matryoshka":10,"Enchiridion":20,"Tiny Chest":9,"Pen Nib":8,"Omamori":7,"Cracked Core":0,"Toy Ornithopter":19,"Old Coin":6},{"Sozu":10,"Regal Pillow":11,"Matryoshka":8,"Enchiridion":11,"Tiny Chest":7,"Pen Nib":7,"Omamori":6,"Cracked Core":0,"Toy Ornithopter":11,"Old Coin":6},{"Sozu":59,"Regal Pillow":63,"Matryoshka":37,"Enchiridion":63,"Tiny Chest":33,"Pen Nib":33,"Omamori":24,"Cracked Core":0,"Toy Ornithopter":63,"Old Coin":24}],"Toy Ornithopter":0},"card_choices":[{"not_picked":["Thinking Ahead","Mayhem"],"picked":"Magnetism","floor":0.0},{"not_picked":["Sweeping Beam","Tempest"],"picked":"Genetic Algorithm","floor":1.0},{"not_picked":["Go for the Eyes","Coolheaded"],"picked":"Sunder","floor":2.0},{"not_picked":["Redo","Leap"],"picked":"Conserve Battery","floor":3.0},{"not_picked":["Rebound","Beam Cell"],"picked":"Buffer","floor":4.0},{"not_picked":["Beam Cell","Turbo"],"picked":"Steam","floor":5.0},{"not_picked":["Hello World","FTL"],"picked":"Core Surge","floor":6.0},{"not_picked":["Redo","Fusion"],"picked":"Blizzard","floor":8.0},{"not_picked":["Melter","Compile Driver"],"picked":"Stack","floor":10.0},{"not_picked":["Stack","Ball Lightning"],"picked":"Cold Snap","floor":12.0},{"not_picked":["Amplify","Seek"],"picked":"Biased Cognition","floor":16.0},{"not_picked":["Conserve Battery","Steam Power"],"picked":"Ball Lightning+1","floor":18.0}],"player_experience":1171742,"relics_obtained":[{"floor":6.0,"key":"Old Coin"},{"floor":8.0,"key":"Pen Nib"},{"floor":9.0,"key":"Tiny Chest"},{"floor":10.0,"key":"Matryoshka"},{"floor":20.0,"key":"Enchiridion"},{"floor":22.0,"key":"Regal Pillow"}],"event_choices":[{"damage_healed":0.0,"max_hp_gain":0.0,"max_hp_loss":0.0,"gold_gain":0.0,"event_name":"Living Wall","player_choice":"Grow","floor":14.0,"gold_loss":0.0,"damage_taken":0.0,"cards_upgraded":["Recycle"]},{"damage_healed":0.0,"max_hp_gain":0.0,"max_hp_loss":0.0,"gold_gain":0.0,"event_name":"Addict","player_choice":"Stole Relic","floor":19.0,"gold_loss":0.0,"damage_taken":0.0,"relics_obtained":["Toy Ornithopter"],"cards_obtained":["Shame"]},{"damage_healed":0.0,"max_hp_gain":0.0,"max_hp_loss":0.0,"gold_gain":0.0,"event_name":"Cursed Tome","player_choice":"Obtained Book","floor":20.0,"gold_loss":0.0,"damage_taken":21.0}],"is_beta":false,"boss_relics":[{"not_picked":["SlaversCollar","Inserter"],"picked":"Sozu"}],"items_purged_floors":[7,21],"is_endless":false,"potions_floor_spawned":[2,5,6,8,12,16],"killed_by":"Gremlin Leader","ascension_level":20}}