{"host":"c44ey07ufggfw2m8","time":1611301676,"event":{"mods":["2.2 Compatiblity","BaseMod","Colored Map","DeckTracker","Highlight Path","Keyboard Shortcuts","Minty Spire (QoL Compilation)","Permanent Neow","Quick Restart","StSLib","SuperFastMode","UnlockEverythingMod"],"gold_per_floor":[117,129,129,3,20,20,31,31,31,64,64,79,108,123,123,225,225,235,334,434,448,56,56,71,71,125,157,175,185,185,220,220,220,220],"floor_reached":33,"language":"KOR","playtime":1237,"items_purged":["Strike_G","Strike_G"],"score":435,"play_id":"c71105e7-ad1a-4c1c-9f0c-5d0f019fffc5","local_time":"20210122164756","is_ascension_mode":true,"campfire_choices":[{"data":"1","floor":6,"key":"LIFT"},{"data":"Skewer","floor":8,"key":"SMITH"},{"floor":11,"key":"REST"},{"data":"Blade Dance","floor":15,"key":"SMITH"},{"data":"Adrenaline","floor":23,"key":"SMITH"},{"data":"2","floor":25,"key":"LIFT"},{"floor":32,"key":"REST"}],"circlet_count":0,"master_deck":["Strike_G","Strike_G","Defend_G","Defend_G","Defend_G","Defend_G","Defend_G","Survivor","Neutralize","Bouncing Flask","Skewer+1","Blade Dance+1","Quick Slash","Dagger Throw","Blur","Flechettes","Choke","Adrenaline+1","PiercingWail","Acrobatics+1"],"relics":["Ring of the Snake","Girya","Mummified Hand","Dream Catcher","Singing Bowl","Busted Crown","FossilizedHelix","Potion Belt","Ornamental Fan","Omamori","Lantern"],"acts_visited":["Exordium","TheCity"],"potions_floor_usage":[10,13,16,27,31],"damage_taken":[{"damage":4,"enemies":"Jaw Worm","floor":1,"turns":6},{"damage":6,"enemies":"2 Louse","floor":2,"turns":3},{"damage":1,"enemies":"Cultist","floor":5,"turns":4},{"damage":15,"enemies":"Exordium Thugs","floor":7,"turns":3},{"damage":7,"enemies":"Lagavulin","floor":10,"turns":7},{"damage":9,"enemies":"Blue Slaver","floor":12,"turns":3},{"damage":0,"enemies":"Gremlin Nob","floor":13,"turns":2},{"damage":5,"enemies":"Gremlin Gang","floor":14,"turns":5},{"damage":29,"enemies":"Slime Boss","floor":16,"turns":9},{"damage":10,"enemies":"3 Byrds","floor":18,"turns":5},{"damage":0,"enemies":"Spheric Guardian","floor":21,"turns":2},{"damage":0,"enemies":"Cultist and Chosen","floor":24,"turns":6},{"damage":10,"enemies":"Slavers","floor":27,"turns":5},{"damage":0,"enemies":"Snake Plant","floor":28,"turns":2},{"damage":0,"enemies":"Centurion and Healer","floor":29,"turns":4},{"damage":18,"enemies":"Book of Stabbing","floor":31,"turns":7},{"damage":13,"enemies":"Champ","floor":33,"turns":10}],"seed_played":"5110849799147934426","potions_obtained":[{"floor":1,"key":"Fire Potion"},{"floor":10,"key":"BlessingOfTheForge"},{"floor":14,"key":"FearPotion"},{"floor":24,"key":"Weak Potion"},{"floor":28,"key":"SpeedPotion"}],"is_trial":false,"path_per_floor":["M","M","?","$","M","R","M","R","T","E","R","M","E","M","R","B",null,"M","?","?","M","$","R","M","R","T","E","M","M","T","E","R","B"],"character_chosen":"THE_SILENT","items_purchased":["Blade Dance","FossilizedHelix"],"campfire_rested":2,"item_purchase_floors":[4,22],"current_hp_per_floor":[59,53,46,46,45,45,30,30,30,23,44,35,37,32,32,3,55,47,47,47,47,47,47,49,49,49,41,43,43,43,27,53,40,40],"gold":220,"neow_bonus":"REMOVE_CARD","is_daily":false,"chose_seed":false,"campfire_upgraded":3,"win_rate":0.0,"timestamp":1611301676,"path_taken":["M","M","?","$","M","R","M","R","T","E","R","M","E","M","R","BOSS","M","?","?","M","$","R","?","R","T","E","M","M","?","E","R","BOSS"],"items_purchased_type":["Card","Relic"],"build_version":"2020-12-22","purchased_purges":2,"victory":false,"max_hp_per_floor":[70,70,70,70,70,70,70,70,70,70,70,70,72,72,72,72,72,74,74,74,74,74,74,76,76,76,78,80,80,80,82,84,84,84],"card_choices":[{"not_picked":["PiercingWail","Caltrops"],"picked":"Bouncing Flask","floor":1},{"not_picked":["Deflect","Flying Knee"],"picked":"Skewer","floor":2},{"not_picked":["Heel Hook","Slice"],"picked":"Quick Slash","floor":5},{"not_picked":["Deadly Poison","Quick Slash"],"picked":"Dagger Throw","floor":7},{"not_picked":["Venomology","Dagger Spray"],"picked":"Blur","floor":10},{"not_picked":["Dodge and Roll","Underhanded Strike"],"picked":"Flechettes","floor":11},{"not_picked":["Blur","Flying Knee","Bane"],"picked":"SKIP","floor":12},{"not_picked":["Prepared","Dagger Spray","A Thousand Cuts"],"picked":"Singing Bowl","floor":13},{"not_picked":["Terror","Dagger Spray"],"picked":"Choke","floor":14},{"not_picked":["After Image","Envenom"],"picked":"Adrenaline","floor":16},{"not_picked":["Poisoned Stab"],"picked":"Singing Bowl","floor":18},{"not_picked":[],"picked":"PiercingWail","floor":21},{"not_picked":["Deflect"],"picked":"Singing Bowl","floor":24},{"not_picked":["Dagger Spray"],"picked":"Singing Bowl","floor":27},{"not_picked":["Predator+1"],"picked":"Singing Bowl","floor":28},{"not_picked":[],"picked":"Acrobatics+1","floor":29},{"not_picked":["Dagger Spray"],"picked":"Singing Bowl","floor":31},{"not_picked":["Poisoned Stab"],"picked":"Singing Bowl","floor":32}],"player_experience":51747,"relics_obtained":[{"floor":9,"key":"Mummified Hand"},{"floor":10,"key":"Dream Catcher"},{"floor":13,"key":"Singing Bowl"},{"floor":26,"key":"Potion Belt"},{"floor":27,"key":"Ornamental Fan"},{"floor":30,"key":"Omamori"},{"floor":31,"key":"Lantern"}],"event_choices":[{"damage_healed":0,"gold_gain":0,"player_choice":"Success","damage_taken":7,"relics_obtained":["Girya"],"max_hp_gain":0,"max_hp_loss":0,"event_name":"Scrap Ooze","floor":3,"gold_loss":0},{"damage_healed":0,"gold_gain":99,"player_choice":"Stole From Cult","damage_taken":0,"max_hp_gain":0,"max_hp_loss":0,"event_name":"Nest","floor":19,"gold_loss":0},{"damage_healed":0,"gold_gain":100,"player_choice":"Pray","damage_taken":0,"max_hp_gain":0,"max_hp_loss":0,"event_name":"Golden Shrine","floor":20,"gold_loss":0}],"is_beta":false,"boss_relics":[{"not_picked":["Runic Dome","Velvet Choker"],"picked":"Busted Crown"}],"items_purged_floors":[4,22],"is_endless":false,"potions_floor_spawned":[1,10,14,24,28],"killed_by":"Champ","ascension_level":7}}