{"host":"l6vifo5ajdb3p20b","time":1611340052,"event":{"mods":["2.2 Compatiblity","Arknights The Spire","BaseMod","Better Altar","Better Sensory Stone","Better Skull","Better Third Choice","BetterRewards","Block Reminder","Booster Modes","Card Forge","Colored Map","Defuse TimeMaze Blight","Energized Spire","Evolution","Minty Spire (QoL Compilation)","Relic Stats","StSLib","The Marked"],"gold_per_floor":[118,118,133,143,143,173,173,208,208,208,57,86,97,115,115,220,220,230,250,51,61,61,93,93,124,193,193,193,207,207,226,226,323,323,341,357,371,381,398,428,454,454,479,479,2,31,31,62,62,62],"floor_reached":51,"language":"ENG","playtime":5968,"items_purged":["Strike_R","Strike_R"],"score":912,"play_id":"47e3c0ff-45b2-404e-94ca-7f76abf9aba3","local_time":"20210123012732","is_ascension_mode":true,"campfire_choices":[{"data":"Bash","floor":7,"key":"SMITH"},{"data":"True Grit","floor":10,"key":"SMITH"},{"data":"Offering","floor":15,"key":"SMITH"},{"data":"Armaments","floor":24,"key":"SMITH"},{"data":"Pommel Strike","floor":27,"key":"SMITH"},{"data":"Flex","floor":30,"key":"SMITH"},{"data":"Inflame","floor":32,"key":"SMITH"},{"data":"Berserk","floor":42,"key":"SMITH"},{"data":"Blood for Blood","floor":47,"key":"SMITH"},{"data":"Defend_R","floor":49,"key":"SMITH"}],"circlet_count":0,"master_deck":["Strike_R","Strike_R","Defend_R+1","Defend_R+1","Defend_R","Defend_R+1","Bash+1","Whirlwind+1","Pommel Strike+1","Flex+1","Blood for Blood+1","True Grit+1","Rampage+1","Offering+1","Wild Strike+1","Thunderclap+1","Bludgeon+1","Reaper+1","Armaments+1","Spot Weakness+1","Cleave+1","Uppercut+1","Inflame+1","Inflame+1","Shame","Headbutt+1","Clash+1","Rage+1","Double Tap+1","Cleave+1","Berserk+1","Spot Weakness+1","Flex+1","Sever Soul+1","Sword Boomerang+1","True Grit+1","Exhume+1","Twin Strike+1","Shrug It Off+1","Pommel Strike+1","Flex+1","Shrug It Off+1","Master of Strategy+1","Infernal Blade+1"],"relics":["Hammer of Thor","Seething Fire","Anvil of the Gods","EVO:Axolotl","energizedSpire:TabascoSauce","Charon\u0027s Ashes","Molten Egg 2","Prayer Wheel","Tiny Chest","Coffee Dripper","Toxic Egg 2","Vajra","StoneCalendar","Meat on the Bone","energizedSpire:DeadBattery","Pear","War Paint","Art of War","Toolbox","Happy Flower","Gremlin Horn"],"acts_visited":["Exordium","TheCity","TheBeyond"],"potions_floor_usage":[14,16,21,39,50,50],"damage_taken":[{"damage":5,"enemies":"2 Louse","floor":1,"turns":3},{"damage":1,"enemies":"Jaw Worm","floor":3,"turns":2},{"damage":1,"enemies":"Cultist","floor":4,"turns":3},{"damage":9,"enemies":"3 Sentries","floor":6,"turns":3},{"damage":0,"enemies":"Gremlin Nob","floor":8,"turns":2},{"damage":21,"enemies":"Lagavulin","floor":12,"turns":5},{"damage":0,"enemies":"Gremlin Gang","floor":13,"turns":1},{"damage":6,"enemies":"Blue Slaver","floor":14,"turns":1},{"damage":31,"enemies":"The Guardian","floor":16,"turns":6},{"damage":6,"enemies":"Shell Parasite","floor":18,"turns":2},{"damage":0,"enemies":"3 Byrds","floor":19,"turns":1},{"damage":0,"enemies":"Shelled Parasite and Fungi","floor":21,"turns":2},{"damage":6,"enemies":"Slavers","floor":23,"turns":1},{"damage":36,"enemies":"Book of Stabbing","floor":25,"turns":4},{"damage":2,"enemies":"Chosen and Byrds","floor":29,"turns":4},{"damage":6,"enemies":"3 Cultists","floor":31,"turns":2},{"damage":40,"enemies":"Collector","floor":33,"turns":7},{"damage":29,"enemies":"3 Shapes","floor":35,"turns":2},{"damage":9,"enemies":"3 Darklings","floor":36,"turns":2},{"damage":0,"enemies":"Jaw Worm Horde","floor":37,"turns":1},{"damage":0,"enemies":"Transient","floor":38,"turns":5},{"damage":9,"enemies":"3 Darklings","floor":39,"turns":4},{"damage":12,"enemies":"Reptomancer","floor":40,"turns":2},{"damage":6,"enemies":"Nemesis","floor":46,"turns":1},{"damage":4,"enemies":"Giant Head","floor":48,"turns":5},{"damage":41,"enemies":"Awakened One","floor":50,"turns":5}],"seed_played":"-2879122066126601274","potions_obtained":[{"floor":4,"key":"Energy Potion"},{"floor":12,"key":"Fruit Juice"},{"floor":13,"key":"Regen Potion"},{"floor":16,"key":"Block Potion"},{"floor":18,"key":"BlessingOfTheForge"},{"floor":29,"key":"SpeedPotion"},{"floor":31,"key":"SkillPotion"},{"floor":33,"key":"HeartOfIron"},{"floor":40,"key":"Energy Potion"}],"is_trial":false,"path_per_floor":["M","?","M","M","?","E","R","E","T","R","$","E","M","M","R","B",null,"M","M","$","M","?","E","R","E","T","R","?","M","R","M","R","B",null,"M","M","M","M","M","E","T","R","T","?","$","E","R","E","R","B",null],"character_chosen":"IRONCLAD","items_purchased":["Rampage+1","Spot Weakness","Cleave+1","Uppercut+1","Shrug It Off+1","Toolbox","Master of Strategy+1"],"campfire_rested":0,"item_purchase_floors":[11,20,20,20,45,45,45],"current_hp_per_floor":[75,75,74,73,66,57,57,57,57,57,57,36,36,32,32,6,82,76,76,76,76,76,70,70,34,34,34,34,47,47,47,47,20,82,59,50,50,50,44,43,43,43,43,43,43,43,43,45,45,22],"gold":62,"neow_bonus":"BOSS_RELIC","is_daily":false,"chose_seed":false,"campfire_upgraded":10,"win_rate":0.0,"timestamp":1611340052,"path_taken":["M","?","M","M","?","E","R","E","T","R","?","E","M","M","R","BOSS","M","M","$","M","?","E","R","E","T","R","?","M","R","M","R","BOSS","M","?","M","M","M","E","?","R","T","?","?","E","R","E","R","BOSS"],"items_purchased_type":["Card","Card","Card","Card","Card","Relic","Card"],"build_version":"2020-12-22","purchased_purges":2,"victory":true,"max_hp_per_floor":[80,80,80,80,80,80,80,80,80,80,80,80,80,82,82,82,82,82,82,82,82,82,82,82,82,82,82,82,82,82,82,82,82,82,82,82,82,82,82,87,87,87,87,87,87,87,87,87,87,87],"relic_stats":{"Happy Flower":[3],"Gremlin Horn":[3,3],"counters":[26,76],"Prayer Wheel":12,"Tiny Chest":1,"StoneCalendar":[0],"Charon\u0027s Ashes":[136],"Art of War":[0],"War Paint":["Defend_R","Defend_R"],"obtain_stats":[{"Pear":40,"Happy Flower":46,"Gremlin Horn":48,"Vajra":23,"StoneCalendar":25,"Hammer of Thor":0,"Charon\u0027s Ashes":6,"EVO:Axolotl":0,"Seething Fire":0,"War Paint":41,"energizedSpire:DeadBattery":34,"Burning Blood":0,"Anvil of the Gods":0,"energizedSpire:TabascoSauce":0,"Toolbox":45,"Molten Egg 2":8,"Prayer Wheel":9,"Tiny Chest":12,"Coffee Dripper":17,"Art of War":43,"Toxic Egg 2":22,"Meat on the Bone":26},{"Pear":23,"Happy Flower":24,"Gremlin Horn":25,"Vajra":13,"StoneCalendar":14,"Hammer of Thor":0,"Charon\u0027s Ashes":4,"EVO:Axolotl":0,"Seething Fire":0,"War Paint":23,"energizedSpire:DeadBattery":17,"Burning Blood":0,"Anvil of the Gods":0,"energizedSpire:TabascoSauce":0,"Toolbox":23,"Molten Egg 2":5,"Prayer Wheel":5,"Tiny Chest":6,"Coffee Dripper":9,"Art of War":23,"Toxic Egg 2":12,"Meat on the Bone":14},{"Pear":65,"Happy Flower":66,"Gremlin Horn":71,"Vajra":32,"StoneCalendar":36,"Hammer of Thor":0,"Charon\u0027s Ashes":11,"EVO:Axolotl":0,"Seething Fire":0,"War Paint":65,"energizedSpire:DeadBattery":49,"Burning Blood":0,"Anvil of the Gods":0,"energizedSpire:TabascoSauce":0,"Toolbox":65,"Molten Egg 2":13,"Prayer Wheel":13,"Tiny Chest":18,"Coffee Dripper":26,"Art of War":65,"Toxic Egg 2":31,"Meat on the Bone":36}],"Meat on the Bone":42},"card_choices":[{"not_picked":["Anger","Clothesline"],"picked":"Whirlwind","floor":1},{"not_picked":["Combust","Havoc"],"picked":"Pommel Strike","floor":3},{"not_picked":["Heavy Blade","Twin Strike"],"picked":"Flex","floor":4},{"not_picked":["Sentinel","Armaments"],"picked":"Blood for Blood","floor":6},{"not_picked":["Flex","Entrench"],"picked":"True Grit","floor":8},{"not_picked":["Warcry","Shrug It Off"],"picked":"Offering","floor":12},{"not_picked":["Heavy Blade+1","Armaments"],"picked":"Wild Strike+1","floor":13},{"not_picked":["Burning Pact","Warcry"],"picked":"Thunderclap+1","floor":13},{"not_picked":["Thunderclap+1","Perfected Strike+1"],"picked":"Bludgeon+1","floor":14},{"not_picked":["Bloodletting","Thunderclap+1","Headbutt+1"],"picked":"SKIP","floor":14},{"not_picked":["Double Tap","Limit Break"],"picked":"Reaper+1","floor":16},{"not_picked":["Sword Boomerang+1","Shockwave"],"picked":"Inflame","floor":18},{"not_picked":["Flex","True Grit"],"picked":"Armaments","floor":18},{"not_picked":["Dropkick+1","Power Through","Evolve+1"],"picked":"SKIP","floor":19},{"not_picked":["Thunderclap+1","Dropkick+1","Rampage+1"],"picked":"SKIP","floor":19},{"not_picked":["Twin Strike+1","Sword Boomerang+1"],"picked":"Inflame","floor":21},{"not_picked":["Cleave+1","Headbutt+1"],"picked":"Inflame+1","floor":21},{"not_picked":["Demon Form","Anger+1"],"picked":"Headbutt+1","floor":23},{"not_picked":["Armaments+1","Heavy Blade+1"],"picked":"Clash+1","floor":25},{"not_picked":["Intimidate+1","Whirlwind+1"],"picked":"Rage+1","floor":29},{"not_picked":["Armaments+1","Thunderclap+1","Combust"],"picked":"SKIP","floor":29},{"not_picked":["Sword Boomerang+1","Havoc+1"],"picked":"Double Tap+1","floor":31},{"not_picked":["Clash+1","Flex+1"],"picked":"Cleave+1","floor":31},{"not_picked":["Demon Form","Juggernaut"],"picked":"Berserk","floor":33},{"not_picked":["Clash+1","Warcry+1"],"picked":"Spot Weakness+1","floor":35},{"not_picked":["Rampage+1","Body Slam+1"],"picked":"Flex+1","floor":35},{"not_picked":["Perfected Strike+1","Anger+1"],"picked":"Sever Soul+1","floor":36},{"not_picked":["Heavy Blade+1","Armaments+1"],"picked":"Sword Boomerang+1","floor":36},{"not_picked":["Rupture","Entrench+1"],"picked":"True Grit+1","floor":37},{"not_picked":["Power Through+1","Sever Soul+1"],"picked":"Exhume+1","floor":37},{"not_picked":["Anger+1","Clash+1"],"picked":"Twin Strike+1","floor":38},{"not_picked":["Armaments+1","Sword Boomerang+1"],"picked":"Shrug It Off+1","floor":38},{"not_picked":["Armaments+1","Warcry+1"],"picked":"Pommel Strike+1","floor":39},{"not_picked":["Armaments+1","Thunderclap+1","Sword Boomerang+1"],"picked":"SKIP","floor":39},{"not_picked":["Feed+1","Feel No Pain"],"picked":"Flex+1","floor":40},{"not_picked":["Thunderclap+1","Power Through+1"],"picked":"Infernal Blade+1","floor":46},{"not_picked":["Havoc+1","Iron Wave+1","Warcry+1"],"picked":"SKIP","floor":48}],"player_experience":826876,"relics_obtained":[{"floor":6,"key":"Charon\u0027s Ashes"},{"floor":8,"key":"Molten Egg 2"},{"floor":9,"key":"Prayer Wheel"},{"floor":12,"key":"Tiny Chest"},{"floor":23,"key":"Vajra"},{"floor":25,"key":"StoneCalendar"},{"floor":26,"key":"Meat on the Bone"},{"floor":40,"key":"Pear"},{"floor":41,"key":"War Paint"},{"floor":43,"key":"Art of War"},{"floor":46,"key":"Happy Flower"},{"floor":48,"key":"Gremlin Horn"}],"event_choices":[{"damage_healed":0,"gold_gain":0,"player_choice":"Grow","damage_taken":0,"max_hp_gain":0,"max_hp_loss":0,"event_name":"Living Wall","floor":2,"gold_loss":0,"cards_upgraded":["Whirlwind"]},{"cards_removed":["Strike_R"],"damage_healed":0,"gold_gain":0,"player_choice":"Card Removal","damage_taken":7,"max_hp_gain":0,"max_hp_loss":0,"event_name":"Golden Wing","floor":5,"gold_loss":0},{"damage_healed":0,"gold_gain":0,"player_choice":"Stole Relic","damage_taken":0,"relics_obtained":["Toxic Egg 2"],"max_hp_gain":0,"max_hp_loss":0,"event_name":"Addict","floor":22,"gold_loss":0,"cards_obtained":["Shame"]},{"damage_healed":0,"gold_gain":0,"player_choice":"Upgraded","damage_taken":0,"max_hp_gain":0,"max_hp_loss":0,"event_name":"Upgrade Shrine","floor":28,"gold_loss":0,"cards_upgraded":["Spot Weakness"]},{"cards_removed":["Inflame"],"damage_healed":0,"gold_gain":0,"player_choice":"Removed Power","damage_taken":0,"max_hp_gain":0,"max_hp_loss":0,"event_name":"Falling","floor":44,"gold_loss":0}],"is_beta":false,"boss_relics":[{"not_picked":["Philosopher\u0027s Stone","Sozu"],"picked":"Coffee Dripper"},{"not_picked":["Calling Bell","Tiny House"],"picked":"energizedSpire:DeadBattery"}],"items_purged_floors":[11,45],"is_endless":false,"potions_floor_spawned":[4,12,13,16,18,29,31,33,36,38,40,48],"ascension_level":1}}