{"host":"c52z9ixzgdjttcmx","time":1611347101,"event":{"mods":["BaseMod","Colored Powertips","Minty Spire (QoL Compilation)","Rare Cards Sparkle","Relic Stats"],"gold_per_floor":[110,110,120,133,208,233,246,246,246,246,246,246,246],"floor_reached":12,"language":"ENG","playtime":245,"items_purged":[],"score":140,"play_id":"ca949060-4574-4a57-8fd4-59b8a87017b6","local_time":"20210122142501","is_ascension_mode":true,"campfire_choices":[{"floor":8,"key":"REST"}],"circlet_count":0,"master_deck":["AscendersBane","Strike_B","Strike_B","Strike_B","Strike_B","Defend_B","Defend_B","Defend_B","Defend_B","Zap","Dualcast","Cold Snap","Conserve Battery","Fusion","Cold Snap","Coolheaded"],"relics":["Cracked Core","NeowsBlessing","Ornamental Fan","Omamori","Sundial","Matryoshka","Pen Nib","Meat on the Bone"],"acts_visited":["Exordium"],"potions_floor_usage":[],"damage_taken":[{"damage":0,"enemies":"2 Louse","floor":1,"turns":1},{"damage":0,"enemies":"Cultist","floor":3,"turns":1},{"damage":0,"enemies":"Jaw Worm","floor":4,"turns":1},{"damage":40,"enemies":"Gremlin Nob","floor":6,"turns":5},{"damage":9,"enemies":"Blue Slaver","floor":7,"turns":4},{"damage":25,"enemies":"Lagavulin","floor":12,"turns":9}],"seed_played":"-9083495093322232261","potions_obtained":[{"floor":1,"key":"SmokeBomb"},{"floor":3,"key":"BlessingOfTheForge"},{"floor":7,"key":"EntropicBrew"}],"is_trial":false,"path_per_floor":["M","?","M","M","?","E","M","R","T","T","T","E"],"character_chosen":"DEFECT","items_purchased":[],"campfire_rested":1,"item_purchase_floors":[],"current_hp_per_floor":[64,64,64,64,53,13,4,25,25,25,25,0,0],"gold":246,"neow_bonus":"THREE_ENEMY_KILL","is_daily":false,"chose_seed":false,"campfire_upgraded":0,"win_rate":0.0,"timestamp":1611347101,"path_taken":["M","?","?","M","?","E","M","R","T","?","?","E"],"items_purchased_type":[],"build_version":"2020-12-22","purchased_purges":0,"victory":false,"max_hp_per_floor":[71,71,71,71,71,71,71,71,71,71,71,71,71],"relic_stats":{"counters":[6,21],"Ornamental Fan":[12],"Sundial":[2],"Pen Nib":[1],"obtain_stats":[{"Matryoshka":10,"NeowsBlessing":0,"Ornamental Fan":2,"Sundial":9,"Pen Nib":11,"Omamori":6,"Cracked Core":0,"Meat on the Bone":11},{"Matryoshka":5,"NeowsBlessing":0,"Ornamental Fan":1,"Sundial":5,"Pen Nib":5,"Omamori":4,"Cracked Core":0,"Meat on the Bone":5},{"Matryoshka":12,"NeowsBlessing":0,"Ornamental Fan":1,"Sundial":12,"Pen Nib":12,"Omamori":8,"Cracked Core":0,"Meat on the Bone":12}],"Meat on the Bone":0},"card_choices":[{"not_picked":["Chaos","Streamline"],"picked":"Cold Snap","floor":1},{"not_picked":["Chaos","Capacitor"],"picked":"Conserve Battery","floor":3},{"not_picked":["Aggregate","Lockon"],"picked":"Fusion","floor":4},{"not_picked":["Rip and Tear","Consume"],"picked":"Cold Snap","floor":6},{"not_picked":["Compile Driver","Stack"],"picked":"Coolheaded","floor":7}],"player_experience":3306735,"relics_obtained":[{"floor":6,"key":"Omamori"},{"floor":9,"key":"Sundial"},{"floor":10,"key":"Matryoshka"},{"floor":11,"key":"Pen Nib"},{"floor":11,"key":"Meat on the Bone"}],"event_choices":[{"damage_healed":0,"gold_gain":0,"player_choice":"Gave Potion","damage_taken":0,"relics_obtained":["Ornamental Fan"],"max_hp_gain":0,"max_hp_loss":0,"event_name":"WeMeetAgain","floor":2,"gold_loss":0},{"damage_healed":0,"gold_gain":75,"player_choice":"Gather Gold","damage_taken":11,"max_hp_gain":0,"max_hp_loss":0,"event_name":"World of Goop","floor":5,"gold_loss":0}],"is_beta":false,"boss_relics":[],"items_purged_floors":[],"is_endless":false,"potions_floor_spawned":[1,3,7],"killed_by":"Lagavulin","ascension_level":16}}