{"host":"dn6kke80v5f7isus","time":1611288050,"event":{"mods":["AchievementEnabler","Act Like it!","BaseMod","Colored Powertips","Custom Start","Defuse TimeMaze Blight","Duelist Mod","Gremlin Skip","Highlight Path","Hubris","Infinite Spire","Minty Spire (QoL Compilation)","Rare Cards Sparkle","Replay The Spire","StSLib","Uncapped"],"gold_per_floor":[141,216,141,141,141,171,171,25,25,35,49,49,59,59,59],"floor_reached":14,"language":"ENG","playtime":236,"items_purged":["theDuelist:ArmoredZombie"],"score":119,"play_id":"fb791998-00b1-4e4b-ad8e-368cdd66ee3e","local_time":"20210121230050","is_ascension_mode":true,"campfire_choices":[{"data":"theDuelist:RyuKokki","floor":7.0,"key":"SMITH"},{"data":"theDuelist:SoulAbsorbingBone","floor":12,"key":"SMITH"}],"circlet_count":0,"master_deck":["theDuelist:ZombieCorpse","theDuelist:ArchfiendZombieSkull","theDuelist:ArmoredZombie","theDuelist:ArmoredZombie","theDuelist:ClownZombie","theDuelist:ClownZombie","theDuelist:PatricianDarkness","theDuelist:ShallowGrave","theDuelist:SkullConductor","theDuelist:TutanMask","theDuelist:RyuKokki+1"],"relics":["theDuelist:MillenniumPuzzle","theDuelist:CardPoolRelic","theDuelist:CardPoolBasicRelic","theDuelist:BoosterPackPoolRelic","theDuelist:CardPoolAddRelic","theDuelist:CardPoolMinusRelic","theDuelist:CardPoolSaveRelic","theDuelist:CardPoolOptionsRelic","NeowsBlessing","hubris:Towel","Replay:Wax Seal","Happy Flower","Paper Crane"],"acts_visited":["Exordium"],"potions_floor_usage":[13],"damage_taken":[{"damage":0.0,"enemies":"2 Louse","floor":1.0,"turns":1.0},{"damage":0.0,"enemies":"3 Sentries","floor":6.0,"turns":1.0},{"damage":0.0,"enemies":"Small Slimes","floor":10.0,"turns":1.0},{"damage":5,"enemies":"Jaw Worm","floor":11,"turns":3},{"damage":0,"enemies":"Large Slime","floor":13,"turns":3},{"damage":0,"enemies":"Gremlin Nob","floor":14,"turns":1}],"seed_played":"8145995990561359088","potions_obtained":[{"floor":6.0,"key":"theDuelist:BurningPotionB"},{"floor":10.0,"key":"Energy Potion"},{"floor":13,"key":"Doom Potion"}],"is_trial":false,"path_per_floor":["M","?","$","?","?","E","R","$","T","M","M","R","M","E"],"character_chosen":"THE_DUELIST","items_purchased":["Happy Flower"],"campfire_rested":0,"item_purchase_floors":[8],"current_hp_per_floor":[80,69,69,69,69,69,69,69,69,69,64,64,64,64,64],"gold":59,"neow_bonus":"THREE_ENEMY_KILL","is_daily":false,"chose_seed":false,"campfire_upgraded":2,"win_rate":0.0,"timestamp":1611288050,"path_taken":["M","?","$","?","?","E","R","?","T","M","M","R","M","E"],"items_purchased_type":["Relic"],"build_version":"2020-12-22","purchased_purges":1,"victory":false,"max_hp_per_floor":[80,80,80,80,80,80,80,80,80,80,80,80,80,80,80],"card_choices":[{"not_picked":["theDuelist:DarkFusion+1","theDuelist:FuryFire+1","theDuelist:MagicalGhost","theDuelist:RedMedicine+1","theDuelist:DimensionBurial+1"],"picked":"SKIP","floor":1.0},{"not_picked":["theDuelist:VendreadNights","theDuelist:VampireLord"],"picked":"theDuelist:RyuKokki","floor":6.0},{"not_picked":["theDuelist:ZombiePowerStruggle","theDuelist:Wasteland","theDuelist:VampireRetainer"],"picked":"theDuelist:SoulAbsorbingBone","floor":10.0},{"not_picked":["Impatience","Mayhem","Purity","Secret Technique"],"picked":"SKIP","floor":11},{"not_picked":["theDuelist:SkullFlame","theDuelist:GhostrickDullahan","theDuelist:HardSellinZombie","theDuelist:BlackPendant","theDuelist:GhostrickLantern"],"picked":"SKIP","floor":13}],"player_experience":592173,"relics_obtained":[{"floor":6.0,"key":"Replay:Wax Seal"},{"floor":9.0,"key":"Paper Crane"}],"event_choices":[{"damage_healed":0.0,"max_hp_gain":0.0,"max_hp_loss":0.0,"gold_gain":75.0,"event_name":"World of Goop","player_choice":"Gather Gold","floor":2.0,"gold_loss":0.0,"damage_taken":11.0}],"is_beta":false,"boss_relics":[],"items_purged_floors":[3],"is_endless":false,"potions_floor_spawned":[6,10,13],"killed_by":"Gremlin Nob","ascension_level":1}}