{"host":"6a9c3xws62y7efyw","time":1611297500,"event":{"mods":["BaseMod","Colored Map","Minty Spire (QoL Compilation)","Relic Stats","StSLib"],"gold_per_floor":[112,12,87,87,87,113,113,113,139,164,129,159,172,192,192,266,266,276,30,30,47,64,92,92,122,122,122,134,134,134],"floor_reached":29,"language":"ENG","playtime":971,"items_purged":[],"score":658,"play_id":"be943f59-697b-42a3-8347-55a827410a2c","local_time":"20210121223820","is_ascension_mode":true,"campfire_choices":[{"floor":8.0,"key":"REST"},{"data":"Noxious Fumes","floor":15.0,"key":"SMITH"},{"floor":24,"key":"REST"},{"floor":27,"key":"REST"}],"circlet_count":0,"master_deck":["AscendersBane","Strike_G","Strike_G","Strike_G","Defend_G","Defend_G","Defend_G","Defend_G","Defend_G","Survivor","Neutralize","Bane","All Out Attack","Deadly Poison","Corpse Explosion","Noxious Fumes+1","Backflip","Flying Knee","Well Laid Plans","Calculated Gamble","Die Die Die","Dodge and Roll","Catalyst+1","Bouncing Flask","Blade Dance","Backflip","Noxious Fumes","Cloak And Dagger+1"],"relics":["Ring of the Snake","NeowsBlessing","Dream Catcher","Kunai","MealTicket","Strawberry","Question Card","Black Star","Orichalcum","Pen Nib","Potion Belt","Vajra","Unceasing Top","Eternal Feather"],"acts_visited":["Exordium","TheCity"],"potions_floor_usage":[23],"damage_taken":[{"damage":0.0,"enemies":"Small Slimes","floor":1.0,"turns":1.0},{"damage":0.0,"enemies":"3 Sentries","floor":6.0,"turns":1.0},{"damage":0.0,"enemies":"Gremlin Nob","floor":10.0,"turns":1.0},{"damage":37.0,"enemies":"3 Sentries","floor":12.0,"turns":5.0},{"damage":0.0,"enemies":"2 Louse","floor":13.0,"turns":3.0},{"damage":2.0,"enemies":"Jaw Worm","floor":14.0,"turns":4.0},{"damage":8.0,"enemies":"Hexaghost","floor":16.0,"turns":9.0},{"damage":21.0,"enemies":"Shell Parasite","floor":18.0,"turns":7.0},{"damage":0.0,"enemies":"Chosen","floor":21.0,"turns":4.0},{"damage":11.0,"enemies":"Centurion and Healer","floor":22.0,"turns":7.0},{"damage":19,"enemies":"Slavers","floor":23,"turns":3},{"damage":26,"enemies":"Book of Stabbing","floor":25,"turns":4},{"damage":40,"enemies":"Snecko","floor":28,"turns":6},{"damage":15,"enemies":"Shelled Parasite and Fungi","floor":29,"turns":2}],"seed_played":"5635376234655501387","potions_obtained":[{"floor":1.0,"key":"FearPotion"},{"floor":12.0,"key":"GhostInAJar"},{"floor":18.0,"key":"ColorlessPotion"}],"is_trial":false,"path_per_floor":["M","$","?","?","?","E","?","R","T","E","?","E","M","M","R","B",null,"M","$","?","M","M","E","R","E","T","R","M","M"],"character_chosen":"THE_SILENT","items_purchased":["All Out Attack","Deadly Poison","Catalyst","Orichalcum"],"campfire_rested":3,"item_purchase_floors":[2,2,19,19],"current_hp_per_floor":[59,59,48,22,15,15,15,34,34,41,59,22,22,20,20,12,58,37,52,52,52,41,22,43,17,17,53,13,0,0],"gold":134,"neow_bonus":"THREE_ENEMY_KILL","is_daily":false,"chose_seed":false,"campfire_upgraded":1,"win_rate":0.0,"timestamp":1611297500,"path_taken":["M","$","?","?","?","E","?","R","T","E","?","E","M","M","R","BOSS","M","$","?","M","?","E","R","E","T","R","M","M"],"items_purchased_type":["Card","Card","Card","Relic"],"build_version":"2020-12-22","purchased_purges":0,"victory":false,"max_hp_per_floor":[66,66,66,66,66,66,66,66,66,73,73,73,73,73,73,73,73,73,73,73,73,73,73,73,73,73,73,73,73,73],"relic_stats":{"Dream Catcher":3,"counters":[14,57],"MealTicket":15,"Eternal Feather":15,"Pen Nib":[2],"Black Star":2,"Kunai":[8],"Orichalcum":[84],"Question Card":11,"obtain_stats":[{"Potion Belt":23,"NeowsBlessing":0,"Vajra":25,"Eternal Feather":26,"Pen Nib":23,"Orichalcum":19,"Question Card":12,"Dream Catcher":4,"Strawberry":10,"MealTicket":9,"Black Star":17,"Kunai":6,"Unceasing Top":25,"Ring of the Snake":0},{"Potion Belt":11,"NeowsBlessing":0,"Vajra":12,"Eternal Feather":12,"Pen Nib":11,"Orichalcum":8,"Question Card":4,"Dream Catcher":1,"Strawberry":3,"MealTicket":2,"Black Star":7,"Kunai":2,"Unceasing Top":12,"Ring of the Snake":0},{"Potion Belt":45,"NeowsBlessing":0,"Vajra":49,"Eternal Feather":49,"Pen Nib":45,"Orichalcum":31,"Question Card":8,"Dream Catcher":1,"Strawberry":3,"MealTicket":2,"Black Star":24,"Kunai":2,"Unceasing Top":49,"Ring of the Snake":0}],"Unceasing Top":[0],"Ring of the Snake":[28]},"card_choices":[{"not_picked":["Calculated Gamble","Underhanded Strike"],"picked":"Bane","floor":1.0},{"not_picked":["Tactician","Night Terror"],"picked":"Corpse Explosion","floor":6.0},{"not_picked":["Tactician","Choke"],"picked":"Noxious Fumes","floor":8.0},{"not_picked":["Dagger Spray","Sucker Punch"],"picked":"Backflip","floor":10.0},{"not_picked":["Riddle With Holes","Bane"],"picked":"Flying Knee","floor":12.0},{"not_picked":["Flying Knee","Bane","Blade Dance"],"picked":"Well Laid Plans","floor":13.0},{"not_picked":["Eviscerate","Slice","Prepared"],"picked":"Calculated Gamble","floor":14.0},{"not_picked":["Envenom","Corpse Explosion","Doppelganger"],"picked":"Die Die Die","floor":16.0},{"not_picked":["Sucker Punch","Prepared","Underhanded Strike"],"picked":"Dodge and Roll","floor":18.0},{"not_picked":["Flying Knee","Slice","Dagger Spray","Prepared"],"picked":"SKIP","floor":21.0},{"not_picked":["Accuracy","Dodge and Roll","Quick Slash"],"picked":"Bouncing Flask","floor":22.0},{"not_picked":["Backflip","Flechettes","Bane+1"],"picked":"Blade Dance","floor":23},{"not_picked":["Infinite Blades","Masterful Stab","Grand Finale"],"picked":"Backflip","floor":24},{"not_picked":["Outmaneuver","Deflect","Poisoned Stab"],"picked":"Noxious Fumes","floor":25},{"not_picked":["Dagger Throw","Poisoned Stab","Bane"],"picked":"Cloak And Dagger+1","floor":27},{"not_picked":["Quick Slash","Flechettes","Deadly Poison","Underhanded Strike"],"picked":"SKIP","floor":28}],"player_experience":1398367,"relics_obtained":[{"floor":6.0,"key":"Kunai"},{"floor":9.0,"key":"MealTicket"},{"floor":10.0,"key":"Strawberry"},{"floor":12.0,"key":"Question Card"},{"floor":23,"key":"Pen Nib"},{"floor":23,"key":"Potion Belt"},{"floor":25,"key":"Vajra"},{"floor":25,"key":"Unceasing Top"},{"floor":26,"key":"Eternal Feather"}],"event_choices":[{"damage_healed":0.0,"max_hp_gain":0.0,"max_hp_loss":0.0,"gold_gain":75.0,"event_name":"World of Goop","player_choice":"Gather Gold","floor":3.0,"gold_loss":0.0,"damage_taken":11.0},{"damage_healed":0.0,"max_hp_gain":0.0,"max_hp_loss":0.0,"gold_gain":0.0,"event_name":"Scrap Ooze","player_choice":"Success","floor":4.0,"gold_loss":0.0,"damage_taken":26.0,"relics_obtained":["Dream Catcher"]},{"cards_removed":["Strike_G"],"damage_healed":0.0,"max_hp_gain":0.0,"max_hp_loss":0.0,"gold_gain":0.0,"event_name":"Golden Wing","player_choice":"Card Removal","floor":5.0,"gold_loss":0.0,"damage_taken":7.0},{"cards_removed":["Strike_G"],"damage_healed":0.0,"max_hp_gain":0.0,"max_hp_loss":0.0,"gold_gain":0.0,"event_name":"Living Wall","player_choice":"Forget","floor":7.0,"gold_loss":0.0,"damage_taken":0.0},{"damage_healed":18.0,"max_hp_gain":0.0,"max_hp_loss":0.0,"gold_gain":0.0,"event_name":"The Cleric","player_choice":"Healed","floor":11.0,"gold_loss":35.0,"damage_taken":0.0},{"damage_healed":0.0,"max_hp_gain":0.0,"max_hp_loss":0.0,"gold_gain":0.0,"event_name":"Upgrade Shrine","player_choice":"Upgraded","floor":20.0,"gold_loss":0.0,"damage_taken":0.0,"cards_upgraded":["Catalyst"]}],"is_beta":false,"boss_relics":[{"not_picked":["Astrolabe","SacredBark"],"picked":"Black Star"}],"items_purged_floors":[],"is_endless":false,"potions_floor_spawned":[1,12,14,18,21],"killed_by":"Shelled Parasite and Fungi","ascension_level":20}}