{"host":"1tl36azeqm6yhdgj","time":1611277044,"event":{"mods":["AchievementEnabler","BaseMod","Minty Spire (QoL Compilation)","StSLib","The IronCluck","everything is the same but u backflip on backflip"],"gold_per_floor":[118,118,133,133,150,178,192,192,192],"floor_reached":8,"language":"ENG","playtime":236,"items_purged":[],"score":116,"play_id":"00fb2be7-4c3b-45bb-a159-564794a2ee4c","local_time":"20210121195724","is_ascension_mode":true,"campfire_choices":[],"circlet_count":0,"master_deck":["AscendersBane","Strike_R","Strike_R","Strike_R","Strike_R","Defend_R","Defend_R","Defend_R","Bash","Flame Barrier","Spot Weakness","Shrug It Off","Headbutt","Dropkick","Cleave"],"relics":["Burning Blood","NeowsBlessing","Anchor"],"acts_visited":["Exordium"],"potions_floor_usage":[],"damage_taken":[{"damage":0.0,"enemies":"Jaw Worm","floor":1.0,"turns":1.0},{"damage":0.0,"enemies":"Cultist","floor":3.0,"turns":1.0},{"damage":0.0,"enemies":"Small Slimes","floor":5.0,"turns":1.0},{"damage":44.0,"enemies":"Lagavulin","floor":6.0,"turns":10.0},{"damage":0.0,"enemies":"Red Slaver","floor":7.0,"turns":4.0},{"damage":43,"enemies":"Gremlin Nob","floor":8,"turns":3}],"seed_played":"510499287414141416","potions_obtained":[{"floor":1.0,"key":"Block Potion"},{"floor":5.0,"key":"FearPotion"}],"is_trial":false,"path_per_floor":["M","?","M","?","M","E","M","E"],"character_chosen":"IRONCLAD","items_purchased":[],"campfire_rested":0,"item_purchase_floors":[],"current_hp_per_floor":[74,74,75,75,75,37,43,0,0],"gold":192,"neow_bonus":"THREE_ENEMY_KILL","is_daily":false,"chose_seed":false,"campfire_upgraded":0,"win_rate":0.0,"timestamp":1611277044,"path_taken":["M","?","?","?","M","E","?","E"],"items_purchased_type":[],"build_version":"2020-12-22","purchased_purges":0,"victory":false,"max_hp_per_floor":[75,75,75,75,75,75,75,75,75],"card_choices":[{"not_picked":["Metallicize","Perfected Strike"],"picked":"Flame Barrier","floor":1.0},{"not_picked":["Havoc","Pommel Strike"],"picked":"Shrug It Off","floor":3.0},{"not_picked":["Armaments","Shockwave"],"picked":"Headbutt","floor":5.0},{"not_picked":["Carnage","Fire Breathing"],"picked":"Dropkick","floor":6.0},{"not_picked":["Heavy Blade","Pommel Strike"],"picked":"Cleave","floor":7.0}],"player_experience":2012138,"relics_obtained":[{"floor":6.0,"key":"Anchor"}],"event_choices":[{"damage_healed":0.0,"max_hp_gain":0.0,"max_hp_loss":0.0,"gold_gain":0.0,"cards_transformed":["Strike_R"],"event_name":"Transmorgrifier","player_choice":"Transformed","floor":2.0,"gold_loss":0.0,"damage_taken":0.0,"cards_obtained":["Spot Weakness"]},{"cards_removed":["Defend_R"],"damage_healed":0.0,"max_hp_gain":0.0,"max_hp_loss":0.0,"gold_gain":0.0,"event_name":"Wheel of Change","player_choice":"Card Removal","floor":4.0,"gold_loss":0.0,"damage_taken":0.0}],"is_beta":false,"boss_relics":[],"items_purged_floors":[],"is_endless":false,"potions_floor_spawned":[1,5],"killed_by":"Gremlin Nob","ascension_level":20}}