{"host":"o6rpelx2jpc8yies","time":1611284144,"event":{"mods":["BaseMod","Downfall","Minty Spire (QoL Compilation)","StSLib"],"gold_per_floor":[99,111,111,131,141,10,10,22,7,27,43,68,68,102,121,121,121,121],"floor_reached":16,"language":"ENG","playtime":1145,"items_purged":["champ:Strike"],"score":153,"play_id":"3cb8a52b-5a7c-4f76-bbe0-4c61c6024ff5","local_time":"20210121195544","is_ascension_mode":true,"campfire_choices":[{"floor":1,"key":"RECALL"},{"data":"champ:EnchantSword","floor":13,"key":"SMITH"}],"circlet_count":0,"master_deck":["champ:Strike+1","champ:Strike","champ:Strike","champ:Defend","champ:Defend","champ:Defend","champ:Defend","champ:Execute","champ:Taunt","Secret Technique","champ:FlashCut+1","champ:Taunt","champ:Shatter","champ:PreciseThrust","champ:EnragedBash","champ:SkillfulDodge","champ:CrookedStrike+1","champ:HeartStrike+1","champ:CrownThrow+1","champ:EnchantSword+1","champ:DefensiveShout","champ:EndlessRage"],"relics":["champ:ChampionCrown","Molten Egg 2","Matryoshka","Whetstone"],"acts_visited":["Exordium"],"potions_floor_usage":[6,14,16,16],"damage_taken":[{"damage":10,"enemies":"Small Slimes","floor":2,"turns":3},{"damage":10,"enemies":"Cultist","floor":4,"turns":3},{"damage":5,"enemies":"2 Louse","floor":5,"turns":2},{"damage":10,"enemies":"downfall:FleeingMerchant","floor":6,"turns":4},{"damage":25,"enemies":"Large Slime","floor":8,"turns":6},{"damage":18,"enemies":"downfall:FleeingMerchant","floor":9,"turns":4},{"damage":10,"enemies":"Red Slaver","floor":10,"turns":3},{"damage":3,"enemies":"3 Louse","floor":11,"turns":2},{"damage":26,"enemies":"Gremlin Nob","floor":12,"turns":4},{"damage":10,"enemies":"3 Sentries","floor":14,"turns":5},{"damage":13,"enemies":"Exordium Thugs","floor":15,"turns":3},{"damage":51,"enemies":"DF_ARCHETYPE_STREAMLINE","floor":16,"turns":9}],"seed_played":"4104499658467127031","potions_obtained":[{"floor":2,"key":"SteroidPotion"},{"floor":4,"key":"LiquidBronze"},{"floor":5,"key":"Block Potion"},{"floor":10,"key":"SkillPotion"},{"floor":15,"key":"Fire Potion"}],"is_trial":false,"path_per_floor":["R","M","?","M","M","$","T","M","$","M","M","E","R","E","M","B"],"character_chosen":"THE_CHAMP","items_purchased":["champ:SkillfulDodge"],"campfire_rested":0,"item_purchase_floors":[6],"current_hp_per_floor":[63,63,63,63,63,63,63,63,60,55,52,31,31,31,28,0,0,0],"gold":121,"neow_bonus":"RANDOM_COLORLESS_2","is_daily":false,"chose_seed":false,"campfire_upgraded":1,"win_rate":0.0,"timestamp":1611284144,"path_taken":["R","M","?","M","?","$","T","M","$","M","?","E","R","E","M","BOSS"],"items_purchased_type":["Card"],"build_version":"2020-12-22","purchased_purges":1,"victory":false,"max_hp_per_floor":[90,90,90,90,90,90,90,90,90,90,90,90,90,90,90,90,90,90],"card_choices":[{"not_picked":["Violence","Transmutation"],"picked":"Secret Technique","floor":0},{"not_picked":["champ:EndlessRage","champ:BladeFlurry"],"picked":"champ:FlashCut","floor":2},{"not_picked":["champ:Backstep","champ:PerfectedStrike"],"picked":"champ:Shatter","floor":4},{"not_picked":["champ:ShieldSigil","champ:Haymaker"],"picked":"champ:PreciseThrust","floor":5},{"not_picked":["champ:PreciseThrust","champ:Haymaker"],"picked":"champ:EnragedBash","floor":6},{"not_picked":["champ:Backstep","champ:AdrenalArmor"],"picked":"champ:CrookedStrike+1","floor":8},{"not_picked":["champ:FlashCut+1","champ:CrookedStrike+1"],"picked":"champ:HeartStrike+1","floor":9},{"not_picked":["champ:FocusedBerserking","champ:PerfectedStrike+1"],"picked":"champ:CrownThrow+1","floor":10},{"not_picked":["champ:FocusedDefense","champ:PreemptiveStrike+1"],"picked":"champ:EnchantSword","floor":11},{"not_picked":["champ:Circumvent","champ:BerserkerStyle"],"picked":"champ:DefensiveShout","floor":12},{"not_picked":["champ:Circumvent","champ:FanOfKnives+1"],"picked":"champ:EndlessRage","floor":14},{"not_picked":["champ:FlashCut+1","champ:Haymaker+1","champ:EnGarde"],"picked":"SKIP","floor":15}],"player_experience":1812981,"relics_obtained":[{"floor":7,"key":"Molten Egg 2"},{"floor":12,"key":"Matryoshka"},{"floor":14,"key":"Whetstone"}],"event_choices":[],"is_beta":false,"boss_relics":[],"items_purged_floors":[6],"is_endless":false,"potions_floor_spawned":[2,4,5,10,11,15],"killed_by":"DF_ARCHETYPE_STREAMLINE","ascension_level":2}}