{"host":"c3lc60y5x60jlt1y","time":1611354347,"event":{"mods":["AchievementEnabler","BaseMod","Bestiary","Colored Map","Minty Spire (QoL Compilation)","Quick Restart","StSLib","ojb\u0027s Info Mod"],"gold_per_floor":[113,113,131,131,47,78,1,39,62,62,62],"floor_reached":10,"language":"ENG","playtime":986,"items_purged":[],"score":137,"play_id":"0077da01-bb56-415c-b373-e1c1cbcf67a8","local_time":"20210123002547","is_ascension_mode":true,"campfire_choices":[],"circlet_count":0,"master_deck":["AscendersBane","Strike_B","Strike_B","Strike_B","Defend_B","Defend_B","Defend_B+1","Defend_B+1","Zap","Dualcast","Trip","Sweeping Beam","Chill","Static Discharge","Undo","Self Repair","Defragment","Sunder"],"relics":["Cracked Core","Golden Idol","Bag of Preparation","War Paint","Pen Nib"],"acts_visited":["Exordium"],"potions_floor_usage":[8,8],"damage_taken":[{"damage":10,"enemies":"Small Slimes","floor":1,"turns":4},{"damage":2,"enemies":"Jaw Worm","floor":3,"turns":3},{"damage":26,"enemies":"Lagavulin","floor":6,"turns":8},{"damage":19,"enemies":"Gremlin Nob","floor":8,"turns":5},{"damage":7,"enemies":"3 Sentries","floor":10,"turns":2}],"seed_played":"-5999534230121683193","potions_obtained":[{"floor":1,"key":"FearPotion"},{"floor":6,"key":"BlessingOfTheForge"}],"is_trial":false,"path_per_floor":["M","?","M","?","$","E","$","E","T","E"],"character_chosen":"DEFECT","items_purchased":["Undo","Defragment"],"campfire_rested":0,"item_purchase_floors":[5,7],"current_hp_per_floor":[54,54,52,52,52,26,26,7,7,0,0],"gold":62,"neow_bonus":"RANDOM_COLORLESS","is_daily":false,"chose_seed":false,"campfire_upgraded":0,"win_rate":0.0,"timestamp":1611354347,"path_taken":["M","?","M","?","$","E","?","E","T","E"],"items_purchased_type":["Card","Card"],"build_version":"2020-12-22","purchased_purges":0,"victory":false,"max_hp_per_floor":[71,64,64,64,64,64,64,64,64,64,64],"card_choices":[{"not_picked":["Madness","Good Instincts"],"picked":"Trip","floor":0},{"not_picked":["Tempest","Conserve Battery"],"picked":"Sweeping Beam","floor":1},{"not_picked":["Rip and Tear","Reprogram"],"picked":"Chill","floor":3},{"not_picked":["Barrage","Ball Lightning"],"picked":"Self Repair","floor":6},{"not_picked":["Rip and Tear","Barrage"],"picked":"Sunder","floor":8}],"player_experience":8376829,"relics_obtained":[{"floor":6,"key":"Bag of Preparation"},{"floor":8,"key":"War Paint"},{"floor":9,"key":"Pen Nib"}],"event_choices":[{"damage_healed":0,"gold_gain":0,"player_choice":"Lose Max HP","damage_taken":0,"relics_obtained":["Golden Idol"],"max_hp_gain":0,"max_hp_loss":7,"event_name":"Golden Idol","floor":2,"gold_loss":0},{"damage_healed":0,"gold_gain":0,"cards_transformed":["Strike_B"],"player_choice":"Change","damage_taken":0,"max_hp_gain":0,"max_hp_loss":0,"event_name":"Living Wall","floor":4,"gold_loss":0,"cards_obtained":["Static Discharge"]}],"is_beta":false,"boss_relics":[],"items_purged_floors":[],"is_endless":false,"potions_floor_spawned":[1,6],"killed_by":"3 Sentries","ascension_level":17}}