{"host":"s41rn2jhghpwfrvz","time":1611348680,"event":{"mods":["BaseMod","Minty Spire (QoL Compilation)","Quick Restart","Relic Stats","SuperFastMode"],"gold_per_floor":[110,110,130,55,67,95,123,155,155,167,167,179,197,217,217,290,290,306,175,225,240,271,296,296,325,371,390,400,400,426,228,228,306,306,319,319,319,335,160,187,187,220,247,280,307,338,352,362,362,362,362,362,362,116,142,142],"floor_reached":57,"language":"ENG","playtime":1345,"items_purged":["Quick Slash"],"score":4350,"play_id":"3550009a-6d98-4b05-8854-9c6fcda231a9","local_time":"20210122225120","daily_mods":["SealedDeck","Diverse","DeadlyEvents"],"is_ascension_mode":true,"campfire_choices":[{"data":"Body Slam","floor":11,"key":"SMITH"},{"data":"Prostrate","floor":15,"key":"SMITH"},{"data":"Backflip","floor":24,"key":"SMITH"},{"data":"White Noise","floor":32,"key":"SMITH"},{"data":"Blur","floor":41,"key":"SMITH"},{"floor":49,"key":"RECALL"},{"floor":53,"key":"REST"}],"circlet_count":0,"master_deck":["AscendersBane","Turbo+1","White Noise+1","Reflex+1","Acrobatics+1","BootSequence+1","Body Slam+1","Backflip+1","Prostrate+1","Blur+1","Evolve"],"relics":["Burning Blood","Dream Catcher","Potion Belt","The Courier","Busted Crown","OrangePellets","Singing Bowl","InkBottle","Unceasing Top","Anchor","WingedGreaves","Oddly Smooth Stone","Black Star","ClockworkSouvenir","White Beast Statue","Smiling Mask","Bag of Preparation","Paper Frog","Lantern","Regal Pillow","Blue Candle","Boot","War Paint","PreservedInsect","Mercury Hourglass","Centennial Puzzle","Art of War","Akabeko"],"acts_visited":["Exordium","TheCity","TheBeyond","TheEnding"],"potions_floor_usage":[25,56,56,56,56],"damage_taken":[{"damage":0,"enemies":"Small Slimes","floor":1,"turns":2},{"damage":3,"enemies":"Jaw Worm","floor":3,"turns":3},{"damage":1,"enemies":"Cultist","floor":5,"turns":2},{"damage":0,"enemies":"Lagavulin","floor":6,"turns":2},{"damage":0,"enemies":"Gremlin Nob","floor":7,"turns":1},{"damage":0,"enemies":"3 Sentries","floor":8,"turns":2},{"damage":0,"enemies":"Exordium Thugs","floor":10,"turns":2},{"damage":0,"enemies":"2 Fungi Beasts","floor":12,"turns":3},{"damage":0,"enemies":"Exordium Wildlife","floor":13,"turns":1},{"damage":0,"enemies":"Exordium Thugs","floor":14,"turns":3},{"damage":0,"enemies":"Slime Boss","floor":16,"turns":1},{"damage":4,"enemies":"Shell Parasite","floor":18,"turns":3},{"damage":0,"enemies":"3 Byrds","floor":21,"turns":2},{"damage":0,"enemies":"Book of Stabbing","floor":22,"turns":2},{"damage":0,"enemies":"Gremlin Leader","floor":23,"turns":2},{"damage":0,"enemies":"Slavers","floor":25,"turns":1},{"damage":0,"enemies":"Sentry and Sphere","floor":27,"turns":3},{"damage":0,"enemies":"Snake Plant","floor":28,"turns":2},{"damage":0,"enemies":"Gremlin Leader","floor":30,"turns":2},{"damage":0,"enemies":"Collector","floor":33,"turns":1},{"damage":0,"enemies":"Orb Walker","floor":35,"turns":1},{"damage":0,"enemies":"3 Shapes","floor":38,"turns":2},{"damage":0,"enemies":"Giant Head","floor":40,"turns":1},{"damage":0,"enemies":"Nemesis","floor":42,"turns":1},{"damage":0,"enemies":"Reptomancer","floor":44,"turns":2},{"damage":0,"enemies":"Nemesis","floor":45,"turns":1},{"damage":0,"enemies":"Giant Head","floor":46,"turns":2},{"damage":0,"enemies":"Maw","floor":47,"turns":1},{"damage":0,"enemies":"Transient","floor":48,"turns":1},{"damage":0,"enemies":"Time Eater","floor":50,"turns":2},{"damage":0,"enemies":"Donu and Deca","floor":51,"turns":1},{"damage":0,"enemies":"Shield and Spear","floor":55,"turns":2},{"damage":0,"enemies":"The Heart","floor":56,"turns":4}],"seed_played":"-762023043255654577","potions_obtained":[{"floor":5,"key":"PowerPotion"},{"floor":6,"key":"Swift Potion"},{"floor":13,"key":"Explosive Potion"},{"floor":14,"key":"Weak Potion"},{"floor":16,"key":"PowerPotion"},{"floor":38,"key":"Energy Potion"},{"floor":44,"key":"Dexterity Potion"},{"floor":46,"key":"SpeedPotion"}],"is_trial":true,"path_per_floor":["M","?","M","?","M","E","E","E","T","M","R","M","M","M","R","B",null,"M","$","?","M","E","E","R","E","T","M","M","?","E","$","R","B",null,"M","?","$","M","$","E","R","E","T","E","E","E","M","M","R","B","B",null,"R","$","E","B",null],"character_chosen":"IRONCLAD","items_purchased":["OrangePellets","Oddly Smooth Stone","ClockworkSouvenir","SpeedPotion","Evolve","SpeedPotion","Centennial Puzzle"],"campfire_rested":1,"item_purchase_floors":[19,31,39,39,54,54,54],"current_hp_per_floor":[74,51,54,54,59,65,71,75,75,75,75,75,75,75,75,75,75,75,75,75,75,77,79,79,81,81,83,85,85,87,87,87,89,89,91,91,91,93,93,95,95,97,97,99,101,103,105,107,107,107,107,107,109,109,111,111],"gold":142,"neow_bonus":"","is_daily":false,"chose_seed":false,"campfire_upgraded":5,"win_rate":0.0,"timestamp":1611348680,"path_taken":["M","?","M","?","M","E","?","E","T","M","R","M","M","M","R","BOSS","M","$","?","M","?","E","R","E","T","M","?","?","E","$","R","BOSS","M","?","$","?","$","E","R","E","T","?","E","E","M","M","R","BOSS","BOSS","R","$","E","BOSS"],"items_purchased_type":["Relic","Relic","Relic","Potion","Card","Potion","Relic"],"build_version":"2020-12-22","purchased_purges":1,"victory":true,"max_hp_per_floor":[75,75,75,75,75,75,75,75,75,75,75,75,75,75,75,75,75,75,75,75,75,77,79,79,81,81,83,85,85,87,87,87,89,89,91,91,91,93,93,95,95,97,97,99,101,103,105,107,107,107,107,107,109,109,111,111],"relic_stats":{"Regal Pillow":0,"Singing Bowl":36,"counters":[33,61],"Blue Candle":[0],"PreservedInsect":77,"Bag of Preparation":[18],"War Paint":["Reflex","Acrobatics"],"Smiling Mask":0,"Boot":[0],"Burning Blood":38,"Mercury Hourglass":[42],"OrangePellets":[1],"Dream Catcher":1,"Centennial Puzzle":[0],"Busted Crown":40,"Black Star":6,"Art of War":[0],"obtain_stats":[{"Lantern":43,"Regal Pillow":44,"Singing Bowl":22,"Bag of Preparation":42,"Smiling Mask":40,"Boot":45,"Burning Blood":0,"ClockworkSouvenir":39,"Dream Catcher":6,"Centennial Puzzle":54,"WingedGreaves":30,"InkBottle":23,"Paper Frog":42,"Potion Belt":7,"Blue Candle":44,"Oddly Smooth Stone":31,"The Courier":8,"PreservedInsect":46,"War Paint":45,"White Beast Statue":40,"Akabeko":55,"Mercury Hourglass":46,"OrangePellets":19,"Anchor":26,"Busted Crown":17,"Black Star":34,"Art of War":55,"Unceasing Top":25},{"Lantern":24,"Regal Pillow":25,"Singing Bowl":14,"Bag of Preparation":24,"Smiling Mask":23,"Boot":26,"Burning Blood":0,"ClockworkSouvenir":22,"Dream Catcher":4,"Centennial Puzzle":31,"WingedGreaves":19,"InkBottle":15,"Paper Frog":24,"Potion Belt":5,"Blue Candle":25,"Oddly Smooth Stone":19,"The Courier":6,"PreservedInsect":27,"War Paint":26,"White Beast Statue":23,"Akabeko":32,"Mercury Hourglass":27,"OrangePellets":12,"Anchor":16,"Busted Crown":11,"Black Star":20,"Art of War":32,"Unceasing Top":16},{"Lantern":45,"Regal Pillow":47,"Singing Bowl":29,"Bag of Preparation":45,"Smiling Mask":44,"Boot":48,"Burning Blood":0,"ClockworkSouvenir":43,"Dream Catcher":9,"Centennial Puzzle":55,"WingedGreaves":39,"InkBottle":31,"Paper Frog":45,"Potion Belt":10,"Blue Candle":47,"Oddly Smooth Stone":39,"The Courier":12,"PreservedInsect":50,"War Paint":48,"White Beast Statue":44,"Akabeko":57,"Mercury Hourglass":50,"OrangePellets":25,"Anchor":32,"Busted Crown":22,"Black Star":40,"Art of War":57,"Unceasing Top":32}],"InkBottle":[27],"Unceasing Top":[0]},"card_choices":[{"not_picked":["Consecrate","Outmaneuver","Pommel Strike"],"picked":"SKIP","floor":1},{"not_picked":["Streamline","Anger","Flying Knee"],"picked":"SKIP","floor":3},{"not_picked":["ClearTheMind","Entrench","Coolheaded"],"picked":"SKIP","floor":5},{"not_picked":["DevaForm","Clash","Consecrate"],"picked":"SKIP","floor":6},{"not_picked":["Infernal Blade","Deflect","Rage"],"picked":"SKIP","floor":7},{"not_picked":["Quick Slash","CutThroughFate","Cold Snap"],"picked":"SKIP","floor":8},{"not_picked":["ClearTheMind","Rupture","Unload"],"picked":"SKIP","floor":10},{"not_picked":["Predator","Pommel Strike","Headbutt"],"picked":"SKIP","floor":12},{"not_picked":["Bane","Reckless Charge"],"picked":"Blur","floor":13},{"not_picked":["Sever Soul","Consecrate","CutThroughFate"],"picked":"SKIP","floor":14},{"not_picked":["Prepared"],"picked":"SKIP","floor":18},{"not_picked":["Wireheading"],"picked":"SKIP","floor":21},{"not_picked":["Hologram"],"picked":"Singing Bowl","floor":22},{"not_picked":["Rebound+1"],"picked":"Singing Bowl","floor":23},{"not_picked":["Blood for Blood"],"picked":"Singing Bowl","floor":25},{"not_picked":["White Noise"],"picked":"Singing Bowl","floor":27},{"not_picked":["Conserve Battery"],"picked":"Singing Bowl","floor":28},{"not_picked":["Worship"],"picked":"Singing Bowl","floor":30},{"not_picked":["After Image"],"picked":"Singing Bowl","floor":33},{"not_picked":["Acrobatics+1"],"picked":"Singing Bowl","floor":35},{"not_picked":["PiercingWail"],"picked":"Singing Bowl","floor":38},{"not_picked":["Perfected Strike+1"],"picked":"Singing Bowl","floor":40},{"not_picked":["Gash+1"],"picked":"Singing Bowl","floor":42},{"not_picked":["Buffer"],"picked":"Singing Bowl","floor":44},{"not_picked":["Predator"],"picked":"Singing Bowl","floor":45},{"not_picked":["EmptyFist"],"picked":"Singing Bowl","floor":46},{"not_picked":["EmptyFist"],"picked":"Singing Bowl","floor":47},{"not_picked":["CutThroughFate"],"picked":"Singing Bowl","floor":48},{"not_picked":["Perfected Strike"],"picked":"Singing Bowl","floor":53},{"not_picked":["Deadly Poison"],"picked":"Singing Bowl","floor":55}],"player_experience":1825274,"relics_obtained":[{"floor":6,"key":"Dream Catcher"},{"floor":7,"key":"Potion Belt"},{"floor":8,"key":"The Courier"},{"floor":22,"key":"Singing Bowl"},{"floor":23,"key":"InkBottle"},{"floor":25,"key":"Unceasing Top"},{"floor":26,"key":"Anchor"},{"floor":30,"key":"WingedGreaves"},{"floor":40,"key":"White Beast Statue"},{"floor":40,"key":"Smiling Mask"},{"floor":42,"key":"Bag of Preparation"},{"floor":42,"key":"Paper Frog"},{"floor":43,"key":"Lantern"},{"floor":44,"key":"Regal Pillow"},{"floor":44,"key":"Blue Candle"},{"floor":45,"key":"Boot"},{"floor":45,"key":"War Paint"},{"floor":46,"key":"PreservedInsect"},{"floor":46,"key":"Mercury Hourglass"},{"floor":55,"key":"Art of War"},{"floor":55,"key":"Akabeko"}],"event_choices":[{"damage_healed":0,"gold_gain":0,"player_choice":"Entered Light","damage_taken":23,"max_hp_gain":0,"max_hp_loss":0,"event_name":"Shining Light","floor":2,"gold_loss":0,"cards_upgraded":["Turbo","BootSequence"]},{"cards_removed":["Warcry"],"damage_healed":0,"gold_gain":0,"player_choice":"Card Removal","damage_taken":0,"max_hp_gain":0,"max_hp_loss":0,"event_name":"The Cleric","floor":4,"gold_loss":75},{"damage_healed":0,"gold_gain":50,"player_choice":"Pray","damage_taken":0,"max_hp_gain":0,"max_hp_loss":0,"event_name":"Golden Shrine","floor":20,"gold_loss":0},{"damage_healed":0,"gold_gain":0,"player_choice":"Ignored","damage_taken":0,"max_hp_gain":0,"max_hp_loss":0,"event_name":"Vampires","floor":29,"gold_loss":0},{"damage_healed":0,"gold_gain":0,"player_choice":"0 cards matched","damage_taken":0,"max_hp_gain":0,"max_hp_loss":0,"event_name":"Match and Keep!","floor":36,"gold_loss":0,"cards_obtained":[]}],"is_beta":false,"boss_relics":[{"not_picked":["Tiny House","Ectoplasm"],"picked":"Busted Crown"},{"not_picked":["Coffee Dripper","Velvet Choker"],"picked":"Black Star"}],"items_purged_floors":[31],"is_endless":false,"potions_floor_spawned":[5,6,13,14,16,21,22,30,38,42,44,45,46,47,48,55],"ascension_level":20}}