{"host":"j4g6ia6asvpyu2b0","time":1611349762,"event":{"mods":["BaseMod","Colored Map","Minty Spire (QoL Compilation)","Permanent Neow","Quick Restart","Relic Stats","StSLib","Unceasing Turn Reminder"],"gold_per_floor":[116,130,130,19,19,19,48,65,92,92,92,92,118,118,118,192,192,212,227,227,227],"floor_reached":20,"language":"ENG","playtime":604,"items_purged":["Normality"],"score":306,"play_id":"c281c163-d510-45cc-89fe-dbfbdf1ea454","local_time":"20210122140922","is_ascension_mode":true,"campfire_choices":[{"floor":6,"key":"REST"},{"data":"Creative AI","floor":10,"key":"SMITH"},{"data":"Fission","floor":12,"key":"SMITH"},{"data":"Defragment","floor":15,"key":"SMITH"}],"circlet_count":0,"master_deck":["AscendersBane","Strike_B","Strike_B","Strike_B","Defend_B","Defend_B","Defend_B","Defend_B","Zap","Dualcast","Creative AI+1","Defragment+1","Cold Snap","Static Discharge","Genetic Algorithm","Hologram","Fission+1","Dark Shackles","Static Discharge","Amplify"],"relics":["Cracked Core","Regal Pillow","Eternal Feather","Toy Ornithopter","Omamori","Inserter"],"acts_visited":["Exordium","TheCity"],"potions_floor_usage":[13],"damage_taken":[{"damage":16,"enemies":"Small Slimes","floor":1,"turns":3},{"damage":8,"enemies":"2 Louse","floor":2,"turns":2},{"damage":11,"enemies":"Lagavulin","floor":7,"turns":8},{"damage":1,"enemies":"Cultist","floor":8,"turns":4},{"damage":32,"enemies":"3 Sentries","floor":13,"turns":4},{"damage":35,"enemies":"Hexaghost","floor":16,"turns":8},{"damage":18,"enemies":"Chosen","floor":18,"turns":6},{"damage":26,"enemies":"Spheric Guardian","floor":19,"turns":4},{"damage":16,"enemies":"Snecko","floor":20,"turns":3}],"seed_played":"-5473670706088563389","potions_obtained":[{"floor":2,"key":"PowerPotion"},{"floor":13,"key":"ColorlessPotion"},{"floor":19,"key":"LiquidBronze"}],"is_trial":false,"path_per_floor":["M","M","?","$","?","R","E","M","T","R","?","R","E","$","R","B",null,"M","M","M"],"character_chosen":"DEFECT","items_purchased":["Static Discharge"],"campfire_rested":1,"item_purchase_floors":[4],"current_hp_per_floor":[48,40,33,33,26,62,51,50,50,59,59,68,39,39,48,13,57,39,13,0,0],"gold":227,"neow_bonus":"THREE_RARE_CARDS","is_daily":false,"chose_seed":false,"campfire_upgraded":3,"win_rate":0.0,"timestamp":1611349762,"path_taken":["M","M","?","$","?","R","E","M","T","R","?","R","E","$","R","BOSS","M","M","M"],"items_purchased_type":["Card"],"build_version":"2020-12-22","purchased_purges":1,"victory":false,"max_hp_per_floor":[71,71,71,71,71,71,71,71,71,71,71,71,71,71,71,71,71,71,71,71,71],"relic_stats":{"Regal Pillow":15,"Inserter":[6],"counters":[9,42],"Eternal Feather":27,"obtain_stats":[{"Regal Pillow":3,"Inserter":17,"Eternal Feather":7,"Omamori":13,"Cracked Core":0,"Toy Ornithopter":9},{"Regal Pillow":2,"Inserter":6,"Eternal Feather":3,"Omamori":5,"Cracked Core":0,"Toy Ornithopter":4},{"Regal Pillow":5,"Inserter":29,"Eternal Feather":13,"Omamori":21,"Cracked Core":0,"Toy Ornithopter":17}],"Toy Ornithopter":3},"card_choices":[{"not_picked":["Thunder Strike","Multi-Cast"],"picked":"Creative AI","floor":0},{"not_picked":["Sweeping Beam","Go for the Eyes"],"picked":"Defragment","floor":1},{"not_picked":["Melter","Streamline"],"picked":"Cold Snap","floor":2},{"not_picked":["Conserve Battery","Steam"],"picked":"Genetic Algorithm","floor":7},{"not_picked":["Go for the Eyes","Sweeping Beam"],"picked":"Hologram","floor":8},{"not_picked":["Skim","Rebound"],"picked":"Static Discharge","floor":13},{"not_picked":["Seek","Buffer"],"picked":"Amplify","floor":16},{"not_picked":["Skim","Redo","Reinforced Body"],"picked":"SKIP","floor":18},{"not_picked":["Steam","Redo+1","Streamline+1"],"picked":"SKIP","floor":19}],"player_experience":932937,"relics_obtained":[{"floor":7,"key":"Eternal Feather"},{"floor":9,"key":"Toy Ornithopter"},{"floor":13,"key":"Omamori"}],"event_choices":[{"damage_healed":0,"gold_gain":0,"player_choice":"Success","damage_taken":7,"relics_obtained":["Regal Pillow"],"max_hp_gain":0,"max_hp_loss":0,"event_name":"Scrap Ooze","floor":3,"gold_loss":0},{"cards_removed":["Strike_B"],"damage_healed":0,"gold_gain":0,"player_choice":"Card Removal","damage_taken":7,"max_hp_gain":0,"max_hp_loss":0,"event_name":"Golden Wing","floor":5,"gold_loss":0},{"damage_healed":0,"gold_gain":0,"player_choice":"2 cards matched","damage_taken":0,"max_hp_gain":0,"max_hp_loss":0,"event_name":"Match and Keep!","floor":11,"gold_loss":0,"cards_obtained":["Fission","Dark Shackles"]}],"is_beta":false,"boss_relics":[{"not_picked":["Tiny House","Velvet Choker"],"picked":"Inserter"}],"items_purged_floors":[4],"is_endless":false,"potions_floor_spawned":[2,13,19],"killed_by":"Snecko","ascension_level":14}}