{"host":"sav7uxregyirlf69","time":1611325128,"event":{"mods":["AchievementEnabler","BaseMod","Colored Map","DeckTracker","Keyboard Shortcuts","Minty Spire (QoL Compilation)","READ ME - Guardian Mod","StSLib","SuperFastMode"],"gold_per_floor":[110,126,142,157,171,171,171,1,48,48,64,89,89,101,101,174,174,186,186,126,126,140,174,183,195,219,219,219],"floor_reached":27,"language":"KOR","playtime":389,"items_purged":["Strike_R"],"score":570,"play_id":"cdf97875-5aa8-4461-8673-dd59e54bc1a6","local_time":"20210122231848","is_ascension_mode":true,"campfire_choices":[{"data":"Fire Breathing","floor":6.0,"key":"SMITH"},{"floor":13.0,"key":"REST"},{"data":"Dark Embrace","floor":15,"key":"SMITH"},{"floor":24,"key":"REST"}],"circlet_count":0,"master_deck":["AscendersBane","Strike_R","Strike_R","Strike_R","Defend_R","Defend_R","Defend_R","Defend_R","Bash","Fire Breathing+1","Wild Strike","Reckless Charge","Wild Strike","Power Through","Dark Embrace+1","Impervious","Fire Breathing","Warcry","Body Slam+1","Infernal Blade"],"relics":["Burning Blood","Dream Catcher","The Courier","Busted Crown","CeramicFish","Potion Belt"],"acts_visited":["Exordium","TheCity"],"potions_floor_usage":[16,16,22,23],"damage_taken":[{"damage":6.0,"enemies":"Cultist","floor":1.0,"turns":3.0},{"damage":3.0,"enemies":"2 Louse","floor":2.0,"turns":4.0},{"damage":14.0,"enemies":"Jaw Worm","floor":3.0,"turns":5.0},{"damage":14.0,"enemies":"3 Louse","floor":4.0,"turns":3.0},{"damage":27.0,"enemies":"Large Slime","floor":5.0,"turns":6.0},{"damage":10.0,"enemies":"Gremlin Gang","floor":11.0,"turns":4.0},{"damage":15.0,"enemies":"3 Sentries","floor":12.0,"turns":5.0},{"damage":1,"enemies":"Exordium Thugs","floor":14,"turns":4},{"damage":0,"enemies":"Slime Boss","floor":16,"turns":6},{"damage":19,"enemies":"Spheric Guardian","floor":18,"turns":6},{"damage":8,"enemies":"3 Byrds","floor":22,"turns":3},{"damage":29,"enemies":"Slavers","floor":23,"turns":4},{"damage":47,"enemies":"Shelled Parasite and Fungi","floor":25,"turns":4},{"damage":24,"enemies":"Snake Plant","floor":27,"turns":1}],"seed_played":"-4779781811060957966","potions_obtained":[{"floor":1.0,"key":"SpeedPotion"},{"floor":3.0,"key":"FearPotion"},{"floor":12.0,"key":"PowerPotion"},{"floor":18,"key":"Ancient Potion"},{"floor":21,"key":"Block Potion"},{"floor":21,"key":"CultistPotion"},{"floor":25,"key":"Dexterity Potion"}],"is_trial":false,"path_per_floor":["M","M","M","M","M","R","?","$","T","$","M","E","R","M","R","B",null,"M","?","$","?","M","E","R","M","T","M"],"character_chosen":"IRONCLAD","items_purchased":["Power Through","Dark Embrace"],"campfire_rested":2,"item_purchase_floors":[8,8],"current_hp_per_floor":[75,78,70,62,41,41,34,34,34,34,30,21,45,50,50,56,76,63,63,63,63,61,38,62,21,21,0,0],"gold":219,"neow_bonus":"TEN_PERCENT_HP_BONUS","is_daily":false,"chose_seed":false,"campfire_upgraded":2,"win_rate":0.0,"timestamp":1611325128,"path_taken":["M","?","M","?","M","R","?","$","T","?","M","E","R","M","R","BOSS","M","?","$","?","M","E","R","?","T","M"],"items_purchased_type":["Card","Card"],"build_version":"2020-12-22","purchased_purges":1,"victory":false,"max_hp_per_floor":[82,82,82,82,82,82,82,82,82,82,82,82,82,82,82,82,82,82,82,82,82,82,82,82,82,82,82,82],"card_choices":[{"not_picked":["Flex","Armaments"],"picked":"Fire Breathing","floor":1.0},{"not_picked":["Dark Embrace","Iron Wave"],"picked":"Wild Strike","floor":2.0},{"not_picked":["Feel No Pain","Shrug It Off"],"picked":"Reckless Charge","floor":3.0},{"not_picked":["Iron Wave","Dropkick","Headbutt"],"picked":"SKIP","floor":4.0},{"not_picked":["Headbutt","True Grit"],"picked":"Wild Strike","floor":5.0},{"not_picked":["Inflame","Searing Blow","Metallicize"],"picked":"SKIP","floor":11.0},{"not_picked":["Impervious","Rupture","Carnage"],"picked":"SKIP","floor":12.0},{"not_picked":["Body Slam","Cleave","Havoc"],"picked":"SKIP","floor":14},{"not_picked":["Feed","Double Tap"],"picked":"Impervious","floor":16},{"not_picked":[],"picked":"Fire Breathing","floor":18},{"not_picked":[],"picked":"Warcry","floor":22},{"not_picked":[],"picked":"Body Slam+1","floor":23},{"not_picked":[],"picked":"Infernal Blade","floor":24},{"not_picked":["Rampage"],"picked":"SKIP","floor":25}],"player_experience":1356555,"relics_obtained":[{"floor":9.0,"key":"Dream Catcher"},{"floor":12.0,"key":"The Courier"},{"floor":23,"key":"CeramicFish"},{"floor":26,"key":"Potion Belt"}],"event_choices":[{"cards_removed":["Strike_R"],"damage_healed":0.0,"max_hp_gain":0.0,"max_hp_loss":0.0,"gold_gain":0.0,"event_name":"Golden Wing","player_choice":"Card Removal","floor":7.0,"gold_loss":0.0,"damage_taken":7.0},{"damage_healed":0,"gold_gain":0,"player_choice":"Ignored","damage_taken":0,"max_hp_gain":0,"max_hp_loss":0,"event_name":"Vampires","floor":19,"gold_loss":0},{"damage_healed":0,"gold_gain":0,"player_choice":"Got Potions","damage_taken":0,"max_hp_gain":0,"max_hp_loss":0,"event_name":"Lab","floor":21,"gold_loss":0}],"is_beta":false,"boss_relics":[{"not_picked":["Runic Dome","Runic Cube"],"picked":"Busted Crown"}],"items_purged_floors":[20],"is_endless":false,"potions_floor_spawned":[1,3,12,18,25],"killed_by":"Snake Plant","ascension_level":20}}