{"host":"7sni158j623xchr2","time":1611355499,"event":{"mods":["BaseMod","Colored Map","Highlight Path","Minty Spire (QoL Compilation)","Permanent Neow","Potion Indicator Mod","Rare Cards Sparkle","Relic Sorter","Relic Stats","StSLib","everything is the same but u backflip on backflip"],"gold_per_floor":[362,379,397,472,472,472,502,502,550,550,37,37,66,97,97,200,200,211,211,229,229,247,279,279,306,332,374,165,247,271,300,300,404,404,423,423,450,474,488,488,529,558,585,585,613,636,44,63,63,63,63,63,25,60,60],"floor_reached":56,"language":"ENG","playtime":2036,"items_purged":["Strike_G","Strike_G+1","Strike_G+1"],"score":1479,"play_id":"afc145dd-4ab3-4838-93d7-97c58ee6c562","local_time":"20210122164459","is_ascension_mode":true,"campfire_choices":[{"data":"Dagger Spray","floor":6,"key":"SMITH"},{"data":"All Out Attack","floor":8,"key":"SMITH"},{"floor":10,"key":"REST"},{"data":"Sucker Punch","floor":12,"key":"SMITH"},{"data":"Backstab","floor":15,"key":"SMITH"},{"data":"Die Die Die","floor":24,"key":"SMITH"},{"data":"Quick Slash","floor":32,"key":"SMITH"},{"floor":40,"key":"RECALL"},{"floor":44,"key":"REST"},{"floor":49,"key":"REST"},{"floor":52,"key":"REST"}],"circlet_count":0,"master_deck":["Strike_G+1","Strike_G+1","Defend_G+1","Defend_G+1","Defend_G+1","Defend_G+1","Defend_G+1","Survivor","Neutralize","Sucker Punch+1","Dagger Spray+1","Quick Slash+1","All Out Attack+1","Blur","Backstab+1","Deflect+1","Phantasmal Killer+1","Crippling Poison+1","Backflip+1","Die Die Die+1","Escape Plan+1","Phantasmal Killer+1","Backflip+1","Deadly Poison+1","Dodge and Roll+1","Malaise+1","Dash","Acrobatics+1","Deadly Poison+1","Blade Dance+1","Leg Sweep+1","Well Laid Plans","Calculated Gamble+1","Deflect+1","Footwork+1","Terror+1","PiercingWail+1","Prepared+1","Blur+1"],"relics":["Ring of the Snake","Pen Nib","Regal Pillow","Smiling Mask","Anchor","Vajra","Odd Mushroom","Toxic Egg 2","Philosopher\u0027s Stone","Bronze Scales","Ginger","CeramicFish","Happy Flower","DollysMirror","The Courier","Fusion Hammer","Centennial Puzzle","Orrery","Gambling Chip","Potion Belt","Nunchaku"],"acts_visited":["Exordium","TheCity","TheBeyond","TheEnding"],"potions_floor_usage":[14,16,33,55,55,55,55,55],"damage_taken":[{"damage":0,"enemies":"2 Louse","floor":1,"turns":3},{"damage":5,"enemies":"Small Slimes","floor":2,"turns":6},{"damage":0,"enemies":"Jaw Worm","floor":3,"turns":5},{"damage":25,"enemies":"Gremlin Nob","floor":7,"turns":4},{"damage":0,"enemies":"The Mushroom Lair","floor":13,"turns":1},{"damage":3,"enemies":"Lagavulin","floor":14,"turns":5},{"damage":9,"enemies":"Slime Boss","floor":16,"turns":9},{"damage":0,"enemies":"Chosen","floor":18,"turns":3},{"damage":5,"enemies":"3 Byrds","floor":20,"turns":3},{"damage":0,"enemies":"Cultist and Chosen","floor":22,"turns":3},{"damage":0,"enemies":"Gremlin Leader","floor":23,"turns":4},{"damage":0,"enemies":"Book of Stabbing","floor":25,"turns":3},{"damage":8,"enemies":"Gremlin Leader","floor":27,"turns":5},{"damage":1,"enemies":"3 Cultists","floor":30,"turns":3},{"damage":0,"enemies":"Snake Plant","floor":31,"turns":2},{"damage":0,"enemies":"Champ","floor":33,"turns":8},{"damage":0,"enemies":"3 Darklings","floor":35,"turns":3},{"damage":0,"enemies":"3 Shapes","floor":37,"turns":2},{"damage":6,"enemies":"Transient","floor":38,"turns":5},{"damage":0,"enemies":"3 Darklings","floor":39,"turns":2},{"damage":0,"enemies":"Reptomancer","floor":41,"turns":5},{"damage":7,"enemies":"Maw","floor":42,"turns":6},{"damage":19,"enemies":"Nemesis","floor":45,"turns":7},{"damage":13,"enemies":"Spire Growth","floor":46,"turns":3},{"damage":2,"enemies":"Writhing Mass","floor":48,"turns":4},{"damage":16,"enemies":"Awakened One","floor":50,"turns":13},{"damage":34,"enemies":"Shield and Spear","floor":54,"turns":6},{"damage":23,"enemies":"The Heart","floor":55,"turns":12}],"seed_played":"7523885096130836090","potions_obtained":[{"floor":3,"key":"Explosive Potion"},{"floor":7,"key":"GhostInAJar"},{"floor":14,"key":"EssenceOfSteel"},{"floor":16,"key":"SneckoOil"},{"floor":30,"key":"Regen Potion"},{"floor":33,"key":"LiquidMemories"},{"floor":46,"key":"CunningPotion"}],"is_trial":false,"path_per_floor":["M","M","M","?","?","R","E","R","T","R","$","R","?","E","R","B",null,"M","?","M","?","M","E","R","E","T","E","$","T","M","M","R","B",null,"M","?","M","M","M","R","E","M","T","R","E","M","$","M","R","B",null,"R","$","E","B",null],"character_chosen":"THE_SILENT","items_purchased":["Anchor","Vajra","Blur","GamblersBrew","DollysMirror","Backflip+1","Orrery","Gambling Chip","Potion Belt","SkillPotion","LiquidMemories","PiercingWail+1","Prepared+1"],"campfire_rested":4,"item_purchase_floors":[11,11,11,11,28,28,47,47,47,47,47,53,53],"current_hp_per_floor":[63,58,58,47,44,44,19,19,19,52,52,52,52,49,49,40,63,63,63,58,47,47,47,47,47,47,39,39,39,38,38,38,53,68,68,68,68,62,62,62,62,55,55,68,49,36,36,34,68,52,68,68,68,34,11],"gold":60,"neow_bonus":"TWO_FIFTY_GOLD","is_daily":false,"chose_seed":false,"campfire_upgraded":6,"win_rate":0.0,"timestamp":1611355499,"path_taken":["M","M","M","?","?","R","E","R","T","R","$","R","?","E","R","BOSS","M","?","M","?","M","E","R","E","T","E","$","?","?","M","R","BOSS","M","?","M","M","M","R","E","M","T","R","E","M","$","M","R","BOSS","R","$","E","BOSS"],"items_purchased_type":["Relic","Relic","Card","Potion","Relic","Card","Relic","Relic","Relic","Potion","Potion","Card","Card"],"build_version":"2020-12-22","purchased_purges":3,"victory":true,"max_hp_per_floor":[63,63,63,63,63,63,63,63,63,63,63,63,63,63,63,63,63,63,63,63,68,68,68,68,68,68,68,68,68,68,68,68,68,68,68,68,68,68,68,68,68,68,68,68,68,68,68,68,68,68,68,68,68,68,68],"relic_stats":{"Regal Pillow":29,"Happy Flower":[27],"counters":[28,135],"CeramicFish":171,"Pen Nib":[28],"Ginger":[8],"Smiling Mask":125,"Centennial Puzzle":[21],"Nunchaku":[2],"Bronze Scales":[375],"Gambling Chip":[0],"obtain_stats":[{"Potion Belt":47,"Regal Pillow":7,"Happy Flower":27,"CeramicFish":26,"Vajra":11,"Pen Nib":5,"The Courier":29,"Ginger":25,"Odd Mushroom":13,"Smiling Mask":9,"Anchor":11,"Centennial Puzzle":41,"Nunchaku":54,"DollysMirror":28,"Bronze Scales":23,"Gambling Chip":47,"Orrery":47,"Philosopher\u0027s Stone":17,"Fusion Hammer":34,"Toxic Egg 2":14,"Ring of the Snake":0},{"Potion Belt":24,"Regal Pillow":4,"Happy Flower":13,"CeramicFish":12,"Vajra":4,"Pen Nib":3,"The Courier":13,"Ginger":12,"Odd Mushroom":5,"Smiling Mask":4,"Anchor":4,"Centennial Puzzle":21,"Nunchaku":27,"DollysMirror":13,"Bronze Scales":11,"Gambling Chip":24,"Orrery":24,"Philosopher\u0027s Stone":7,"Fusion Hammer":16,"Toxic Egg 2":6,"Ring of the Snake":0},{"Potion Belt":100,"Regal Pillow":18,"Happy Flower":54,"CeramicFish":49,"Vajra":18,"Pen Nib":14,"The Courier":54,"Ginger":49,"Odd Mushroom":19,"Smiling Mask":18,"Anchor":18,"Centennial Puzzle":84,"Nunchaku":123,"DollysMirror":54,"Bronze Scales":46,"Gambling Chip":100,"Orrery":100,"Philosopher\u0027s Stone":33,"Fusion Hammer":67,"Toxic Egg 2":24,"Ring of the Snake":0}],"Ring of the Snake":[56]},"card_choices":[{"not_picked":["Backflip","Blade Dance"],"picked":"Sucker Punch","floor":1},{"not_picked":["Catalyst","Outmaneuver"],"picked":"Dagger Spray","floor":2},{"not_picked":["Skewer","Dagger Throw"],"picked":"Quick Slash","floor":3},{"not_picked":["Finisher","Skewer"],"picked":"All Out Attack","floor":7},{"not_picked":["Accuracy","Footwork"],"picked":"Backstab","floor":13},{"not_picked":["Poisoned Stab","Bane"],"picked":"Deflect+1","floor":14},{"not_picked":["Wraith Form v2","Bullet Time+1"],"picked":"Phantasmal Killer+1","floor":16},{"not_picked":["Flying Knee","All Out Attack"],"picked":"Crippling Poison+1","floor":18},{"not_picked":["Prepared+1","Predator"],"picked":"Backflip+1","floor":20},{"not_picked":["Blade Dance+1","Eviscerate"],"picked":"Die Die Die","floor":22},{"not_picked":["Bane","Caltrops","Die Die Die"],"picked":"SKIP","floor":23},{"not_picked":["Underhanded Strike","All Out Attack","Riddle With Holes"],"picked":"SKIP","floor":25},{"not_picked":["Dagger Spray","Predator"],"picked":"Escape Plan+1","floor":27},{"not_picked":["Tactician+1","Setup+1"],"picked":"Deadly Poison+1","floor":30},{"not_picked":["Slice","Underhanded Strike"],"picked":"Dodge and Roll+1","floor":31},{"not_picked":["Doppelganger+1","Die Die Die"],"picked":"Malaise+1","floor":33},{"not_picked":["Finisher","Bane+1"],"picked":"Dash","floor":35},{"not_picked":["Caltrops","Underhanded Strike+1"],"picked":"Acrobatics+1","floor":37},{"not_picked":["Concentrate+1","Cloak And Dagger+1"],"picked":"Deadly Poison+1","floor":38},{"not_picked":["Slice+1","A Thousand Cuts","Quick Slash"],"picked":"SKIP","floor":39},{"not_picked":["Reflex+1","Dagger Spray"],"picked":"Blade Dance+1","floor":41},{"not_picked":["Infinite Blades+1","Riddle With Holes+1"],"picked":"Leg Sweep+1","floor":42},{"not_picked":["Masterful Stab","Acrobatics+1","Finisher+1"],"picked":"SKIP","floor":45},{"not_picked":["Sucker Punch","Predator"],"picked":"Well Laid Plans","floor":46},{"not_picked":["Acrobatics+1","Backflip+1"],"picked":"Calculated Gamble+1","floor":47},{"not_picked":["Underhanded Strike+1","Deadly Poison+1"],"picked":"Deflect+1","floor":47},{"not_picked":["Slice","Backflip+1"],"picked":"Footwork+1","floor":47},{"not_picked":["Corpse Explosion+1","Acrobatics+1"],"picked":"Terror+1","floor":48},{"not_picked":["Endless Agony","Masterful Stab+1"],"picked":"Blur+1","floor":54}],"player_experience":1675918,"relics_obtained":[{"floor":7,"key":"Regal Pillow"},{"floor":9,"key":"Smiling Mask"},{"floor":13,"key":"Odd Mushroom"},{"floor":14,"key":"Toxic Egg 2"},{"floor":23,"key":"Bronze Scales"},{"floor":25,"key":"Ginger"},{"floor":26,"key":"CeramicFish"},{"floor":27,"key":"Happy Flower"},{"floor":29,"key":"The Courier"},{"floor":41,"key":"Centennial Puzzle"},{"floor":54,"key":"Nunchaku"}],"event_choices":[{"damage_healed":0,"gold_gain":75,"player_choice":"Gather Gold","damage_taken":11,"max_hp_gain":0,"max_hp_loss":0,"event_name":"World of Goop","floor":4,"gold_loss":0},{"damage_healed":0,"gold_gain":0,"player_choice":"Success","damage_taken":3,"relics_obtained":["Pen Nib"],"max_hp_gain":0,"max_hp_loss":0,"event_name":"Scrap Ooze","floor":5,"gold_loss":0},{"damage_healed":0,"gold_gain":0,"player_choice":"Fought Mushrooms","damage_taken":0,"max_hp_gain":0,"max_hp_loss":0,"event_name":"Mushrooms","floor":13,"gold_loss":0},{"damage_healed":0,"gold_gain":0,"player_choice":"Simplicity","damage_taken":0,"max_hp_gain":0,"max_hp_loss":0,"event_name":"Back to Basics","floor":19,"gold_loss":0,"cards_upgraded":["Strike_G","Strike_G","Strike_G","Strike_G","Defend_G","Defend_G","Defend_G","Defend_G","Defend_G"]},{"damage_healed":0,"gold_gain":0,"player_choice":"Shed Blood","damage_taken":16,"max_hp_gain":5,"max_hp_loss":0,"event_name":"Forgotten Altar","floor":21,"gold_loss":0},{"damage_healed":0,"gold_gain":0,"player_choice":"Ignored","damage_taken":0,"max_hp_gain":0,"max_hp_loss":0,"event_name":"Tomb of Lord Red Mask","floor":36,"gold_loss":0}],"is_beta":false,"boss_relics":[{"not_picked":["Sozu","Runic Dome"],"picked":"Philosopher\u0027s Stone"},{"not_picked":["Astrolabe","Velvet Choker"],"picked":"Fusion Hammer"}],"items_purged_floors":[11,28,47],"is_endless":false,"potions_floor_spawned":[3,7,14,16,18,30,33,39,42,45,46],"ascension_level":1}}