{"host":"guv5thfpx4d8ikzb","time":1611324955,"event":{"mods":["2.2 Compatiblity","AchievementEnabler","BaseMod","Block Reminder","Colored Map","Colored Powertips","Downfall","Minty Spire (QoL Compilation)","Permanent Neow","Quick Restart","Relic Stats","StSLib"],"gold_per_floor":[99,114,114,128,144,44,67,93,122,122,222,251,266,277,296,394,394,294,310,66,66,266,266,314,369,400,472,384,431,498,585,656,769,781,793,858,537,1548,1570,1582,1645,1670,1710,1736,1748,1786,1798,51,103,143,143,213,286,286,286,286],"floor_reached":57,"language":"ENG","playtime":3806,"items_purged":["bronze:Strike","bronze:Strike","bronze:Defend"],"score":1756,"play_id":"e108cad8-121a-4c05-818c-f988f6b557d3","local_time":"20210122091555","is_ascension_mode":true,"campfire_choices":[{"floor":1.0,"key":"RECALL"},{"data":"bronze:Boost","floor":6.0,"key":"SMITH"},{"data":"expansioncontent:QuickStudy","floor":10.0,"key":"SMITH"},{"data":"bronze:Library","floor":18.0,"key":"SMITH"},{"data":"bronze:Repulsor","floor":28,"key":"SMITH"},{"data":"bronze:Repair","floor":35,"key":"SMITH"},{"data":"bronze:ClassDefault","floor":40,"key":"SMITH"},{"data":"bronze:Boost","floor":45,"key":"SMITH"},{"data":"bronze:InfiniteBeams","floor":47,"key":"SMITH"},{"data":"bronze:Library","floor":54,"key":"SMITH"}],"circlet_count":0,"master_deck":["bronze:Defend+1","bronze:Defend","bronze:Defend","bronze:Replicate+1","bronze:Goto","bronze:Terminator+1","bronze:CloningBeam+1","bronze:Boost+1","bronze:Repair+1","bronze:Iterate+1","expansioncontent:QuickStudy+1","Dramatic Entrance+1","bronze:Iterate+1","bronze:GetLatest","bronze:Overheat+1","bronze:CutThrough+1","bronze:Return+1","bronze:Library+1","bronze:ClassDefault+1","bronze:InfiniteBeams+1","bronze:CloningBeam+1","bronze:Repulsor+1","bronze:Boost+1","bronze:Iterate+1","bronze:ChildClass","bronze:Virus+1","bronze:Virus+1","bronze:ForceShield+1","bronze:MaxOutput+1","bronze:Fortify+1","bronze:Repair+1","bronze:Library+1","bronze:ForLoop+1","bronze:Constructor+1","bronze:DarkDash+1","Enlightenment","bronze:MaxOutput"],"relics":["bronze:BronzeCore","Molten Egg 2","Membership Card","downfall:HeartBlessingRed","Toy Ornithopter","Anchor","Potion Belt","Ancient Tea Set","White Beast Statue","War Paint","Philosopher\u0027s Stone","downfall:HeartBlessingGreen","Omamori","Juzu Bracelet","downfall:KnowingSkull","Pen Nib","MawBank","downfall:HeartBlessingBlue","Calipers","Whetstone","Coffee Dripper","SacredBark","The Courier","hexamod:BolsterEngine","Prayer Wheel","Du-Vu Doll","Medical Kit","hexamod:CandleOfCauterizing","Bag of Preparation","bronze:DecasWashers","Orichalcum","Nunchaku","Regal Pillow","Gremlin Horn","StoneCalendar","Akabeko","bronze:SilverBullet","Centennial Puzzle","Bronze Scales","hexamod:Sixitude","Torii","Guardian:GemstoneGun","Turnip","Mercury Hourglass","Art of War","Guardian:PocketSentry","Bag of Marbles","Ice Cream","Lizard Tail","Dead Branch","Bottled Flame","OrangePellets","Bottled Tornado","champ:DuelingGlove","Oddly Smooth Stone","bronze:BronzeIdol","champ:DeflectingBracers","Vajra","Bottled Lightning","Blood Vial","Happy Flower","bronze:ProtectiveGoggles","Boot","Shuriken","Bottled Tornado"],"acts_visited":["Exordium","TheCity","TheBeyond","TheEnding"],"potions_floor_usage":[26,27,29,32,33,42,44],"damage_taken":[{"damage":1.0,"enemies":"Cultist","floor":2.0,"turns":4.0},{"damage":0.0,"enemies":"Small Slimes","floor":4.0,"turns":3.0},{"damage":0.0,"enemies":"2 Louse","floor":5.0,"turns":3.0},{"damage":5.0,"enemies":"3 Sentries","floor":8.0,"turns":7.0},{"damage":0.0,"enemies":"downfall:FleeingMerchant","floor":9.0,"turns":4.0},{"damage":9.0,"enemies":"downfall:LadyInBlue","floor":11.0,"turns":7.0},{"damage":15.0,"enemies":"Lagavulin","floor":12.0,"turns":5.0},{"damage":0.0,"enemies":"Blue Slaver","floor":13.0,"turns":2.0},{"damage":0.0,"enemies":"Red Slaver","floor":14.0,"turns":2.0},{"damage":0.0,"enemies":"Large Slime","floor":15.0,"turns":1.0},{"damage":21.0,"enemies":"DF_ARCHETYPE_STREAMLINE","floor":16.0,"turns":5.0},{"damage":4.0,"enemies":"Chosen","floor":19.0,"turns":2.0},{"damage":9.0,"enemies":"downfall:FleeingMerchant","floor":20.0,"turns":4.0},{"damage":3,"enemies":"3 Cultists","floor":25,"turns":3},{"damage":10,"enemies":"Gremlin Leader","floor":26,"turns":4},{"damage":3,"enemies":"Snecko","floor":27,"turns":4},{"damage":1,"enemies":"Slavers","floor":29,"turns":3},{"damage":3,"enemies":"Cultist and Chosen","floor":30,"turns":3},{"damage":34,"enemies":"Book of Stabbing","floor":31,"turns":4},{"damage":32,"enemies":"Snake Plant","floor":32,"turns":4},{"damage":17,"enemies":"IC_MUSHROOM_ARCHETYPE","floor":33,"turns":4},{"damage":26,"enemies":"3 Darklings","floor":36,"turns":4},{"damage":1,"enemies":"Orb Walker","floor":39,"turns":3},{"damage":1,"enemies":"4 Shapes","floor":42,"turns":2},{"damage":1,"enemies":"Giant Head","floor":43,"turns":5},{"damage":8,"enemies":"3 Darklings","floor":44,"turns":3},{"damage":9,"enemies":"Nemesis","floor":46,"turns":3},{"damage":0,"enemies":"downfall:FleeingMerchant","floor":48,"turns":2},{"damage":3,"enemies":"Maw","floor":49,"turns":4},{"damage":6,"enemies":"SI_POISON_ARCHETYPE","floor":50,"turns":3},{"damage":3,"enemies":"downfall:CharBossMerchant","floor":52,"turns":3},{"damage":1,"enemies":"downfall:NeowBoss","floor":55,"turns":5},{"damage":0,"enemies":"downfall:NeowBossFinal","floor":56,"turns":2}],"seed_played":"-8487666736641803840","potions_obtained":[{"floor":4.0,"key":"ColorlessPotion"},{"floor":5.0,"key":"Energy Potion"},{"floor":8.0,"key":"Slimebound:ThreeZeroPotion"},{"floor":11.0,"key":"champ:CounterPotion"},{"floor":11.0,"key":"DuplicationPotion"},{"floor":14.0,"key":"bronze:CleanCodePotion"},{"floor":26,"key":"SpeedPotion"},{"floor":27,"key":"Guardian:BlockOnCardUsePotion"},{"floor":29,"key":"FairyPotion"},{"floor":32,"key":"Strength Potion"},{"floor":33,"key":"Strength Potion"},{"floor":36,"key":"PowerPotion"},{"floor":42,"key":"Block Potion"},{"floor":44,"key":"PowerPotion"},{"floor":46,"key":"EssenceOfSteel"},{"floor":52,"key":"PowerPotion"}],"is_trial":false,"path_per_floor":["R","M","?","M","M","R","T","E","$","R","?","E","M","M","M","B",null,"R","M","$","?","?","?","T","M","E","M","R","E","M","E","M","B",null,"R","M","?","?","M","R","T","M","E","M","R","E","R","$","M","B",null,"E","$","R","B","B",null],"character_chosen":"THE_AUTOMATON","items_purchased":["bronze:Iterate+1","Potion Belt","Ancient Tea Set","expansioncontent:QuickStudy","Dramatic Entrance+1","Omamori","Juzu Bracelet","bronze:InfiniteBeams","Medical Kit","hexamod:CandleOfCauterizing","Bag of Preparation","bronze:DecasWashers","Orichalcum","Nunchaku","Regal Pillow","Gremlin Horn","StoneCalendar","Akabeko","bronze:SilverBullet","Centennial Puzzle","Bronze Scales","hexamod:Sixitude","Torii","Guardian:GemstoneGun","Turnip","Mercury Hourglass","Art of War","Guardian:PocketSentry","Bag of Marbles","Ice Cream","Lizard Tail","Dead Branch","OrangePellets","Bottled Tornado","champ:DuelingGlove","Oddly Smooth Stone","bronze:BronzeIdol","champ:DeflectingBracers","Vajra","Enlightenment","Bottled Lightning","Blood Vial","Happy Flower","bronze:ProtectiveGoggles","Boot","Shuriken","bronze:MaxOutput"],"campfire_rested":0,"item_purchase_floors":[9,9,9,9,9,20,20,20,48,48,48,48,48,48,48,48,48,48,48,48,48,48,48,48,48,48,48,48,48,48,48,48,53,53,53,53,53,53,53,53,53,53,53,53,53,53,53],"current_hp_per_floor":[70,69,74,74,74,74,74,69,75,75,66,58,65,72,72,54,75,75,71,62,62,62,55,55,59,66,75,85,85,85,54,27,22,85,85,69,96,96,96,96,96,96,96,96,96,96,96,96,96,93,96,96,96,96,95,96],"gold":286,"neow_bonus":"TRANSFORM_CARD","is_daily":false,"chose_seed":false,"campfire_upgraded":9,"win_rate":0.0,"timestamp":1611324955,"path_taken":["R","M","?","M","M","R","T","E","$","R","?","E","M","M","M","BOSS","R","M","$","?","?","?","T","M","E","M","R","E","M","E","M","BOSS","R","M","?","?","M","R","T","M","E","M","R","E","R","$","M","BOSS","E","$","R","BOSS","BOSS"],"items_purchased_type":["Card","Relic","Relic","Card","Card","Relic","Relic","Card","Relic","Relic","Relic","Relic","Relic","Relic","Relic","Relic","Relic","Relic","Relic","Relic","Relic","Relic","Relic","Relic","Relic","Relic","Relic","Relic","Relic","Relic","Relic","Relic","Relic","Relic","Relic","Relic","Relic","Relic","Relic","Card","Relic","Relic","Relic","Relic","Relic","Relic","Card"],"build_version":"2020-12-22","purchased_purges":3,"victory":true,"max_hp_per_floor":[70,70,75,75,75,75,75,75,75,75,75,75,75,75,75,75,75,75,75,75,75,75,75,75,75,75,75,85,85,85,85,85,85,85,85,85,96,96,96,96,96,96,96,96,96,96,96,96,96,96,96,96,96,96,96,96],"relic_stats":{"Regal Pillow":0,"Gremlin Horn":[2,2],"Torii":0,"StoneCalendar":[0],"Juzu Bracelet":0,"Bag of Preparation":[10],"Whetstone":["bronze:Replicate"],"Boot":[0],"Blood Vial":1,"Nunchaku":[8],"Centennial Puzzle":[10],"Lizard Tail":0,"Prayer Wheel":2,"Happy Flower":[2],"counters":[33,117],"Dead Branch":[66],"Pen Nib":[21],"War Paint":["bronze:Defend","bronze:Terminator"],"Orichalcum":[12],"MawBank":264,"Medical Kit":[2],"Mercury Hourglass":[30],"OrangePellets":[0],"Shuriken":[6],"Bronze Scales":[3],"Turnip":[7],"Art of War":[1],"obtain_stats":[{"Ice Cream":48,"champ:DuelingGlove":53,"Calipers":29,"Gremlin Horn":48,"Vajra":53,"downfall:HeartBlessingGreen":18,"Whetstone":31,"Bottled Tornado":53,"Boot":53,"Blood Vial":53,"Centennial Puzzle":48,"Lizard Tail":48,"Philosopher\u0027s Stone":17,"Prayer Wheel":43,"Happy Flower":53,"Dead Branch":48,"Oddly Smooth Stone":53,"Pen Nib":24,"Guardian:PocketSentry":48,"War Paint":12,"Akabeko":48,"Du-Vu Doll":46,"OrangePellets":53,"Bottled Flame":52,"Shuriken":53,"Bronze Scales":48,"Molten Egg 2":0,"bronze:SilverBullet":48,"Regal Pillow":48,"bronze:BronzeCore":0,"Torii":48,"SacredBark":34,"StoneCalendar":48,"Juzu Bracelet":20,"Bag of Preparation":48,"Ancient Tea Set":9,"Nunchaku":48,"downfall:HeartBlessingBlue":28,"downfall:KnowingSkull":23,"Potion Belt":9,"hexamod:CandleOfCauterizing":48,"downfall:HeartBlessingRed":6,"bronze:DecasWashers":48,"Guardian:GemstoneGun":48,"hexamod:Sixitude":48,"The Courier":39,"champ:DeflectingBracers":53,"Omamori":20,"Orichalcum":48,"MawBank":26,"Medical Kit":48,"White Beast Statue":11,"Mercury Hourglass":48,"bronze:BronzeIdol":53,"Anchor":8,"bronze:ProtectiveGoggles":53,"Turnip":48,"Coffee Dripper":34,"Art of War":48,"Bag of Marbles":48,"Membership Card":0,"Bottled Lightning":53,"hexamod:BolsterEngine":41,"Toy Ornithopter":7},{"Ice Cream":28,"champ:DuelingGlove":31,"Calipers":17,"Gremlin Horn":28,"Vajra":31,"downfall:HeartBlessingGreen":11,"Whetstone":19,"Bottled Tornado":31,"Boot":31,"Blood Vial":31,"Centennial Puzzle":28,"Lizard Tail":28,"Philosopher\u0027s Stone":11,"Prayer Wheel":25,"Happy Flower":31,"Dead Branch":28,"Oddly Smooth Stone":31,"Pen Nib":13,"Guardian:PocketSentry":28,"War Paint":7,"Akabeko":28,"Du-Vu Doll":27,"OrangePellets":31,"Bottled Flame":31,"Shuriken":31,"Bronze Scales":28,"Molten Egg 2":0,"bronze:SilverBullet":28,"Regal Pillow":28,"bronze:BronzeCore":0,"Torii":28,"SacredBark":21,"StoneCalendar":28,"Juzu Bracelet":13,"Bag of Preparation":28,"Ancient Tea Set":5,"Nunchaku":28,"downfall:HeartBlessingBlue":16,"downfall:KnowingSkull":13,"Potion Belt":5,"hexamod:CandleOfCauterizing":28,"downfall:HeartBlessingRed":3,"bronze:DecasWashers":28,"Guardian:GemstoneGun":28,"hexamod:Sixitude":28,"The Courier":23,"champ:DeflectingBracers":31,"Omamori":13,"Orichalcum":28,"MawBank":15,"Medical Kit":28,"White Beast Statue":6,"Mercury Hourglass":28,"bronze:BronzeIdol":31,"Anchor":4,"bronze:ProtectiveGoggles":31,"Turnip":28,"Coffee Dripper":21,"Art of War":28,"Bag of Marbles":28,"Membership Card":0,"Bottled Lightning":31,"hexamod:BolsterEngine":23,"Toy Ornithopter":3},{"Ice Cream":100,"champ:DuelingGlove":110,"Calipers":63,"Gremlin Horn":100,"Vajra":110,"downfall:HeartBlessingGreen":43,"Whetstone":70,"Bottled Tornado":110,"Boot":110,"Blood Vial":110,"Centennial Puzzle":100,"Lizard Tail":100,"Philosopher\u0027s Stone":43,"Prayer Wheel":92,"Happy Flower":110,"Dead Branch":100,"Oddly Smooth Stone":110,"Pen Nib":49,"Guardian:PocketSentry":100,"War Paint":33,"Akabeko":100,"Du-Vu Doll":98,"OrangePellets":110,"Bottled Flame":110,"Shuriken":110,"Bronze Scales":100,"Molten Egg 2":0,"bronze:SilverBullet":100,"Regal Pillow":100,"bronze:BronzeCore":0,"Torii":100,"SacredBark":78,"StoneCalendar":100,"Juzu Bracelet":49,"Bag of Preparation":100,"Ancient Tea Set":21,"Nunchaku":100,"downfall:HeartBlessingBlue":60,"downfall:KnowingSkull":49,"Potion Belt":21,"hexamod:CandleOfCauterizing":100,"downfall:HeartBlessingRed":10,"bronze:DecasWashers":100,"Guardian:GemstoneGun":100,"hexamod:Sixitude":100,"The Courier":83,"champ:DeflectingBracers":110,"Omamori":49,"Orichalcum":100,"MawBank":56,"Medical Kit":100,"White Beast Statue":28,"Mercury Hourglass":100,"bronze:BronzeIdol":110,"Anchor":17,"bronze:ProtectiveGoggles":110,"Turnip":100,"Coffee Dripper":78,"Art of War":100,"Bag of Marbles":100,"Membership Card":0,"Bottled Lightning":110,"hexamod:BolsterEngine":85,"Toy Ornithopter":10}],"Toy Ornithopter":21},"card_choices":[{"not_picked":["bronze:Separator+1","bronze:Return"],"picked":"bronze:CloningBeam+1","floor":2.0},{"not_picked":["bronze:Allocate","bronze:Iterate+1"],"picked":"bronze:Boost","floor":4.0},{"not_picked":["bronze:BitShift","bronze:Turbo","bronze:Frontload"],"picked":"SKIP","floor":5.0},{"not_picked":["bronze:Overheat+1","bronze:Deprecate"],"picked":"bronze:Repair","floor":8.0},{"not_picked":["bronze:Shield","bronze:BronzeArmor","bronze:DelayedGuard"],"picked":"SKIP","floor":9.0},{"not_picked":["bronze:Refactor","bronze:Separator+1"],"picked":"bronze:Iterate+1","floor":11.0},{"not_picked":["bronze:Safeguard","bronze:Backtrace+1"],"picked":"bronze:GetLatest","floor":12.0},{"not_picked":["bronze:BitShift","bronze:Branch+1"],"picked":"bronze:Overheat+1","floor":13.0},{"not_picked":["bronze:Overheat+1","bronze:BitShift"],"picked":"bronze:CutThrough+1","floor":14.0},{"not_picked":["bronze:Return","bronze:Frontload","bronze:Overheat+1"],"picked":"SKIP","floor":15.0},{"not_picked":["bronze:Break+1","bronze:HyperBeam+1"],"picked":"bronze:Library","floor":16.0},{"not_picked":["bronze:Deprecate","bronze:ForceShield","bronze:Turbo"],"picked":"SKIP","floor":19.0},{"not_picked":["bronze:Safeguard","bronze:BitShift"],"picked":"bronze:ClassDefault","floor":20.0},{"not_picked":["bronze:Optimize","bronze:Branch+1"],"picked":"bronze:CloningBeam+1","floor":25},{"not_picked":["bronze:Overheat+1","bronze:WhirlingStrike+1"],"picked":"bronze:Repulsor","floor":26},{"not_picked":["bronze:DelayedSlice+1","bronze:Philosophize"],"picked":"bronze:Boost","floor":27},{"not_picked":["bronze:Overheat+1","bronze:Frontload"],"picked":"bronze:Iterate+1","floor":29},{"not_picked":["bronze:DelayedGuard","bronze:FollowUp+1","bronze:CutThrough+1"],"picked":"SKIP","floor":30},{"not_picked":["bronze:Overheat+1","bronze:Turbo"],"picked":"bronze:ChildClass","floor":31},{"not_picked":["bronze:DelayedGuard","bronze:Deprecate+1"],"picked":"bronze:Virus+1","floor":32},{"not_picked":["bronze:ThunderWave+1","bronze:BurnOut+1"],"picked":"bronze:Virus+1","floor":33},{"not_picked":["bronze:DelayedGuard","bronze:DigitalCarnage+1","bronze:WhirlingStrike+1"],"picked":"SKIP","floor":36},{"not_picked":["bronze:ItsAFeature+1","bronze:NullPointer+1"],"picked":"bronze:ForceShield+1","floor":39},{"not_picked":["bronze:Deprecate+1","bronze:Allocate+1","bronze:Frontload"],"picked":"SKIP","floor":42},{"not_picked":["bronze:Allocate","bronze:Branch+1"],"picked":"bronze:Fortify+1","floor":43},{"not_picked":["bronze:Overheat+1","bronze:FollowUp+1"],"picked":"bronze:Repair+1","floor":44},{"not_picked":["bronze:WhirlingStrike+1","bronze:Safeguard","bronze:Frontload"],"picked":"SKIP","floor":44},{"not_picked":["bronze:DelayedGuard+1","bronze:ClassDefault","bronze:Refactor+1"],"picked":"SKIP","floor":46},{"not_picked":["bronze:Allocate+1","bronze:WildBeam+1"],"picked":"bronze:Library","floor":48},{"not_picked":["bronze:Shield","bronze:ItsAFeature+1"],"picked":"bronze:ForLoop+1","floor":49},{"not_picked":["bronze:Branch+1","bronze:Shell"],"picked":"bronze:Constructor+1","floor":49},{"not_picked":["bronze:Deprecate+1","bronze:BugBarrage+1"],"picked":"bronze:DarkDash+1","floor":52}],"player_experience":1084793,"relics_obtained":[{"floor":7.0,"key":"Toy Ornithopter"},{"floor":8.0,"key":"Anchor"},{"floor":11.0,"key":"White Beast Statue"},{"floor":12.0,"key":"War Paint"},{"floor":26,"key":"MawBank"},{"floor":29,"key":"Calipers"},{"floor":31,"key":"Whetstone"},{"floor":41,"key":"hexamod:BolsterEngine"},{"floor":43,"key":"Prayer Wheel"},{"floor":46,"key":"Du-Vu Doll"},{"floor":52,"key":"Bottled Flame"}],"event_choices":[{"damage_healed":0.0,"max_hp_gain":5.0,"max_hp_loss":0.0,"gold_gain":0.0,"event_name":"Big Fish","player_choice":"Donut","floor":3.0,"gold_loss":0.0,"damage_taken":0.0},{"damage_healed":0,"gold_gain":0,"player_choice":"Ignored","damage_taken":0,"max_hp_gain":0,"max_hp_loss":0,"event_name":"Ghosts","floor":22,"gold_loss":0}],"is_beta":false,"boss_relics":[{"not_picked":["Sozu","Snecko Eye"],"picked":"Philosopher\u0027s Stone"},{"not_picked":["SacredBark","Calling Bell"],"picked":"Coffee Dripper"}],"items_purged_floors":[9,20,53],"is_endless":false,"potions_floor_spawned":[4,5,8,12,13,14,15,16,19,20,25,26,27,29,30,31,32,33,36,39,42,43,44,46,48,49,52],"ascension_level":3}}