{"host":"zv753xhrtese558r","time":1611289653,"event":{"mods":["2.2 Compatiblity","AchievementEnabler","BaseMod","Bestiary","Better Match","Better Note","Better Skull","Better Third Choice","BetterRewards","Colored Map","Colored Powertips","Googly Eyes","Infinite Spire","Minty Spire (QoL Compilation)","Spicy Shops","StSLib"],"gold_per_floor":[117,117,135,154,177,177,196,7,62,62,62,62,77,95,95,190,190,201,201,251,263,15,15,15,45,45,61,61,61,75,107,107,203,203,216,216,216,216,129,154,167,167,193,193,193,45,45,95,95,95],"floor_reached":51,"language":"ENG","playtime":2599,"items_purged":["Strike_R","Strike_R","Decay","Defend_R"],"score":1408,"play_id":"f9acee2b-1788-4d86-8fb6-1152bff11044","local_time":"20210121202733","is_ascension_mode":true,"campfire_choices":[{"data":"Twin Strike","floor":6,"key":"SMITH"},{"data":"Pummel","floor":10,"key":"SMITH"},{"floor":12,"key":"REST"},{"data":"Rage","floor":15,"key":"SMITH"},{"data":"Berserk","floor":23,"key":"SMITH"},{"floor":32,"key":"REST"},{"data":"Madness","floor":42,"key":"SMITH"},{"data":"Combust","floor":44,"key":"SMITH"},{"data":"Fire Breathing","floor":47,"key":"SMITH"},{"data":"Madness","floor":49,"key":"SMITH"}],"circlet_count":0,"master_deck":["AscendersBane","Strike_R","Strike_R","Defend_R","Defend_R","Defend_R","Bash","Twin Strike","Twin Strike+1","Thunderclap","Pommel Strike","Pummel+1","Cleave","Rage+1","Dark Embrace","Berserk+1","Headbutt","True Grit","Combust+1","Power Through","Intimidate","True Grit+1","Feel No Pain","Reaper","Immolate","CurseOfTheBell","Madness+1","Madness+1","Purity","Fire Breathing+1","Reckless Charge"],"relics":["Black Blood","Brimstone","infinitespire:EmpoweringShard","Ginger","Dead Branch","Juzu Bracelet","Membership Card","Orichalcum","Happy Flower","TungstenRod","Art of War","FossilizedHelix","Eternal Feather","Calling Bell","Oddly Smooth Stone","infinitespire:WardingShard","WingedGreaves","infinitespire:Satchel","infinitespire:Lucky Rock","Torii"],"acts_visited":["Exordium","TheCity","TheBeyond"],"potions_floor_usage":[0,4,8,16,21,25,31,35,40,40,48,48],"damage_taken":[{"damage":10,"enemies":"Small Slimes","floor":1,"turns":2},{"damage":0,"enemies":"Cultist","floor":3,"turns":2},{"damage":0,"enemies":"Jaw Worm","floor":4,"turns":1},{"damage":25,"enemies":"Lots of Slimes","floor":7,"turns":3},{"damage":1,"enemies":"2 Fungi Beasts","floor":13,"turns":2},{"damage":6,"enemies":"Gremlin Gang","floor":14,"turns":2},{"damage":48,"enemies":"Hexaghost","floor":16,"turns":5},{"damage":0,"enemies":"3 Byrds","floor":18,"turns":3},{"damage":0,"enemies":"Spheric Guardian","floor":21,"turns":2},{"damage":40,"enemies":"Slavers","floor":25,"turns":4},{"damage":8,"enemies":"3 Cultists","floor":27,"turns":4},{"damage":12,"enemies":"Centurion and Healer","floor":30,"turns":4},{"damage":21,"enemies":"Book of Stabbing","floor":31,"turns":3},{"damage":57,"enemies":"Automaton","floor":33,"turns":7},{"damage":0,"enemies":"3 Darklings","floor":35,"turns":3},{"damage":19,"enemies":"Nemesis","floor":40,"turns":5},{"damage":0,"enemies":"Orb Walker","floor":41,"turns":2},{"damage":35,"enemies":"Mind Bloom Boss Battle","floor":48,"turns":4},{"damage":89,"enemies":"Time Eater","floor":50,"turns":7}],"seed_played":"9132902203108152871","potions_obtained":[{"floor":1,"key":"Explosive Potion"},{"floor":13,"key":"SpeedPotion"},{"floor":14,"key":"Energy Potion"},{"floor":16,"key":"AttackPotion"},{"floor":18,"key":"Fire Potion"},{"floor":25,"key":"Fruit Juice"},{"floor":30,"key":"AttackPotion"},{"floor":35,"key":"DistilledChaos"},{"floor":41,"key":"AttackPotion"}],"is_trial":false,"path_per_floor":["M","?","M","M","T","R","M","$","T","R","?","R","M","M","R","B",null,"M","?","?","M","$","R","?","E","T","M","?","?","M","E","R","B",null,"M","?","?","?","$","E","M","R","T","R","?","$","R","?","R","B",null],"character_chosen":"IRONCLAD","items_purchased":["Brimstone","infinitespire:EmpoweringShard","Twin Strike","Ginger","BloodPotion","Membership Card","Cleave","BloodPotion","TungstenRod","Combust","PowerPotion","Fire Breathing","DistilledChaos"],"campfire_rested":2,"item_purchase_floors":[0,0,0,0,0,8,8,8,22,22,39,46,46],"current_hp_per_floor":[52,52,58,64,64,64,45,61,61,61,61,80,80,80,80,38,70,80,80,80,80,80,80,80,57,57,61,61,61,61,52,85,40,74,85,85,85,75,75,78,85,85,85,85,85,85,85,81,85,23],"gold":95,"neow_bonus":"","is_daily":false,"chose_seed":false,"campfire_upgraded":8,"win_rate":0.0,"timestamp":1611289653,"path_taken":["M","?","M","M","?","R","M","$","T","R","?","R","M","M","R","BOSS","M","?","?","M","$","R","?","E","T","M","?","?","M","E","R","BOSS","M","?","?","?","$","E","M","R","T","R","?","$","R","?","R","BOSS"],"items_purchased_type":["Relic","Relic","Card","Relic","Potion","Relic","Card","Potion","Relic","Card","Potion","Card","Potion"],"build_version":"2020-12-22","purchased_purges":4,"victory":true,"max_hp_per_floor":[80,80,80,80,80,80,80,80,80,80,80,80,80,80,80,80,80,80,80,80,80,80,80,80,85,85,85,85,85,85,85,85,85,85,85,85,85,85,85,85,85,85,85,85,85,85,85,85,85,85],"card_choices":[{"not_picked":["Dual Wield","Dark Embrace"],"picked":"Twin Strike","floor":1},{"not_picked":["Heavy Blade","Feel No Pain"],"picked":"Thunderclap","floor":3},{"not_picked":["Sword Boomerang","Heavy Blade"],"picked":"Pommel Strike","floor":4},{"not_picked":["Armaments","Perfected Strike"],"picked":"Pummel","floor":7},{"not_picked":["Bloodletting","Shockwave"],"picked":"Rage","floor":13},{"not_picked":["Rage","Wild Strike"],"picked":"Dark Embrace","floor":14},{"not_picked":["Fiend Fire","Reaper"],"picked":"Berserk","floor":16},{"not_picked":["Cleave","Sword Boomerang"],"picked":"Headbutt","floor":18},{"not_picked":["Cleave","Dual Wield+1"],"picked":"True Grit","floor":21},{"not_picked":["Fiend Fire","Sword Boomerang"],"picked":"Intimidate","floor":25},{"not_picked":["Spot Weakness","Sword Boomerang"],"picked":"True Grit+1","floor":27},{"not_picked":["Thunderclap+1","Clothesline+1"],"picked":"Feel No Pain","floor":30},{"not_picked":["Thunderclap","Power Through"],"picked":"Reaper","floor":31},{"not_picked":["Berserk","Demon Form"],"picked":"Immolate","floor":33},{"not_picked":["Clothesline","Rage","Headbutt"],"picked":"SKIP","floor":35},{"not_picked":["Flex","Cleave","Iron Wave"],"picked":"SKIP","floor":40},{"not_picked":["Thunderclap","Flex","Anger"],"picked":"SKIP","floor":41},{"not_picked":["Sadistic Nature","Enlightenment"],"picked":"Purity","floor":45},{"not_picked":["Pommel Strike","infinitespire:OneForAll"],"picked":"Reckless Charge","floor":48}],"player_experience":392434,"relics_obtained":[{"floor":5,"key":"Juzu Bracelet"},{"floor":9,"key":"Orichalcum"},{"floor":25,"key":"Art of War"},{"floor":26,"key":"FossilizedHelix"},{"floor":31,"key":"Eternal Feather"},{"floor":34,"key":"Oddly Smooth Stone"},{"floor":34,"key":"infinitespire:WardingShard"},{"floor":34,"key":"WingedGreaves"},{"floor":40,"key":"infinitespire:Satchel"},{"floor":43,"key":"infinitespire:Lucky Rock"},{"floor":48,"key":"Torii"}],"event_choices":[{"damage_healed":0,"gold_gain":0,"player_choice":"Ignored","damage_taken":117,"max_hp_gain":0,"max_hp_loss":0,"event_name":"betterThird:BetterSerpent","floor":2,"gold_loss":0},{"cards_removed":["Strike_R"],"damage_healed":0,"gold_gain":0,"player_choice":"Offered Basic","damage_taken":0,"max_hp_gain":0,"max_hp_loss":0,"event_name":"Bonfire Elementals","floor":11,"gold_loss":0},{"damage_healed":0,"gold_gain":0,"player_choice":"Opened","damage_taken":0,"relics_obtained":["Happy Flower"],"max_hp_gain":0,"max_hp_loss":0,"event_name":"The Mausoleum","floor":19,"gold_loss":0},{"damage_healed":0,"gold_gain":100,"player_choice":"Bet on Murderer","damage_taken":0,"max_hp_gain":0,"max_hp_loss":0,"event_name":"The Joust","floor":20,"gold_loss":50},{"damage_healed":0,"gold_gain":0,"player_choice":"Read","damage_taken":0,"max_hp_gain":0,"max_hp_loss":0,"event_name":"The Library","floor":24,"gold_loss":0,"cards_obtained":["Power Through"]},{"damage_healed":0,"gold_gain":0,"player_choice":"Smashed Altar","damage_taken":0,"max_hp_gain":0,"max_hp_loss":0,"event_name":"Forgotten Altar","floor":28,"gold_loss":0,"cards_obtained":["Decay"]},{"damage_healed":0,"gold_gain":0,"player_choice":"Ignored","damage_taken":0,"max_hp_gain":0,"max_hp_loss":0,"event_name":"Vampires","floor":29,"gold_loss":0},{"damage_healed":0,"gold_gain":0,"player_choice":"Ignored","damage_taken":0,"max_hp_gain":0,"max_hp_loss":0,"event_name":"Tomb of Lord Red Mask","floor":37,"gold_loss":0},{"damage_healed":0,"gold_gain":0,"player_choice":"Embrace Madness","damage_taken":11,"max_hp_gain":0,"max_hp_loss":0,"event_name":"Winding Halls","floor":38,"gold_loss":0,"cards_obtained":["Madness","Madness"]},{"damage_healed":0,"gold_gain":0,"player_choice":"Memory 1","damage_taken":0,"max_hp_gain":0,"max_hp_loss":0,"event_name":"SensoryStone","floor":45,"gold_loss":0},{"damage_healed":0,"gold_gain":0,"player_choice":"Fight","damage_taken":0,"max_hp_gain":0,"max_hp_loss":0,"event_name":"MindBloom","floor":48,"gold_loss":0}],"is_beta":false,"boss_relics":[{"not_picked":["Runic Cube","Runic Pyramid"],"picked":"Black Blood"},{"not_picked":["Black Star","Mark of Pain"],"picked":"Calling Bell"}],"items_purged_floors":[0,22,39,46],"is_endless":false,"potions_floor_spawned":[1,13,14,16,18,25,30,35,41],"ascension_level":12}}