{"host":"qsusua7l529r8z9k","time":1611320035,"event":{"mods":["BaseMod","Minty Spire (QoL Compilation)","Spicy Shops","StSLib"],"gold_per_floor":[109,259,259,269,269,269,302,313,340,361,372,15,15,49,49,126,126,137,151,151,179,198,198,226,226,226,252,261,361,400,129,129,210,210,239,254,254,273,148,188,188,222,222,263,273,306,333,333,333,333,333],"floor_reached":52,"language":"ZHS","playtime":1537,"items_purged":["Strike_P","Strike_P","Strike_P"],"score":2622,"play_id":"fc551622-4494-44c7-b0fd-766dfd59425e","local_time":"20210122205355","is_ascension_mode":true,"campfire_choices":[{"data":"Eruption","floor":6.0,"key":"SMITH"},{"data":"Ragnarok","floor":13.0,"key":"SMITH"},{"data":"SignatureMove","floor":15.0,"key":"SMITH"},{"data":"Tantrum","floor":23.0,"key":"SMITH"},{"data":"CrushJoints","floor":25.0,"key":"SMITH"},{"data":"Fasting2","floor":32.0,"key":"SMITH"},{"data":"Blasphemy","floor":49,"key":"SMITH"}],"circlet_count":0,"master_deck":["AscendersBane","Strike_P","Defend_P","Defend_P","Defend_P","Defend_P","Eruption+1","Vigilance","CrushJoints+1","Indignation","SignatureMove+1","Ragnarok+1","EmptyMind+1","Tantrum+1","Sanctity","Blasphemy+1","Fasting2+1","DevaForm","BowlingBash+1","Adaptation","Wallop+1","Scrawl","InnerPeace","Purity","Flash of Steel+1","Finesse"],"relics":["Coffee Dripper","Nunchaku","Pantograph","CeramicFish","ClockworkSouvenir","Pen Nib","Snecko Eye","Anchor","Molten Egg 2","Gambling Chip","Du-Vu Doll","Sundial","HornCleat","Vajra","Cursed Key","Mercury Hourglass","Bottled Lightning","Bottled Tornado","Bottled Flame"],"acts_visited":["Exordium","TheCity","TheBeyond"],"potions_floor_usage":[50,51],"damage_taken":[{"damage":0.0,"enemies":"Small Slimes","floor":1.0,"turns":5.0},{"damage":2.0,"enemies":"Jaw Worm","floor":4.0,"turns":3.0},{"damage":35.0,"enemies":"3 Sentries","floor":7.0,"turns":7.0},{"damage":0.0,"enemies":"Cultist","floor":8.0,"turns":4.0},{"damage":10.0,"enemies":"3 Louse","floor":10.0,"turns":2.0},{"damage":0.0,"enemies":"2 Fungi Beasts","floor":11.0,"turns":2.0},{"damage":0.0,"enemies":"Lagavulin","floor":14.0,"turns":3.0},{"damage":0.0,"enemies":"Slime Boss","floor":16.0,"turns":2.0},{"damage":0.0,"enemies":"Chosen","floor":18.0,"turns":2.0},{"damage":0.0,"enemies":"3 Byrds","floor":19.0,"turns":3.0},{"damage":0.0,"enemies":"Snake Plant","floor":21.0,"turns":2.0},{"damage":0.0,"enemies":"Centurion and Healer","floor":22.0,"turns":3.0},{"damage":0.0,"enemies":"Gremlin Leader","floor":24.0,"turns":1.0},{"damage":0.0,"enemies":"Slavers","floor":27.0,"turns":3.0},{"damage":0.0,"enemies":"Colosseum Slavers","floor":29.0,"turns":1.0},{"damage":0.0,"enemies":"Colosseum Nobs","floor":29.0,"turns":2.0},{"damage":0.0,"enemies":"Gremlin Leader","floor":30.0,"turns":1.0},{"damage":18.0,"enemies":"Automaton","floor":33.0,"turns":3.0},{"damage":1.0,"enemies":"Orb Walker","floor":35.0,"turns":2.0},{"damage":0.0,"enemies":"3 Darklings","floor":36.0,"turns":1.0},{"damage":7.0,"enemies":"Maw","floor":38.0,"turns":3.0},{"damage":3.0,"enemies":"Giant Head","floor":40.0,"turns":4.0},{"damage":0.0,"enemies":"Reptomancer","floor":42.0,"turns":2.0},{"damage":0.0,"enemies":"Nemesis","floor":44.0,"turns":3.0},{"damage":0.0,"enemies":"Writhing Mass","floor":45.0,"turns":1.0},{"damage":0.0,"enemies":"Giant Head","floor":46.0,"turns":3.0},{"damage":17,"enemies":"Awakened One","floor":50,"turns":4},{"damage":26,"enemies":"Donu and Deca","floor":51,"turns":5}],"seed_played":"1503586469268316918","potions_obtained":[{"floor":7.0,"key":"StancePotion"},{"floor":8.0,"key":"BottledMiracle"},{"floor":14.0,"key":"BottledMiracle"},{"floor":16.0,"key":"Block Potion"},{"floor":18.0,"key":"Regen Potion"},{"floor":38.0,"key":"Weak Potion"}],"is_trial":false,"path_per_floor":["M","?","?","M","T","R","E","M","T","M","M","$","R","E","R","B",null,"M","M","?","M","M","R","E","R","T","E","?","?","E","$","R","B",null,"M","M","$","M","$","E","?","E","T","E","M","E","?","T","R","B","B",null],"character_chosen":"WATCHER","items_purchased":["ClockworkSouvenir","Ragnarok","Vajra"],"campfire_rested":0,"item_purchase_floors":[12,12,31],"current_hp_per_floor":[61,61,54,52,52,52,17,17,17,7,7,7,7,7,7,32,59,59,59,59,59,59,59,59,59,59,59,59,59,59,59,59,50,64,63,63,63,56,56,53,53,53,53,53,53,53,43,43,43,48,47],"gold":333,"neow_bonus":"BOSS_RELIC","is_daily":false,"chose_seed":false,"campfire_upgraded":7,"win_rate":0.0,"timestamp":1611320035,"path_taken":["M","?","?","M","?","R","E","M","T","?","M","$","R","E","R","BOSS","M","M","?","M","?","R","E","R","T","E","?","?","E","$","R","BOSS","M","M","$","M","$","E","?","E","T","E","M","E","?","?","R","BOSS","BOSS"],"items_purchased_type":["Relic","Card","Relic"],"build_version":"2020-12-22","purchased_purges":3,"victory":true,"max_hp_per_floor":[68,68,68,68,68,68,68,68,68,68,68,68,68,68,68,68,68,68,68,68,68,68,68,68,68,68,68,68,68,68,68,68,68,68,68,68,68,68,68,68,65,65,65,65,65,65,65,65,65,65,65],"card_choices":[{"not_picked":["SashWhip","Vengeance"],"picked":"CrushJoints","floor":1.0},{"not_picked":["CrushJoints","CutThroughFate","Halt"],"picked":"SKIP","floor":4.0},{"not_picked":["Protect","Weave"],"picked":"Indignation","floor":7.0},{"not_picked":["Meditate","Perseverance","Crescendo"],"picked":"SKIP","floor":8.0},{"not_picked":["FlyingSleeves","BowlingBash"],"picked":"SignatureMove","floor":10.0},{"not_picked":["PathToVictory","Meditate","Prostrate"],"picked":"SKIP","floor":11.0},{"not_picked":["FlurryOfBlows","Study"],"picked":"EmptyMind","floor":14.0},{"not_picked":["JustLucky","CutThroughFate","FollowUp"],"picked":"SKIP","floor":18.0},{"not_picked":["Worship","SashWhip","WindmillStrike"],"picked":"SKIP","floor":19.0},{"not_picked":["Protect","FollowUp"],"picked":"Tantrum","floor":21.0},{"not_picked":["PathToVictory","EmptyFist"],"picked":"Sanctity","floor":22.0},{"not_picked":["Halt","Meditate","Sanctity"],"picked":"SKIP","floor":24.0},{"not_picked":["Consecrate+1","EmptyFist+1","ThirdEye"],"picked":"SKIP","floor":27.0},{"not_picked":["Meditate","CrushJoints+1"],"picked":"Fasting2","floor":30.0},{"not_picked":["SpiritShield","Establishment"],"picked":"DevaForm","floor":33.0},{"not_picked":["Weave+1","CutThroughFate+1"],"picked":"BowlingBash+1","floor":35.0},{"not_picked":["Consecrate+1","EmptyBody+1","Halt+1"],"picked":"SKIP","floor":36.0},{"not_picked":["EmptyBody","Protect"],"picked":"Adaptation","floor":38.0},{"not_picked":["ClearTheMind+1","PathToVictory"],"picked":"Wallop+1","floor":40.0},{"not_picked":["FearNoEvil+1","CutThroughFate+1"],"picked":"Scrawl","floor":42.0},{"not_picked":["Consecrate+1","Blasphemy"],"picked":"InnerPeace","floor":44.0},{"not_picked":["Evaluate","BowlingBash+1","FollowUp+1"],"picked":"SKIP","floor":45.0},{"not_picked":["Evaluate","BowlingBash+1","FollowUp+1"],"picked":"SKIP","floor":45.0},{"not_picked":["Sanctity","PathToVictory","Protect"],"picked":"SKIP","floor":46.0},{"not_picked":["Swift Strike+1","Violence"],"picked":"Purity","floor":47.0},{"not_picked":["Dramatic Entrance+1","Trip"],"picked":"Flash of Steel+1","floor":47.0},{"not_picked":["Blind","Dark Shackles"],"picked":"Finesse","floor":47.0}],"player_experience":459695,"relics_obtained":[{"floor":5.0,"key":"Nunchaku"},{"floor":7.0,"key":"Pantograph"},{"floor":9.0,"key":"CeramicFish"},{"floor":14.0,"key":"Pen Nib"},{"floor":24.0,"key":"Anchor"},{"floor":26.0,"key":"Molten Egg 2"},{"floor":27.0,"key":"Gambling Chip"},{"floor":29.0,"key":"Du-Vu Doll"},{"floor":29.0,"key":"Sundial"},{"floor":30.0,"key":"HornCleat"},{"floor":40.0,"key":"Mercury Hourglass"},{"floor":42.0,"key":"Bottled Lightning"},{"floor":44.0,"key":"Bottled Tornado"},{"floor":46.0,"key":"Bottled Flame"}],"event_choices":[{"damage_healed":0.0,"max_hp_gain":0.0,"max_hp_loss":0.0,"gold_gain":150.0,"event_name":"Liars Game","player_choice":"AGREE","floor":2.0,"gold_loss":0.0,"damage_taken":0.0,"cards_obtained":["Doubt"]},{"cards_removed":["Doubt"],"damage_healed":0.0,"max_hp_gain":0.0,"max_hp_loss":0.0,"gold_gain":0.0,"event_name":"Golden Wing","player_choice":"Card Removal","floor":3.0,"gold_loss":0.0,"damage_taken":7.0},{"damage_healed":0.0,"max_hp_gain":0.0,"max_hp_loss":0.0,"gold_gain":0.0,"event_name":"Accursed Blacksmith","player_choice":"Forge","floor":20.0,"gold_loss":0.0,"damage_taken":0.0,"cards_upgraded":["EmptyMind"]},{"damage_healed":0.0,"max_hp_gain":0.0,"max_hp_loss":0.0,"gold_gain":0.0,"event_name":"The Library","player_choice":"Read","floor":28.0,"gold_loss":0.0,"damage_taken":0.0,"cards_obtained":["Blasphemy"]},{"damage_healed":0.0,"max_hp_gain":0.0,"max_hp_loss":0.0,"gold_gain":0.0,"event_name":"Colosseum","player_choice":"Fight","floor":29.0,"gold_loss":0.0,"damage_taken":0.0},{"damage_healed":0.0,"max_hp_gain":0.0,"max_hp_loss":0.0,"gold_gain":0.0,"event_name":"Colosseum","player_choice":"Fought Nobs","floor":29.0,"gold_loss":0.0,"damage_taken":0.0},{"damage_healed":0.0,"max_hp_gain":0.0,"max_hp_loss":3.0,"gold_gain":0.0,"event_name":"Winding Halls","player_choice":"Max HP","floor":41.0,"gold_loss":0.0,"damage_taken":0.0},{"damage_healed":0.0,"max_hp_gain":0.0,"max_hp_loss":0.0,"gold_gain":0.0,"event_name":"SensoryStone","player_choice":"Memory 3","floor":47.0,"gold_loss":0.0,"damage_taken":10.0}],"is_beta":false,"boss_relics":[{"not_picked":["SacredBark","Velvet Choker"],"picked":"Snecko Eye"},{"not_picked":["Philosopher\u0027s Stone","SlaversCollar"],"picked":"Cursed Key"}],"items_purged_floors":[12,31,39],"is_endless":false,"potions_floor_spawned":[7,8,14,16,18,27,29,30,38,42,44],"ascension_level":20}}