{"host":"1tl36azeqm6yhdgj","time":1611315114,"event":{"mods":["AchievementEnabler","BaseMod","Minty Spire (QoL Compilation)","StSLib","The IronCluck","everything is the same but u backflip on backflip"],"gold_per_floor":[113,126,142,162,162,206,222,222,275,311,311,311,355,12,12,102,102,102,102],"floor_reached":18,"language":"ENG","playtime":538,"items_purged":["Injury"],"score":360,"play_id":"2db7da7f-3082-4327-9105-739897cf8946","local_time":"20210122063154","is_ascension_mode":true,"campfire_choices":[{"floor":11.0,"key":"REST"},{"floor":15.0,"key":"REST"}],"circlet_count":0,"master_deck":["AscendersBane","Strike_R","Strike_R","Defend_R","Defend_R","Defend_R","Defend_R","Bash","Clash","Rampage","Pommel Strike","Dark Embrace","Anger","Spot Weakness","Seeing Red","Bludgeon","Forethought","Scrawl"],"relics":["Burning Blood","NeowsBlessing","Golden Idol","Blue Candle","Regal Pillow","Question Card","HornCleat","Strawberry","PrismaticShard","Empty Cage"],"acts_visited":["Exordium","TheCity"],"potions_floor_usage":[],"damage_taken":[{"damage":0.0,"enemies":"2 Louse","floor":1.0,"turns":1.0},{"damage":0.0,"enemies":"Jaw Worm","floor":2.0,"turns":1.0},{"damage":0.0,"enemies":"Cultist","floor":3.0,"turns":1.0},{"damage":0.0,"enemies":"Exordium Wildlife","floor":4.0,"turns":3.0},{"damage":30.0,"enemies":"Lagavulin","floor":6.0,"turns":6.0},{"damage":14.0,"enemies":"3 Louse","floor":7.0,"turns":4.0},{"damage":32.0,"enemies":"Gremlin Nob","floor":10.0,"turns":4.0},{"damage":30.0,"enemies":"3 Sentries","floor":13.0,"turns":9.0},{"damage":65.0,"enemies":"Hexaghost","floor":16.0,"turns":9.0},{"damage":67,"enemies":"3 Byrds","floor":18,"turns":6}],"seed_played":"-4207197238929533776","potions_obtained":[{"floor":2.0,"key":"Block Potion"},{"floor":3.0,"key":"LiquidMemories"},{"floor":4.0,"key":"EssenceOfSteel"},{"floor":6.0,"key":"Dexterity Potion"}],"is_trial":false,"path_per_floor":["M","M","M","M","?","E","M","?","T","E","R","T","E","$","R","B",null,"M"],"character_chosen":"IRONCLAD","items_purchased":["PrismaticShard","Forethought"],"campfire_rested":2,"item_purchase_floors":[14,14],"current_hp_per_floor":[74,75,75,75,75,51,43,43,43,17,54,54,37,37,76,17,66,0,0],"gold":102,"neow_bonus":"THREE_ENEMY_KILL","is_daily":false,"chose_seed":false,"campfire_upgraded":0,"win_rate":0.0,"timestamp":1611315114,"path_taken":["M","M","M","M","?","E","M","?","T","E","R","?","E","?","R","BOSS","M"],"items_purchased_type":["Relic","Card"],"build_version":"2020-12-22","purchased_purges":1,"victory":false,"max_hp_per_floor":[75,75,75,75,75,75,75,75,75,75,75,75,82,82,82,82,82,82,82],"card_choices":[{"not_picked":["True Grit","Pummel"],"picked":"Clash","floor":1.0},{"not_picked":["Havoc","Clash"],"picked":"Rampage","floor":2.0},{"not_picked":["True Grit","Perfected Strike","Wild Strike"],"picked":"SKIP","floor":3.0},{"not_picked":["Clash","Havoc"],"picked":"Pommel Strike","floor":4.0},{"not_picked":["Pummel","Ghostly Armor"],"picked":"Dark Embrace","floor":6.0},{"not_picked":["Warcry","Clash"],"picked":"Anger","floor":7.0},{"not_picked":["Uppercut","Sword Boomerang"],"picked":"Seeing Red","floor":10.0},{"not_picked":["Iron Wave","Cleave","Whirlwind"],"picked":"Bludgeon","floor":13.0},{"not_picked":["Establishment","Omniscience","Bludgeon"],"picked":"Scrawl","floor":16.0}],"player_experience":2017003,"relics_obtained":[{"floor":6.0,"key":"Blue Candle"},{"floor":9.0,"key":"Regal Pillow"},{"floor":10.0,"key":"Question Card"},{"floor":12.0,"key":"HornCleat"},{"floor":13.0,"key":"Strawberry"}],"event_choices":[{"damage_healed":0.0,"max_hp_gain":0.0,"max_hp_loss":0.0,"gold_gain":0.0,"event_name":"Golden Idol","player_choice":"Take Wound","floor":5.0,"gold_loss":0.0,"damage_taken":0.0,"relics_obtained":["Golden Idol"],"cards_obtained":["Injury"]},{"damage_healed":0.0,"max_hp_gain":0.0,"max_hp_loss":0.0,"gold_gain":0.0,"cards_transformed":["Strike_R"],"event_name":"Living Wall","player_choice":"Change","floor":8.0,"gold_loss":0.0,"damage_taken":0.0,"cards_obtained":["Spot Weakness"]}],"is_beta":false,"boss_relics":[{"not_picked":["SlaversCollar","Cursed Key"],"picked":"Empty Cage"}],"items_purged_floors":[14],"is_endless":false,"potions_floor_spawned":[2,3,4,6],"killed_by":"3 Byrds","ascension_level":20}}