{"host":"c3lc60y5x60jlt1y","time":1611328616,"event":{"mods":["AchievementEnabler","BaseMod","Bestiary","Colored Map","Minty Spire (QoL Compilation)","Quick Restart","StSLib","ojb\u0027s Info Mod"],"gold_per_floor":[113,113,188,209,27,27,65,65,88,88,103,103,137,150,150,150,150],"floor_reached":16,"language":"ENG","playtime":679,"items_purged":["Strike_B"],"score":239,"play_id":"eeb0426f-5ffb-47cc-a23e-cc7bcd4c0cb9","local_time":"20210122171656","is_ascension_mode":true,"campfire_choices":[{"data":"Sunder","floor":6,"key":"SMITH"},{"data":"Turbo","floor":8,"key":"SMITH"},{"data":"Go for the Eyes","floor":15,"key":"SMITH"}],"circlet_count":0,"master_deck":["AscendersBane","Strike_B","Strike_B","Defend_B","Defend_B","Defend_B","Zap","Dualcast","Stack","Sunder+1","Turbo+1","Genetic Algorithm","Ball Lightning","Chill","Creative AI","Fusion","Go for the Eyes+1"],"relics":["Cracked Core","NeowsBlessing","Golden Idol","Du-Vu Doll","Art of War","Shuriken"],"acts_visited":[],"potions_floor_usage":[16],"damage_taken":[{"damage":0,"enemies":"Jaw Worm","floor":1,"turns":1},{"damage":0,"enemies":"Small Slimes","floor":4,"turns":1},{"damage":0,"enemies":"Gremlin Nob","floor":7,"turns":1},{"damage":0,"enemies":"Cultist","floor":11,"turns":3},{"damage":19,"enemies":"3 Sentries","floor":13,"turns":6},{"damage":14,"enemies":"Blue Slaver","floor":14,"turns":3},{"damage":22,"enemies":"Hexaghost","floor":16,"turns":11}],"seed_played":"546556836251839810","potions_obtained":[{"floor":13,"key":"DistilledChaos"},{"floor":14,"key":"SteroidPotion"}],"is_trial":false,"path_per_floor":["M","?","?","M","$","R","E","R","T","?","M","?","E","M","R","B"],"character_chosen":"DEFECT","items_purchased":["Turbo","Genetic Algorithm"],"campfire_rested":0,"item_purchase_floors":[5,5],"current_hp_per_floor":[64,64,53,53,53,53,53,53,53,53,53,53,34,20,20,0,0],"gold":150,"neow_bonus":"THREE_ENEMY_KILL","is_daily":false,"chose_seed":false,"campfire_upgraded":3,"win_rate":0.0,"timestamp":1611328616,"path_taken":["M","?","?","M","$","R","E","R","T","?","?","?","E","M","R","BOSS"],"items_purchased_type":["Card","Card"],"build_version":"2020-12-22","purchased_purges":1,"victory":false,"max_hp_per_floor":[71,64,64,64,64,64,64,64,64,64,64,64,64,64,64,64,64],"card_choices":[{"not_picked":["Melter","Recycle"],"picked":"Stack","floor":1},{"not_picked":["Conserve Battery","Reprogram"],"picked":"Sunder","floor":4},{"not_picked":["Reprogram","Stack"],"picked":"Ball Lightning","floor":7},{"not_picked":["Hologram","Doom and Gloom"],"picked":"Chill","floor":11},{"not_picked":["White Noise","Reinforced Body"],"picked":"Fusion","floor":13},{"not_picked":["Cold Snap","Stack"],"picked":"Go for the Eyes","floor":14}],"player_experience":8357194,"relics_obtained":[{"floor":7,"key":"Du-Vu Doll"},{"floor":9,"key":"Art of War"},{"floor":13,"key":"Shuriken"}],"event_choices":[{"damage_healed":0,"gold_gain":0,"player_choice":"Lose Max HP","damage_taken":0,"relics_obtained":["Golden Idol"],"max_hp_gain":0,"max_hp_loss":7,"event_name":"Golden Idol","floor":2,"gold_loss":0},{"damage_healed":0,"gold_gain":75,"player_choice":"Gather Gold","damage_taken":11,"max_hp_gain":0,"max_hp_loss":0,"event_name":"World of Goop","floor":3,"gold_loss":0},{"cards_removed":["Strike_B"],"damage_healed":0,"gold_gain":0,"player_choice":"Offered Basic","damage_taken":0,"max_hp_gain":0,"max_hp_loss":0,"event_name":"Bonfire Elementals","floor":10,"gold_loss":0},{"damage_healed":0,"gold_gain":0,"cards_transformed":["Defend_B"],"player_choice":"Transformed","damage_taken":0,"max_hp_gain":0,"max_hp_loss":0,"event_name":"Transmorgrifier","floor":12,"gold_loss":0,"cards_obtained":["Creative AI"]}],"is_beta":false,"boss_relics":[],"items_purged_floors":[5],"is_endless":false,"potions_floor_spawned":[13,14],"killed_by":"Hexaghost","ascension_level":16}}