{"host":"t2jxv9tm8kj57cky","time":1611294981,"event":{"mods":["BaseMod","Minty Spire (QoL Compilation)","StSLib","The Poker Player"],"gold_per_floor":[119,119,133,133,144,144,144,144,167,167,187,240,240,256,256,360,360,376,55,65,65,65,100,118,118,118,145,10,24,24,24,24,24,24],"floor_reached":33,"language":"ENG","playtime":2057,"items_purged":["Strike_G+1"],"score":273,"play_id":"d44b22fa-c21c-4bd8-b87a-3a44db09822e","local_time":"20210121235621","is_ascension_mode":false,"campfire_choices":[{"data":"Bane","floor":6,"key":"SMITH"},{"data":"Poisoned Stab","floor":10,"key":"SMITH"},{"data":"Dagger Spray","floor":13,"key":"SMITH"},{"data":"Footwork","floor":15,"key":"SMITH"},{"data":"Venomology","floor":30,"key":"SMITH"},{"floor":32,"key":"REST"}],"circlet_count":0,"master_deck":["Strike_G+1","Strike_G+1","Strike_G+1","Strike_G+1","Defend_G+1","Defend_G+1","Defend_G+1","Defend_G+1","Defend_G+1","Survivor","Neutralize+1","Footwork+1","Poisoned Stab+1","Regret","Bane+1","Venomology+1","Dagger Spray+1","Bullet Time","Dagger Spray","Noxious Fumes","Deadly Poison+1","Poisoned Stab+1","Noxious Fumes","Poisoned Stab"],"relics":["Ring of the Snake","Shovel","Pen Nib","Strawberry","SacredBark","Shuriken","Tiny Chest","Letter Opener","Mercury Hourglass","PreservedInsect","Sundial"],"acts_visited":["TheCity"],"potions_floor_usage":[14,16,16,16,16,20,23,23,24,24,24,27,27,27,27,29,33],"damage_taken":[{"damage":5.0,"enemies":"Jaw Worm","floor":1.0,"turns":5.0},{"damage":0.0,"enemies":"Cultist","floor":3.0,"turns":5.0},{"damage":2.0,"enemies":"Small Slimes","floor":5.0,"turns":3.0},{"damage":2,"enemies":"Red Slaver","floor":11,"turns":4},{"damage":5,"enemies":"Exordium Wildlife","floor":14,"turns":3},{"damage":30,"enemies":"Hexaghost","floor":16,"turns":8},{"damage":12,"enemies":"3 Byrds","floor":18,"turns":6},{"damage":4,"enemies":"Shell Parasite","floor":20,"turns":5},{"damage":34,"enemies":"Gremlin Leader","floor":23,"turns":8},{"damage":7,"enemies":"Snecko","floor":24,"turns":6},{"damage":13,"enemies":"Book of Stabbing","floor":27,"turns":5},{"damage":13,"enemies":"Snake Plant","floor":29,"turns":2},{"damage":54,"enemies":"Automaton","floor":33,"turns":10}],"seed_played":"-5556559942031341400","potions_obtained":[{"floor":5,"key":"Poison Potion"},{"floor":11,"key":"Poison Potion"},{"floor":14,"key":"SkillPotion"},{"floor":20,"key":"SpeedPotion"},{"floor":23,"key":"BlessingOfTheForge"},{"floor":24,"key":"EntropicBrew"}],"is_trial":false,"path_per_floor":["M","?","M","?","M","R","$","?","T","R","M","T","R","M","R","B",null,"M","$","M","?","?","E","M","?","T","E","$","M","R","T","R","B"],"character_chosen":"THE_SILENT","items_purchased":["Shuriken","Noxious Fumes","Poisoned Stab","Poison Potion"],"campfire_rested":1,"item_purchase_floors":[19,28,28,28],"current_hp_per_floor":[72,57,57,57,55,55,55,55,55,55,53,60,60,55,55,25,84,72,72,68,68,68,34,27,55,55,42,42,29,29,29,54,0,0],"gold":24,"neow_bonus":"TEN_PERCENT_HP_BONUS","is_daily":false,"chose_seed":false,"campfire_upgraded":5,"win_rate":0.0,"timestamp":1611294981,"path_taken":["M","?","M","?","?","R","?","?","T","R","?","?","R","M","R","BOSS","M","$","M","?","?","E","M","?","T","E","?","M","R","?","R","BOSS"],"items_purchased_type":["Relic","Card","Card","Potion"],"build_version":"2020-12-22","purchased_purges":1,"victory":false,"max_hp_per_floor":[77,77,77,77,77,77,77,77,77,77,77,84,84,84,84,84,84,84,84,84,84,84,84,84,84,84,84,84,84,84,84,84,84,84],"card_choices":[{"not_picked":["Sucker Punch","Deadly Poison"],"picked":"Footwork","floor":1.0},{"not_picked":["Backstab","Sucker Punch"],"picked":"Poisoned Stab","floor":3.0},{"not_picked":["Slice","Well Laid Plans"],"picked":"Bane","floor":5},{"not_picked":["Underhanded Strike","Blade Dance"],"picked":"Dagger Spray","floor":11},{"not_picked":["Backflip","Wraith Form v2","Dagger Throw"],"picked":"SKIP","floor":14},{"not_picked":["Adrenaline","After Image"],"picked":"Bullet Time","floor":16},{"not_picked":["PiercingWail","Underhanded Strike"],"picked":"Dagger Spray","floor":18},{"not_picked":["Distraction","All Out Attack+1"],"picked":"Noxious Fumes","floor":20},{"not_picked":["Slice","Dash","All Out Attack+1"],"picked":"SKIP","floor":23},{"not_picked":["Prepared","PiercingWail"],"picked":"Deadly Poison+1","floor":24},{"not_picked":["Backflip","Outmaneuver"],"picked":"Poisoned Stab+1","floor":27},{"not_picked":["Outmaneuver","Backflip+1","Deflect"],"picked":"SKIP","floor":29}],"player_experience":93094,"relics_obtained":[{"floor":9,"key":"Pen Nib"},{"floor":12,"key":"Strawberry"},{"floor":23,"key":"Letter Opener"},{"floor":26,"key":"Mercury Hourglass"},{"floor":27,"key":"PreservedInsect"},{"floor":31,"key":"Sundial"}],"event_choices":[{"damage_healed":0.0,"max_hp_gain":0.0,"max_hp_loss":0.0,"gold_gain":0.0,"event_name":"Shining Light","player_choice":"Entered Light","floor":2.0,"gold_loss":0.0,"damage_taken":15.0,"cards_upgraded":["Strike_G","Neutralize"]},{"damage_healed":0.0,"max_hp_gain":0.0,"max_hp_loss":0.0,"gold_gain":0.0,"event_name":"Big Fish","player_choice":"Box","floor":4.0,"gold_loss":0.0,"damage_taken":0.0,"relics_obtained":["Shovel"],"cards_obtained":["Regret"]},{"damage_healed":0,"gold_gain":0,"player_choice":"1 cards matched","damage_taken":0,"max_hp_gain":0,"max_hp_loss":0,"event_name":"Match and Keep!","floor":8,"gold_loss":0,"cards_obtained":["Venomology"]},{"damage_healed":0,"gold_gain":0,"player_choice":"Opened","damage_taken":0,"relics_obtained":["Tiny Chest"],"max_hp_gain":0,"max_hp_loss":0,"event_name":"The Mausoleum","floor":21,"gold_loss":0},{"damage_healed":0,"gold_gain":0,"player_choice":"Simplicity","damage_taken":0,"max_hp_gain":0,"max_hp_loss":0,"event_name":"Back to Basics","floor":22,"gold_loss":0,"cards_upgraded":["Strike_G","Strike_G","Strike_G","Strike_G","Defend_G","Defend_G","Defend_G","Defend_G","Defend_G"]},{"damage_healed":28,"gold_gain":0,"player_choice":"Heal","damage_taken":0,"max_hp_gain":0,"max_hp_loss":0,"event_name":"The Library","floor":25,"gold_loss":0}],"is_beta":false,"boss_relics":[{"not_picked":["Sozu","Black Star"],"picked":"SacredBark"}],"items_purged_floors":[19],"is_endless":false,"potions_floor_spawned":[5,11,14,20,23,24],"killed_by":"Automaton","ascension_level":0}}