{"host":"f5gffvlv6a66yqkd","time":1611359221,"event":{"mods":["2.2 Compatiblity","BaseMod","Colored Map","Custom Start","Dark Map","DeckTracker","Keyboard Shortcuts","Minty Spire (QoL Compilation)","Permanent Neow","Quick Restart","Relic Stats","StSLib","SuperFastMode"],"gold_per_floor":[111,123,48,48,48,48,63,75,75,75,88,88,88],"floor_reached":12,"language":"KOR","playtime":257,"items_purged":[],"score":140,"play_id":"01426939-e0a5-4483-bce4-841a99e0f240","local_time":"20210123084701","is_ascension_mode":true,"campfire_choices":[{"data":"Bouncing Flask","floor":6.0,"key":"SMITH"},{"data":"Neutralize","floor":10.0,"key":"SMITH"}],"circlet_count":0,"master_deck":["AscendersBane","Strike_G","Strike_G","Strike_G","Defend_G","Defend_G","Defend_G","Defend_G","Defend_G","Survivor","Neutralize+1","Bouncing Flask+1","Cloak And Dagger","Storm of Steel","Escape Plan","Predator","Deflect"],"relics":["Ring of the Snake","Girya","WingedGreaves"],"acts_visited":["Exordium"],"potions_floor_usage":[12],"damage_taken":[{"damage":8.0,"enemies":"Jaw Worm","floor":1.0,"turns":8.0},{"damage":1.0,"enemies":"Cultist","floor":2.0,"turns":3.0},{"damage":0.0,"enemies":"2 Louse","floor":7.0,"turns":3.0},{"damage":0.0,"enemies":"Exordium Wildlife","floor":8.0,"turns":2.0},{"damage":4.0,"enemies":"2 Fungi Beasts","floor":11.0,"turns":3.0},{"damage":28,"enemies":"3 Sentries","floor":12,"turns":6}],"seed_played":"-4101441194041699975","potions_obtained":[{"floor":2.0,"key":"Weak Potion"},{"floor":7.0,"key":"Poison Potion"}],"is_trial":false,"path_per_floor":["M","M","?","?","$","R","M","M","T","R","M","E"],"character_chosen":"THE_SILENT","items_purchased":[],"campfire_rested":0,"item_purchase_floors":[],"current_hp_per_floor":[36,35,35,35,35,35,35,35,35,35,31,3,3],"gold":88,"neow_bonus":"ONE_RARE_RELIC","is_daily":false,"chose_seed":false,"campfire_upgraded":2,"win_rate":0.0,"timestamp":1611359221,"path_taken":["M","M","?","?","$","R","M","M","T","R","M","E"],"items_purchased_type":[],"build_version":"2020-12-22","purchased_purges":0,"victory":false,"max_hp_per_floor":[66,66,66,66,66,66,66,66,66,66,66,66,66],"relic_stats":{"counters":[6,25],"obtain_stats":[{"Girya":0,"WingedGreaves":9,"Ring of the Snake":0},{"Girya":0,"WingedGreaves":4,"Ring of the Snake":0},{"Girya":0,"WingedGreaves":16,"Ring of the Snake":0}],"Ring of the Snake":[12]},"card_choices":[{"not_picked":["Sucker Punch","Dagger Spray"],"picked":"Bouncing Flask","floor":1.0},{"not_picked":["Dagger Throw","Crippling Poison"],"picked":"Cloak And Dagger","floor":2.0},{"not_picked":["Deflect","Poisoned Stab"],"picked":"Escape Plan","floor":7.0},{"not_picked":["Infinite Blades","Endless Agony"],"picked":"Predator","floor":8.0},{"not_picked":["Quick Slash","All Out Attack"],"picked":"Deflect","floor":11.0}],"player_experience":1605919,"relics_obtained":[{"floor":9.0,"key":"WingedGreaves"}],"event_choices":[{"cards_removed":["Strike_G"],"damage_healed":0.0,"max_hp_gain":0.0,"max_hp_loss":0.0,"gold_gain":0.0,"event_name":"The Cleric","player_choice":"Card Removal","floor":3.0,"gold_loss":75.0,"damage_taken":0.0},{"damage_healed":0.0,"max_hp_gain":0.0,"max_hp_loss":0.0,"gold_gain":0.0,"cards_transformed":["Strike_G"],"event_name":"Transmorgrifier","player_choice":"Transformed","floor":4.0,"gold_loss":0.0,"damage_taken":0.0,"cards_obtained":["Storm of Steel"]}],"is_beta":false,"boss_relics":[],"items_purged_floors":[],"is_endless":false,"potions_floor_spawned":[2,7],"killed_by":"3 Sentries","ascension_level":20}}