{"host":"3h5qf14xt40jhha0","time":1611297625,"event":{"mods":["AlwaysNeverKeys","BaseMod","Colored Powertips","Minty Spire (QoL Compilation)","Permanent Neow","Relic Stats","StSLib"],"gold_per_floor":[111,111,130,140,140,140,173,173,173,173,209,209,248,84,84,180,180,203,203,244,268,106,106,31,50,128,128,164,164,207,207,207,303,303,322,322,345,91,115,115,158,158,211,254,269,283,505,524,524,524,524,524,524,26,60,60],"floor_reached":57,"language":"ENG","playtime":4434,"items_purged":["Strike_G","Strike_G"],"score":3103,"play_id":"48a3dd8a-941f-4549-bbd0-a6d806020aa0","local_time":"20210122014025","is_ascension_mode":true,"campfire_choices":[{"data":"Dagger Spray","floor":6.0,"key":"SMITH"},{"data":"Dagger Spray","floor":8.0,"key":"SMITH"},{"floor":10.0,"key":"REST"},{"data":"Neutralize","floor":15.0,"key":"SMITH"},{"floor":23.0,"key":"REST"},{"floor":27.0,"key":"REST"},{"floor":29.0,"key":"REST"},{"floor":32.0,"key":"REST"},{"floor":40,"key":"RECALL"},{"floor":42,"key":"REST"},{"floor":49,"key":"REST"},{"data":"Leg Sweep","floor":53,"key":"SMITH"}],"circlet_count":0,"master_deck":["AscendersBane","Strike_G","Strike_G","Defend_G","Defend_G","Defend_G+1","Defend_G","Survivor+1","Neutralize+1","Dagger Spray+1","Terror","Dagger Spray+1","Backstab","Leg Sweep+1","Die Die Die+1","Flying Knee+1","Grand Finale+1","Backflip+1","Prepared+1","Tactician+1","Doppelganger+1","Escape Plan+1","Backflip+1","Malaise+1","Backflip+1","Reflex+1","Prepared+1","Acrobatics+1","Prepared+1","Blur+1","PiercingWail+1","Calculated Gamble+1","Backflip+1","Tactician+1","Deflect+1"],"relics":["Ring of the Snake","War Paint","Golden Idol","Dream Catcher","Molten Egg 2","Sundial","Toxic Egg 2","Lantern","HoveringKite","Nilry\u0027s Codex","Red Mask","Du-Vu Doll","Art of War","Runic Pyramid","ClockworkSouvenir","Vajra","Happy Flower","Unceasing Top","Letter Opener","Pen Nib"],"acts_visited":["Exordium","TheCity","TheBeyond","TheEnding"],"potions_floor_usage":[56,56],"damage_taken":[{"damage":0.0,"enemies":"2 Louse","floor":1.0,"turns":3.0},{"damage":0.0,"enemies":"Cultist","floor":3.0,"turns":3.0},{"damage":0.0,"enemies":"Jaw Worm","floor":4.0,"turns":3.0},{"damage":20.0,"enemies":"Lagavulin","floor":7.0,"turns":7.0},{"damage":2.0,"enemies":"3 Sentries","floor":11.0,"turns":5.0},{"damage":0.0,"enemies":"Gremlin Nob","floor":13.0,"turns":2.0},{"damage":45.0,"enemies":"Slime Boss","floor":16.0,"turns":11.0},{"damage":1.0,"enemies":"Chosen","floor":18.0,"turns":4.0},{"damage":0.0,"enemies":"Masked Bandits","floor":20.0,"turns":1.0},{"damage":2.0,"enemies":"Shell Parasite","floor":21.0,"turns":7.0},{"damage":0.0,"enemies":"Centurion and Healer","floor":25.0,"turns":5.0},{"damage":17.0,"enemies":"Book of Stabbing","floor":28.0,"turns":5.0},{"damage":18.0,"enemies":"Slavers","floor":30.0,"turns":5.0},{"damage":31.0,"enemies":"Automaton","floor":33.0,"turns":12.0},{"damage":0,"enemies":"3 Shapes","floor":35,"turns":4},{"damage":14,"enemies":"3 Darklings","floor":37,"turns":3},{"damage":0,"enemies":"Spire Growth","floor":39,"turns":4},{"damage":20,"enemies":"Nemesis","floor":41,"turns":7},{"damage":0,"enemies":"Giant Head","floor":44,"turns":3},{"damage":0,"enemies":"Maw","floor":45,"turns":4},{"damage":0,"enemies":"Transient","floor":46,"turns":6},{"damage":1,"enemies":"3 Darklings","floor":48,"turns":3},{"damage":0,"enemies":"Time Eater","floor":50,"turns":14},{"damage":0,"enemies":"Awakened One","floor":51,"turns":9},{"damage":4,"enemies":"Shield and Spear","floor":55,"turns":7},{"damage":37,"enemies":"The Heart","floor":56,"turns":10}],"seed_played":"253355805456697564","potions_obtained":[{"floor":7.0,"key":"LiquidBronze"},{"floor":13.0,"key":"Poison Potion"},{"floor":16.0,"key":"Energy Potion"},{"floor":18.0,"key":"Explosive Potion"},{"floor":20.0,"key":"EssenceOfSteel"},{"floor":30.0,"key":"Block Potion"},{"floor":37,"key":"Weak Potion"},{"floor":44,"key":"Block Potion"},{"floor":45,"key":"ColorlessPotion"}],"is_trial":false,"path_per_floor":["M","?","M","M","?","R","E","R","T","R","E","$","E","$","R","B",null,"M","?","?","M","$","R","?","M","T","R","E","R","E","?","R","B",null,"M","?","M","$","M","R","E","R","T","E","M","M","?","M","R","B","B",null,"R","$","E","B",null],"character_chosen":"THE_SILENT","items_purchased":["Lantern","Tactician+1","Reflex+1","ClockworkSouvenir","Tactician+1","Letter Opener","Deflect+1"],"campfire_rested":7,"item_purchase_floors":[14,22,38,38,54,54,54],"current_hp_per_floor":[59,59,59,59,59,59,39,39,39,57,55,55,55,55,55,10,48,47,26,26,24,24,42,42,42,42,60,43,60,42,42,60,29,52,52,60,46,46,46,46,26,44,44,44,44,44,44,43,60,60,60,60,60,60,56,19],"gold":60,"neow_bonus":"RANDOM_COMMON_RELIC","is_daily":false,"chose_seed":false,"campfire_upgraded":4,"win_rate":0.0,"timestamp":1611297625,"path_taken":["M","?","M","?","?","R","E","R","T","R","E","$","E","?","R","BOSS","M","?","?","M","$","R","?","M","T","R","E","R","E","?","R","BOSS","M","?","?","$","M","R","E","R","T","E","M","M","?","M","R","BOSS","BOSS","R","$","E","BOSS"],"items_purchased_type":["Relic","Card","Card","Relic","Card","Relic","Card"],"build_version":"2020-12-22","purchased_purges":2,"victory":true,"max_hp_per_floor":[66,66,66,66,60,60,60,60,60,60,60,60,60,60,60,60,60,60,60,60,60,60,60,60,60,60,60,60,60,60,60,60,60,60,60,60,60,60,60,60,60,60,60,60,60,60,60,60,60,60,60,60,60,60,60,60],"relic_stats":{"Happy Flower":[18],"counters":[26,147],"Golden Idol":202,"HoveringKite":[69],"Pen Nib":[2],"Letter Opener":[179],"War Paint":["Survivor","Defend_G"],"Dream Catcher":7,"Sundial":[26],"Art of War":[14],"obtain_stats":[{"Lantern":14,"Happy Flower":43,"Golden Idol":5,"Nilry\u0027s Codex":19,"HoveringKite":17,"Vajra":41,"Pen Nib":55,"Letter Opener":54,"War Paint":0,"ClockworkSouvenir":38,"Du-Vu Doll":28,"Dream Catcher":7,"Sundial":11,"Molten Egg 2":9,"Red Mask":20,"Art of War":30,"Toxic Egg 2":13,"Unceasing Top":44,"Ring of the Snake":0,"Runic Pyramid":34},{"Lantern":6,"Happy Flower":18,"Golden Idol":3,"Nilry\u0027s Codex":8,"HoveringKite":7,"Vajra":18,"Pen Nib":25,"Letter Opener":24,"War Paint":0,"ClockworkSouvenir":16,"Du-Vu Doll":12,"Dream Catcher":4,"Sundial":5,"Molten Egg 2":4,"Red Mask":9,"Art of War":13,"Toxic Egg 2":6,"Unceasing Top":19,"Ring of the Snake":0,"Runic Pyramid":14},{"Lantern":23,"Happy Flower":91,"Golden Idol":9,"Nilry\u0027s Codex":38,"HoveringKite":34,"Vajra":91,"Pen Nib":137,"Letter Opener":130,"War Paint":0,"ClockworkSouvenir":80,"Du-Vu Doll":56,"Dream Catcher":16,"Sundial":21,"Molten Egg 2":16,"Red Mask":39,"Art of War":61,"Toxic Egg 2":23,"Unceasing Top":94,"Ring of the Snake":0,"Runic Pyramid":73}],"Unceasing Top":[1],"Ring of the Snake":[52]},"card_choices":[{"not_picked":["Acrobatics","Cloak And Dagger"],"picked":"Dagger Spray","floor":1.0},{"not_picked":["Dodge and Roll","Sucker Punch"],"picked":"Terror","floor":3.0},{"not_picked":["Acrobatics","Backflip"],"picked":"Dagger Spray","floor":4.0},{"not_picked":["Eviscerate","Masterful Stab"],"picked":"Backstab","floor":7.0},{"not_picked":["Escape Plan","Cloak And Dagger"],"picked":"Leg Sweep","floor":10.0},{"not_picked":["Flying Knee+1","PiercingWail"],"picked":"Die Die Die+1","floor":11.0},{"not_picked":["Sucker Punch+1","Bane+1"],"picked":"Flying Knee+1","floor":13.0},{"not_picked":["Doppelganger+1","Adrenaline+1"],"picked":"Grand Finale+1","floor":16.0},{"not_picked":["Dagger Spray+1","Flying Knee+1","Predator+1"],"picked":"SKIP","floor":18.0},{"not_picked":["Dagger Spray+1","Bouncing Flask+1"],"picked":"Backflip+1","floor":20.0},{"not_picked":["PiercingWail+1","Poisoned Stab+1"],"picked":"Prepared+1","floor":21.0},{"not_picked":["Deadly Poison+1","Catalyst+1"],"picked":"Doppelganger+1","floor":25.0},{"not_picked":["Dodge and Roll+1","Footwork","Blade Dance+1"],"picked":"SKIP","floor":28.0},{"not_picked":["Dodge and Roll+1","Masterful Stab+1"],"picked":"Escape Plan+1","floor":30.0},{"not_picked":["Doppelganger+1","A Thousand Cuts"],"picked":"Malaise+1","floor":33.0},{"not_picked":["Quick Slash+1","Bane+1","Cloak And Dagger+1"],"picked":"SKIP","floor":35},{"not_picked":["Distraction+1","Bouncing Flask+1"],"picked":"Backflip+1","floor":37},{"not_picked":["Catalyst+1","Outmaneuver+1"],"picked":"Prepared+1","floor":39},{"not_picked":["Expertise+1","Outmaneuver+1"],"picked":"Acrobatics+1","floor":41},{"not_picked":["Accuracy","Escape Plan+1"],"picked":"Prepared+1","floor":42},{"not_picked":["Sucker Punch+1","Terror+1"],"picked":"Blur+1","floor":44},{"not_picked":["Blade Dance+1","Cloak And Dagger+1"],"picked":"PiercingWail+1","floor":45},{"not_picked":["Bullet Time+1","Masterful Stab+1","Slice+1"],"picked":"SKIP","floor":46},{"not_picked":["Underhanded Strike+1","Dagger Spray+1"],"picked":"Calculated Gamble+1","floor":48},{"not_picked":["Bouncing Flask+1","Acrobatics+1"],"picked":"Backflip+1","floor":49},{"not_picked":["Dagger Throw+1","Bane+1","Flying Knee+1"],"picked":"SKIP","floor":55}],"player_experience":1375932,"relics_obtained":[{"floor":7.0,"key":"Dream Catcher"},{"floor":9.0,"key":"Molten Egg 2"},{"floor":11.0,"key":"Sundial"},{"floor":13.0,"key":"Toxic Egg 2"},{"floor":19.0,"key":"Nilry\u0027s Codex"},{"floor":20.0,"key":"Red Mask"},{"floor":28.0,"key":"Du-Vu Doll"},{"floor":30.0,"key":"Art of War"},{"floor":41,"key":"Vajra"},{"floor":43,"key":"Happy Flower"},{"floor":44,"key":"Unceasing Top"},{"floor":55,"key":"Pen Nib"}],"event_choices":[{"cards_removed":["Defend_G"],"damage_healed":0.0,"max_hp_gain":0.0,"max_hp_loss":0.0,"gold_gain":0.0,"event_name":"Bonfire Elementals","player_choice":"Offered Basic","floor":2.0,"gold_loss":0.0,"damage_taken":0.0},{"damage_healed":0.0,"max_hp_gain":0.0,"max_hp_loss":6.0,"gold_gain":0.0,"event_name":"Golden Idol","player_choice":"Lose Max HP","floor":5.0,"gold_loss":0.0,"damage_taken":0.0,"relics_obtained":["Golden Idol"]},{"damage_healed":0.0,"max_hp_gain":0.0,"max_hp_loss":0.0,"gold_gain":0.0,"event_name":"Cursed Tome","player_choice":"Obtained Book","floor":19.0,"gold_loss":0.0,"damage_taken":21.0},{"damage_healed":0.0,"max_hp_gain":0.0,"max_hp_loss":0.0,"gold_gain":0.0,"event_name":"Masked Bandits","player_choice":"Fought Bandits","floor":20.0,"gold_loss":0.0,"damage_taken":0.0},{"cards_removed":["Strike_G"],"damage_healed":0.0,"max_hp_gain":0.0,"max_hp_loss":0.0,"gold_gain":0.0,"event_name":"Beggar","player_choice":"Gave Gold","floor":24.0,"gold_loss":75.0,"damage_taken":0.0},{"damage_healed":0.0,"max_hp_gain":0.0,"max_hp_loss":0.0,"gold_gain":0.0,"event_name":"Duplicator","player_choice":"Copied","floor":31.0,"gold_loss":0.0,"damage_taken":0.0,"cards_obtained":["Backflip"]},{"damage_healed":8,"gold_gain":0,"player_choice":"Full Heal","damage_taken":0,"max_hp_gain":0,"max_hp_loss":0,"event_name":"Wheel of Change","floor":36,"gold_loss":0},{"damage_healed":0,"gold_gain":222,"player_choice":"Wore Mask","damage_taken":0,"max_hp_gain":0,"max_hp_loss":0,"event_name":"Tomb of Lord Red Mask","floor":47,"gold_loss":0}],"is_beta":false,"boss_relics":[{"not_picked":["Runic Dome","SlaversCollar"],"picked":"HoveringKite"},{"not_picked":["Pandora\u0027s Box","Calling Bell"],"picked":"Runic Pyramid"}],"items_purged_floors":[22,54],"is_endless":false,"potions_floor_spawned":[7,13,16,18,20,30,37,44,45,48,55],"ascension_level":20}}