{"host":"22s5scuj7mu87reg","time":1611322097,"event":{"mods":["BaseMod","Better Third Choice","CapriCore","Colored Powertips","Dota2Spire","Downfall","Duelist Mod","GungeonMod","Halation","Hubris","Infinite Spire","Koishi","KomeijiMod","Minty Spire (QoL Compilation)","Quick Restart","Replay The Spire","Shop Mod","StSLib","SuperFastMode","The Jungle","The Mystic","The Necromancer","Wandering Minibosses"],"gold_per_floor":[113,38,38,38,56,83,83,102,126,90,123,123,123,123,123,142,142,263,263,282,299,299,299,398,419,427,427],"floor_reached":26,"language":"POL","playtime":915,"items_purged":["Strike_B"],"score":335,"play_id":"b5a050b9-b501-46aa-b26c-40c5d8852418","local_time":"20210122142817","is_ascension_mode":true,"campfire_choices":[{"data":"ReplayTheSpireMod:Calculation Training","floor":7,"key":"SMITH"},{"data":"Double Energy","floor":12,"key":"SMITH"},{"floor":17,"key":"REST"}],"circlet_count":0,"master_deck":["Strike_B","Strike_B","Defend_B","Defend_B","Defend_B","Defend_B","Zap","Dualcast","Ball Lightning","Regret","Turbo","ReplayTheSpireMod:Calculation Training+1","Hologram","Static Discharge","Double Energy+1","Cold Snap","Thunder Strike","Barrage+1","Hello World+1"],"relics":["Cracked Core","NeowsBlessing","halation:IllGainedPizza","Dota2Spire:DrumOfEndurance","infinitespire:Satchel","Replay:Rubber Ducky","hubris:Backtick","theDuelist:SpellcasterOrb"],"acts_visited":["Exordium","TheCity"],"potions_floor_usage":[18,26,26,26],"damage_taken":[{"damage":0,"enemies":"Small Slimes","floor":1,"turns":1},{"damage":0,"enemies":"Cultist","floor":5,"turns":1},{"damage":0,"enemies":"Gremlin Nob","floor":6,"turns":1},{"damage":6,"enemies":"2 Louse","floor":8,"turns":2},{"damage":22,"enemies":"Lagavulin","floor":11,"turns":4},{"damage":14,"enemies":"Blue Slaver","floor":16,"turns":3},{"damage":37,"enemies":"Hexaghost","floor":18,"turns":9},{"damage":19,"enemies":"Shell Parasite","floor":20,"turns":2},{"damage":6,"enemies":"Chosen","floor":21,"turns":4},{"damage":22,"enemies":"Shelled Parasite and Fungi","floor":25,"turns":3},{"damage":22,"enemies":"Book of Stabbing","floor":26,"turns":5}],"seed_played":"4183107594340137518","potions_obtained":[{"floor":5,"key":"sneckomod:MuddlingPotion"},{"floor":6,"key":"Dexterity Potion"},{"floor":11,"key":"EntropicBrew"},{"floor":20,"key":"Milkshake"},{"floor":21,"key":"DemoMod:BlankPotion"}],"is_trial":false,"path_per_floor":["M","$","?","$","M","E","R","M","T","$","E","R","PTL","PTL","?","M","R","B",null,"M","M","?","?","?","M","E"],"character_chosen":"DEFECT","items_purchased":["Static Discharge"],"campfire_rested":1,"item_purchase_floors":[10],"current_hp_per_floor":[68,68,68,68,68,68,68,62,62,62,40,40,40,40,40,26,48,11,59,40,34,34,44,44,22,0,0],"gold":427,"neow_bonus":"THREE_ENEMY_KILL","is_daily":false,"chose_seed":false,"campfire_upgraded":2,"win_rate":0.0,"timestamp":1611322097,"path_taken":["M","$","?","$","M","E","R","M","T","$","E","R","PTL","PTL","?","?","R","BOSS","M","M","?","?","?","M","E"],"items_purchased_type":["Card"],"build_version":"2020-12-13","purchased_purges":1,"victory":false,"max_hp_per_floor":[75,75,75,75,75,75,75,75,75,75,75,75,75,75,75,75,75,75,75,75,75,75,75,75,75,75,75],"card_choices":[{"not_picked":["Gash","Redo"],"picked":"Ball Lightning","floor":1},{"not_picked":["Go for the Eyes","Conserve Battery"],"picked":"Turbo","floor":5},{"not_picked":["Skim","Rebound"],"picked":"ReplayTheSpireMod:Calculation Training","floor":6},{"not_picked":["Redo","ReplayTheSpireMod:Repulse"],"picked":"Hologram","floor":8},{"not_picked":["Steam","Leap"],"picked":"Double Energy","floor":11},{"not_picked":["Buffer","Leap"],"picked":"Cold Snap","floor":16},{"not_picked":["Creative AI","hubris:Prefetch"],"picked":"Thunder Strike","floor":18},{"not_picked":["Gash+1","Panic Button","Hologram"],"picked":"SKIP","floor":20},{"not_picked":["Rebound+1","Redo"],"picked":"Barrage+1","floor":21},{"not_picked":["Melter","Aggregate"],"picked":"Hello World+1","floor":25}],"player_experience":173794,"relics_obtained":[{"floor":6,"key":"Dota2Spire:DrumOfEndurance"},{"floor":9,"key":"infinitespire:Satchel"},{"floor":11,"key":"Replay:Rubber Ducky"}],"event_choices":[{"damage_healed":0,"gold_gain":0,"player_choice":"Box","damage_taken":0,"relics_obtained":["halation:IllGainedPizza"],"max_hp_gain":0,"max_hp_loss":0,"event_name":"Big Fish","floor":3,"gold_loss":0,"cards_obtained":["Regret"]},{"cards_removed":["Strike_B"],"damage_healed":0,"gold_gain":0,"player_choice":"Purged","damage_taken":0,"max_hp_gain":0,"max_hp_loss":0,"event_name":"Purifier","floor":15,"gold_loss":0},{"damage_healed":0,"gold_gain":0,"player_choice":"Ignored","damage_taken":0,"max_hp_gain":0,"max_hp_loss":0,"event_name":"Ghosts","floor":22,"gold_loss":0},{"damage_healed":0,"gold_gain":99,"player_choice":"Steal","damage_taken":0,"max_hp_gain":0,"max_hp_loss":0,"event_name":"betterThird:BetterNest","floor":24,"gold_loss":0}],"is_beta":false,"boss_relics":[{"not_picked":["Runic Pyramid","FrozenCore"],"picked":"hubris:Backtick"}],"items_purged_floors":[2],"is_endless":false,"potions_floor_spawned":[5,6,11,20,21],"killed_by":"Book of Stabbing","ascension_level":8}}