{"host":"xh4jtn7krw5slv5y","time":1611275185,"event":{"mods":["BaseMod","Bestiary","Block Reminder","Colored Map","Downfall","Minty Spire (QoL Compilation)","Quick Restart","Relic Sorter","StSLib"],"gold_per_floor":[99,115,145,158,158,170,170,170,181,181,181,181,191,48,61,61,61,61],"floor_reached":16,"language":"ENG","playtime":1020,"items_purged":["bronze:Strike"],"score":97,"play_id":"eb7fb558-9497-4521-a736-ad614dac2243","local_time":"20210121202625","is_ascension_mode":true,"campfire_choices":[{"data":"bronze:Repair","floor":1,"key":"SMITH"},{"data":"bronze:Constructor","floor":10,"key":"SMITH"}],"circlet_count":0,"master_deck":["bronze:Strike","bronze:Strike","bronze:Defend","bronze:Defend","bronze:Defend","bronze:Replicate","bronze:Goto","bronze:Boost","bronze:Repair+1","bronze:Constructor+1","bronze:Repair","bronze:FineTuning","bronze:Overheat","bronze:Invalidate","bronze:Overheat","bronze:WildBeam"],"relics":["bronze:BronzeCore","bronze:BottledCode","StrikeDummy","downfall:BrokenWingStatue"],"acts_visited":["Exordium"],"potions_floor_usage":[16],"damage_taken":[{"damage":10,"enemies":"Jaw Worm","floor":2,"turns":6},{"damage":0,"enemies":"2 Louse","floor":4,"turns":5},{"damage":9,"enemies":"Small Slimes","floor":6,"turns":5},{"damage":9,"enemies":"3 Louse","floor":9,"turns":5},{"damage":18,"enemies":"2 Fungi Beasts","floor":13,"turns":6},{"damage":5,"enemies":"downfall:FleeingMerchant","floor":14,"turns":4},{"damage":9,"enemies":"Exordium Wildlife","floor":15,"turns":4},{"damage":79,"enemies":"DF_ARCHETYPE_STREAMLINE","floor":16,"turns":14}],"seed_played":"8438356118103245445","potions_obtained":[{"floor":6,"key":"DuplicationPotion"},{"floor":9,"key":"SpeedPotion"},{"floor":13,"key":"AttackPotion"},{"floor":15,"key":"PowerPotion"}],"is_trial":false,"path_per_floor":["R","M","?","M","?","M","T","?","M","R","?","?","M","$","M","B"],"character_chosen":"THE_AUTOMATON","items_purchased":["bronze:Overheat"],"campfire_rested":0,"item_purchase_floors":[14],"current_hp_per_floor":[70,66,66,70,60,58,58,58,60,60,60,60,60,60,60,0,0,0],"gold":61,"neow_bonus":"TRANSFORM_TWO_CARDS","is_daily":false,"chose_seed":false,"campfire_upgraded":2,"win_rate":0.0,"timestamp":1611275185,"path_taken":["R","M","?","M","?","M","T","?","M","R","?","?","M","$","M","BOSS"],"items_purchased_type":["Card"],"build_version":"2020-12-22","purchased_purges":1,"victory":false,"max_hp_per_floor":[70,70,70,70,60,60,60,60,60,60,60,60,60,60,60,60,60,60],"card_choices":[{"not_picked":["bronze:Turbo","bronze:Safeguard"],"picked":"bronze:Constructor","floor":2},{"not_picked":["bronze:ForceShield","bronze:CutThrough"],"picked":"bronze:Repair","floor":4},{"not_picked":["bronze:Iterate","bronze:Branch","bronze:NullPointer"],"picked":"SKIP","floor":6},{"not_picked":["bronze:WhirlingStrike","bronze:ItsAFeature"],"picked":"bronze:FineTuning","floor":9},{"not_picked":["bronze:Allocate","bronze:ForLoop"],"picked":"bronze:Overheat","floor":13},{"not_picked":["bronze:OilSpill","bronze:CutThrough"],"picked":"bronze:Invalidate","floor":14},{"not_picked":["bronze:BuggyMess","bronze:Branch"],"picked":"bronze:WildBeam","floor":15}],"player_experience":326000,"relics_obtained":[{"floor":7,"key":"StrikeDummy"}],"event_choices":[{"cards_removed":["downfall:Malfunctioning"],"damage_healed":0,"gold_gain":0,"player_choice":"Card Removal","damage_taken":0,"max_hp_gain":0,"max_hp_loss":0,"event_name":"The Cleric","floor":11,"gold_loss":0}],"is_beta":false,"boss_relics":[],"items_purged_floors":[14],"is_endless":false,"potions_floor_spawned":[6,9,13,15],"killed_by":"DF_ARCHETYPE_STREAMLINE","ascension_level":1}}