{"host":"jmumkimrafwvkspb","time":1611338948,"event":{"mods":["AchievementEnabler","BaseMod","Colored Map","Minty Spire (QoL Compilation)","Replay The Spire","StSLib"],"gold_per_floor":[109,26,26,26,26,26,59,59,105,121,196,31,63,63,63,142,142,153,169,80,97,97,97],"floor_reached":22,"language":"ENG","playtime":816,"items_purged":["Strike_B"],"score":430,"play_id":"4245b413-bc6e-4ba3-80ac-3e7b59377871","local_time":"20210122190908","is_ascension_mode":true,"campfire_choices":[{"data":"Sunder","floor":6.0,"key":"SMITH"},{"data":"ReplayTheSpireMod:Calculation Training","floor":8.0,"key":"SMITH"},{"data":"Genetic Algorithm","floor":15.0,"key":"SMITH"}],"circlet_count":0,"master_deck":["AscendersBane","Strike_B+1","Strike_B+1","Strike_B","Defend_B","Defend_B","Defend_B+1","Defend_B","Zap","Dualcast","Gash","Sunder+1","ReplayTheSpireMod:Calculation Training+1","Rebound","Self Repair","Genetic Algorithm+1","Meteor Strike","Coolheaded+1","Reinforced Body","Hologram+1"],"relics":["Cracked Core","NeowsBlessing","Iron Hammer","Geode","Simple Rune","Bottled Flame","Replay:Grab Bag","Cursed Key","Replay:Bronze Core","Snecko Eye"],"acts_visited":["Exordium","TheCity"],"potions_floor_usage":[],"damage_taken":[{"damage":0.0,"enemies":"Small Slimes","floor":1.0,"turns":1.0},{"damage":0.0,"enemies":"Lagavulin","floor":7.0,"turns":1.0},{"damage":0.0,"enemies":"2 Louse","floor":10.0,"turns":1.0},{"damage":12.0,"enemies":"3 Sentries","floor":13.0,"turns":5.0},{"damage":43.0,"enemies":"Hexaghost","floor":16.0,"turns":8.0},{"damage":32,"enemies":"3 Byrds","floor":18,"turns":6},{"damage":18,"enemies":"Chosen","floor":19,"turns":4},{"damage":14,"enemies":"Sentry and Sphere","floor":21,"turns":6},{"damage":19,"enemies":"Snake Plant","floor":22,"turns":4}],"seed_played":"2914381466526324244","potions_obtained":[{"floor":10.0,"key":"AttackPotion"},{"floor":16.0,"key":"Elixir"},{"floor":19,"key":"Strength Potion"}],"is_trial":false,"path_per_floor":["M","$","?","?","T","R","E","R","T","M","?","$","E","$","R","B",null,"M","M","$","M","M"],"character_chosen":"DEFECT","items_purchased":["Sunder","Self Repair","Reinforced Body"],"campfire_rested":0,"item_purchase_floors":[2,12,20],"current_hp_per_floor":[64,64,69,69,69,69,69,69,69,69,58,58,53,53,53,17,61,29,21,21,14,0,0],"gold":97,"neow_bonus":"THREE_ENEMY_KILL","is_daily":false,"chose_seed":false,"campfire_upgraded":3,"win_rate":0.0,"timestamp":1611338948,"path_taken":["M","$","?","?","?","R","E","R","T","M","?","?","E","$","R","BOSS","M","?","?","M","M"],"items_purchased_type":["Card","Card","Card"],"build_version":"2020-12-22","purchased_purges":1,"victory":false,"max_hp_per_floor":[71,71,76,76,76,76,76,76,76,76,76,76,76,76,76,76,76,76,76,76,76,76,76],"card_choices":[{"not_picked":["Turbo","Stack"],"picked":"Gash","floor":1.0},{"not_picked":["Hologram","Coolheaded"],"picked":"ReplayTheSpireMod:Calculation Training","floor":7.0},{"not_picked":["Sweeping Beam","Heatsinks"],"picked":"Rebound","floor":10.0},{"not_picked":["Beam Cell","Stack"],"picked":"Genetic Algorithm","floor":13.0},{"not_picked":["Rainbow","Amplify"],"picked":"Meteor Strike","floor":16.0},{"not_picked":["Time Bomb","Beam Cell+1","Go for the Eyes"],"picked":"SKIP","floor":18},{"not_picked":["Compile Driver","Stack"],"picked":"Coolheaded+1","floor":19},{"not_picked":["Barrage+1","Leap"],"picked":"Hologram+1","floor":21}],"player_experience":1578219,"relics_obtained":[{"floor":5.0,"key":"Iron Hammer"},{"floor":7.0,"key":"Geode"},{"floor":9.0,"key":"Simple Rune"},{"floor":13.0,"key":"Bottled Flame"}],"event_choices":[{"damage_healed":0.0,"max_hp_gain":5.0,"max_hp_loss":0.0,"gold_gain":0.0,"event_name":"Big Fish","player_choice":"Donut","floor":3.0,"gold_loss":0.0,"damage_taken":0.0},{"damage_healed":0.0,"max_hp_gain":0.0,"max_hp_loss":0.0,"gold_gain":75.0,"event_name":"World of Goop","player_choice":"Gather Gold","floor":11.0,"gold_loss":0.0,"damage_taken":11.0}],"is_beta":false,"boss_relics":[{"not_picked":["Black Star","SlaversCollar"],"picked":"Replay:Grab Bag"},{"not_picked":["Runic Dome","Painkiller Herb"],"picked":"Cursed Key"},{"not_picked":["Sozu","Ectoplasm"],"picked":"Replay:Bronze Core"},{"not_picked":["Runic Pyramid","SacredBark"],"picked":"Snecko Eye"}],"items_purged_floors":[12],"is_endless":false,"potions_floor_spawned":[10,16,19,21],"killed_by":"Snake Plant","ascension_level":20}}