{"host":"ptk1shuto3uimndw","time":1611309069,"event":{"mods":["AchievementEnabler","BaseMod","Bestiary","Colored Map","Colored Powertips","Curses Come First","Minty Spire (QoL Compilation)","Quick Restart","Rare Cards Sparkle","Relic Stats","StSLib","Uncapped"],"gold_per_floor":[119,131,150,150,165,499,499,531,531,340,353,353,387,397,397,498,498,512,512,537,557,557,557],"floor_reached":22,"language":"ENG","playtime":640,"items_purged":["Strike_P"],"score":410,"play_id":"6a083761-f72f-455a-a6fd-f4740a5f9e55","local_time":"20210122105109","is_ascension_mode":true,"campfire_choices":[{"data":"CarveReality","floor":7.0,"key":"SMITH"},{"data":"Eruption","floor":15.0,"key":"SMITH"}],"circlet_count":0,"master_deck":["AscendersBane","Strike_P","Strike_P","Strike_P","Defend_P","Defend_P","Defend_P","Defend_P","Eruption+1","Vigilance","CutThroughFate","EmptyBody","DeusExMachina","CarveReality+1","Wallop","Adaptation+1","FlurryOfBlows","JustLucky","FearNoEvil","LikeWater+1","Vault"],"relics":["PureWater","HornCleat","Old Coin","Frozen Egg 2","Omamori","Bag of Marbles","Happy Flower","Sozu","Blood Vial"],"acts_visited":["Exordium","TheCity"],"potions_floor_usage":[],"damage_taken":[{"damage":1.0,"enemies":"Cultist","floor":1.0,"turns":4.0},{"damage":1.0,"enemies":"2 Louse","floor":2.0,"turns":2.0},{"damage":0.0,"enemies":"Jaw Worm","floor":3.0,"turns":3.0},{"damage":6.0,"enemies":"Exordium Thugs","floor":5.0,"turns":6.0},{"damage":7.0,"enemies":"3 Sentries","floor":6.0,"turns":8.0},{"damage":10.0,"enemies":"Lagavulin","floor":8.0,"turns":5.0},{"damage":0.0,"enemies":"Large Slime","floor":11.0,"turns":6.0},{"damage":2.0,"enemies":"Gremlin Nob","floor":13.0,"turns":4.0},{"damage":0.0,"enemies":"Looter","floor":14.0,"turns":2.0},{"damage":0.0,"enemies":"Slime Boss","floor":16.0,"turns":4.0},{"damage":0.0,"enemies":"Spheric Guardian","floor":18.0,"turns":3.0},{"damage":7.0,"enemies":"2 Thieves","floor":21.0,"turns":3.0},{"damage":0,"enemies":"Sentry and Sphere","floor":22,"turns":1}],"seed_played":"-5404064303324534527","potions_obtained":[{"floor":2.0,"key":"BlessingOfTheForge"},{"floor":3.0,"key":"GamblersBrew"},{"floor":5.0,"key":"BottledMiracle"},{"floor":13.0,"key":"Strength Potion"},{"floor":16.0,"key":"SteroidPotion"}],"is_trial":false,"path_per_floor":["M","M","M","T","M","E","R","E","T","$","M","?","E","M","R","B",null,"M","?","T","M","M"],"character_chosen":"WATCHER","items_purchased":["Adaptation+1","FlurryOfBlows"],"campfire_rested":0,"item_purchase_floors":[10,10],"current_hp_per_floor":[71,70,70,70,64,57,57,47,47,47,47,22,20,20,20,20,64,64,64,64,59,61,61],"gold":557,"neow_bonus":"TEN_PERCENT_HP_BONUS","is_daily":false,"chose_seed":false,"campfire_upgraded":2,"win_rate":0.0,"timestamp":1611309069,"path_taken":["M","?","M","?","M","E","R","E","T","$","M","?","E","M","R","BOSS","M","?","?","M","M"],"items_purchased_type":["Card","Card"],"build_version":"2020-12-22","purchased_purges":1,"victory":false,"max_hp_per_floor":[79,79,79,79,79,79,79,79,79,79,79,79,79,79,79,79,79,79,79,79,79,79,79],"relic_stats":{"Sozu":1,"Blood Vial":4,"Happy Flower":[4],"counters":[13,51],"obtain_stats":[{"Sozu":17,"Blood Vial":20,"HornCleat":4,"Happy Flower":13,"Omamori":9,"Bag of Marbles":12,"PureWater":0,"Frozen Egg 2":8,"Old Coin":6},{"Sozu":10,"Blood Vial":11,"HornCleat":3,"Happy Flower":8,"Omamori":6,"Bag of Marbles":7,"PureWater":0,"Frozen Egg 2":6,"Old Coin":5},{"Sozu":44,"Blood Vial":47,"HornCleat":9,"Happy Flower":38,"Omamori":28,"Bag of Marbles":34,"PureWater":0,"Frozen Egg 2":28,"Old Coin":23}]},"card_choices":[{"not_picked":["FlyingSleeves","Consecrate"],"picked":"CutThroughFate","floor":1.0},{"not_picked":["Crescendo","WindmillStrike"],"picked":"EmptyBody","floor":2.0},{"not_picked":["WreathOfFlame","ThirdEye"],"picked":"DeusExMachina","floor":3.0},{"not_picked":["PathToVictory","ThirdEye"],"picked":"CarveReality","floor":5.0},{"not_picked":["Indignation","BattleHymn","PathToVictory"],"picked":"SKIP","floor":6.0},{"not_picked":["Alpha","CrushJoints"],"picked":"Wallop","floor":8.0},{"not_picked":["CrushJoints","Perseverance"],"picked":"JustLucky","floor":11.0},{"not_picked":["Halt","WindmillStrike"],"picked":"FearNoEvil","floor":13.0},{"not_picked":["Crescendo","JustLucky"],"picked":"LikeWater+1","floor":14.0},{"not_picked":["MasterReality+1","Scrawl"],"picked":"Vault","floor":16.0},{"not_picked":["FearNoEvil","Halt","PathToVictory"],"picked":"SKIP","floor":18.0},{"not_picked":["Collect","SignatureMove","EmptyMind+1"],"picked":"SKIP","floor":21.0}],"player_experience":313044,"relics_obtained":[{"floor":4.0,"key":"HornCleat"},{"floor":6.0,"key":"Old Coin"},{"floor":8.0,"key":"Frozen Egg 2"},{"floor":9.0,"key":"Omamori"},{"floor":13.0,"key":"Happy Flower"},{"floor":20.0,"key":"Blood Vial"}],"event_choices":[{"damage_healed":0.0,"max_hp_gain":0.0,"max_hp_loss":0.0,"gold_gain":0.0,"event_name":"Scrap Ooze","player_choice":"Success","floor":12.0,"gold_loss":0.0,"damage_taken":25.0,"relics_obtained":["Bag of Marbles"]},{"damage_healed":0.0,"max_hp_gain":0.0,"max_hp_loss":0.0,"gold_gain":0.0,"event_name":"Ghosts","player_choice":"Ignored","floor":19.0,"gold_loss":0.0,"damage_taken":0.0}],"is_beta":false,"boss_relics":[{"not_picked":["Astrolabe","Runic Pyramid"],"picked":"Sozu"}],"items_purged_floors":[10],"is_endless":false,"potions_floor_spawned":[2,3,5,8,13,16,21],"killed_by":"Sentry and Sphere","ascension_level":12}}