{"host":"6eo4thp7fob519hm","time":1611339981,"event":{"mods":["BaseMod","Block Reminder","Colored Map","Colored Powertips","DeckTracker","Googly Eyes","Highlight Path","Minty Spire (QoL Compilation)","Quick Restart"],"gold_per_floor":[118,133,149,163,163,193,207,241,294,294,294],"floor_reached":10,"language":"ENG","playtime":845,"items_purged":[],"score":80,"play_id":"0507881f-d296-46c0-9103-423ba907e74d","local_time":"20210122235621","is_ascension_mode":false,"campfire_choices":[],"circlet_count":0,"master_deck":["Strike_R","Strike_R","Strike_R","Strike_R","Defend_R","Defend_R","Defend_R","Defend_R","Bash","Intimidate","Flex","Armaments","Thunderclap","Battle Trance","Dual Wield+1","Shrug It Off+1"],"relics":["Burning Blood","Toxic Egg 2","Strawberry","Self Forming Clay","Regal Pillow"],"acts_visited":["Exordium"],"potions_floor_usage":[4,8],"damage_taken":[{"damage":1,"enemies":"Cultist","floor":1,"turns":5},{"damage":0,"enemies":"Jaw Worm","floor":2,"turns":4},{"damage":0,"enemies":"2 Louse","floor":3,"turns":4},{"damage":13,"enemies":"Exordium Wildlife","floor":4,"turns":6},{"damage":41,"enemies":"3 Sentries","floor":6,"turns":11},{"damage":10,"enemies":"Looter","floor":7,"turns":4},{"damage":39,"enemies":"Lagavulin","floor":8,"turns":9},{"damage":24,"enemies":"3 Sentries","floor":10,"turns":8}],"seed_played":"2329090603651853236","potions_obtained":[{"floor":2,"key":"Dexterity Potion"},{"floor":6,"key":"Regen Potion"},{"floor":8,"key":"HeartOfIron"}],"is_trial":false,"path_per_floor":["M","M","M","M","?","E","M","E","T","E"],"character_chosen":"IRONCLAD","items_purchased":[],"campfire_rested":0,"item_purchase_floors":[],"current_hp_per_floor":[80,80,80,73,66,38,34,16,16,0,0],"gold":294,"neow_bonus":"TRANSFORM_CARD","is_daily":false,"chose_seed":false,"campfire_upgraded":0,"win_rate":0.0,"timestamp":1611339981,"path_taken":["M","M","M","M","?","E","M","E","T","E"],"items_purchased_type":[],"build_version":"2020-12-22","purchased_purges":0,"victory":false,"max_hp_per_floor":[80,80,80,80,80,87,87,87,87,87,87],"card_choices":[{"not_picked":["Pommel Strike","Anger"],"picked":"Flex","floor":1},{"not_picked":["Headbutt","Clash"],"picked":"Armaments","floor":2},{"not_picked":["Evolve","Fiend Fire"],"picked":"Thunderclap","floor":3},{"not_picked":["Seeing Red","Twin Strike"],"picked":"Battle Trance","floor":4},{"not_picked":["Clash","Twin Strike"],"picked":"Dual Wield+1","floor":6},{"not_picked":["Iron Wave","Clash","True Grit+1"],"picked":"SKIP","floor":7},{"not_picked":["Havoc+1","Bloodletting+1"],"picked":"Shrug It Off+1","floor":8}],"player_experience":584399,"relics_obtained":[{"floor":6,"key":"Strawberry"},{"floor":8,"key":"Self Forming Clay"},{"floor":9,"key":"Regal Pillow"}],"event_choices":[{"damage_healed":0,"gold_gain":0,"player_choice":"Success","damage_taken":7,"relics_obtained":["Toxic Egg 2"],"max_hp_gain":0,"max_hp_loss":0,"event_name":"Scrap Ooze","floor":5,"gold_loss":0}],"is_beta":false,"boss_relics":[],"items_purged_floors":[],"is_endless":false,"potions_floor_spawned":[2,6,8],"killed_by":"3 Sentries","ascension_level":0}}