{"host":"g8ufh7m4frdlkxwv","time":1611279771,"event":{"mods":["AchievementEnabler","BaseMod","Colored Map","Dark Map","Minty Spire (QoL Compilation)","Relic Stats","StSLib","ojb\u0027s Info Mod"],"gold_per_floor":[118,137,157,157,221,221,240,240,240],"floor_reached":8,"language":"ENG","playtime":267,"items_purged":[],"score":96,"play_id":"371e0625-4779-423d-82f6-a2381134db6b","local_time":"20210122024251","is_ascension_mode":true,"campfire_choices":[{"data":"All Out Attack","floor":6,"key":"SMITH"}],"circlet_count":0,"master_deck":["AscendersBane","Strike_G","Strike_G","Strike_G","Strike_G","Strike_G","Defend_G","Defend_G","Defend_G","Defend_G","Defend_G","Survivor","Neutralize","All Out Attack+1","Flying Knee","Dagger Spray"],"relics":["Ring of the Snake","Dream Catcher","Calipers"],"acts_visited":["Exordium"],"potions_floor_usage":[8],"damage_taken":[{"damage":3,"enemies":"2 Louse","floor":1,"turns":5},{"damage":3,"enemies":"Small Slimes","floor":2,"turns":3},{"damage":5,"enemies":"Jaw Worm","floor":3,"turns":5},{"damage":4,"enemies":"3 Louse","floor":7,"turns":2},{"damage":47,"enemies":"Gremlin Nob","floor":8,"turns":4}],"seed_played":"7689532013515348864","potions_obtained":[{"floor":1,"key":"Ancient Potion"},{"floor":2,"key":"Fruit Juice"}],"is_trial":false,"path_per_floor":["M","M","M","?","?","R","M","E"],"character_chosen":"THE_SILENT","items_purchased":[],"campfire_rested":0,"item_purchase_floors":[],"current_hp_per_floor":[56,53,48,30,30,30,26,0,0],"gold":240,"neow_bonus":"RANDOM_COMMON_RELIC","is_daily":false,"chose_seed":false,"campfire_upgraded":1,"win_rate":0.0,"timestamp":1611279771,"path_taken":["M","M","M","?","?","R","M","E"],"items_purchased_type":[],"build_version":"2020-12-22","purchased_purges":0,"victory":false,"max_hp_per_floor":[66,66,66,66,66,66,66,71,71],"relic_stats":{"Dream Catcher":0,"counters":[5,19],"obtain_stats":[{"Dream Catcher":0,"Calipers":4,"Ring of the Snake":0},{"Dream Catcher":0,"Calipers":3,"Ring of the Snake":0},{"Dream Catcher":0,"Calipers":13,"Ring of the Snake":0}],"Ring of the Snake":[10]},"card_choices":[{"not_picked":["Reflex","Infinite Blades"],"picked":"All Out Attack","floor":1},{"not_picked":["Dodge and Roll","Blade Dance"],"picked":"Flying Knee","floor":2},{"not_picked":["Bouncing Flask","Reflex","Catalyst"],"picked":"SKIP","floor":3},{"not_picked":["Bane","Flying Knee"],"picked":"Dagger Spray","floor":7}],"player_experience":1068135,"relics_obtained":[],"event_choices":[{"damage_healed":0,"gold_gain":0,"player_choice":"Success","damage_taken":18,"relics_obtained":["Calipers"],"max_hp_gain":0,"max_hp_loss":0,"event_name":"Scrap Ooze","floor":4,"gold_loss":0},{"damage_healed":0,"gold_gain":64,"player_choice":"Gained Gold","damage_taken":0,"max_hp_gain":0,"max_hp_loss":0,"event_name":"Golden Wing","floor":5,"gold_loss":0}],"is_beta":false,"boss_relics":[],"items_purged_floors":[],"is_endless":false,"potions_floor_spawned":[1,2],"killed_by":"Gremlin Nob","ascension_level":20}}