{"host":"lxgv1wbl12oya7hr","time":1611324692,"event":{"mods":["BaseMod","Minty Spire (QoL Compilation)","Permanent Neow","StSLib"],"gold_per_floor":[16,27,27,44,62,62,62,88,112,141,91,113,142,67,67,172,172,192,192,192,47,65,94,107,136,162,162,173,173,173,206,206,307,307,322,322,282,294,313,313,347,247,272,272,272,147,147,163,163,163,163,163,90,118,118],"floor_reached":56,"language":"ENG","playtime":2393,"items_purged":["Strike_R","Wild Strike","Strike_R"],"score":1349,"play_id":"80864ab4-d46d-4355-8815-957342199233","local_time":"20210122061132","is_ascension_mode":true,"campfire_choices":[{"data":"Metallicize","floor":6,"key":"SMITH"},{"data":"Seeing Red","floor":15,"key":"SMITH"},{"data":"Double Tap","floor":27,"key":"SMITH"},{"data":"Demon Form","floor":30,"key":"SMITH"},{"floor":32,"key":"RECALL"},{"data":"Pommel Strike","floor":40,"key":"SMITH"},{"data":"Heavy Blade","floor":44,"key":"SMITH"},{"data":"Fiend Fire","floor":47,"key":"SMITH"},{"data":"Bash","floor":49,"key":"SMITH"},{"data":"Twin Strike","floor":52,"key":"SMITH"}],"circlet_count":0,"master_deck":["Strike_R+1","Defend_R+1","Bash+1","Carnage+1","Pommel Strike+1","Metallicize+1","Shrug It Off+1","Twin Strike+1","Seeing Red+1","Disarm+1","Double Tap+1","Fiend Fire+1","Iron Wave","Inflame+1","Demon Form+1","Anger","Demon Form+1","Shockwave+1","Rage+1","Heavy Blade+1","Finesse","Disarm","Body Slam+1"],"relics":["Burning Blood","Orichalcum","Blood Vial","Odd Mushroom","Happy Flower","Philosopher\u0027s Stone","War Paint","Lantern","TungstenRod","Nunchaku","Thread and Needle","Runic Cube","Bag of Preparation","Bronze Scales","White Beast Statue"],"acts_visited":["Exordium","TheCity","TheBeyond","TheEnding"],"potions_floor_usage":[23,23,35,55,55,55],"damage_taken":[{"damage":8.0,"enemies":"Cultist","floor":1.0,"turns":5.0},{"damage":7,"enemies":"Small Slimes","floor":2,"turns":3},{"damage":0,"enemies":"2 Louse","floor":4,"turns":2},{"damage":5,"enemies":"Looter","floor":5,"turns":2},{"damage":7,"enemies":"Gremlin Nob","floor":8,"turns":4},{"damage":16,"enemies":"Lagavulin","floor":10,"turns":5},{"damage":8,"enemies":"The Mushroom Lair","floor":12,"turns":3},{"damage":4,"enemies":"Gremlin Nob","floor":13,"turns":4},{"damage":8,"enemies":"Hexaghost","floor":16,"turns":8},{"damage":0,"enemies":"Chosen","floor":18,"turns":3},{"damage":5,"enemies":"3 Byrds","floor":22,"turns":4},{"damage":0,"enemies":"Book of Stabbing","floor":23,"turns":4},{"damage":7,"enemies":"Snake Plant","floor":24,"turns":2},{"damage":22,"enemies":"Gremlin Leader","floor":25,"turns":3},{"damage":0,"enemies":"Snecko","floor":28,"turns":3},{"damage":21,"enemies":"Slavers","floor":31,"turns":6},{"damage":39,"enemies":"Automaton","floor":33,"turns":7},{"damage":0,"enemies":"3 Darklings","floor":35,"turns":4},{"damage":0,"enemies":"Orb Walker","floor":38,"turns":3},{"damage":11,"enemies":"Jaw Worm Horde","floor":39,"turns":3},{"damage":0,"enemies":"Giant Head","floor":41,"turns":6},{"damage":36,"enemies":"Transient","floor":48,"turns":5},{"damage":42,"enemies":"Donu and Deca","floor":50,"turns":7},{"damage":27,"enemies":"Shield and Spear","floor":54,"turns":4},{"damage":38,"enemies":"The Heart","floor":55,"turns":6}],"seed_played":"-1619806405197266021","potions_obtained":[{"floor":4,"key":"Strength Potion"},{"floor":10,"key":"Energy Potion"},{"floor":13,"key":"Dexterity Potion"},{"floor":24,"key":"ElixirPotion"},{"floor":25,"key":"LiquidBronze"},{"floor":35,"key":"BloodPotion"},{"floor":39,"key":"CultistPotion"}],"is_trial":false,"path_per_floor":["M","M","?","M","M","R","?","E","T","E","?","?","E","$","R","B",null,"M","?","?","$","M","E","M","E","T","R","M","?","R","E","R","B",null,"M","?","?","M","M","R","E","$","T","R","?","$","R","M","R","B",null,"R","$","E","B",null],"character_chosen":"IRONCLAD","items_purchased":["War Paint","Disarm"],"campfire_rested":0,"item_purchase_floors":[21,53],"current_hp_per_floor":[78,77,77,80,80,80,64,63,63,53,53,53,57,57,57,57,80,80,65,65,65,68,76,77,63,63,63,71,71,71,58,58,27,85,85,85,85,85,80,80,85,85,85,85,85,85,85,55,55,21,85,85,85,64,51],"gold":118,"neow_bonus":"REMOVE_TWO","is_daily":false,"chose_seed":false,"campfire_upgraded":9,"win_rate":0.0,"timestamp":1611324692,"path_taken":["M","M","?","M","M","R","?","E","T","E","?","?","E","?","R","BOSS","M","?","?","?","M","E","M","E","T","R","?","?","R","E","R","BOSS","M","?","?","M","?","R","E","$","T","R","?","$","R","M","R","BOSS","R","$","E","BOSS"],"items_purchased_type":["Relic","Card"],"build_version":"2020-12-22","purchased_purges":3,"victory":true,"max_hp_per_floor":[80,80,80,80,80,80,80,80,80,80,80,80,80,80,80,80,80,80,85,85,85,85,85,85,85,85,85,85,85,85,85,85,85,85,85,85,85,85,85,85,85,85,85,85,85,85,85,85,85,85,85,85,85,85,85],"card_choices":[{"not_picked":["Shrug It Off","Thunderclap"],"picked":"Carnage","floor":1.0},{"not_picked":["Havoc","Pummel"],"picked":"Pommel Strike","floor":2},{"not_picked":["Sentinel","Clothesline"],"picked":"Metallicize","floor":4},{"not_picked":["Rage","Entrench"],"picked":"Shrug It Off","floor":5},{"not_picked":["Uppercut","True Grit"],"picked":"Twin Strike","floor":8},{"not_picked":["Thunderclap","Headbutt","Battle Trance"],"picked":"SKIP","floor":10},{"not_picked":["Shrug It Off","Havoc"],"picked":"Seeing Red","floor":12},{"not_picked":["Sword Boomerang","Flex"],"picked":"Disarm","floor":13},{"not_picked":["Berserk","Exhume"],"picked":"Double Tap","floor":16},{"not_picked":["Twin Strike","True Grit+1","Body Slam"],"picked":"SKIP","floor":18},{"not_picked":["Flex","Thunderclap"],"picked":"Iron Wave","floor":22},{"not_picked":["Entrench","Power Through+1"],"picked":"Inflame+1","floor":23},{"not_picked":["Armaments","Spot Weakness","Feel No Pain"],"picked":"SKIP","floor":24},{"not_picked":["True Grit","Armaments+1","Warcry"],"picked":"SKIP","floor":25},{"not_picked":["Second Wind","Heavy Blade+1","Armaments"],"picked":"SKIP","floor":28},{"not_picked":["Blood for Blood+1","Havoc"],"picked":"Anger","floor":31},{"not_picked":["Limit Break","Juggernaut"],"picked":"Demon Form","floor":33},{"not_picked":["Headbutt+1","Uppercut","Searing Blow+1"],"picked":"SKIP","floor":35},{"not_picked":["Anger","True Grit"],"picked":"Shockwave+1","floor":38},{"not_picked":["Bloodletting","Warcry+1"],"picked":"Rage+1","floor":39},{"not_picked":["Thunderclap","Flex+1"],"picked":"Heavy Blade","floor":41},{"not_picked":["PanicButton","Mind Blast"],"picked":"Finesse","floor":45},{"not_picked":["Fiend Fire","Power Through+1","Entrench"],"picked":"SKIP","floor":48},{"not_picked":["Cleave+1","Headbutt"],"picked":"Body Slam+1","floor":54}],"player_experience":2286267,"relics_obtained":[{"floor":8,"key":"Orichalcum"},{"floor":10,"key":"Blood Vial"},{"floor":12,"key":"Odd Mushroom"},{"floor":13,"key":"Happy Flower"},{"floor":23,"key":"Lantern"},{"floor":25,"key":"TungstenRod"},{"floor":26,"key":"Nunchaku"},{"floor":31,"key":"Thread and Needle"},{"floor":41,"key":"Bag of Preparation"},{"floor":43,"key":"Bronze Scales"},{"floor":54,"key":"White Beast Statue"}],"event_choices":[{"damage_healed":0,"gold_gain":0,"player_choice":"Grow","damage_taken":0,"max_hp_gain":0,"max_hp_loss":0,"event_name":"Living Wall","floor":3,"gold_loss":0,"cards_upgraded":["Carnage"]},{"damage_healed":0,"gold_gain":0,"player_choice":"Entered Light","damage_taken":16,"max_hp_gain":0,"max_hp_loss":0,"event_name":"Shining Light","floor":7,"gold_loss":0,"cards_upgraded":["Strike_R","Defend_R"]},{"cards_removed":["Defend_R"],"damage_healed":0,"gold_gain":0,"player_choice":"Card Removal","damage_taken":0,"max_hp_gain":0,"max_hp_loss":0,"event_name":"The Cleric","floor":11,"gold_loss":50},{"damage_healed":0,"gold_gain":0,"player_choice":"Fought Mushrooms","damage_taken":0,"max_hp_gain":0,"max_hp_loss":0,"event_name":"Mushrooms","floor":12,"gold_loss":0},{"damage_healed":0,"gold_gain":0,"player_choice":"Shed Blood","damage_taken":20,"max_hp_gain":5,"max_hp_loss":0,"event_name":"Forgotten Altar","floor":19,"gold_loss":0},{"damage_healed":0,"gold_gain":0,"cards_transformed":["Strike_R","Defend_R"],"player_choice":"Became Test Subject","damage_taken":0,"max_hp_gain":0,"max_hp_loss":0,"event_name":"Drug Dealer","floor":20,"gold_loss":0,"cards_obtained":["Fiend Fire","Wild Strike"]},{"damage_healed":0,"gold_gain":0,"player_choice":"Read","damage_taken":0,"max_hp_gain":0,"max_hp_loss":0,"event_name":"The Library","floor":29,"gold_loss":0,"cards_obtained":["Demon Form"]},{"damage_healed":0,"gold_gain":0,"player_choice":"Ignored","damage_taken":0,"max_hp_gain":0,"max_hp_loss":0,"event_name":"Tomb of Lord Red Mask","floor":36,"gold_loss":0},{"damage_healed":0,"gold_gain":0,"player_choice":"Upgrade","damage_taken":0,"max_hp_gain":0,"max_hp_loss":0,"event_name":"Designer","floor":37,"gold_loss":40,"cards_upgraded":["Demon Form"]},{"damage_healed":0,"gold_gain":0,"player_choice":"Memory 1","damage_taken":0,"max_hp_gain":0,"max_hp_loss":0,"event_name":"SensoryStone","floor":45,"gold_loss":0}],"is_beta":false,"boss_relics":[{"not_picked":["Pandora\u0027s Box","Velvet Choker"],"picked":"Philosopher\u0027s Stone"},{"not_picked":["Black Star","Black Blood"],"picked":"Runic Cube"}],"items_purged_floors":[14,42,46],"is_endless":false,"potions_floor_spawned":[4,10,13,16,22,24,25,35,39,48,54],"ascension_level":1}}