{"host":"hfxp6ue4pvwo3fit","time":1611277163,"event":{"mods":["AchievementEnabler","BaseMod","Colored Map","Colored Powertips","Highlight Path","Minty Spire (QoL Compilation)","Relic Stats","StSLib","SuperFastMode"],"gold_per_floor":[115,115,134,209,51,51,82,82,82,101,101,51,88,98,98,183,183,212,40,69,81,90,90,134,157,219,219,235,235,150,17,17,17,17],"floor_reached":33,"language":"ENG","playtime":967,"items_purged":["Strike_R","Clumsy"],"score":546,"play_id":"de380d88-abbd-41bd-bf2f-54cebcccc8c4","local_time":"20210121185923","is_ascension_mode":true,"campfire_choices":[{"data":"Bash","floor":6,"key":"SMITH"},{"floor":8,"key":"REST"},{"floor":11,"key":"REST"},{"floor":15,"key":"REST"},{"data":"Pommel Strike","floor":23,"key":"SMITH"},{"data":"Shockwave","floor":27,"key":"SMITH"},{"data":"Burning Pact","floor":29,"key":"SMITH"},{"data":"Disarm","floor":32,"key":"SMITH"}],"circlet_count":0,"master_deck":["AscendersBane","Strike_R","Strike_R","Strike_R","Defend_R","Defend_R","Defend_R","Defend_R","Bash+1","Wild Strike","Clothesline","Twin Strike","Shockwave+1","Burning Pact+1","Reaper","Pommel Strike+1","Disarm+1","Sword Boomerang","Warcry+1","Shrug It Off"],"relics":["Runic Dome","Self Forming Clay","OrangePellets","Smiling Mask","CeramicFish","Toy Ornithopter","Cursed Key","Lee\u0027s Waffle","Red Skull","Orichalcum","Boot"],"acts_visited":["Exordium","TheCity"],"potions_floor_usage":[7,13,24,28],"damage_taken":[{"damage":0,"enemies":"2 Louse","floor":1,"turns":3},{"damage":6,"enemies":"Small Slimes","floor":3,"turns":4},{"damage":29,"enemies":"3 Sentries","floor":7,"turns":10},{"damage":7,"enemies":"Jaw Worm","floor":10,"turns":3},{"damage":12,"enemies":"Lagavulin","floor":13,"turns":6},{"damage":8,"enemies":"Looter","floor":14,"turns":3},{"damage":34,"enemies":"The Guardian","floor":16,"turns":15},{"damage":27,"enemies":"Shell Parasite","floor":18,"turns":6},{"damage":24,"enemies":"Chosen","floor":20,"turns":4},{"damage":22,"enemies":"Snake Plant","floor":21,"turns":5},{"damage":28,"enemies":"Book of Stabbing","floor":24,"turns":5},{"damage":4,"enemies":"Chosen and Byrds","floor":25,"turns":4},{"damage":7,"enemies":"3 Cultists","floor":28,"turns":4},{"damage":86,"enemies":"Collector","floor":33,"turns":8}],"seed_played":"-4997669844789311351","potions_obtained":[{"floor":1,"key":"Fire Potion"},{"floor":7,"key":"AttackPotion"},{"floor":18,"key":"Explosive Potion"},{"floor":20,"key":"PowerPotion"},{"floor":28,"key":"Block Potion"}],"is_trial":false,"path_per_floor":["M","?","M","?","$","R","E","R","T","M","R","$","E","M","R","B",null,"M","$","M","M","?","R","E","M","T","R","M","R","?","$","R","B"],"character_chosen":"IRONCLAD","items_purchased":["OrangePellets","Lee\u0027s Waffle","LiquidMemories"],"campfire_rested":3,"item_purchase_floors":[5,19,31],"current_hp_per_floor":[68,50,44,33,33,33,4,26,26,19,41,41,29,21,43,9,59,36,82,58,42,42,42,28,34,34,34,56,56,56,56,56,0,0],"gold":17,"neow_bonus":"BOSS_RELIC","is_daily":false,"chose_seed":false,"campfire_upgraded":5,"win_rate":0.0,"timestamp":1611277163,"path_taken":["M","?","M","?","?","R","E","R","T","M","R","$","E","M","R","BOSS","M","$","M","M","?","R","E","?","T","R","M","R","?","$","R","BOSS"],"items_purchased_type":["Relic","Relic","Potion"],"build_version":"2020-12-22","purchased_purges":2,"victory":false,"max_hp_per_floor":[75,75,75,75,75,75,75,75,75,75,75,75,75,75,75,75,75,75,82,82,82,82,82,82,82,82,82,82,82,82,82,82,82,82],"relic_stats":{"OrangePellets":[0],"Lee\u0027s Waffle":46,"counters":[14,80],"Self Forming Clay":[132],"CeramicFish":81,"Orichalcum":[12],"Smiling Mask":75,"Cursed Key":1,"Boot":[9],"obtain_stats":[{"Runic Dome":0,"OrangePellets":5,"Lee\u0027s Waffle":19,"Self Forming Clay":2,"CeramicFish":9,"Orichalcum":26,"Smiling Mask":7,"Cursed Key":17,"Boot":30,"Burning Blood":0,"Toy Ornithopter":13,"Red Skull":24},{"Runic Dome":0,"OrangePellets":2,"Lee\u0027s Waffle":8,"Self Forming Clay":1,"CeramicFish":3,"Orichalcum":12,"Smiling Mask":3,"Cursed Key":7,"Boot":13,"Burning Blood":0,"Toy Ornithopter":5,"Red Skull":11},{"Runic Dome":0,"OrangePellets":7,"Lee\u0027s Waffle":50,"Self Forming Clay":3,"CeramicFish":17,"Orichalcum":68,"Smiling Mask":17,"Cursed Key":44,"Boot":72,"Burning Blood":0,"Toy Ornithopter":26,"Red Skull":64}],"Toy Ornithopter":10},"card_choices":[{"not_picked":["Infernal Blade","Iron Wave"],"picked":"Wild Strike","floor":1},{"not_picked":["Rampage","Clash"],"picked":"Clothesline","floor":3},{"not_picked":["Iron Wave","Sentinel"],"picked":"Twin Strike","floor":7},{"not_picked":["Dark Embrace","Seeing Red"],"picked":"Shockwave","floor":10},{"not_picked":["Headbutt","Warcry"],"picked":"Burning Pact","floor":13},{"not_picked":["Perfected Strike","Anger","Clothesline"],"picked":"SKIP","floor":14},{"not_picked":["Feed","Exhume"],"picked":"Reaper","floor":16},{"not_picked":["Fire Breathing","Shockwave"],"picked":"Pommel Strike","floor":18},{"not_picked":["Body Slam","Warcry"],"picked":"Disarm","floor":20},{"not_picked":["Entrench","Clash","Iron Wave"],"picked":"SKIP","floor":21},{"not_picked":["Sword Boomerang","Heavy Blade"],"picked":"Warcry+1","floor":24},{"not_picked":["Twin Strike","Impervious"],"picked":"Shrug It Off","floor":25},{"not_picked":["Rupture+1","Perfected Strike","Wild Strike"],"picked":"SKIP","floor":28}],"player_experience":508623,"relics_obtained":[{"floor":7,"key":"Smiling Mask"},{"floor":9,"key":"CeramicFish"},{"floor":13,"key":"Toy Ornithopter"},{"floor":24,"key":"Red Skull"},{"floor":26,"key":"Orichalcum"}],"event_choices":[{"damage_healed":0,"gold_gain":0,"player_choice":"Success","damage_taken":18,"relics_obtained":["Self Forming Clay"],"max_hp_gain":0,"max_hp_loss":0,"event_name":"Scrap Ooze","floor":2,"gold_loss":0},{"damage_healed":0,"gold_gain":75,"player_choice":"Gather Gold","damage_taken":11,"max_hp_gain":0,"max_hp_loss":0,"event_name":"World of Goop","floor":4,"gold_loss":0},{"damage_healed":0,"gold_gain":0,"cards_transformed":["Strike_R"],"player_choice":"Transformed","damage_taken":0,"max_hp_gain":0,"max_hp_loss":0,"event_name":"Transmorgrifier","floor":22,"gold_loss":0,"cards_obtained":["Sword Boomerang"]},{"damage_healed":0,"gold_gain":0,"player_choice":"Obtained Relic","damage_taken":0,"relics_obtained":["Boot"],"max_hp_gain":0,"max_hp_loss":0,"event_name":"Addict","floor":30,"gold_loss":85}],"is_beta":false,"boss_relics":[{"not_picked":["Ectoplasm","Mark of Pain"],"picked":"Cursed Key"}],"items_purged_floors":[12,31],"is_endless":false,"potions_floor_spawned":[1,7,18,20,28],"killed_by":"Collector","ascension_level":20}}