{"host":"kdt6w7ix8lwe69i9","time":1611295336,"event":{"mods":["100% Spire Juice","Bartender","BaseMod","ChefMod","Downfall","Evolution","Fiend Mod","Jorbs\u0027s Wanderer Trilogy","Minty Spire (QoL Compilation)","Reimu（博丽灵梦）","Robot Space Explorer","Shade Mod","StSLib","The Caster","The Cursed","The Disciple","The Dragon Tamer","The Druid","The Fake Hero","The Forsaken","The Gatherer","The Marked","TheBandit","TheSwordswoman"],"gold_per_floor":[111,130,130,140,154,154,154,187,187,207,38,63,77,97,97,199,199,218,198,214,231,245,245,278,302,302,321,340,340,47,79,91,202,214,239,266,301,367,379,417,22,50,50,66,79,93,122,122,122,122,122,122,40,68,68,68],"floor_reached":55,"language":"ENG","playtime":5789,"items_purged":[],"score":936,"play_id":"6ddb253d-2a79-420c-ba67-3d4c3c700c08","local_time":"20210122010216","is_ascension_mode":false,"campfire_choices":[{"data":"RobotSpaceExplorer:MiniLasers","floor":7,"key":"SMITH"},{"floor":15,"key":"REST"},{"floor":23,"key":"RECALL"},{"floor":29,"key":"REST"},{"data":"Apotheosis","floor":32,"key":"SMITH"},{"floor":49,"key":"REST"},{"data":"1","floor":52,"key":"LIFT"}],"circlet_count":0,"master_deck":["RobotSpaceExplorer:Strike","RobotSpaceExplorer:Strike","RobotSpaceExplorer:Defend","RobotSpaceExplorer:Defend","RobotSpaceExplorer:Defend","RobotSpaceExplorer:Defend","RobotSpaceExplorer:Scan","RobotSpaceExplorer:MiniLasers+1","RobotSpaceExplorer:ScrapMissile","RobotSpaceExplorer:MetalStrike+1","RobotSpaceExplorer:BigMissile","RobotSpaceExplorer:MiniDrones","RobotSpaceExplorer:FreezeRay","RobotSpaceExplorer:MiniDrones","Apotheosis+1","RobotSpaceExplorer:DoubleFind","RobotSpaceExplorer:MiniBoosters","RobotSpaceExplorer:Probe","RobotSpaceExplorer:Explosion","RobotSpaceExplorer:StunGrenade+1","RobotSpaceExplorer:StarLightning","RobotSpaceExplorer:Counterblock","RobotSpaceExplorer:ShovelStrike+1","RobotSpaceExplorer:ShovelStrike","RobotSpaceExplorer:DoubleBlock","RobotSpaceExplorer:Ammunition+1","RobotSpaceExplorer:Accelerator","RobotSpaceExplorer:StarLightning","RobotSpaceExplorer:ScrapToss+1","RobotSpaceExplorer:TrailblazerForm","CurseOfTheBell","RobotSpaceExplorer:PowerCollector+1","RobotSpaceExplorer:Electropulse+1","RobotSpaceExplorer:Pulsar","RobotSpaceExplorer:PlasmaMissile+1","RobotSpaceExplorer:DroneSwarm","RobotSpaceExplorer:ScrapMissile","RobotSpaceExplorer:Pulsar","RobotSpaceExplorer:StarLightning+1","RobotSpaceExplorer:Probe","RobotSpaceExplorer:StarDust","RobotSpaceExplorer:DualCore","RobotSpaceExplorer:MiniBoosters+1"],"relics":["EVO:Axolotl","Silver_Glasses","RuthlessExorcism:ReiMu","Orichalcum","HornCleat","Black Star","Tiny Chest","StoneCalendar","Gremlin Horn","PreservedInsect","MawBank","Singing Bowl","Calling Bell","Smiling Mask","Letter Opener","Du-Vu Doll","Oddly Smooth Stone","Girya","Omamori","Guardian:PocketSentry","RobotSpaceExplorer:BottledGravity","Ancient Tea Set","Anchor","White_Cape","Boot","Happy Flower","Ornamental Fan","Toy Ornithopter"],"acts_visited":["Exordium","TheCity","TheBeyond","TheEnding"],"potions_floor_usage":[5,12,16,20,21,24,27,33,35,35,36,38,44,50,55],"damage_taken":[{"damage":0,"enemies":"Small Slimes","floor":1,"turns":4},{"damage":6,"enemies":"Cultist","floor":2,"turns":3},{"damage":1,"enemies":"2 Louse","floor":4,"turns":2},{"damage":6,"enemies":"Lots of Slimes","floor":5,"turns":6},{"damage":22,"enemies":"Lagavulin","floor":8,"turns":9},{"damage":0,"enemies":"3 Louse","floor":10,"turns":1},{"damage":29,"enemies":"Gremlin Nob","floor":12,"turns":5},{"damage":0,"enemies":"Red Slaver","floor":13,"turns":3},{"damage":2,"enemies":"Exordium Thugs","floor":14,"turns":4},{"damage":0,"enemies":"Hexaghost","floor":16,"turns":9},{"damage":0,"enemies":"Spheric Guardian","floor":18,"turns":2},{"damage":3,"enemies":"2 Thieves","floor":20,"turns":3},{"damage":5,"enemies":"Chosen and Byrds","floor":21,"turns":5},{"damage":6,"enemies":"Snecko","floor":22,"turns":4},{"damage":9,"enemies":"Book of Stabbing","floor":24,"turns":4},{"damage":13,"enemies":"Centurion and Healer","floor":27,"turns":6},{"damage":8,"enemies":"Snake Plant","floor":28,"turns":4},{"damage":8,"enemies":"Gremlin Leader","floor":31,"turns":2},{"damage":4,"enemies":"Automaton","floor":33,"turns":7},{"damage":8,"enemies":"3 Darklings","floor":35,"turns":5},{"damage":6,"enemies":"Orb Walker","floor":36,"turns":3},{"damage":16,"enemies":"2 Orb Walkers","floor":38,"turns":5},{"damage":0,"enemies":"Giant Head","floor":40,"turns":7},{"damage":6,"enemies":"Nemesis","floor":42,"turns":7},{"damage":3,"enemies":"Maw","floor":44,"turns":6},{"damage":0,"enemies":"Spire Growth","floor":45,"turns":4},{"damage":0,"enemies":"3 Darklings","floor":46,"turns":3},{"damage":6,"enemies":"Reptomancer","floor":47,"turns":4},{"damage":18,"enemies":"Donu and Deca","floor":50,"turns":7},{"damage":17,"enemies":"Shield and Spear","floor":54,"turns":4},{"damage":64,"enemies":"The Heart","floor":55,"turns":5}],"seed_played":"-4915062105490979917","potions_obtained":[{"floor":4,"key":"Weak Potion"},{"floor":8,"key":"LiquidBronze"},{"floor":10,"key":"Block Potion"},{"floor":12,"key":"ColorlessPotion"},{"floor":14,"key":"Block Potion"},{"floor":19,"key":"Block Potion"},{"floor":24,"key":"Energy Potion"},{"floor":28,"key":"PowerPotion"},{"floor":33,"key":"RobotSpaceExplorer:RecyclePotion"},{"floor":35,"key":"Weak Potion"},{"floor":36,"key":"Dexterity Potion"},{"floor":42,"key":"Explosive Potion"},{"floor":44,"key":"SkillPotion"},{"floor":54,"key":"Dexterity Potion"}],"is_trial":false,"path_per_floor":["M","M","?","M","M","?","R","E","T","M","$","E","M","M","R","B",null,"M","?","M","M","M","R","E","T","T","M","M","R","$","E","R","B",null,"M","M","T","?","?","E","$","E","T","M","M","M","E","?","R","B",null,"R","$","E","B"],"character_chosen":"RobotSpaceExplorer","items_purchased":["Apotheosis","PreservedInsect","RobotSpaceExplorer:Accelerator","RobotSpaceExplorer:StarLightning","RobotSpaceExplorer:BottledGravity","RobotSpaceExplorer:DroneSwarm","RobotSpaceExplorer:DualCore"],"campfire_rested":3,"item_purchase_floors":[11,30,30,30,41,41,53],"current_hp_per_floor":[75,69,69,68,62,62,62,40,40,40,40,11,11,9,31,31,75,75,75,72,67,61,61,52,52,52,39,31,53,53,45,45,41,75,67,61,61,45,45,45,45,39,39,36,36,36,30,30,52,34,75,75,75,58,0,0],"gold":68,"neow_bonus":"BOSS_RELIC","is_daily":false,"chose_seed":false,"campfire_upgraded":2,"win_rate":0.0,"timestamp":1611295336,"path_taken":["M","M","?","?","M","?","R","E","T","M","$","E","?","M","R","BOSS","M","?","M","M","?","R","E","?","T","M","?","R","?","E","R","BOSS","M","M","?","?","?","E","$","E","T","M","M","M","E","?","R","BOSS","R","$","E","BOSS"],"items_purchased_type":["Card","Relic","Card","Card","Relic","Card","Card"],"build_version":"2020-12-22","purchased_purges":0,"victory":false,"max_hp_per_floor":[75,75,75,75,75,75,75,75,75,75,75,75,75,75,75,75,75,75,75,75,75,75,75,75,75,75,75,75,75,75,75,75,75,75,75,75,75,75,75,75,75,75,75,75,75,75,75,75,75,75,75,75,75,75,75,75],"card_choices":[{"not_picked":["RobotSpaceExplorer:StunGrenade","RobotSpaceExplorer:MakeshiftVolley"],"picked":"RobotSpaceExplorer:ScrapMissile","floor":1},{"not_picked":["RobotSpaceExplorer:FranticSearch","RobotSpaceExplorer:Electropulse"],"picked":"RobotSpaceExplorer:MetalStrike","floor":2},{"not_picked":["RobotSpaceExplorer:Electropulse","RobotSpaceExplorer:GlueSpray"],"picked":"RobotSpaceExplorer:BigMissile","floor":4},{"not_picked":["RobotSpaceExplorer:SlimeMissile","RobotSpaceExplorer:ImprovisedAttack"],"picked":"RobotSpaceExplorer:MiniDrones","floor":5},{"not_picked":["RobotSpaceExplorer:SwiftStep","RobotSpaceExplorer:SlimeMissile"],"picked":"RobotSpaceExplorer:FreezeRay","floor":8},{"not_picked":["RobotSpaceExplorer:Smokescreen","RobotSpaceExplorer:LaserBurst"],"picked":"RobotSpaceExplorer:MiniDrones","floor":10},{"not_picked":["RobotSpaceExplorer:Exploration","RobotSpaceExplorer:FranticSearch"],"picked":"RobotSpaceExplorer:DoubleFind","floor":12},{"not_picked":["RobotSpaceExplorer:PlasmaMissile","RobotSpaceExplorer:SurgingShield"],"picked":"RobotSpaceExplorer:MiniBoosters","floor":13},{"not_picked":["RobotSpaceExplorer:Smokescreen","RobotSpaceExplorer:DoubleBlock"],"picked":"RobotSpaceExplorer:Probe","floor":14},{"not_picked":["RobotSpaceExplorer:Comet","RobotSpaceExplorer:ShockMissile"],"picked":"RobotSpaceExplorer:Explosion","floor":16},{"not_picked":["RobotSpaceExplorer:FrostMissile","RobotSpaceExplorer:Blitz"],"picked":"RobotSpaceExplorer:StunGrenade+1","floor":18},{"not_picked":["RobotSpaceExplorer:Pulsar","RobotSpaceExplorer:StarDust"],"picked":"RobotSpaceExplorer:StarLightning","floor":20},{"not_picked":["RobotSpaceExplorer:FranticSearch","RobotSpaceExplorer:SlimeMissile"],"picked":"RobotSpaceExplorer:Counterblock","floor":21},{"not_picked":["RobotSpaceExplorer:FranticSearch","RobotSpaceExplorer:Ammunition+1"],"picked":"RobotSpaceExplorer:ShovelStrike+1","floor":22},{"not_picked":["RobotSpaceExplorer:SlimeMissile","RobotSpaceExplorer:FranticSearch"],"picked":"RobotSpaceExplorer:ShovelStrike","floor":24},{"not_picked":["RobotSpaceExplorer:Counterblock+1","RobotSpaceExplorer:Pulsar"],"picked":"RobotSpaceExplorer:DoubleBlock","floor":27},{"not_picked":["RobotSpaceExplorer:SlimeMissile","RobotSpaceExplorer:ImprovisedAttack"],"picked":"RobotSpaceExplorer:Ammunition+1","floor":28},{"not_picked":["RobotSpaceExplorer:Probe","RobotSpaceExplorer:Fix"],"picked":"RobotSpaceExplorer:ScrapToss+1","floor":31},{"not_picked":["RobotSpaceExplorer:DroneSwarm","RobotSpaceExplorer:Wormhole"],"picked":"RobotSpaceExplorer:TrailblazerForm","floor":33},{"not_picked":["RobotSpaceExplorer:FrostMissile+1","RobotSpaceExplorer:Probe+1"],"picked":"RobotSpaceExplorer:PowerCollector+1","floor":35},{"not_picked":["RobotSpaceExplorer:DoubleBlock+1","RobotSpaceExplorer:Wormhole"],"picked":"RobotSpaceExplorer:Electropulse+1","floor":36},{"not_picked":["RobotSpaceExplorer:GlueShot","RobotSpaceExplorer:MetalStrike"],"picked":"RobotSpaceExplorer:Pulsar","floor":38},{"not_picked":["RobotSpaceExplorer:Pulsar+1","RobotSpaceExplorer:SwiftStep+1"],"picked":"RobotSpaceExplorer:PlasmaMissile+1","floor":40},{"not_picked":["RobotSpaceExplorer:LuckyStrike+1","RobotSpaceExplorer:Electropulse"],"picked":"RobotSpaceExplorer:ScrapMissile","floor":42},{"not_picked":["RobotSpaceExplorer:ShovelStrike+1","RobotSpaceExplorer:BlastShield"],"picked":"RobotSpaceExplorer:Pulsar","floor":44},{"not_picked":["RobotSpaceExplorer:ImprovisedAttack+1","RobotSpaceExplorer:FrostMissile"],"picked":"RobotSpaceExplorer:StarLightning+1","floor":45},{"not_picked":["RobotSpaceExplorer:StunGrenade+1","RobotSpaceExplorer:Jetpack+1"],"picked":"RobotSpaceExplorer:Probe","floor":46},{"not_picked":["RobotSpaceExplorer:Blaster","RobotSpaceExplorer:Ammunition"],"picked":"RobotSpaceExplorer:StarDust","floor":47},{"not_picked":["RobotSpaceExplorer:ImprovisedAttack","RobotSpaceExplorer:Pulsar"],"picked":"RobotSpaceExplorer:MiniBoosters+1","floor":54}],"player_experience":1874349,"relics_obtained":[{"floor":8,"key":"RuthlessExorcism:ReiMu"},{"floor":9,"key":"Orichalcum"},{"floor":12,"key":"HornCleat"},{"floor":24,"key":"Tiny Chest"},{"floor":24,"key":"StoneCalendar"},{"floor":26,"key":"Gremlin Horn"},{"floor":31,"key":"MawBank"},{"floor":31,"key":"Singing Bowl"},{"floor":34,"key":"Smiling Mask"},{"floor":34,"key":"Letter Opener"},{"floor":34,"key":"Du-Vu Doll"},{"floor":37,"key":"Oddly Smooth Stone"},{"floor":38,"key":"Girya"},{"floor":40,"key":"Omamori"},{"floor":40,"key":"Guardian:PocketSentry"},{"floor":42,"key":"Ancient Tea Set"},{"floor":42,"key":"Anchor"},{"floor":43,"key":"White_Cape"},{"floor":47,"key":"Boot"},{"floor":47,"key":"Happy Flower"},{"floor":54,"key":"Ornamental Fan"},{"floor":54,"key":"Toy Ornithopter"}],"event_choices":[{"damage_healed":0,"gold_gain":0,"player_choice":"Upgraded","damage_taken":0,"max_hp_gain":0,"max_hp_loss":0,"event_name":"Upgrade Shrine","floor":3,"gold_loss":0,"cards_upgraded":["RobotSpaceExplorer:MetalStrike"]},{"cards_removed":["RobotSpaceExplorer:Strike"],"damage_healed":0,"gold_gain":0,"player_choice":"Offered Basic","damage_taken":0,"max_hp_gain":0,"max_hp_loss":0,"event_name":"Bonfire Elementals","floor":6,"gold_loss":0},{"damage_healed":0,"gold_gain":0,"player_choice":"Bought 1 Potion","damage_taken":0,"max_hp_gain":0,"max_hp_loss":0,"event_name":"The Woman in Blue","floor":19,"gold_loss":0},{"damage_healed":0,"gold_gain":0,"player_choice":"Fight","damage_taken":0,"max_hp_gain":0,"max_hp_loss":0,"event_name":"Mysterious Sphere","floor":38,"gold_loss":0},{"cards_removed":["RobotSpaceExplorer:Strike"],"damage_healed":0,"gold_gain":0,"player_choice":"Removed Attack","damage_taken":0,"max_hp_gain":0,"max_hp_loss":0,"event_name":"Falling","floor":48,"gold_loss":0}],"is_beta":false,"boss_relics":[{"not_picked":["RedLine:ReiMu","Empty Cage"],"picked":"Black Star"},{"not_picked":["theForsaken:PaleLantern","RobotSpaceExplorer:Reprocessor"],"picked":"Calling Bell"}],"items_purged_floors":[],"is_endless":false,"potions_floor_spawned":[4,8,10,12,14,24,28,33,35,36,42,44,54],"killed_by":"The Heart","ascension_level":0}}