{"host":"t7mx8yfj1no5p62f","time":1611301583,"event":{"mods":["BaseMod","Bestiary","Colored Map","Colored Powertips","Minty Spire (QoL Compilation)","Relic Stats","StSLib"],"gold_per_floor":[117,117,131,131,148,148,160,192,192,192,210,224,243,273,273,345,345,324,168,179,69,86,120,20,50,97,97,116,147,147,180,180,257,257,277,277,104,120,136,136,163,163,163,163,163,181,198,224,236,248,260,272,284,40,69,69,69],"floor_reached":56,"language":"ENG","playtime":2762,"items_purged":["Strike_B","Strike_B"],"score":2184,"play_id":"4ec9f380-929a-4429-85a7-af37ed2b9d3a","local_time":"20210122024623","is_ascension_mode":true,"campfire_choices":[{"data":"Streamline","floor":6.0,"key":"SMITH"},{"data":"Hologram","floor":10.0,"key":"SMITH"},{"data":"Beam Cell","floor":15.0,"key":"SMITH"},{"floor":27.0,"key":"REST"},{"floor":32.0,"key":"REST"},{"data":"Skim","floor":40.0,"key":"SMITH"},{"data":"Hologram","floor":42.0,"key":"SMITH"},{"floor":44.0,"key":"RECALL"},{"data":"Force Field","floor":49.0,"key":"SMITH"},{"data":"All For One","floor":53.0,"key":"SMITH"}],"circlet_count":0,"master_deck":["AscendersBane","Strike_B","Defend_B","Defend_B","Defend_B","Defend_B","Zap","Dualcast","Streamline+1","Skim+1","Compile Driver","Conserve Battery+1","Hologram+1","Ball Lightning","Beam Cell+1","Hologram+1","Compile Driver","Echo Form","Force Field+1","All For One+1","Fusion+1","Hologram+1","Creative AI+1","Echo Form+1","Conserve Battery+1","Sunder+1","Heatsinks+1","Static Discharge+1"],"relics":["Cracked Core","NeowsBlessing","Anchor","White Beast Statue","CaptainsWheel","Snecko Eye","Frozen Egg 2","Ornamental Fan","Lantern","Molten Egg 2","Du-Vu Doll","Coffee Dripper","Toolbox","Bronze Scales","MawBank","Sling","Eternal Feather"],"acts_visited":["TheCity","TheBeyond","TheEnding"],"potions_floor_usage":[56,56],"damage_taken":[{"damage":0.0,"enemies":"Small Slimes","floor":1.0,"turns":1.0},{"damage":0.0,"enemies":"Jaw Worm","floor":3.0,"turns":1.0},{"damage":0.0,"enemies":"Cultist","floor":5.0,"turns":1.0},{"damage":7.0,"enemies":"Looter","floor":7.0,"turns":3.0},{"damage":20.0,"enemies":"Lagavulin","floor":8.0,"turns":6.0},{"damage":0.0,"enemies":"Gremlin Gang","floor":11.0,"turns":4.0},{"damage":4.0,"enemies":"Red Slaver","floor":12.0,"turns":3.0},{"damage":0.0,"enemies":"Blue Slaver","floor":13.0,"turns":3.0},{"damage":13.0,"enemies":"3 Sentries","floor":14.0,"turns":6.0},{"damage":12.0,"enemies":"Slime Boss","floor":16.0,"turns":6.0},{"damage":10.0,"enemies":"2 Thieves","floor":18.0,"turns":4.0},{"damage":0.0,"enemies":"3 Byrds","floor":20.0,"turns":4.0},{"damage":3.0,"enemies":"Shelled Parasite and Fungi","floor":22.0,"turns":3.0},{"damage":0.0,"enemies":"Slavers","floor":23.0,"turns":3.0},{"damage":41.0,"enemies":"Book of Stabbing","floor":25.0,"turns":6.0},{"damage":0.0,"enemies":"Centurion and Healer","floor":28.0,"turns":5.0},{"damage":10.0,"enemies":"Gremlin Leader","floor":29.0,"turns":4.0},{"damage":25.0,"enemies":"Book of Stabbing","floor":31.0,"turns":6.0},{"damage":0.0,"enemies":"Automaton","floor":33.0,"turns":6.0},{"damage":0.0,"enemies":"Orb Walker","floor":35.0,"turns":2.0},{"damage":3.0,"enemies":"3 Darklings","floor":38.0,"turns":5.0},{"damage":9.0,"enemies":"Jaw Worm Horde","floor":39.0,"turns":2.0},{"damage":2.0,"enemies":"Giant Head","floor":41.0,"turns":6.0},{"damage":0.0,"enemies":"Sphere and 2 Shapes","floor":46.0,"turns":3.0},{"damage":0.0,"enemies":"3 Darklings","floor":47.0,"turns":4.0},{"damage":19.0,"enemies":"Awakened One","floor":50.0,"turns":7.0},{"damage":0.0,"enemies":"Donu and Deca","floor":51.0,"turns":5.0},{"damage":1.0,"enemies":"Shield and Spear","floor":55.0,"turns":4.0},{"damage":77,"enemies":"The Heart","floor":56,"turns":6}],"seed_played":"8080613781742234780","potions_obtained":[{"floor":3.0,"key":"BlessingOfTheForge"},{"floor":4.0,"key":"CultistPotion"},{"floor":11.0,"key":"SteroidPotion"},{"floor":16.0,"key":"SneckoOil"},{"floor":18.0,"key":"SpeedPotion"},{"floor":22.0,"key":"ColorlessPotion"},{"floor":23.0,"key":"FocusPotion"},{"floor":25.0,"key":"PotionOfCapacity"},{"floor":28.0,"key":"PowerPotion"},{"floor":29.0,"key":"Strength Potion"},{"floor":33.0,"key":"DuplicationPotion"},{"floor":38.0,"key":"DistilledChaos"},{"floor":41.0,"key":"DuplicationPotion"},{"floor":55.0,"key":"Regen Potion"}],"is_trial":false,"path_per_floor":["M","?","M","?","M","R","M","E","T","R","M","M","M","E","R","B",null,"M","$","M","?","M","E","$","E","T","R","M","E","?","E","R","B",null,"M","?","$","M","M","R","E","R","T","R","?","M","M","T","R","B","B",null,"R","$","E","B"],"character_chosen":"DEFECT","items_purchased":["All For One","Toolbox","Heatsinks+1","Sling"],"campfire_rested":2,"item_purchase_floors":[19,37,54,54],"current_hp_per_floor":[64,69,69,69,69,69,62,42,42,42,42,38,38,25,25,13,60,50,50,50,50,47,47,47,6,6,28,28,18,33,8,30,30,65,65,65,65,62,53,53,51,51,51,51,51,51,51,51,51,32,32,62,62,62,61,0,0],"gold":69,"neow_bonus":"THREE_ENEMY_KILL","is_daily":false,"chose_seed":false,"campfire_upgraded":7,"win_rate":0.0,"timestamp":1611301583,"path_taken":["M","?","M","?","M","R","?","E","T","R","M","M","M","E","R","BOSS","M","$","M","?","?","E","?","E","T","R","M","E","?","E","R","BOSS","M","?","$","?","M","R","E","R","T","R","?","M","M","?","R","BOSS","BOSS","R","$","E","BOSS"],"items_purchased_type":["Card","Relic","Card","Relic"],"build_version":"2020-12-22","purchased_purges":2,"victory":false,"max_hp_per_floor":[71,76,76,76,76,76,76,76,76,76,76,76,76,76,76,76,76,76,76,76,76,76,76,76,76,76,76,76,76,76,76,76,76,76,76,76,76,76,76,76,76,76,76,76,72,72,72,72,72,72,72,72,72,72,72,72,72],"relic_stats":{"counters":[29,119],"Ornamental Fan":[276],"Bronze Scales":[147],"Snecko Eye":[193,202,174,199],"Eternal Feather":0,"MawBank":72,"obtain_stats":[{"Lantern":26,"NeowsBlessing":0,"Eternal Feather":55,"Frozen Egg 2":23,"MawBank":48,"Sling":54,"White Beast Statue":9,"Du-Vu Doll":31,"Anchor":8,"CaptainsWheel":14,"Ornamental Fan":25,"Bronze Scales":41,"Snecko Eye":17,"Toolbox":37,"Molten Egg 2":29,"Coffee Dripper":34,"Cracked Core":0},{"Lantern":15,"NeowsBlessing":0,"Eternal Feather":28,"Frozen Egg 2":14,"MawBank":25,"Sling":27,"White Beast Statue":5,"Du-Vu Doll":18,"Anchor":5,"CaptainsWheel":9,"Ornamental Fan":15,"Bronze Scales":23,"Snecko Eye":10,"Toolbox":20,"Molten Egg 2":17,"Coffee Dripper":19,"Cracked Core":0},{"Lantern":54,"NeowsBlessing":0,"Eternal Feather":113,"Frozen Egg 2":48,"MawBank":97,"Sling":109,"White Beast Statue":12,"Du-Vu Doll":69,"Anchor":12,"CaptainsWheel":28,"Ornamental Fan":54,"Bronze Scales":90,"Snecko Eye":34,"Toolbox":77,"Molten Egg 2":63,"Coffee Dripper":75,"Cracked Core":0}]},"card_choices":[{"not_picked":["Coolheaded","Storm"],"picked":"Streamline","floor":1.0},{"not_picked":["Go for the Eyes","Reinforced Body"],"picked":"Skim","floor":3.0},{"not_picked":["Leap","Heatsinks"],"picked":"Compile Driver","floor":5.0},{"not_picked":["Streamline","Static Discharge"],"picked":"Conserve Battery","floor":7.0},{"not_picked":["Doom and Gloom","Coolheaded"],"picked":"Hologram","floor":8.0},{"not_picked":["Thunder Strike","Tempest"],"picked":"Ball Lightning","floor":11.0},{"not_picked":["Hello World","Stack"],"picked":"Beam Cell","floor":12.0},{"not_picked":["Stack","Conserve Battery"],"picked":"Hologram","floor":13.0},{"not_picked":["Hologram","Gash"],"picked":"Compile Driver","floor":14.0},{"not_picked":["Biased Cognition","Hyperbeam"],"picked":"Echo Form","floor":16.0},{"not_picked":["Redo","Beam Cell"],"picked":"Force Field","floor":18.0},{"not_picked":["Hologram","Stack","Reprogram"],"picked":"SKIP","floor":20.0},{"not_picked":["Go for the Eyes","Sweeping Beam","Beam Cell"],"picked":"SKIP","floor":22.0},{"not_picked":["Stack","Ball Lightning","Capacitor+1"],"picked":"SKIP","floor":23.0},{"not_picked":["Fission","Streamline"],"picked":"Fusion+1","floor":25.0},{"not_picked":["Redo","Beam Cell","Gash"],"picked":"SKIP","floor":28.0},{"not_picked":["Ball Lightning+1","Beam Cell+1","Redo"],"picked":"SKIP","floor":29.0},{"not_picked":["Core Surge+1","Ball Lightning+1"],"picked":"Hologram+1","floor":31.0},{"not_picked":["Amplify","Biased Cognition+1"],"picked":"Creative AI+1","floor":33.0},{"not_picked":["Conserve Battery","Recycle","Beam Cell+1"],"picked":"SKIP","floor":35.0},{"not_picked":["Go for the Eyes+1","Beam Cell+1"],"picked":"Conserve Battery+1","floor":38.0},{"not_picked":["Fusion","Beam Cell+1","Amplify"],"picked":"SKIP","floor":39.0},{"not_picked":["Hologram","Turbo","Rebound+1"],"picked":"SKIP","floor":41.0},{"not_picked":["Beam Cell+1","Darkness+1","Auto Shields"],"picked":"SKIP","floor":46.0},{"not_picked":["Double Energy","Blizzard+1"],"picked":"Sunder+1","floor":47.0},{"not_picked":["Cold Snap+1","Turbo+1"],"picked":"Static Discharge+1","floor":55.0}],"player_experience":1812363,"relics_obtained":[{"floor":8.0,"key":"Anchor"},{"floor":9.0,"key":"White Beast Statue"},{"floor":14.0,"key":"CaptainsWheel"},{"floor":23.0,"key":"Frozen Egg 2"},{"floor":25.0,"key":"Ornamental Fan"},{"floor":26.0,"key":"Lantern"},{"floor":29.0,"key":"Molten Egg 2"},{"floor":31.0,"key":"Du-Vu Doll"},{"floor":41.0,"key":"Bronze Scales"},{"floor":48.0,"key":"MawBank"},{"floor":55.0,"key":"Eternal Feather"}],"event_choices":[{"damage_healed":0.0,"max_hp_gain":5.0,"max_hp_loss":0.0,"gold_gain":0.0,"event_name":"Big Fish","player_choice":"Donut","floor":2.0,"gold_loss":0.0,"damage_taken":0.0},{"damage_healed":0.0,"max_hp_gain":0.0,"max_hp_loss":0.0,"gold_gain":0.0,"event_name":"Lab","player_choice":"Got Potions","floor":4.0,"gold_loss":0.0,"damage_taken":0.0},{"cards_removed":["Strike_B"],"damage_healed":0.0,"max_hp_gain":0.0,"max_hp_loss":0.0,"gold_gain":0.0,"event_name":"Designer","player_choice":"Upgrade and Remove","floor":21.0,"gold_loss":110.0,"damage_taken":0.0,"cards_upgraded":["Conserve Battery"]},{"damage_healed":15.0,"max_hp_gain":0.0,"max_hp_loss":0.0,"gold_gain":0.0,"event_name":"The Library","player_choice":"Heal","floor":30.0,"gold_loss":0.0,"damage_taken":0.0},{"damage_healed":0.0,"max_hp_gain":0.0,"max_hp_loss":0.0,"gold_gain":0.0,"event_name":"Duplicator","player_choice":"Copied","floor":36.0,"gold_loss":0.0,"damage_taken":0.0,"cards_obtained":["Echo Form"]},{"damage_healed":0.0,"max_hp_gain":0.0,"max_hp_loss":4.0,"gold_gain":0.0,"event_name":"Winding Halls","player_choice":"Max HP","floor":45.0,"gold_loss":0.0,"damage_taken":0.0}],"is_beta":false,"boss_relics":[{"not_picked":["Nuclear Battery","Inserter"],"picked":"Snecko Eye"},{"not_picked":["Sozu","Cursed Key"],"picked":"Coffee Dripper"}],"items_purged_floors":[19,24],"is_endless":false,"potions_floor_spawned":[3,8,11,12,13,14,16,18,20,22,23,25,28,29,31,33,35,38,39,41,46,47,55],"killed_by":"The Heart","ascension_level":20}}