{"host":"hzinic87vu8p95wn","time":1611328836,"event":{"mods":["BaseMod","Minty Spire (QoL Compilation)"],"gold_per_floor":[109,184,8,22,48,48,81,31,110,124,135,201,234,252,252,329,329,341,352,352,0,0,0,0,0],"floor_reached":24,"language":"ENG","playtime":1024,"items_purged":[],"score":435,"play_id":"d8b775b3-6323-4f20-9472-6c6002b22ab5","local_time":"20210123022036","is_ascension_mode":true,"campfire_choices":[{"data":"Dagger Spray","floor":6.0,"key":"SMITH"},{"floor":15.0,"key":"REST"},{"floor":23,"key":"REST"}],"circlet_count":0,"master_deck":["AscendersBane","Strike_G+1","Strike_G+1","Strike_G+1","Strike_G+1","Strike_G+1","Defend_G+1","Defend_G+1","Defend_G+1","Defend_G+1","Defend_G+1","Survivor","Neutralize","Well Laid Plans","Blur","Dagger Spray+1","All Out Attack","Blur","Cloak And Dagger","Noxious Fumes","Terror","Outmaneuver","Doppelganger","Deflect"],"relics":["Ring of the Serpent","NeowsBlessing","Anchor","Dead Branch","Pear","Calipers"],"acts_visited":["Exordium","TheCity"],"potions_floor_usage":[24],"damage_taken":[{"damage":0.0,"enemies":"Cultist","floor":1.0,"turns":1.0},{"damage":0.0,"enemies":"Jaw Worm","floor":4.0,"turns":1.0},{"damage":0.0,"enemies":"3 Sentries","floor":7.0,"turns":1.0},{"damage":0.0,"enemies":"2 Louse","floor":10.0,"turns":2.0},{"damage":10.0,"enemies":"Large Slime","floor":11.0,"turns":7.0},{"damage":33.0,"enemies":"Gremlin Nob","floor":13.0,"turns":4.0},{"damage":1.0,"enemies":"Blue Slaver","floor":14.0,"turns":5.0},{"damage":6.0,"enemies":"The Guardian","floor":16.0,"turns":12.0},{"damage":24.0,"enemies":"3 Byrds","floor":18.0,"turns":7.0},{"damage":20.0,"enemies":"Shell Parasite","floor":19.0,"turns":6.0},{"damage":44,"enemies":"Centurion and Healer","floor":24,"turns":7}],"seed_played":"6859485576684950173","potions_obtained":[{"floor":1.0,"key":"Poison Potion"},{"floor":7.0,"key":"Weak Potion"},{"floor":19.0,"key":"Fire Potion"}],"is_trial":false,"path_per_floor":["M","?","$","M","T","R","E","$","T","M","M","?","E","M","R","B",null,"M","M","?","?","?","R","M"],"character_chosen":"THE_SILENT","items_purchased":["Well Laid Plans","Blur","Dagger Spray","Cloak And Dagger"],"campfire_rested":2,"item_purchase_floors":[3,3,3,8],"current_hp_per_floor":[59,48,48,48,48,48,48,48,58,58,48,48,15,14,36,30,65,41,21,21,21,21,43,0,0],"gold":0,"neow_bonus":"THREE_ENEMY_KILL","is_daily":false,"chose_seed":false,"campfire_upgraded":1,"win_rate":0.0,"timestamp":1611328836,"path_taken":["M","?","?","M","?","R","E","$","T","M","M","?","E","M","R","BOSS","M","M","?","?","?","R","M"],"items_purchased_type":["Card","Card","Card","Card"],"build_version":"2020-12-22","purchased_purges":0,"victory":false,"max_hp_per_floor":[66,66,66,66,66,66,66,66,76,76,76,76,76,76,76,76,76,76,76,76,76,76,76,76,76],"card_choices":[{"not_picked":["Flechettes","Reflex","Infinite Blades"],"picked":"SKIP","floor":1.0},{"not_picked":["All Out Attack","Dodge and Roll","Prepared"],"picked":"SKIP","floor":4.0},{"not_picked":["Dodge and Roll","Prepared"],"picked":"All Out Attack","floor":4.0},{"not_picked":["Backflip","Burst"],"picked":"Blur","floor":7.0},{"not_picked":["Flechettes","Underhanded Strike"],"picked":"Noxious Fumes","floor":10.0},{"not_picked":["Eviscerate","Outmaneuver"],"picked":"Terror","floor":11.0},{"not_picked":["Poisoned Stab","Phantasmal Killer","Dagger Spray"],"picked":"SKIP","floor":13.0},{"not_picked":["Underhanded Strike","Backflip"],"picked":"Outmaneuver","floor":14.0},{"not_picked":["After Image","Corpse Explosion"],"picked":"Doppelganger","floor":16.0},{"not_picked":["Cloak And Dagger","Sucker Punch","All Out Attack"],"picked":"SKIP","floor":18.0},{"not_picked":["Acrobatics","Terror+1"],"picked":"Deflect","floor":19.0}],"player_experience":1594336,"relics_obtained":[{"floor":5.0,"key":"Anchor"},{"floor":7.0,"key":"Dead Branch"},{"floor":9.0,"key":"Pear"},{"floor":13.0,"key":"Calipers"}],"event_choices":[{"damage_healed":0.0,"max_hp_gain":0.0,"max_hp_loss":0.0,"gold_gain":75.0,"event_name":"World of Goop","player_choice":"Gather Gold","floor":2.0,"gold_loss":0.0,"damage_taken":11.0},{"damage_healed":0.0,"max_hp_gain":0.0,"max_hp_loss":0.0,"gold_gain":66.0,"event_name":"Golden Wing","player_choice":"Gained Gold","floor":12.0,"gold_loss":0.0,"damage_taken":0.0},{"damage_healed":0.0,"max_hp_gain":0.0,"max_hp_loss":0.0,"gold_gain":0.0,"event_name":"Ghosts","player_choice":"Ignored","floor":20.0,"gold_loss":0.0,"damage_taken":0.0},{"damage_healed":0,"gold_gain":0,"player_choice":"Paid Fearfully","damage_taken":0,"max_hp_gain":0,"max_hp_loss":0,"event_name":"Masked Bandits","floor":21,"gold_loss":352},{"damage_healed":0,"gold_gain":0,"player_choice":"Simplicity","damage_taken":0,"max_hp_gain":0,"max_hp_loss":0,"event_name":"Back to Basics","floor":22,"gold_loss":0,"cards_upgraded":["Strike_G","Strike_G","Strike_G","Strike_G","Strike_G","Defend_G","Defend_G","Defend_G","Defend_G","Defend_G"]}],"is_beta":false,"boss_relics":[{"not_picked":["Coffee Dripper","Philosopher\u0027s Stone"],"picked":"Ring of the Serpent"}],"items_purged_floors":[],"is_endless":false,"potions_floor_spawned":[1,7,19],"killed_by":"Centurion and Healer","ascension_level":18}}