{"host":"srk2drlvga69hbot","time":1611334788,"event":{"mods":["BaseMod","Bestiary","Block Reminder","Colored Map","Colored Powertips","Dark Map","DeckTracker","Highlight Path","Minty Spire (QoL Compilation)","Quick Restart","Rare Cards Sparkle","Relic Stats","SuperFastMode","Unceasing Turn Reminder"],"gold_per_floor":[117,128,78,97,97,127,127,139,164,176,206,206,206,224,224,320,320,333,72,72,88,13,13,13,33,33,60,90,102,129,159,171,280,292,317,329,390,426,20,20,37,51,51,51,67,67,67,78,78,78,78],"floor_reached":50,"language":"ZHS","playtime":2188,"items_purged":[],"score":587,"play_id":"00795105-64ab-4c63-93b6-eb90e470e350","local_time":"20210123005948","is_ascension_mode":true,"campfire_choices":[{"data":"Cloak And Dagger","floor":7.0,"key":"SMITH"},{"floor":15.0,"key":"REST"},{"data":"Envenom","floor":23.0,"key":"SMITH"},{"data":"Burst","floor":32.0,"key":"SMITH"},{"floor":40.0,"key":"REST"},{"floor":44.0,"key":"REST"},{"floor":47.0,"key":"RECALL"},{"floor":49.0,"key":"REST"}],"circlet_count":0,"master_deck":["Strike_G","Strike_G","Strike_G","Defend_G","Defend_G","Defend_G+1","Defend_G","Defend_G+1","Survivor","Neutralize","Masterful Stab","Cloak And Dagger+1","Accuracy","Burst+1","Backstab","Envenom+1","Blade Dance","Cloak And Dagger+1","Infinite Blades+1","Panache","Cloak And Dagger","Acrobatics+1","Deep Breath","Blade Dance"],"relics":["Ring of the Snake","NeowsBlessing","Snake Skull","Tiny Chest","War Paint","WristBlade","Shuriken","Ornamental Fan","MawBank","SlaversCollar","StoneCalendar","Vajra","InkBottle","Bag of Preparation"],"acts_visited":["Exordium","TheCity","TheBeyond"],"potions_floor_usage":[50,50,50],"damage_taken":[{"damage":0.0,"enemies":"Cultist","floor":1.0,"turns":1.0},{"damage":0.0,"enemies":"2 Louse","floor":2.0,"turns":1.0},{"damage":0.0,"enemies":"Jaw Worm","floor":4.0,"turns":1.0},{"damage":68.0,"enemies":"Lagavulin","floor":6.0,"turns":9.0},{"damage":1.0,"enemies":"3 Louse","floor":8.0,"turns":3.0},{"damage":0.0,"enemies":"Looter","floor":10.0,"turns":3.0},{"damage":20.0,"enemies":"Exordium Thugs","floor":14.0,"turns":7.0},{"damage":41.0,"enemies":"The Guardian","floor":16.0,"turns":13.0},{"damage":10.0,"enemies":"Chosen","floor":18.0,"turns":5.0},{"damage":0.0,"enemies":"Spheric Guardian","floor":21.0,"turns":1.0},{"damage":13.0,"enemies":"Shelled Parasite and Fungi","floor":25.0,"turns":4.0},{"damage":0.0,"enemies":"Book of Stabbing","floor":27.0,"turns":2.0},{"damage":0.0,"enemies":"Centurion and Healer","floor":28.0,"turns":3.0},{"damage":0.0,"enemies":"Cultist and Chosen","floor":30.0,"turns":3.0},{"damage":4.0,"enemies":"Shelled Parasite and Fungi","floor":31.0,"turns":3.0},{"damage":12.0,"enemies":"Champ","floor":33.0,"turns":8.0},{"damage":19.0,"enemies":"3 Darklings","floor":35.0,"turns":4.0},{"damage":36.0,"enemies":"2 Orb Walkers","floor":37.0,"turns":5.0},{"damage":8.0,"enemies":"Orb Walker","floor":41.0,"turns":2.0},{"damage":0.0,"enemies":"Jaw Worm Horde","floor":42.0,"turns":3.0},{"damage":14.0,"enemies":"3 Darklings","floor":45.0,"turns":3.0},{"damage":16.0,"enemies":"Maw","floor":48.0,"turns":4.0},{"damage":60,"enemies":"Time Eater","floor":50,"turns":5}],"seed_played":"-1893693075539989133","potions_obtained":[{"floor":1.0,"key":"Fire Potion"},{"floor":2.0,"key":"PowerPotion"},{"floor":5.0,"key":"FairyPotion"},{"floor":5.0,"key":"Fruit Juice"},{"floor":5.0,"key":"DuplicationPotion"},{"floor":10.0,"key":"Fruit Juice"},{"floor":18.0,"key":"EssenceOfSteel"},{"floor":21.0,"key":"SpeedPotion"},{"floor":28.0,"key":"Block Potion"},{"floor":30.0,"key":"Energy Potion"},{"floor":35.0,"key":"PowerPotion"},{"floor":41.0,"key":"GhostInAJar"},{"floor":45.0,"key":"SteroidPotion"}],"is_trial":false,"path_per_floor":["M","M","?","M","?","E","R","M","T","M","?","?","T","M","R","B",null,"M","$","?","M","?","R","?","M","T","E","M","T","M","M","R","B",null,"M","?","?","T","$","R","M","M","T","R","M","?","R","M","R","B"],"character_chosen":"THE_SILENT","items_purchased":["Shuriken","InkBottle","Panache"],"campfire_rested":4,"item_purchase_floors":[19,39,39],"current_hp_per_floor":[70,70,70,70,75,7,7,6,6,11,11,31,31,11,35,21,80,70,70,70,70,70,70,70,57,57,57,57,57,57,53,53,41,77,58,58,22,22,22,45,37,37,37,60,46,46,46,30,53,0,0],"gold":78,"neow_bonus":"THREE_ENEMY_KILL","is_daily":false,"chose_seed":false,"campfire_upgraded":3,"win_rate":0.0,"timestamp":1611334788,"path_taken":["M","M","?","M","?","E","R","M","T","?","?","?","?","M","R","BOSS","M","$","?","M","?","R","?","M","T","E","M","?","?","M","R","BOSS","M","?","?","?","$","R","M","M","T","R","M","?","R","M","R","BOSS"],"items_purchased_type":["Relic","Relic","Card"],"build_version":"2020-12-22","purchased_purges":0,"victory":false,"max_hp_per_floor":[70,70,70,70,75,75,75,75,75,80,80,80,80,80,80,80,80,80,80,80,80,77,77,77,77,77,77,77,77,77,77,77,77,77,77,77,77,77,77,77,77,77,77,77,77,77,77,77,77,77,77],"relic_stats":{"counters":[23,93],"Shuriken":[47],"Ornamental Fan":[172],"Tiny Chest":3,"StoneCalendar":[0],"Snake Skull":[138],"Bag of Preparation":[6],"War Paint":["Defend_G","Defend_G"],"MawBank":144,"obtain_stats":[{"NeowsBlessing":0,"Vajra":38,"StoneCalendar":37,"Snake Skull":6,"Bag of Preparation":43,"War Paint":13,"MawBank":27,"SlaversCollar":34,"WristBlade":17,"Shuriken":19,"Ornamental Fan":26,"Tiny Chest":9,"InkBottle":39,"Ring of the Snake":0},{"NeowsBlessing":0,"Vajra":18,"StoneCalendar":18,"Snake Skull":4,"Bag of Preparation":20,"War Paint":6,"MawBank":12,"SlaversCollar":16,"WristBlade":8,"Shuriken":9,"Ornamental Fan":11,"Tiny Chest":5,"InkBottle":18,"Ring of the Snake":0},{"NeowsBlessing":0,"Vajra":76,"StoneCalendar":76,"Snake Skull":12,"Bag of Preparation":81,"War Paint":18,"MawBank":50,"SlaversCollar":67,"WristBlade":38,"Shuriken":43,"Ornamental Fan":48,"Tiny Chest":15,"InkBottle":76,"Ring of the Snake":0}],"InkBottle":[12],"Ring of the Snake":[46]},"card_choices":[{"not_picked":["Calculated Gamble","Dagger Throw"],"picked":"Masterful Stab","floor":1.0},{"not_picked":["Blur","Concentrate"],"picked":"Cloak And Dagger","floor":2.0},{"not_picked":["Dagger Spray","Finisher"],"picked":"Accuracy","floor":4.0},{"not_picked":["Flechettes","Skewer"],"picked":"Burst","floor":6.0},{"not_picked":["Poisoned Stab","Flying Knee","Dagger Throw"],"picked":"SKIP","floor":8.0},{"not_picked":["Deflect","Skewer","PiercingWail"],"picked":"SKIP","floor":10.0},{"not_picked":["Dagger Throw","Dagger Spray"],"picked":"Backstab","floor":14.0},{"not_picked":["Burst","Glass Knife"],"picked":"Envenom","floor":16.0},{"not_picked":["Sucker Punch+1","Expertise"],"picked":"Blade Dance","floor":18.0},{"not_picked":["Leg Sweep","Noxious Fumes","Dodge and Roll+1"],"picked":"SKIP","floor":21.0},{"not_picked":["Blade Dance","Terror+1"],"picked":"Cloak And Dagger+1","floor":25.0},{"not_picked":["Deflect+1","Deadly Poison","Dagger Spray"],"picked":"SKIP","floor":27.0},{"not_picked":["Dagger Spray","Flying Knee","Skewer"],"picked":"SKIP","floor":28.0},{"not_picked":["Prepared","Endless Agony","Outmaneuver"],"picked":"SKIP","floor":30.0},{"not_picked":["Slice","Poisoned Stab+1","Skewer+1"],"picked":"SKIP","floor":31.0},{"not_picked":["Dodge and Roll+1","Dagger Throw+1","Predator+1"],"picked":"SKIP","floor":35.0},{"not_picked":["Endless Agony+1","Dagger Throw+1"],"picked":"Infinite Blades+1","floor":37.0},{"not_picked":["Endless Agony","Sucker Punch+1","Outmaneuver"],"picked":"SKIP","floor":41.0},{"not_picked":["Leg Sweep","Dagger Spray+1"],"picked":"Cloak And Dagger","floor":42.0},{"not_picked":["Eviscerate","Bane+1"],"picked":"Acrobatics+1","floor":45.0},{"not_picked":["Good Instincts","Forethought"],"picked":"Deep Breath","floor":46.0},{"not_picked":["Eviscerate","Distraction"],"picked":"Blade Dance","floor":48.0}],"player_experience":154619,"relics_obtained":[{"floor":6.0,"key":"Snake Skull"},{"floor":9.0,"key":"Tiny Chest"},{"floor":13.0,"key":"War Paint"},{"floor":26.0,"key":"Ornamental Fan"},{"floor":27.0,"key":"MawBank"},{"floor":37.0,"key":"StoneCalendar"},{"floor":38.0,"key":"Vajra"},{"floor":43.0,"key":"Bag of Preparation"}],"event_choices":[{"cards_removed":["Strike_G"],"damage_healed":0.0,"max_hp_gain":0.0,"max_hp_loss":0.0,"gold_gain":0.0,"event_name":"The Cleric","player_choice":"Card Removal","floor":3.0,"gold_loss":50.0,"damage_taken":0.0},{"damage_healed":0.0,"max_hp_gain":0.0,"max_hp_loss":0.0,"gold_gain":0.0,"event_name":"Lab","player_choice":"Got Potions","floor":5.0,"gold_loss":0.0,"damage_taken":0.0},{"damage_healed":0.0,"max_hp_gain":0.0,"max_hp_loss":0.0,"gold_gain":30.0,"event_name":"Dead Adventurer","player_choice":"Searched \u00271\u0027 times","floor":11.0,"gold_loss":0.0,"damage_taken":0.0},{"damage_healed":20.0,"max_hp_gain":0.0,"max_hp_loss":0.0,"gold_gain":0.0,"event_name":"Mushrooms","player_choice":"Healed and dodged fight","floor":12.0,"gold_loss":0.0,"damage_taken":0.0,"cards_obtained":["Parasite"]},{"damage_healed":0.0,"max_hp_gain":0.0,"max_hp_loss":0.0,"gold_gain":0.0,"event_name":"Cursed Tome","player_choice":"Ignored","floor":20.0,"gold_loss":0.0,"damage_taken":0.0},{"cards_removed":["Parasite"],"damage_healed":0.0,"max_hp_gain":0.0,"max_hp_loss":0.0,"gold_gain":0.0,"event_name":"Beggar","player_choice":"Gave Gold","floor":22.0,"gold_loss":75.0,"damage_taken":0.0},{"cards_removed":["Strike_G"],"damage_healed":0.0,"max_hp_gain":0.0,"max_hp_loss":0.0,"gold_gain":0.0,"event_name":"Back to Basics","player_choice":"Elegance","floor":24.0,"gold_loss":0.0,"damage_taken":0.0},{"damage_healed":0.0,"max_hp_gain":0.0,"max_hp_loss":0.0,"gold_gain":0.0,"event_name":"Tomb of Lord Red Mask","player_choice":"Ignored","floor":36.0,"gold_loss":0.0,"damage_taken":0.0},{"damage_healed":0.0,"max_hp_gain":0.0,"max_hp_loss":0.0,"gold_gain":0.0,"event_name":"Mysterious Sphere","player_choice":"Fight","floor":37.0,"gold_loss":0.0,"damage_taken":0.0},{"damage_healed":0.0,"max_hp_gain":0.0,"max_hp_loss":0.0,"gold_gain":0.0,"event_name":"SensoryStone","player_choice":"Memory 1","floor":46.0,"gold_loss":0.0,"damage_taken":0.0}],"is_beta":false,"boss_relics":[{"not_picked":["Ectoplasm","Coffee Dripper"],"picked":"WristBlade"},{"not_picked":["Tiny House","Astrolabe"],"picked":"SlaversCollar"}],"items_purged_floors":[],"is_endless":false,"potions_floor_spawned":[1,2,10,18,21,28,30,35,41,45],"killed_by":"Time Eater","ascension_level":3}}