{"host":"r5cycnjhcbwgkpkf","time":1611300487,"event":{"mods":["2.2 Compatiblity","AchievementEnabler","BaseMod","Bestiary","Better Match","Better Note","Better Skull","Better Third Choice","BetterRewards","Colored Map","Colored Powertips","Downfall","Infinite Spire","Minty Spire (QoL Compilation)","Spicy Shops","StSLib"],"gold_per_floor":[114,130,205,220,69,69,4,36,59,59,59,59,84,84,84,185,185,195,214,230,246,265,265,276,276,276,276,276,309,334,349,349,454,454,470,470,470,470,88,88,118,118,170,189,189,189,205,223,223,223],"floor_reached":51,"language":"ENG","playtime":1761,"items_purged":["Strike_B"],"score":1449,"play_id":"9e02c1f6-ab49-41c4-bb36-fefbfad836c5","local_time":"20210121232807","is_ascension_mode":true,"campfire_choices":[{"floor":6.0,"key":"REST"},{"floor":10.0,"key":"REST"},{"floor":12.0,"key":"REST"},{"data":"Storm","floor":15,"key":"SMITH"},{"floor":23,"key":"REST"},{"data":"Consume","floor":25,"key":"SMITH"},{"floor":28,"key":"REST"},{"floor":32,"key":"REST"},{"floor":40,"key":"REST"},{"data":"Buffer","floor":40,"key":"SMITH"},{"data":"Electrodynamics","floor":42,"key":"SMITH"},{"floor":49,"key":"REST"},{"data":"Static Discharge","floor":49,"key":"SMITH"}],"circlet_count":0,"master_deck":["AscendersBane","Strike_B","Strike_B","Strike_B+1","Defend_B","Defend_B","Defend_B","Defend_B","Zap","Dualcast","Ball Lightning+1","Cold Snap+1","Storm+1","Static Discharge+1","White Noise+1","Electrodynamics+1","Lockon","Machine Learning","Consume+1","Decay","White Noise+1","Buffer+1"],"relics":["Cracked Core","Cables","Runic Capacitor","Lee\u0027s Waffle","TungstenRod","ClockworkSouvenir","Incense Burner","infinitespire:Freezer","Whetstone","Tiny Chest","Sozu","Bottled Tornado","Singing Bowl","Toy Ornithopter","Pear","Busted Crown","Juzu Bracelet","infinitespire:Magic Flask","Molten Egg 2","Vajra","Shuriken"],"acts_visited":["Exordium","TheCity","TheBeyond"],"potions_floor_usage":[50],"damage_taken":[{"damage":12.0,"enemies":"infinitespire:Voidling","floor":1.0,"turns":3.0},{"damage":7.0,"enemies":"Small Slimes","floor":2.0,"turns":4.0},{"damage":0.0,"enemies":"Cultist","floor":4.0,"turns":3.0},{"damage":29.0,"enemies":"Lagavulin","floor":8.0,"turns":5.0},{"damage":30,"enemies":"Hexaghost","floor":16,"turns":7},{"damage":0,"enemies":"Spheric Guardian","floor":18,"turns":3},{"damage":9,"enemies":"3 Byrds","floor":19,"turns":3},{"damage":8,"enemies":"Cultist and Chosen","floor":20,"turns":3},{"damage":0,"enemies":"3 Cultists","floor":21,"turns":3},{"damage":13,"enemies":"Centurion and Healer","floor":22,"turns":3},{"damage":8,"enemies":"Snecko","floor":24,"turns":3},{"damage":31,"enemies":"Slavers","floor":29,"turns":2},{"damage":21,"enemies":"Shelled Parasite and Fungi","floor":31,"turns":4},{"damage":16,"enemies":"Automaton","floor":33,"turns":7},{"damage":17,"enemies":"3 Darklings","floor":35,"turns":2},{"damage":9,"enemies":"Reptomancer","floor":41,"turns":3},{"damage":8,"enemies":"3 Shapes","floor":44,"turns":2},{"damage":2,"enemies":"Sphere and 2 Shapes","floor":47,"turns":3},{"damage":7,"enemies":"Spire Growth","floor":48,"turns":3},{"damage":14,"enemies":"Donu and Deca","floor":50,"turns":5}],"seed_played":"3629343973450753410","potions_obtained":[{"floor":1.0,"key":"Ancient Potion"},{"floor":8.0,"key":"sneckomod:MuddlingPotion"}],"is_trial":false,"path_per_floor":["M","M","?","M","$","R","$","E","T","R","?","R","T","?","R","B",null,"M","M","M","M","M","R","M","R","T","?","R","E","T","M","R","B",null,"M","AVR","?","?","$","R","E","R","T","M","?","T","M","M","R","B",null],"character_chosen":"DEFECT","items_purchased":["Cables","Runic Capacitor","Ball Lightning","Cold Snap","Storm","Lee\u0027s Waffle","TungstenRod","Static Discharge","Fire Potion","ClockworkSouvenir","Incense Burner","Juzu Bracelet","infinitespire:Magic Flask"],"campfire_rested":8,"item_purchase_floors":[0,0,0,0,0,0,0,0,0,5,7,39,39],"current_hp_per_floor":[70,63,53,53,53,77,77,48,48,72,57,81,81,81,81,51,74,74,65,57,57,44,68,60,60,60,60,82,51,51,32,57,41,73,58,68,68,68,68,96,89,89,89,83,85,85,85,80,106,92],"gold":223,"neow_bonus":"","is_daily":false,"chose_seed":false,"campfire_upgraded":5,"win_rate":0.0,"timestamp":1611300487,"path_taken":["M","?","?","M","$","R","?","E","T","R","?","R","?","?","R","BOSS","M","M","?","M","M","R","M","R","T","?","R","E","?","M","R","BOSS","M","AVR","?","?","$","R","E","R","T","M","?","?","M","M","R","BOSS"],"items_purchased_type":["Relic","Relic","Card","Card","Card","Relic","Relic","Card","Potion","Relic","Relic","Relic","Relic"],"build_version":"2020-12-22","purchased_purges":1,"victory":true,"max_hp_per_floor":[82,82,82,82,82,82,82,82,82,82,82,82,82,82,82,82,82,82,82,82,82,82,82,82,82,82,82,82,82,82,84,84,84,84,86,96,96,96,96,96,98,98,98,100,102,102,104,106,106,106],"card_choices":[{"not_picked":["Genetic Algorithm","Conserve Battery"],"picked":"White Noise","floor":1.0},{"not_picked":["Sweeping Beam","Aggregate","Scrape"],"picked":"SKIP","floor":2.0},{"not_picked":["Hello World","Barrage","Leap"],"picked":"SKIP","floor":4.0},{"not_picked":["Steam Power","Sunder","Leap"],"picked":"SKIP","floor":8.0},{"not_picked":["Fission","Rainbow"],"picked":"Electrodynamics","floor":16},{"not_picked":["Recycle","Capacitor","Static Discharge"],"picked":"SKIP","floor":18},{"not_picked":["Double Energy","Rebound"],"picked":"Lockon","floor":19},{"not_picked":["Redo","Stack"],"picked":"Machine Learning","floor":20},{"not_picked":["Hologram","Melter","Double Energy"],"picked":"SKIP","floor":21},{"not_picked":["Barrage","Heatsinks+1","Fusion"],"picked":"SKIP","floor":22},{"not_picked":["Cold Snap","Hologram"],"picked":"Consume","floor":24},{"not_picked":["Stack","Hyperbeam"],"picked":"White Noise+1","floor":29},{"not_picked":["Cold Snap","Rebound+1","Steam+1"],"picked":"Singing Bowl","floor":31},{"not_picked":["Meteor Strike","Rainbow"],"picked":"Buffer","floor":33},{"not_picked":["Ball Lightning+1","Force Field","Coolheaded+1"],"picked":"Singing Bowl","floor":35},{"not_picked":["Echo Form"],"picked":"Singing Bowl","floor":41},{"not_picked":["Cold Snap+1"],"picked":"Singing Bowl","floor":44},{"not_picked":["Blind"],"picked":"Singing Bowl","floor":45},{"not_picked":["Capacitor"],"picked":"Singing Bowl","floor":47},{"not_picked":["Leap"],"picked":"Singing Bowl","floor":48}],"player_experience":445842,"relics_obtained":[{"floor":8.0,"key":"infinitespire:Freezer"},{"floor":9.0,"key":"Whetstone"},{"floor":13.0,"key":"Tiny Chest"},{"floor":26,"key":"Bottled Tornado"},{"floor":29,"key":"Singing Bowl"},{"floor":30,"key":"Toy Ornithopter"},{"floor":41,"key":"Molten Egg 2"},{"floor":43,"key":"Vajra"},{"floor":46,"key":"Shuriken"}],"event_choices":[{"damage_healed":0.0,"max_hp_gain":0.0,"max_hp_loss":0.0,"gold_gain":75.0,"event_name":"betterThird:BetterGoop","player_choice":"Gold","floor":3.0,"gold_loss":0.0,"damage_taken":11.0},{"damage_healed":72.0,"max_hp_gain":0.0,"max_hp_loss":82.0,"gold_gain":0.0,"event_name":"betterThird:BetterShining","player_choice":"Upgrade","floor":11.0,"gold_loss":0.0,"damage_taken":16.0,"cards_upgraded":["Strike_B","White Noise"]},{"damage_healed":0,"gold_gain":0,"player_choice":"Ignored","damage_taken":0,"max_hp_gain":0,"max_hp_loss":0,"event_name":"Purifier","floor":14,"gold_loss":0},{"damage_healed":0,"gold_gain":0,"player_choice":"Smashed Altar","damage_taken":0,"max_hp_gain":0,"max_hp_loss":0,"event_name":"Forgotten Altar","floor":27,"gold_loss":0,"cards_obtained":["Decay"]},{"damage_healed":0,"gold_gain":0,"player_choice":"Ignored","damage_taken":0,"max_hp_gain":0,"max_hp_loss":0,"event_name":"Tomb of Lord Red Mask","floor":38,"gold_loss":0},{"damage_healed":0,"gold_gain":0,"player_choice":"Memory 1","damage_taken":0,"max_hp_gain":0,"max_hp_loss":0,"event_name":"SensoryStone","floor":45,"gold_loss":0}],"is_beta":false,"boss_relics":[{"not_picked":["Cursed Key","Snecko Eye"],"picked":"Sozu"},{"not_picked":["Runic Pyramid","Fusion Hammer","infinitespire:Cupcake"]}],"items_purged_floors":[0],"is_endless":false,"potions_floor_spawned":[1,2,8,18,19,21,31,33,47,48],"ascension_level":12}}