{"host":"j3zzt5y7g79qwjgw","time":1611330598,"event":{"mods":["BaseMod","Downfall","Minty Spire (QoL Compilation)","StSLib"],"gold_per_floor":[99,112,112,129,39,39,39,39,73,89,119,139,39,58,68,68,68,68],"floor_reached":16,"language":"ENG","playtime":832,"items_purged":["Regret"],"score":112,"play_id":"0f2fb28a-9598-4bf6-a3d0-a6df097f5e5e","local_time":"20210122211958","is_ascension_mode":false,"campfire_choices":[{"floor":1,"key":"RECALL"},{"data":"bronze:Goto","floor":8,"key":"SMITH"},{"floor":13,"key":"REST"}],"circlet_count":0,"master_deck":["bronze:Strike","bronze:Strike","bronze:Strike","bronze:Strike","bronze:Defend","bronze:Defend","bronze:Defend","bronze:Defend","bronze:Replicate","bronze:Goto+1","bronze:Deprecate","bronze:BuggyMess","bronze:DelayedSlice","bronze:ChosenStrike","bronze:OilSpill","bronze:GetLatest","bronze:Shield","bronze:ItsAFeature","bronze:BurnOut","bronze:WildBeam"],"relics":["bronze:BronzeCore","Ice Cream","Bird Faced Urn","Gambling Chip","Omamori","downfall:HeartBlessingRed"],"acts_visited":["Exordium"],"potions_floor_usage":[5,16,16],"damage_taken":[{"damage":5,"enemies":"2 Louse","floor":2,"turns":4},{"damage":11,"enemies":"Jaw Worm","floor":4,"turns":5},{"damage":2,"enemies":"downfall:FleeingMerchant","floor":5,"turns":4},{"damage":22,"enemies":"Gremlin Nob","floor":9,"turns":4},{"damage":0,"enemies":"Cultist","floor":10,"turns":2},{"damage":23,"enemies":"3 Sentries","floor":11,"turns":8},{"damage":0,"enemies":"Lots of Slimes","floor":12,"turns":3},{"damage":2,"enemies":"2 Fungi Beasts","floor":14,"turns":2},{"damage":10,"enemies":"Large Slime","floor":15,"turns":5},{"damage":32,"enemies":"SI_SHIV_ARCHETYPE","floor":16,"turns":7}],"seed_played":"5228378571086959254","potions_obtained":[{"floor":4,"key":"LiquidBronze"},{"floor":9,"key":"SteroidPotion"},{"floor":12,"key":"SpeedPotion"},{"floor":14,"key":"Guardian:BlockOnCardUsePotion"}],"is_trial":false,"path_per_floor":["R","M","?","M","$","?","T","R","E","M","E","M","R","M","M","B"],"character_chosen":"THE_AUTOMATON","items_purchased":[],"campfire_rested":1,"item_purchase_floors":[],"current_hp_per_floor":[77,72,72,61,59,59,59,59,37,37,14,14,37,37,29,0,0,0],"gold":68,"neow_bonus":"TEN_PERCENT_HP_BONUS","is_daily":false,"chose_seed":false,"campfire_upgraded":1,"win_rate":0.0,"timestamp":1611330598,"path_taken":["R","M","?","M","$","?","T","R","E","M","E","?","R","M","M","BOSS"],"items_purchased_type":[],"build_version":"2020-12-22","purchased_purges":1,"victory":false,"max_hp_per_floor":[77,77,77,77,77,77,77,77,77,77,77,77,77,77,77,77,77,77],"card_choices":[{"not_picked":["bronze:CutThrough","bronze:BuggyMess"],"picked":"bronze:Deprecate","floor":2},{"not_picked":["bronze:Turbo","bronze:MaxOutput"],"picked":"bronze:BuggyMess","floor":4},{"not_picked":["bronze:Overheat","bronze:Shield"],"picked":"bronze:DelayedSlice","floor":5},{"not_picked":["bronze:FindAndReplace","bronze:Branch"],"picked":"bronze:OilSpill","floor":9},{"not_picked":["bronze:BugBarrage","bronze:ChildClass"],"picked":"bronze:GetLatest","floor":10},{"not_picked":["bronze:Frontload","bronze:WildBeam"],"picked":"bronze:Shield","floor":11},{"not_picked":["bronze:NullPointer","bronze:Allocate"],"picked":"bronze:ItsAFeature","floor":12},{"not_picked":["bronze:DigitalCarnage","bronze:Shield"],"picked":"bronze:BurnOut","floor":14},{"not_picked":["bronze:Shell","bronze:BuggyMess"],"picked":"bronze:WildBeam","floor":15}],"player_experience":301539,"relics_obtained":[{"floor":7,"key":"Bird Faced Urn"},{"floor":9,"key":"Gambling Chip"},{"floor":11,"key":"Omamori"}],"event_choices":[{"damage_healed":0,"gold_gain":0,"player_choice":"Box","damage_taken":0,"relics_obtained":["Ice Cream"],"max_hp_gain":0,"max_hp_loss":0,"event_name":"Big Fish","floor":3,"gold_loss":0,"cards_obtained":["Regret"]}],"is_beta":false,"boss_relics":[],"items_purged_floors":[5],"is_endless":false,"potions_floor_spawned":[4,9,12,14],"killed_by":"SI_SHIV_ARCHETYPE","ascension_level":0}}