{"host":"l60rmjjsfi0fipmi","time":1611274081,"event":{"mods":["BaseMod","Colored Map","DeckTracker","Highlight Path","Minty Spire (QoL Compilation)","StSLib","The Cursed","The Servant 0.9.4"],"gold_per_floor":[111,111,122,5,5,36,51,51,51],"floor_reached":8,"language":"ENG","playtime":377,"items_purged":[],"score":93,"play_id":"c08e5410-ec83-4160-ad47-9f49415d5b49","local_time":"20210121190801","is_ascension_mode":true,"campfire_choices":[],"circlet_count":0,"master_deck":["Strike_P","Strike_P","Strike_P","Strike_P","Defend_P","Defend_P","Defend_P","Defend_P","Eruption+1","Vigilance+1","LikeWater","SashWhip","WaveOfTheHand","Sanctity","Consecrate","Adaptation"],"relics":["PureWater","NeowsBlessing","Art of War"],"acts_visited":["Exordium"],"potions_floor_usage":[8],"damage_taken":[{"damage":0,"enemies":"2 Louse","floor":1,"turns":1},{"damage":0,"enemies":"Cultist","floor":3,"turns":1},{"damage":0,"enemies":"Lagavulin","floor":6,"turns":4},{"damage":0,"enemies":"Small Slimes","floor":7,"turns":1},{"damage":83,"enemies":"3 Sentries","floor":8,"turns":10}],"seed_played":"6063625604093693575","potions_obtained":[{"floor":7,"key":"Fruit Juice"}],"is_trial":false,"path_per_floor":["M","?","M","$","?","E","M","E"],"character_chosen":"WATCHER","items_purchased":["WaveOfTheHand","Sanctity"],"campfire_rested":0,"item_purchase_floors":[4,4],"current_hp_per_floor":[72,72,72,72,72,72,72,0,0],"gold":51,"neow_bonus":"THREE_ENEMY_KILL","is_daily":false,"chose_seed":false,"campfire_upgraded":0,"win_rate":0.0,"timestamp":1611274081,"path_taken":["M","?","?","$","?","E","M","E"],"items_purchased_type":["Card","Card"],"build_version":"2020-12-22","purchased_purges":0,"victory":false,"max_hp_per_floor":[72,72,72,72,72,72,72,77,77],"card_choices":[{"not_picked":["FlyingSleeves","Crescendo"],"picked":"LikeWater","floor":1},{"not_picked":["EmptyBody","Worship"],"picked":"SashWhip","floor":3},{"not_picked":["CrushJoints","ForeignInfluence"],"picked":"Consecrate","floor":6},{"not_picked":["EmptyMind","EmptyFist"],"picked":"Adaptation","floor":7}],"player_experience":537317,"relics_obtained":[{"floor":6,"key":"Art of War"}],"event_choices":[{"damage_healed":0,"gold_gain":0,"player_choice":"Upgraded","damage_taken":0,"max_hp_gain":0,"max_hp_loss":0,"event_name":"Upgrade Shrine","floor":2,"gold_loss":0,"cards_upgraded":["Eruption"]},{"damage_healed":0,"gold_gain":0,"player_choice":"Grow","damage_taken":0,"max_hp_gain":0,"max_hp_loss":0,"event_name":"Living Wall","floor":5,"gold_loss":0,"cards_upgraded":["Vigilance"]}],"is_beta":false,"boss_relics":[],"items_purged_floors":[],"is_endless":false,"potions_floor_spawned":[7],"killed_by":"3 Sentries","ascension_level":3}}