{"host":"xxlr2v4w6cr27c1l","time":1611343130,"event":{"mods":["BaseMod","Block Reminder","Colored Powertips","Minty Spire (QoL Compilation)","Rare Cards Sparkle","Relic Stats","Slay-I"],"gold_per_floor":[111,128,140,140,64,80,93,104,151,151,161,177,192,207,207,207,207],"floor_reached":16,"language":"ENG","playtime":1597,"items_purged":[],"score":125,"play_id":"52139f21-8ebb-465c-bb7f-c7d94f0ec904","local_time":"20210122141850","is_ascension_mode":false,"campfire_choices":[{"data":"Tantrum","floor":10,"key":"SMITH"},{"floor":15,"key":"REST"}],"circlet_count":0,"master_deck":["Strike_P","Strike_P","Strike_P","Strike_P","Defend_P","Defend_P","Defend_P","Defend_P","Eruption","Vigilance","Shame","EmptyBody","Vengeance","Adaptation","EmptyFist","Tantrum+1","BowlingBash","EmptyBody","DeceiveReality","SashWhip"],"relics":["PureWater","Strawberry","Centennial Puzzle"],"acts_visited":["Exordium"],"potions_floor_usage":[6,7,8,11,16],"damage_taken":[{"damage":8,"enemies":"Jaw Worm","floor":1,"turns":3},{"damage":2,"enemies":"Small Slimes","floor":2,"turns":4},{"damage":0,"enemies":"2 Louse","floor":3,"turns":3},{"damage":6,"enemies":"2 Fungi Beasts","floor":6,"turns":3},{"damage":3,"enemies":"3 Louse","floor":7,"turns":3},{"damage":2,"enemies":"Looter","floor":8,"turns":2},{"damage":27,"enemies":"Exordium Thugs","floor":11,"turns":3},{"damage":14,"enemies":"Blue Slaver","floor":12,"turns":3},{"damage":9,"enemies":"3 Louse","floor":13,"turns":3},{"damage":3,"enemies":"Looter","floor":14,"turns":2},{"damage":48,"enemies":"The Guardian","floor":16,"turns":9}],"seed_played":"4869909411470780728","potions_obtained":[{"floor":3,"key":"PowerPotion"},{"floor":6,"key":"DuplicationPotion"},{"floor":7,"key":"StancePotion"},{"floor":8,"key":"Dexterity Potion"},{"floor":12,"key":"StancePotion"}],"is_trial":false,"path_per_floor":["M","M","M","?","$","M","M","M","T","R","M","M","M","M","R","B"],"character_chosen":"WATCHER","items_purchased":["Adaptation"],"campfire_rested":1,"item_purchase_floors":[5],"current_hp_per_floor":[78,76,76,71,71,65,62,60,60,60,33,19,10,7,34,0,0],"gold":207,"neow_bonus":"TWENTY_PERCENT_HP_BONUS","is_daily":false,"chose_seed":false,"campfire_upgraded":1,"win_rate":0.0,"timestamp":1611343130,"path_taken":["M","M","M","?","$","M","M","M","T","R","M","M","M","M","R","BOSS"],"items_purchased_type":["Card"],"build_version":"2020-12-22","purchased_purges":0,"victory":false,"max_hp_per_floor":[86,86,86,93,93,93,93,93,93,93,93,93,93,93,93,93,93],"relic_stats":{"Centennial Puzzle":[15],"counters":[11,38],"obtain_stats":[{"Centennial Puzzle":9,"Strawberry":4,"PureWater":0},{"Centennial Puzzle":6,"Strawberry":3,"PureWater":0},{"Centennial Puzzle":18,"Strawberry":10,"PureWater":0}]},"card_choices":[{"not_picked":["Evaluate","Study","Perseverance"],"picked":"SKIP","floor":1},{"not_picked":["PathToVictory","BowlingBash"],"picked":"EmptyBody","floor":2},{"not_picked":["Meditate","Perseverance"],"picked":"Vengeance","floor":3},{"not_picked":["FearNoEvil","DeceiveReality"],"picked":"EmptyFist","floor":6},{"not_picked":["Blasphemy","FlurryOfBlows"],"picked":"Tantrum","floor":7},{"not_picked":["Crescendo","FlyingSleeves"],"picked":"BowlingBash","floor":8},{"not_picked":["FollowUp","Perseverance"],"picked":"EmptyBody","floor":11},{"not_picked":["CrushJoints","Crescendo","Sanctity"],"picked":"SKIP","floor":12},{"not_picked":["Prostrate","Vault"],"picked":"DeceiveReality","floor":13},{"not_picked":["FollowUp","Prostrate"],"picked":"SashWhip","floor":14}],"player_experience":198526,"relics_obtained":[{"floor":9,"key":"Centennial Puzzle"}],"event_choices":[{"damage_healed":0,"gold_gain":0,"player_choice":"Success","damage_taken":12,"relics_obtained":["Strawberry"],"max_hp_gain":0,"max_hp_loss":0,"event_name":"Scrap Ooze","floor":4,"gold_loss":0}],"is_beta":false,"boss_relics":[],"items_purged_floors":[],"is_endless":false,"potions_floor_spawned":[3,6,7,8,12],"killed_by":"The Guardian","ascension_level":0}}