{"host":"d8hh7rr4yzitjeuj","time":1611301019,"event":{"mods":["2.2 Compatiblity","AchievementEnabler","Act Like it!","BaseMod","Colored Map","Colored Powertips","Highlight Path","Keyboard Shortcuts","Minty Spire (QoL Compilation)","Permanent Neow","Quick Restart","StSLib","SuperFastMode"],"gold_per_floor":[119,139,159,170,181,208,227,243,267,232,245,245,245],"floor_reached":12,"language":"KOR","playtime":352,"items_purged":[],"score":172,"play_id":"47d6a6bc-5980-468f-ba68-655d4300702a","local_time":"20210122163659","is_ascension_mode":true,"campfire_choices":[],"circlet_count":0,"master_deck":["AscendersBane","Strike_R","Strike_R","Strike_R","Strike_R","Strike_R","Defend_R","Defend_R","Defend_R","Defend_R","Bash","Dramatic Entrance","Searing Blow","Armaments","Shrug It Off","Flame Barrier","Hemokinesis","Hemokinesis","Clothesline"],"relics":["Burning Blood","Juzu Bracelet","Smiling Mask"],"acts_visited":["Exordium"],"potions_floor_usage":[],"damage_taken":[{"damage":6.0,"enemies":"Cultist","floor":1.0,"turns":3.0},{"damage":4.0,"enemies":"Jaw Worm","floor":2.0,"turns":4.0},{"damage":7.0,"enemies":"2 Louse","floor":3.0,"turns":2.0},{"damage":30.0,"enemies":"Large Slime","floor":4.0,"turns":10.0},{"damage":0.0,"enemies":"Looter","floor":5.0,"turns":4.0},{"damage":34.0,"enemies":"Gremlin Nob","floor":6.0,"turns":4.0},{"damage":10.0,"enemies":"Blue Slaver","floor":7.0,"turns":2.0},{"damage":2,"enemies":"2 Fungi Beasts","floor":8,"turns":3},{"damage":13,"enemies":"Looter","floor":11,"turns":3},{"damage":41,"enemies":"3 Sentries","floor":12,"turns":6}],"seed_played":"-1473520759488408889","potions_obtained":[{"floor":1.0,"key":"LiquidBronze"},{"floor":4.0,"key":"SpeedPotion"},{"floor":5.0,"key":"AttackPotion"},{"floor":6.0,"key":"Weak Potion"}],"is_trial":false,"path_per_floor":["M","M","M","M","M","E","M","M","T","?","M","E"],"character_chosen":"IRONCLAD","items_purchased":[],"campfire_rested":0,"item_purchase_floors":[],"current_hp_per_floor":[68,70,69,45,51,23,19,23,23,41,34,0,0],"gold":245,"neow_bonus":"RANDOM_COLORLESS","is_daily":false,"chose_seed":false,"campfire_upgraded":0,"win_rate":0.0,"timestamp":1611301019,"path_taken":["M","M","M","M","?","E","M","M","T","?","M","E"],"items_purchased_type":[],"build_version":"2020-12-22","purchased_purges":0,"victory":false,"max_hp_per_floor":[75,75,75,75,75,75,75,75,75,75,75,75,75],"card_choices":[{"not_picked":["Dark Shackles","Flash of Steel"],"picked":"Dramatic Entrance","floor":0.0},{"not_picked":["Warcry","Rampage"],"picked":"Searing Blow","floor":1.0},{"not_picked":["Perfected Strike","Iron Wave"],"picked":"Armaments","floor":2.0},{"not_picked":["Rupture","Pommel Strike"],"picked":"Shrug It Off","floor":3.0},{"not_picked":["Iron Wave","True Grit"],"picked":"Flame Barrier","floor":4.0},{"not_picked":["Flex","Blood for Blood"],"picked":"Hemokinesis","floor":5.0},{"not_picked":["Impervious","True Grit"],"picked":"Hemokinesis","floor":6.0},{"not_picked":["Flex","Dual Wield","Pommel Strike"],"picked":"SKIP","floor":7.0},{"not_picked":["Warcry","Corruption","Anger"],"picked":"SKIP","floor":8},{"not_picked":["Flex","Thunderclap"],"picked":"Clothesline","floor":11}],"player_experience":1450320,"relics_obtained":[{"floor":6.0,"key":"Juzu Bracelet"},{"floor":9,"key":"Smiling Mask"}],"event_choices":[{"damage_healed":18,"gold_gain":0,"player_choice":"Healed","damage_taken":0,"max_hp_gain":0,"max_hp_loss":0,"event_name":"The Cleric","floor":10,"gold_loss":35}],"is_beta":false,"boss_relics":[],"items_purged_floors":[],"is_endless":false,"potions_floor_spawned":[1,4,5,6],"killed_by":"3 Sentries","ascension_level":20}}