{"host":"n6qxj7a4gnapjcui","time":1611340014,"event":{"mods":["2.2 Compatiblity","AchievementEnabler","BaseMod","Colored Map","Minty Spire (QoL Compilation)","Random Character Button","Rare Cards Sparkle"],"gold_per_floor":[10,10,21,41,53,79,94,114,182,212,212,242,258,278,278,374,374,346,357,101,116,215,215,248,248,273,287,287,287],"floor_reached":28,"language":"POL","playtime":2463,"items_purged":["Strike_R"],"score":330,"play_id":"69df7ea4-581b-47af-8743-1d20fb99a30a","local_time":"20210122192654","is_ascension_mode":true,"campfire_choices":[{"data":"Armaments","floor":11.0,"key":"SMITH"},{"data":"Entrench","floor":15,"key":"SMITH"},{"data":"Berserk","floor":23,"key":"SMITH"},{"floor":25,"key":"REST"}],"circlet_count":0,"master_deck":["Strike_R+1","Strike_R+1","Strike_R","Strike_R","Defend_R","Defend_R","Defend_R","Defend_R","Bash+1","Anger","Clash","Battle Trance","Flex","Carnage","Armaments+1","Shrug It Off","Flame Barrier","Feed","Entrench+1","Berserk+1","Thunderclap+1","Warcry","Headbutt","Pommel Strike","Headbutt+1","Fiend Fire","True Grit"],"relics":["Burning Blood","Bird Faced Urn","InkBottle","Blue Candle","CaptainsWheel","Calipers","Black Star","Membership Card","Whetstone","Boot","Regal Pillow"],"acts_visited":["Exordium","TheCity"],"potions_floor_usage":[12,16,16,24,24,24,28],"damage_taken":[{"damage":3.0,"enemies":"2 Louse","floor":1.0,"turns":3.0},{"damage":4.0,"enemies":"Jaw Worm","floor":3.0,"turns":3.0},{"damage":0.0,"enemies":"Small Slimes","floor":4.0,"turns":3.0},{"damage":4.0,"enemies":"Red Slaver","floor":5.0,"turns":3.0},{"damage":12.0,"enemies":"Gremlin Nob","floor":6.0,"turns":3.0},{"damage":0.0,"enemies":"2 Fungi Beasts","floor":7.0,"turns":2.0},{"damage":7.0,"enemies":"Lots of Slimes","floor":8.0,"turns":4.0},{"damage":13.0,"enemies":"Lagavulin","floor":10.0,"turns":5.0},{"damage":10,"enemies":"Gremlin Nob","floor":12,"turns":4},{"damage":10,"enemies":"Exordium Thugs","floor":13,"turns":3},{"damage":4,"enemies":"2 Fungi Beasts","floor":14,"turns":3},{"damage":27,"enemies":"Hexaghost","floor":16,"turns":7},{"damage":10,"enemies":"2 Thieves","floor":18,"turns":5},{"damage":15,"enemies":"Shell Parasite","floor":19,"turns":7},{"damage":33,"enemies":"Centurion and Healer","floor":21,"turns":7},{"damage":17,"enemies":"Slavers","floor":24,"turns":5},{"damage":40,"enemies":"Snecko","floor":27,"turns":9},{"damage":32,"enemies":"Book of Stabbing","floor":28,"turns":5}],"seed_played":"2996369647503901556","potions_obtained":[{"floor":1.0,"key":"Ancient Potion"},{"floor":3.0,"key":"CultistPotion"},{"floor":4.0,"key":"ElixirPotion"},{"floor":7.0,"key":"Dexterity Potion"},{"floor":10.0,"key":"BlessingOfTheForge"},{"floor":14,"key":"AttackPotion"},{"floor":16,"key":"Weak Potion"},{"floor":27,"key":"ColorlessPotion"}],"is_trial":false,"path_per_floor":["M","?","M","M","M","E","M","M","T","E","R","E","M","M","R","B",null,"M","M","$","M","?","R","E","R","T","M","E"],"character_chosen":"IRONCLAD","items_purchased":["Membership Card","Headbutt","Pommel Strike","SteroidPotion"],"campfire_rested":1,"item_purchase_floors":[20,20,20,20],"current_hp_per_floor":[80,80,80,80,80,74,80,79,79,72,72,68,68,73,73,52,78,74,65,65,40,40,40,34,61,61,27,0,0],"gold":287,"neow_bonus":"ONE_RARE_RELIC","is_daily":false,"chose_seed":false,"campfire_upgraded":3,"win_rate":0.0,"timestamp":1611340014,"path_taken":["M","?","M","M","M","E","M","M","T","E","R","E","M","M","R","BOSS","M","M","$","M","?","R","E","R","T","M","E"],"items_purchased_type":["Relic","Card","Card","Potion"],"build_version":"2020-12-22","purchased_purges":1,"victory":false,"max_hp_per_floor":[80,80,80,80,80,80,80,80,80,80,80,80,84,87,87,87,87,87,87,87,87,87,87,90,90,90,90,90,90],"card_choices":[{"not_picked":["Sentinel","Sever Soul"],"picked":"Anger","floor":1.0},{"not_picked":["Rampage","Sword Boomerang"],"picked":"Clash","floor":3.0},{"not_picked":["Rupture","Flex"],"picked":"Battle Trance","floor":4.0},{"not_picked":["Sword Boomerang","Combust"],"picked":"Flex","floor":5.0},{"not_picked":["Second Wind","Iron Wave"],"picked":"Carnage","floor":6.0},{"not_picked":["Sentinel","Hemokinesis"],"picked":"Armaments","floor":7.0},{"not_picked":["Havoc","Burning Pact"],"picked":"Shrug It Off","floor":8.0},{"not_picked":["Body Slam","Clash"],"picked":"Flame Barrier","floor":10.0},{"not_picked":["Searing Blow","Ghostly Armor"],"picked":"Feed","floor":12},{"not_picked":["Armaments","Sword Boomerang","Pummel"],"picked":"SKIP","floor":13},{"not_picked":["Body Slam","Blood for Blood"],"picked":"Entrench","floor":14},{"not_picked":["Barricade","Juggernaut"],"picked":"Berserk","floor":16},{"not_picked":["Shrug It Off","Warcry"],"picked":"Thunderclap+1","floor":18},{"not_picked":["Heavy Blade","Uppercut"],"picked":"Warcry","floor":19},{"not_picked":["Armaments","Havoc"],"picked":"Headbutt+1","floor":21},{"not_picked":["Burning Pact+1","Intimidate+1"],"picked":"Fiend Fire","floor":24},{"not_picked":["Warcry","Sword Boomerang"],"picked":"True Grit","floor":27}],"player_experience":283725,"relics_obtained":[{"floor":6.0,"key":"InkBottle"},{"floor":9.0,"key":"Blue Candle"},{"floor":10.0,"key":"CaptainsWheel"},{"floor":12,"key":"Calipers"},{"floor":24,"key":"Whetstone"},{"floor":24,"key":"Boot"},{"floor":26,"key":"Regal Pillow"}],"event_choices":[{"damage_healed":0.0,"max_hp_gain":0.0,"max_hp_loss":0.0,"gold_gain":0.0,"event_name":"Living Wall","player_choice":"Grow","floor":2.0,"gold_loss":0.0,"damage_taken":0.0,"cards_upgraded":["Bash"]},{"damage_healed":0,"gold_gain":99,"player_choice":"Stole From Cult","damage_taken":0,"max_hp_gain":0,"max_hp_loss":0,"event_name":"Nest","floor":22,"gold_loss":0}],"is_beta":false,"boss_relics":[{"not_picked":["Runic Dome","Runic Cube"],"picked":"Black Star"}],"items_purged_floors":[20],"is_endless":false,"potions_floor_spawned":[1,3,4,7,10,14,16,27],"killed_by":"Book of Stabbing","ascension_level":5}}