{"host":"mlczotyo8j5fj6lt","time":1611321755,"event":{"mods":["AchievementEnabler","BaseMod","Better Third Choice","BetterRewards","Conspire","Defective Defect","Fox Events","Good Game Mod","Googly Eyes","Hubris","Minty Spire (QoL Compilation)","Quick Restart","Replay The Spire","StS++","StSLib","everything is the same but u backflip on backflip"],"gold_per_floor":[16,36,36,36,0,0,0,39,39,60,60,80,94,137,137,260,260,278,278,291,196,196,229,48,48,73,96,96,16,40,80,80,211,211,230,36,57,57,80,115,140,160,160,160,160,160,12,28,28,28],"floor_reached":51,"language":"ENG","playtime":2549,"items_purged":[],"score":750,"play_id":"16c84b58-10c3-4aa8-93f1-ac913b7f8d85","local_time":"20210122142235","is_ascension_mode":false,"campfire_choices":[{"data":"Zap","floor":6.0,"key":"SMITH"},{"data":"Double Energy","floor":11.0,"key":"SMITH"},{"floor":25,"key":"REST"},{"floor":28,"key":"REST"},{"data":"Thinking Ahead","floor":32,"key":"SMITH"},{"floor":46,"key":"REST"},{"data":"Tempest","floor":49,"key":"SMITH"}],"circlet_count":0,"master_deck":["Strike_B","Strike_B","Strike_B","Strike_B","Defend_B","Defend_B","Defend_B","Defend_B","Zap+1","Dualcast","Thinking Ahead+1","Gash","Sweeping Beam","Stack+1","Double Energy+1","Sweeping Beam","Steam+1","Chill","Scrape","All For One","Tempest+1","Reaper","Go for the Eyes","Defragment+1","Gash","Melter","Defragment+1","Leap","Static Discharge+1","Self Repair+1","Machine Learning+1","Stack","Conserve Battery","hubris:SpecializedCircuitry+1","Barrage","hubris:Ukulele+1","Darkness","Scrape+1","White Noise","StSpp:TargetLocked+1","Go for the Eyes+1","Tempest+1"],"relics":["Cracked Core","REME:ComplimentaryCards","Art of War","Golden Idol","Frozen Egg 2","Sundial","Pet Ghost","conspire:SpecialSausage","GremlinMask","hubris:Icosahedron","Bronze Scales","conspire:TreasureMap","Onion Ring","Replay:Rubber Ducky","hubris:RunicObelisk","Anchor","Shuriken","Turnip","Molten Egg 2","Orrery"],"acts_visited":["Exordium","TheCity","TheBeyond"],"potions_floor_usage":[23,33,33,39,39,39,40],"damage_taken":[{"damage":0.0,"enemies":"Cultist","floor":1.0,"turns":4.0},{"damage":5.0,"enemies":"2 Louse","floor":2.0,"turns":3.0},{"damage":6.0,"enemies":"Replay:BlueRogue","floor":8.0,"turns":5.0},{"damage":2.0,"enemies":"Jaw Worm","floor":10.0,"turns":3.0},{"damage":1.0,"enemies":"Exordium Wildlife","floor":12.0,"turns":3.0},{"damage":9.0,"enemies":"2 Fungi Beasts","floor":13.0,"turns":3.0},{"damage":4.0,"enemies":"3 Sentries","floor":14.0,"turns":11.0},{"damage":32.0,"enemies":"The Guardian","floor":16.0,"turns":12.0},{"damage":12.0,"enemies":"conspire:FuzzyDice","floor":18.0,"turns":8.0},{"damage":3.0,"enemies":"3 Byrds","floor":20.0,"turns":5.0},{"damage":36,"enemies":"Slavers","floor":23,"turns":5},{"damage":6,"enemies":"Cultist and Chosen","floor":27,"turns":4},{"damage":8,"enemies":"Shelled Parasite and Fungi","floor":30,"turns":3},{"damage":1,"enemies":"Replay:Snechameleon","floor":31,"turns":4},{"damage":50,"enemies":"hubris:MusketHawk","floor":33,"turns":7},{"damage":11,"enemies":"3 Shapes","floor":35,"turns":3},{"damage":5,"enemies":"Orb Walker","floor":37,"turns":4},{"damage":0,"enemies":"Transient","floor":39,"turns":5},{"damage":9,"enemies":"Reptomancer","floor":40,"turns":4},{"damage":28,"enemies":"3 Darklings","floor":41,"turns":4},{"damage":7,"enemies":"4 Shapes","floor":42,"turns":4},{"damage":0,"enemies":"Maw","floor":48,"turns":6},{"damage":48,"enemies":"Donu and Deca","floor":50,"turns":7}],"seed_played":"-4330548749849205767","potions_obtained":[{"floor":2.0,"key":"AttackPotion"},{"floor":12.0,"key":"EssenceOfSteel"},{"floor":14.0,"key":"Weak Potion"},{"floor":20.0,"key":"Fire Potion"},{"floor":30,"key":"SkillPotion"},{"floor":31,"key":"Fire Potion"},{"floor":37,"key":"BlessingOfTheForge"},{"floor":38,"key":"Cursed Concoction"},{"floor":38,"key":"DuplicationPotion"},{"floor":38,"key":"EntropicBrew"},{"floor":40,"key":"Toxic Potion"},{"floor":41,"key":"LiquidBronze"},{"floor":48,"key":"StSpp:InhibitionPotion"}],"is_trial":false,"path_per_floor":["M","M","T","?","$","R","$","E","T","M","R","M","M","E","R","B",null,"M","?","M","$","?","E","$","R","T","M","R","$","M","E","R","B",null,"M","$","M","?","M","E","M","M","T","?","T","R","$","M","R","B",null],"character_chosen":"DEFECT","items_purchased":["Stack+1","Defragment+1","Gash","conspire:TreasureMap","Defragment+1","Static Discharge+1","Anchor","Conserve Battery","Orrery"],"campfire_rested":3,"item_purchase_floors":[5,21,21,24,24,29,36,36,47],"current_hp_per_floor":[75,70,70,69,69,69,69,63,63,61,61,60,51,47,67,35,69,57,57,54,54,54,18,18,38,38,44,64,64,56,55,55,20,69,58,58,69,69,69,60,50,53,53,53,53,69,69,69,69,21],"gold":28,"neow_bonus":"RANDOM_COLORLESS_2","is_daily":false,"chose_seed":false,"campfire_upgraded":4,"win_rate":0.0,"timestamp":1611321755,"path_taken":["M","M","?","?","?","R","$","E","T","M","R","M","M","E","R","BOSS","M","?","M","?","?","E","$","R","T","M","R","$","M","E","R","BOSS","M","$","M","?","M","E","M","?","T","?","?","R","?","M","R","BOSS"],"items_purchased_type":["Card","Card","Card","Relic","Card","Card","Relic","Card","Relic"],"build_version":"2020-12-22","purchased_purges":0,"victory":true,"max_hp_per_floor":[75,75,75,69,69,69,69,69,69,69,69,69,69,69,69,69,69,69,69,69,69,69,69,69,69,69,69,69,69,69,69,69,69,69,69,69,69,69,69,69,69,69,69,69,69,69,69,69,69,69],"card_choices":[{"not_picked":["Master of Strategy","Violence"],"picked":"Thinking Ahead","floor":0.0},{"not_picked":["Streamline","StSpp:Fierceness"],"picked":"Gash","floor":1.0},{"not_picked":["Coolheaded","Self Repair"],"picked":"Sweeping Beam","floor":2.0},{"not_picked":["Stack","Turbo"],"picked":"Double Energy","floor":8.0},{"not_picked":["StSpp:MemoryLeak+1","Steam Power"],"picked":"Sweeping Beam","floor":10.0},{"not_picked":["ReplaySort","Double Energy"],"picked":"Steam","floor":12.0},{"not_picked":["Go for the Eyes","Coolheaded"],"picked":"Chill","floor":13.0},{"not_picked":["hubris:PowerSurge+1","Hologram"],"picked":"Scrape","floor":14.0},{"not_picked":["Fission","Reboot"],"picked":"All For One","floor":16.0},{"not_picked":["Rip and Tear","Go for the Eyes+1"],"picked":"Tempest","floor":18.0},{"not_picked":["Beam Cell+1","hubris:Ukulele"],"picked":"Go for the Eyes","floor":20.0},{"not_picked":["Double Energy","Conserve Battery+1"],"picked":"Melter","floor":23},{"not_picked":["Melter","Rebound"],"picked":"Leap","floor":27},{"not_picked":["Streamline","Barrage","Panic Button"],"picked":"SKIP","floor":30},{"not_picked":["Reprogram+1","Steam"],"picked":"Self Repair+1","floor":31},{"not_picked":["Fission","ReplayRNGCard"],"picked":"Machine Learning+1","floor":33},{"not_picked":["Hologram","ReplayTheSpireMod:System Scan+1"],"picked":"Stack","floor":35},{"not_picked":["Stack+1","Hologram"],"picked":"hubris:SpecializedCircuitry+1","floor":37},{"not_picked":["Hologram+1","Blizzard"],"picked":"Barrage","floor":39},{"not_picked":["Sweeping Beam+1","Turbo+1"],"picked":"hubris:Ukulele+1","floor":40},{"not_picked":["Turbo","Streamline+1"],"picked":"Darkness","floor":41},{"not_picked":["BasicCrystalCard+1","Beam Cell+1"],"picked":"Scrape+1","floor":42},{"not_picked":["hubris:Prefetch","Steam"],"picked":"StSpp:TargetLocked+1","floor":47},{"not_picked":["Barrage+1","Steam+1"],"picked":"Go for the Eyes+1","floor":47},{"not_picked":["Streamline+1","Hologram+1"],"picked":"Tempest+1","floor":47},{"not_picked":["Steam","Hologram","Coolheaded"],"picked":"SKIP","floor":48}],"player_experience":221376,"relics_obtained":[{"floor":3.0,"key":"Art of War"},{"floor":8.0,"key":"Frozen Egg 2"},{"floor":9.0,"key":"Sundial"},{"floor":14.0,"key":"Pet Ghost"},{"floor":23,"key":"Bronze Scales"},{"floor":26,"key":"Onion Ring"},{"floor":31,"key":"Replay:Rubber Ducky"},{"floor":40,"key":"Shuriken"},{"floor":43,"key":"Turnip"},{"floor":45,"key":"Molten Egg 2"}],"event_choices":[{"damage_healed":0.0,"max_hp_gain":0.0,"max_hp_loss":6.0,"gold_gain":0.0,"event_name":"Golden Idol","player_choice":"Lose Max HP","floor":4.0,"gold_loss":0.0,"damage_taken":0.0,"relics_obtained":["Golden Idol"]},{"damage_healed":0.0,"max_hp_gain":0.0,"max_hp_loss":0.0,"gold_gain":0.0,"event_name":"FaceTrader","player_choice":"Trade","floor":19.0,"gold_loss":0.0,"damage_taken":0.0,"relics_obtained":["GremlinMask"]},{"damage_healed":0,"gold_gain":0,"player_choice":"Got Potions","damage_taken":0,"max_hp_gain":0,"max_hp_loss":0,"event_name":"Lab","floor":38,"gold_loss":0}],"is_beta":false,"boss_relics":[{"not_picked":["Busted Crown","Ring of Chaos"],"picked":"conspire:SpecialSausage"},{"not_picked":["hubris:VirtuousBlindfold","conspire:RunicOctahedron"],"picked":"hubris:RunicObelisk"}],"items_purged_floors":[],"is_endless":false,"potions_floor_spawned":[2,12,14,20,30,31,37,40,41,48],"ascension_level":0}}