{"host":"gyphjc57tbbk9zp6","time":1611345524,"event":{"mods":["100% Spire Juice","Act Like it!","Arknights The Spire","BaseMod","Downfall","Elementarium","Friendly Minions","FruityMod","Gensokyo","Gremlin Skip","Hallownest","Hermit","Highlight Path","Hubris","Hyrulean Relics","Infinite Spire","Ironclad Rager","Jorbs\u0027s Wanderer Trilogy","KinomotoSakuraMod(????)","Kiyohime????","Koishi","Luminous","Mad Scientist","Marisa????????","Mimic Mod","Minty Spire (QoL Compilation)","Nova Terra(??·??)","Pale of the Ancients","Potionbrewer","Robot Space Explorer","Shedinja","StSLib","SuperFastMode","Td1madao Mod","The Administrix","The Blackbeard","The Bladedancer","The Bug Knight","The Construct","The Disciple","The Druid","The Elementalist","The Exalted","The Hayseed","The Hierophant","The Judge","The Juggle","The Jungle","The Mystic","The Poker Player","The Senshi","The Servant 0.9.4","The Trickster","The Vixen","The Wild Card","TheHero","TheSwordswoman","TheVelvet","Yuyuko"],"gold_per_floor":[99,115,115,127,143,53,105,105,124,138,149,176,176,190,206,206,206],"floor_reached":16,"language":"ENG","playtime":1323,"items_purged":["blazmod:Strike"],"score":131,"play_id":"bc6f2a1d-e0ec-4453-9d2a-0aaf58ce16a1","local_time":"20210122135844","is_ascension_mode":false,"campfire_choices":[{"data":"blazmod:Kyokasuigetsu","floor":1,"key":"SMITH"},{"data":"blazmod:MindsEye","floor":13,"key":"SMITH"}],"circlet_count":0,"master_deck":["blazmod:Strike","blazmod:Strike","blazmod:Defend","blazmod:Defend","blazmod:Defend+1","blazmod:Defend","blazmod:ButterflyEffect","blazmod:Kyokasuigetsu+1","blazmod:MoonlightBlossoms","blazmod:RevolvingPhoenix","blazmod:FancifulFlutter","blazmod:SecondSight+1","blazmod:TenThousand","blazmod:StanceChange","blazmod:MindsEye+1","blazmod:RevolvingPhoenix"],"relics":["blazmod:Venustas","Vajra","The Courier"],"acts_visited":["Exordium"],"potions_floor_usage":[5,12,12,12,16],"damage_taken":[{"damage":5,"enemies":"Small Slimes","floor":2,"turns":4},{"damage":5,"enemies":"Jaw Worm","floor":4,"turns":3},{"damage":1,"enemies":"Cultist","floor":5,"turns":3},{"damage":2,"enemies":"downfall:FleeingMerchant","floor":6,"turns":4},{"damage":0,"enemies":"Large Slime","floor":9,"turns":5},{"damage":4,"enemies":"2 Fungi Beasts","floor":10,"turns":4},{"damage":15,"enemies":"Gremlin Gang","floor":11,"turns":5},{"damage":0,"enemies":"Gremlin Nob","floor":12,"turns":4},{"damage":0,"enemies":"2 Fungi Beasts","floor":14,"turns":2},{"damage":2,"enemies":"Blue Slaver","floor":15,"turns":3},{"damage":16,"enemies":"SI_SHIV_ARCHETYPE","floor":16,"turns":5}],"seed_played":"-501146407207904591","potions_obtained":[{"floor":2,"key":"PowerPotion"},{"floor":5,"key":"potionbrewer:BlacksmithPotion"},{"floor":9,"key":"SpeedPotion"},{"floor":10,"key":"potionbrewer:EndurancePotion"},{"floor":12,"key":"construct:ShiftPotion"}],"is_trial":false,"path_per_floor":["R","M","?","M","M","$","T","?","M","M","M","E","R","M","M","B"],"character_chosen":"THE_SWORDSWOMAN","items_purchased":[],"campfire_rested":0,"item_purchase_floors":[],"current_hp_per_floor":[44,39,39,34,33,31,31,31,31,27,12,12,12,12,10,0,0],"gold":206,"neow_bonus":"TEN_PERCENT_HP_BONUS","is_daily":false,"chose_seed":false,"campfire_upgraded":2,"win_rate":0.0,"timestamp":1611345524,"path_taken":["R","M","?","M","M","$","T","?","?","M","M","E","R","M","M","BOSS"],"items_purchased_type":[],"build_version":"2020-12-22","purchased_purges":1,"victory":false,"max_hp_per_floor":[44,44,44,44,44,44,44,44,44,44,44,44,44,44,44,44,44],"card_choices":[{"not_picked":["blazmod:HarmonyComplete","blazmod:Unrestrained"],"picked":"blazmod:MoonlightBlossoms","floor":2},{"not_picked":["blazmod:Trasient","blazmod:Lockswords"],"picked":"blazmod:RevolvingPhoenix","floor":4},{"not_picked":["blazmod:FleetOfFoot","blazmod:Lockswords"],"picked":"blazmod:FancifulFlutter","floor":5},{"not_picked":["blazmod:FlashRock","blazmod:SureOfHand"],"picked":"blazmod:SecondSight","floor":6},{"not_picked":["blazmod:PhysicalEndurance","blazmod:FleetOfFoot"],"picked":"blazmod:TenThousand","floor":9},{"not_picked":["blazmod:FortifiedVigor","blazmod:FleetOfFoot"],"picked":"blazmod:StanceChange","floor":10},{"not_picked":["blazmod:Trasient","blazmod:FleetOfFoot"],"picked":"blazmod:MindsEye","floor":11},{"not_picked":["blazmod:MyEverything","blazmod:ClearTheMind","blazmod:Trasient"],"picked":"SKIP","floor":12},{"not_picked":["blazmod:Crosscut","blazmod:FortifiedVigor"],"picked":"blazmod:RevolvingPhoenix","floor":14},{"not_picked":["blazmod:KatanaStrike","blazmod:FlyFlyAgain","blazmod:FlashRock"],"picked":"SKIP","floor":15}],"player_experience":1051654,"relics_obtained":[{"floor":7,"key":"Vajra"},{"floor":12,"key":"The Courier"}],"event_choices":[{"damage_healed":0,"gold_gain":0,"player_choice":"Forge","damage_taken":0,"max_hp_gain":0,"max_hp_loss":0,"event_name":"Accursed Blacksmith","floor":8,"gold_loss":0,"cards_upgraded":["blazmod:SecondSight"]}],"is_beta":false,"boss_relics":[],"items_purged_floors":[6],"is_endless":false,"potions_floor_spawned":[2,5,9,10,12],"killed_by":"SI_SHIV_ARCHETYPE","ascension_level":0}}