{"host":"5dhwd44u3dydylwe","time":1611317121,"event":{"mods":["AchievementEnabler","BaseMod","BetterRewards","Dota2Spire","Hubris","Minty Spire (QoL Compilation)","Shop Mod","StSLib","Wandering Minibosses"],"gold_per_floor":[119,102,102,119,82,115,115,140,140,160,160,160,207,226,226,281,281,298,298,55,67,79,104,119,145,145,163,163,188,199,199,199,302,302,318,318,75,88,13,46,46,75,75,75,93,112,145,164,164,164,164,164,19,44,44],"floor_reached":56,"language":"ENG","playtime":3156,"items_purged":["Strike_R","Strike_R","Strike_R","Defend_R","Writhe"],"score":2457,"play_id":"859f0792-c43a-473d-9b75-eac57053b6e1","local_time":"20210122200521","is_ascension_mode":true,"campfire_choices":[{"floor":7,"key":"REST"},{"floor":11,"key":"REST"},{"data":"Carnage","floor":15,"key":"SMITH"},{"data":"Shockwave","floor":32,"key":"SMITH"},{"data":"Demon Form","floor":41,"key":"SMITH"},{"data":"True Grit","floor":44,"key":"SMITH"},{"floor":49,"key":"RECALL"},{"data":"Evolve","floor":52,"key":"SMITH"}],"circlet_count":0,"master_deck":["AscendersBane","Strike_R","Strike_R","Defend_R","Defend_R","Defend_R","Bash","Thunderclap","Apotheosis+1","Whirlwind","Dropkick","Carnage+1","Immolate","Shrug It Off","Reaper","True Grit+1","hubris:NaturalOne","Battle Trance+1","Shockwave+1","Rupture+1","Demon Form+1","Disarm+1","Evolve+1","Flame Barrier+1","Inflame"],"relics":["Burning Blood","TheAbacus","Membership Card","Strawberry","hubris:SphereOfDissonance","Dota2Spire:ArcaneBoots","Matryoshka","hubris:Icosahedron","Vajra","Regal Pillow","Dota2Spire:MagicBottle","Ornamental Fan","wanderingMiniBosses:ThiefScarf","CaptainsWheel","OrangePellets","SlaversCollar","Blue Candle","Oddly Smooth Stone","Centennial Puzzle","Dota2Spire:CrimsonGuard","Dota2Spire:Vanguard","Dota2Spire:Dagon","Art of War","MutagenicStrength","Black Star","Paper Frog","Dota2Spire:Butterfly","hubris:PeanutButter","Dota2Spire:Desolator","Dota2Spire:MantaStyle","hubris:BundleOfHerbs","Question Card","Bag of Preparation","Bottled Lightning","hubris:MedicalManual","Dota2Spire:BattleFury"],"acts_visited":["Exordium","TheCity","TheBeyond","TheEnding"],"potions_floor_usage":[2,13,23,55,55],"damage_taken":[{"damage":2.0,"enemies":"Jaw Worm","floor":1.0,"turns":3.0},{"damage":7,"enemies":"2 Louse","floor":2,"turns":5},{"damage":10,"enemies":"Small Slimes","floor":4,"turns":3},{"damage":5,"enemies":"Exordium Thugs","floor":5,"turns":3},{"damage":26,"enemies":"Lagavulin","floor":6,"turns":6},{"damage":33,"enemies":"3 Sentries","floor":8,"turns":5},{"damage":4,"enemies":"Red Slaver","floor":10,"turns":2},{"damage":0,"enemies":"Blue Slaver","floor":13,"turns":6},{"damage":0,"enemies":"Lots of Slimes","floor":14,"turns":2},{"damage":0,"enemies":"Slime Boss","floor":16,"turns":5},{"damage":11,"enemies":"Spheric Guardian","floor":18,"turns":3},{"damage":13,"enemies":"Chosen","floor":21,"turns":3},{"damage":24,"enemies":"Shelled Parasite and Fungi","floor":22,"turns":9},{"damage":15,"enemies":"Book of Stabbing","floor":23,"turns":5},{"damage":10,"enemies":"Snecko","floor":24,"turns":3},{"damage":18,"enemies":"Gremlin Leader","floor":25,"turns":6},{"damage":3,"enemies":"Centurion and Healer","floor":27,"turns":6},{"damage":3,"enemies":"Book of Stabbing","floor":29,"turns":4},{"damage":12,"enemies":"Shelled Parasite and Fungi","floor":30,"turns":6},{"damage":24,"enemies":"hubris:MusketHawk","floor":33,"turns":8},{"damage":18,"enemies":"3 Darklings","floor":35,"turns":4},{"damage":0,"enemies":"Orb Walker","floor":38,"turns":3},{"damage":22,"enemies":"Nemesis","floor":40,"turns":9},{"damage":4,"enemies":"Reptomancer","floor":42,"turns":6},{"damage":4,"enemies":"4 Shapes","floor":45,"turns":7},{"damage":27,"enemies":"Spire Growth","floor":46,"turns":6},{"damage":0,"enemies":"Nemesis","floor":47,"turns":5},{"damage":14,"enemies":"Jaw Worm Horde","floor":48,"turns":5},{"damage":32,"enemies":"Donu and Deca","floor":50,"turns":8},{"damage":33,"enemies":"Shield and Spear","floor":54,"turns":7},{"damage":18,"enemies":"The Heart","floor":55,"turns":8}],"seed_played":"-4176263406496929794","potions_obtained":[{"floor":1.0,"key":"ColorlessPotion"},{"floor":8,"key":"Dota2Spire:Clarity"},{"floor":13,"key":"Dota2Spire:Clarity"},{"floor":14,"key":"LiquidMemories"},{"floor":25,"key":"FearPotion"},{"floor":40,"key":"Dexterity Potion"}],"is_trial":false,"path_per_floor":["M","M","?","M","M","E","R","E","T","M","R","?","M","M","R","B",null,"M","?","$","M","M","E","M","E","T","M","?","E","M","?","R","B",null,"M","?","$","M","$","E","R","E","T","R","M","M","E","M","R","B",null,"R","$","E","B",null],"character_chosen":"IRONCLAD","items_purchased":["TheAbacus","Membership Card","Strawberry","CaptainsWheel","hubris:SphereOfDissonance","Dota2Spire:ArcaneBoots","OrangePellets","Thunderclap","Apotheosis","Matryoshka","Whirlwind","Oddly Smooth Stone","Centennial Puzzle","Paper Frog","Evolve","Bottled Lightning","PowerPotion"],"campfire_rested":2,"item_purchase_floors":[0,0,0,0,0,0,0,0,0,0,0,20,20,37,37,53,53],"current_hp_per_floor":[35,34,34,30,31,11,37,10,10,15,56,56,62,87,87,87,87,82,82,82,84,66,64,60,56,56,68,51,63,69,69,69,63,85,73,64,64,70,70,54,54,88,88,88,92,86,92,84,84,58,84,84,84,74,92],"gold":44,"neow_bonus":"","is_daily":false,"chose_seed":false,"campfire_upgraded":5,"win_rate":0.0,"timestamp":1611317121,"path_taken":["M","M","?","M","M","E","R","E","T","M","R","?","M","M","R","BOSS","M","?","$","M","M","E","M","E","T","M","?","E","M","?","R","BOSS","M","?","$","?","$","E","R","E","T","R","M","M","E","M","R","BOSS","R","$","E","BOSS"],"items_purchased_type":["Relic","Relic","Relic","Relic","Relic","Relic","Relic","Card","Card","Relic","Card","Relic","Relic","Relic","Card","Relic","Potion"],"build_version":"2020-12-22","purchased_purges":5,"victory":true,"max_hp_per_floor":[87,87,87,87,87,87,87,87,87,87,87,87,87,87,87,87,87,87,87,87,87,87,87,87,87,87,87,92,92,92,92,92,92,92,92,92,92,92,92,92,92,92,92,92,92,92,92,92,92,92,92,92,92,92,92],"card_choices":[{"not_picked":["Iron Wave","Infernal Blade"],"picked":"Dropkick","floor":1.0},{"not_picked":["Headbutt","Havoc","hubris:CleavingFinish"],"picked":"SKIP","floor":2},{"not_picked":["Dark Embrace","Armaments","Iron Wave"],"picked":"SKIP","floor":4},{"not_picked":["Havoc","Fire Breathing"],"picked":"Carnage","floor":5},{"not_picked":["Perfected Strike","Dropkick"],"picked":"Immolate","floor":6},{"not_picked":["Warcry","Sentinel"],"picked":"Shrug It Off","floor":8},{"not_picked":["Body Slam","Seeing Red","Sentinel"],"picked":"SKIP","floor":10},{"not_picked":["Thunderclap","Carnage","Bloodletting"],"picked":"SKIP","floor":13},{"not_picked":["Power Through","Dark Embrace","hubris:ReadiedAction"],"picked":"SKIP","floor":14},{"not_picked":["Barricade","hubris:StunningStrike"],"picked":"Reaper","floor":16},{"not_picked":["Heavy Blade","hubris:ReadiedAction","Thunderclap+1"],"picked":"SKIP","floor":18},{"not_picked":["Thunderclap","Reckless Charge"],"picked":"True Grit","floor":21},{"not_picked":["Cleave","Immolate","Havoc"],"picked":"SKIP","floor":22},{"not_picked":["Warcry","Clash"],"picked":"Battle Trance+1","floor":23},{"not_picked":["Rupture","Heavy Blade","Ghostly Armor"],"picked":"SKIP","floor":24},{"not_picked":["Shrug It Off+1","Rampage"],"picked":"Shockwave","floor":25},{"not_picked":["Iron Wave","Sentinel+1","Body Slam+1"],"picked":"SKIP","floor":27},{"not_picked":["Combust+1","Twin Strike"],"picked":"Rupture+1","floor":29},{"not_picked":["Power Through+1","Headbutt","Anger"],"picked":"SKIP","floor":30},{"not_picked":["Barricade","Immolate"],"picked":"Demon Form","floor":33},{"not_picked":["Thunderclap+1","Uppercut"],"picked":"Disarm+1","floor":35},{"not_picked":["hubris:ReadiedAction+1","Sword Boomerang+1","Heavy Blade+1"],"picked":"SKIP","floor":38},{"not_picked":["Clothesline+1","Headbutt+1","Havoc+1"],"picked":"SKIP","floor":40},{"not_picked":["Armaments","Cleave"],"picked":"Flame Barrier+1","floor":42},{"not_picked":["Intimidate+1","Bloodletting","Battle Trance+1"],"picked":"SKIP","floor":45},{"not_picked":["Clothesline+1","Demon Form","True Grit+1"],"picked":"SKIP","floor":46},{"not_picked":["Clash+1","Perfected Strike","Thunderclap"],"picked":"SKIP","floor":47},{"not_picked":["Clothesline","Feed","Thunderclap+1","Headbutt+1"],"picked":"SKIP","floor":48},{"not_picked":["Clash+1","Bludgeon","Pommel Strike+1"],"picked":"Inflame","floor":54}],"player_experience":90483,"relics_obtained":[{"floor":6,"key":"Vajra"},{"floor":8,"key":"Regal Pillow"},{"floor":9,"key":"Dota2Spire:MagicBottle"},{"floor":9,"key":"Ornamental Fan"},{"floor":13,"key":"wanderingMiniBosses:ThiefScarf"},{"floor":13,"key":"CaptainsWheel"},{"floor":13,"key":"OrangePellets"},{"floor":23,"key":"Dota2Spire:CrimsonGuard"},{"floor":25,"key":"Dota2Spire:Vanguard"},{"floor":26,"key":"Dota2Spire:Dagon"},{"floor":29,"key":"Art of War"},{"floor":40,"key":"Dota2Spire:Butterfly"},{"floor":40,"key":"hubris:PeanutButter"},{"floor":42,"key":"Dota2Spire:Desolator"},{"floor":42,"key":"Dota2Spire:MantaStyle"},{"floor":43,"key":"hubris:BundleOfHerbs"},{"floor":47,"key":"Question Card"},{"floor":47,"key":"Bag of Preparation"},{"floor":54,"key":"hubris:MedicalManual"},{"floor":54,"key":"Dota2Spire:BattleFury"}],"event_choices":[{"damage_healed":0,"gold_gain":0,"player_choice":"Grow","damage_taken":0,"max_hp_gain":0,"max_hp_loss":0,"event_name":"Living Wall","floor":12,"gold_loss":0,"cards_upgraded":["Apotheosis"]},{"damage_healed":0,"gold_gain":0,"player_choice":"Opened","damage_taken":0,"relics_obtained":["Blue Candle"],"max_hp_gain":0,"max_hp_loss":0,"event_name":"The Mausoleum","floor":19,"gold_loss":0,"cards_obtained":["Writhe"]},{"damage_healed":0,"gold_gain":0,"player_choice":"Shed Blood","damage_taken":22,"max_hp_gain":5,"max_hp_loss":0,"event_name":"Forgotten Altar","floor":28,"gold_loss":0},{"damage_healed":0,"gold_gain":0,"player_choice":"Inject Mutagens","damage_taken":0,"relics_obtained":["MutagenicStrength"],"max_hp_gain":0,"max_hp_loss":0,"event_name":"Drug Dealer","floor":31,"gold_loss":0},{"damage_healed":0,"gold_gain":0,"player_choice":"Damaged","damage_taken":9,"max_hp_gain":0,"max_hp_loss":0,"event_name":"Wheel of Change","floor":36,"gold_loss":0}],"is_beta":false,"boss_relics":[{"not_picked":["hubris:RunicObelisk","Empty Cage"],"picked":"SlaversCollar"},{"not_picked":["Black Blood","SacredBark"],"picked":"Black Star"}],"items_purged_floors":[0,0,0,0,20],"is_endless":false,"potions_floor_spawned":[1,8,13,14,21,22,25,29,30,33,35,40,42],"ascension_level":11}}