{"host":"cmxkjr0hek4mqvmn","time":1611359602,"event":{"mods":["BaseMod","Beaked The Cultist","Better Match","Better Skull","Better Third Choice","BetterRewards","Clawfect","Colored Map","Displayed Cursed Tome","Duelist Mod","GifTheSpireLib","Hermit","Hubris","JesterMod","Mimic Mod","Minty Spire (QoL Compilation)","Quick Restart","Robot Space Explorer","StSLib","The Bladedancer","The Blue Laboratory","The Cursed","Thieving Mod","Waifu the Spire"],"gold_per_floor":[118,118,136,136,154,181,356,371,371,371,371],"floor_reached":10,"language":"ENG","playtime":655,"items_purged":[],"score":96,"play_id":"b2d46ce1-8b6d-49cc-afcb-4fa2bd141168","local_time":"20210122185322","is_ascension_mode":true,"campfire_choices":[],"circlet_count":0,"master_deck":["Gash","Gash","Gash","Gash","Gash","Defend_B","Defend_B","Defend_B","Defend_B","Defend_B","Creative AI","Conserve Battery","Clawfect:ClawingBeam","Clawfect:ClawCell","Genetic Algorithm","Doubt","Clawfect:ClawSnap"],"relics":["Clawfect:DRClaw","Smiling Mask","hubris:TenFootPole","Anchor","Happy Flower","Singing Bowl"],"acts_visited":["Exordium"],"potions_floor_usage":[8],"damage_taken":[{"damage":3,"enemies":"Jaw Worm","floor":1,"turns":4},{"damage":1,"enemies":"Cultist","floor":3,"turns":4},{"damage":17,"enemies":"Small Slimes","floor":5,"turns":5},{"damage":9,"enemies":"Lagavulin","floor":6,"turns":6},{"damage":7,"enemies":"Blue Slaver","floor":8,"turns":5},{"damage":9,"enemies":"Gremlin Nob","floor":10,"turns":3}],"seed_played":"4660115848393383039","potions_obtained":[{"floor":2,"key":"blueLaboratory:AbyssPotion"},{"floor":2,"key":"blueLaboratory:PhilterOfMotion"},{"floor":2,"key":"FairyPotion"},{"floor":5,"key":"SmokeBomb"}],"is_trial":false,"path_per_floor":["M","?","M","?","M","E","?","M","T","E"],"character_chosen":"DEFECT","items_purchased":[],"campfire_rested":0,"item_purchase_floors":[],"current_hp_per_floor":[72,72,71,27,10,1,1,22,22,13,13],"gold":371,"neow_bonus":"ONE_RANDOM_RARE_CARD","is_daily":false,"chose_seed":false,"campfire_upgraded":0,"win_rate":0.0,"timestamp":1611359602,"path_taken":["M","?","?","?","?","E","?","M","T","E"],"items_purchased_type":[],"build_version":"2020-12-22","purchased_purges":0,"victory":false,"max_hp_per_floor":[75,75,75,75,75,75,75,75,75,75,75],"card_choices":[{"not_picked":["Clawfect:Clawline","Stack"],"picked":"Conserve Battery","floor":1},{"not_picked":["Rebound","Clawfect:Clawline"],"picked":"Clawfect:ClawingBeam","floor":3},{"not_picked":["hubris:PowerSurge","Double Energy"],"picked":"Clawfect:ClawCell","floor":5},{"not_picked":["Sunder","Clawfect:ClawForTheEyes"],"picked":"Genetic Algorithm","floor":6},{"not_picked":["Hologram","Rebound"],"picked":"Clawfect:ClawSnap","floor":8}],"player_experience":612234,"relics_obtained":[{"floor":6,"key":"Happy Flower"},{"floor":9,"key":"Singing Bowl"}],"event_choices":[{"damage_healed":0,"gold_gain":0,"player_choice":"Got Potions","damage_taken":0,"max_hp_gain":0,"max_hp_loss":0,"event_name":"Lab","floor":2,"gold_loss":0},{"damage_healed":0,"gold_gain":0,"player_choice":"RE RE RE ","damage_taken":61,"relics_obtained":["Smiling Mask","hubris:TenFootPole","Anchor"],"max_hp_gain":0,"max_hp_loss":0,"event_name":"betterSkull:BetterSkull","floor":4,"gold_loss":0,"cards_upgraded":[]},{"damage_healed":0,"gold_gain":175,"player_choice":"AGREE","damage_taken":181,"max_hp_gain":0,"max_hp_loss":0,"event_name":"betterThird:BetterSerpent","floor":7,"gold_loss":0}],"is_beta":false,"boss_relics":[],"items_purged_floors":[],"is_endless":false,"potions_floor_spawned":[5,6],"killed_by":"Gremlin Nob","ascension_level":1}}