{"host":"egwexuw5uvnxf11j","time":1611287726,"event":{"mods":["2.2 Compatiblity","Aspiration","BaseMod","Better Altar","Better Note","Better Sensory Stone","Better Third Choice","Displayed Cursed Tome","Downfall","Hermit","Key Reminder","Koishi","Marisa????????","Minty Spire (QoL Compilation)","Quick Restart","Shade Mod","Spicy Shops","StSLib","The Construct","The Cursed","The Hierophant","The Runesmith","The Senshi","The Servant 0.9.4","Transform Curses"],"gold_per_floor":[111,126,188,9,9,9,41,57,57,68,102,25,25,25,25,128,128,143,8,27,27,27],"floor_reached":21,"language":"ENG","playtime":6642,"items_purged":[],"score":196,"play_id":"dc33b2e9-43fb-4e6b-9696-08d1759ba422","local_time":"20210121225526","is_ascension_mode":true,"campfire_choices":[{"data":"hermit:Determination","floor":6,"key":"SMITH"},{"floor":13,"key":"REST"},{"floor":15,"key":"REST"}],"circlet_count":0,"master_deck":["hermit:Strike_Hermit","hermit:Strike_Hermit+1","hermit:Strike_Hermit","hermit:Strike_Hermit","hermit:Defend_Hermit","hermit:Defend_Hermit","hermit:Defend_Hermit","hermit:Defend_Hermit","hermit:Snapshot+1","hermit:Covet","hermit:Misfire","hermit:Quickdraw","hermit:Determination+1","hermit:PistolWhip","hermit:Gestalt","Decay","hermit:ShadowCloak","hermit:TrackingShot","hermit:Glare","hermit:Grudge","hermit:RoundhouseKick","hermit:Adapt","hermit:HoleUp+1","hermit:Gestalt","hermit:Headshot","hermit:HighCaliber"],"relics":["hermit:Momento","Bag of Preparation","aspiration:Lifesprig","Incense Burner","Whetstone","keyreminder:keyreminder","Black Star"],"acts_visited":["Exordium","TheCity"],"potions_floor_usage":[11,11,16,16,20],"damage_taken":[{"damage":2,"enemies":"Small Slimes","floor":1,"turns":4},{"damage":8,"enemies":"2 Louse","floor":2,"turns":3},{"damage":2,"enemies":"Gremlin Nob","floor":7,"turns":4},{"damage":0,"enemies":"Cultist","floor":8,"turns":3},{"damage":6,"enemies":"Lots of Slimes","floor":10,"turns":4},{"damage":25,"enemies":"3 Sentries","floor":11,"turns":10},{"damage":10,"enemies":"The Guardian","floor":16,"turns":9},{"damage":21,"enemies":"Shell Parasite","floor":18,"turns":7},{"damage":44,"enemies":"3 Byrds","floor":20,"turns":7},{"damage":12,"enemies":"3 Cultists","floor":21,"turns":4}],"seed_played":"-1081497554983070948","potions_obtained":[{"floor":7,"key":"Swift Potion"},{"floor":8,"key":"Block Potion"},{"floor":10,"key":"Dexterity Potion"},{"floor":11,"key":"Strength Potion"},{"floor":18,"key":"DuplicationPotion"}],"is_trial":false,"path_per_floor":["M","M","?","$","?","R","E","M","T","M","E","$","R","$","R","B",null,"M","$","M","M"],"character_chosen":"HERMIT","items_purchased":["hermit:Determination","hermit:PistolWhip","hermit:Gestalt","hermit:RoundhouseKick","hermit:Gestalt","hermit:Headshot"],"campfire_rested":2,"item_purchase_floors":[4,4,4,12,19,19],"current_hp_per_floor":[73,65,65,65,65,65,63,63,63,57,32,32,54,54,75,65,75,54,54,10,0,0],"gold":27,"neow_bonus":"RANDOM_COMMON_RELIC","is_daily":false,"chose_seed":false,"campfire_upgraded":1,"win_rate":0.0,"timestamp":1611287726,"path_taken":["M","M","?","$","?","R","E","M","T","?","E","$","R","?","R","BOSS","M","$","M","M"],"items_purchased_type":["Card","Card","Card","Card","Card","Card"],"build_version":"2020-12-22","purchased_purges":0,"victory":false,"max_hp_per_floor":[75,75,75,75,75,75,75,75,75,75,75,75,75,75,75,75,75,75,75,75,75,75],"card_choices":[{"not_picked":["hermit:BodyArmor","hermit:Coalescence"],"picked":"hermit:Misfire","floor":1},{"not_picked":["hermit:Dive","hermit:Ricochet"],"picked":"hermit:Quickdraw","floor":2},{"not_picked":["hermit:Coalescence","hermit:Snipe"],"picked":"hermit:ShadowCloak","floor":7},{"not_picked":["hermit:LoneWolf","hermit:Roulette"],"picked":"hermit:TrackingShot","floor":8},{"not_picked":["hermit:Headshot","hermit:HighCaliber"],"picked":"hermit:Glare","floor":10},{"not_picked":["hermit:Glare","hermit:ItchyTrigger"],"picked":"hermit:Grudge","floor":11},{"not_picked":["hermit:Purgatory","hermit:RoundhouseKick"],"picked":"hermit:Adapt","floor":16},{"not_picked":["hermit:Vantage","hermit:Manifest"],"picked":"hermit:HoleUp+1","floor":18},{"not_picked":["hermit:Quickdraw+1","hermit:CalledShot"],"picked":"hermit:HighCaliber","floor":20}],"player_experience":2292874,"relics_obtained":[{"floor":7,"key":"aspiration:Lifesprig"},{"floor":9,"key":"Incense Burner"},{"floor":11,"key":"Whetstone"}],"event_choices":[{"damage_healed":0,"gold_gain":62,"player_choice":"Gained Gold","damage_taken":0,"max_hp_gain":0,"max_hp_loss":0,"event_name":"Golden Wing","floor":3,"gold_loss":0},{"damage_healed":0,"gold_gain":0,"player_choice":"Cursed","damage_taken":0,"max_hp_gain":0,"max_hp_loss":0,"event_name":"Wheel of Change","floor":5,"gold_loss":0,"cards_obtained":["Decay"]}],"is_beta":false,"boss_relics":[{"not_picked":["Sozu","Tiny House"],"picked":"Black Star"}],"items_purged_floors":[],"is_endless":false,"potions_floor_spawned":[7,8,10,11,18],"killed_by":"3 Cultists","ascension_level":1}}