{"host":"nbmmy2ys5j9alw05","time":1611275802,"event":{"mods":["AchievementEnabler","BaseMod","Bestiary","Better Vampires","Colored Map","Colored Powertips","Googly Eyes","Minty Spire (QoL Compilation)","Quick Restart","StSLib","The Hierophant","The IronCluck","everything is the same but u backflip on backflip"],"gold_per_floor":[119,131,11,27,44,44,55,86,86,86,113,128,153,153,153,256,256,270,286,305,305,305,305,305,305],"floor_reached":24,"language":"ENG","playtime":1064,"items_purged":["Strike_R"],"score":352,"play_id":"1f482b0b-e4e2-4ba1-acdf-1477612a1216","local_time":"20210121163642","is_ascension_mode":true,"campfire_choices":[{"data":"Armaments","floor":6,"key":"SMITH"},{"floor":10,"key":"REST"},{"data":"Rampage","floor":15,"key":"SMITH"},{"floor":23,"key":"REST"}],"circlet_count":0,"master_deck":["AscendersBane","Defend_R","Defend_R","Defend_R","Defend_R","Bash","Intimidate","Armaments+1","Clothesline","Flex","Shockwave","Rampage+1","Corruption","Inflame","Shrug It Off","Headbutt","Double Tap","Twin Strike","Bite","Bite","Bite","Bite"],"relics":["Burning Blood","Orichalcum","Pear","InkBottle","Matryoshka","Philosopher\u0027s Stone"],"acts_visited":["Exordium","TheCity"],"potions_floor_usage":[5,5,8,11,13,13],"damage_taken":[{"damage":1,"enemies":"Cultist","floor":1,"turns":4},{"damage":11,"enemies":"Jaw Worm","floor":2,"turns":5},{"damage":4,"enemies":"Small Slimes","floor":4,"turns":4},{"damage":7,"enemies":"Looter","floor":5,"turns":2},{"damage":17,"enemies":"Large Slime","floor":7,"turns":8},{"damage":25,"enemies":"Lagavulin","floor":8,"turns":6},{"damage":18,"enemies":"Gremlin Nob","floor":11,"turns":5},{"damage":7,"enemies":"Blue Slaver","floor":12,"turns":4},{"damage":17,"enemies":"3 Sentries","floor":13,"turns":8},{"damage":44,"enemies":"The Guardian","floor":16,"turns":11},{"damage":21,"enemies":"Spheric Guardian","floor":18,"turns":4},{"damage":4,"enemies":"Chosen","floor":19,"turns":4},{"damage":40,"enemies":"Shelled Parasite and Fungi","floor":20,"turns":6},{"damage":19,"enemies":"Gremlin Leader","floor":24,"turns":4}],"seed_played":"1198702537980325140","potions_obtained":[{"floor":1,"key":"EssenceOfSteel"},{"floor":2,"key":"GamblersBrew"},{"floor":4,"key":"AttackPotion"},{"floor":8,"key":"SkillPotion"},{"floor":11,"key":"EssenceOfSteel"},{"floor":12,"key":"LiquidMemories"},{"floor":20,"key":"ElixirPotion"}],"is_trial":false,"path_per_floor":["M","M","$","M","M","R","M","E","T","R","E","M","E","?","R","B",null,"M","M","M","?","?","R","E"],"character_chosen":"IRONCLAD","items_purchased":["Clothesline"],"campfire_rested":2,"item_purchase_floors":[3],"current_hp_per_floor":[72,67,67,69,68,68,57,38,48,79,67,66,55,106,106,68,97,82,84,50,28,28,53,36,36],"gold":305,"neow_bonus":"TWENTY_PERCENT_HP_BONUS","is_daily":false,"chose_seed":false,"campfire_upgraded":2,"win_rate":0.0,"timestamp":1611275802,"path_taken":["M","M","$","?","M","R","M","E","T","R","E","?","E","?","R","BOSS","M","M","?","?","?","R","E"],"items_purchased_type":["Card"],"build_version":"2020-12-22","purchased_purges":1,"victory":false,"max_hp_per_floor":[96,96,96,96,96,96,96,96,106,106,106,106,106,106,106,106,106,106,106,106,111,84,84,84,84],"card_choices":[{"not_picked":["Sword Boomerang","Pommel Strike"],"picked":"Intimidate","floor":1},{"not_picked":["Dual Wield","Evolve"],"picked":"Armaments","floor":2},{"not_picked":["Bloodletting","Infernal Blade"],"picked":"Flex","floor":4},{"not_picked":["Seeing Red","Wild Strike"],"picked":"Shockwave","floor":5},{"not_picked":["Thunderclap","Body Slam"],"picked":"Rampage","floor":7},{"not_picked":["Demon Form","Evolve"],"picked":"Corruption","floor":8},{"not_picked":["Twin Strike","True Grit"],"picked":"Inflame","floor":11},{"not_picked":["Entrench","Uppercut"],"picked":"Shrug It Off","floor":12},{"not_picked":["Bludgeon","Clothesline"],"picked":"Headbutt","floor":13},{"not_picked":["Exhume","Offering"],"picked":"Double Tap","floor":16},{"not_picked":["Wild Strike","Flex"],"picked":"Twin Strike","floor":18},{"not_picked":["Perfected Strike+1","Body Slam","Twin Strike+1"],"picked":"SKIP","floor":19},{"not_picked":["Iron Wave+1","Headbutt","Dual Wield+1"],"picked":"SKIP","floor":20}],"player_experience":522610,"relics_obtained":[{"floor":8,"key":"Orichalcum"},{"floor":9,"key":"Pear"},{"floor":11,"key":"InkBottle"},{"floor":13,"key":"Matryoshka"}],"event_choices":[{"damage_healed":51,"gold_gain":0,"player_choice":"Full Heal","damage_taken":0,"max_hp_gain":0,"max_hp_loss":0,"event_name":"Wheel of Change","floor":14,"gold_loss":0},{"damage_healed":0,"gold_gain":0,"player_choice":"Shed Blood","damage_taken":27,"max_hp_gain":5,"max_hp_loss":0,"event_name":"Forgotten Altar","floor":21,"gold_loss":0},{"damage_healed":0,"gold_gain":0,"player_choice":"Became a vampire","damage_taken":0,"max_hp_gain":0,"max_hp_loss":27,"event_name":"Vampires","floor":22,"gold_loss":0,"cards_obtained":["Bite","Bite","Bite","Bite"]}],"is_beta":false,"boss_relics":[{"not_picked":["Runic Dome","Pandora\u0027s Box"],"picked":"Philosopher\u0027s Stone"}],"items_purged_floors":[3],"is_endless":false,"potions_floor_spawned":[1,2,4,8,11,12,20],"killed_by":"Gremlin Leader","ascension_level":10}}