{"host":"8u7tvcybuv0u72fd","time":1611294369,"event":{"mods":["BaseMod","BetterRewards","Colored Map","Colored Powertips","Minty Spire (QoL Compilation)","Quick Restart","Shop Mod"],"gold_per_floor":[115,115,115,190,93,127,127,141,167,167,180,180,42,42,42,162,162,182,205,52,52,65,106,106,129,156,156,231,231,8,24,24,154,154,173,173,101,101,434,434,434,434,434,449,475,475,92,105,105,105,105,105,27,52,52],"floor_reached":56,"language":"ENG","playtime":2597,"items_purged":["Strike_R","Madness"],"score":1612,"play_id":"056e19d1-7a6c-4685-b514-e3c75eb7acd2","local_time":"20210122004609","is_ascension_mode":false,"campfire_choices":[{"data":"Uppercut","floor":7.0,"key":"SMITH"},{"data":"Bash","floor":12.0,"key":"SMITH"},{"floor":15.0,"key":"REST"},{"data":"Barricade","floor":24.0,"key":"SMITH"},{"data":"Shrug It Off","floor":27.0,"key":"SMITH"},{"data":"Good Instincts","floor":29.0,"key":"SMITH"},{"data":"Impervious","floor":32.0,"key":"SMITH"},{"floor":40,"key":"RECALL"},{"data":"Madness","floor":42,"key":"SMITH"},{"data":"Body Slam","floor":46,"key":"SMITH"},{"data":"Apotheosis","floor":49,"key":"SMITH"},{"data":"Defend_R","floor":52,"key":"SMITH"}],"circlet_count":0,"master_deck":["Strike_R","Strike_R","Strike_R","Strike_R","Defend_R+1","Defend_R+1","Bash+1","Good Instincts+1","Dramatic Entrance+1","Uppercut+1","Barricade+1","CurseOfTheBell","Headbutt","Shrug It Off+1","Entrench+1","Impervious+1","Madness+1","Body Slam+1","Apotheosis+1","Metallicize","Double Tap"],"relics":["Burning Blood","MerchantsRug","Medical Kit","Pen Nib","Boot","PreservedInsect","Membership Card","Akabeko","Singing Bowl","Red Skull","Lantern","Vajra","Omamori","Art of War","Bag of Preparation","Sozu","Anchor","Ancient Tea Set","Mercury Hourglass","Pantograph","HandDrill","War Paint","Blood Vial"],"acts_visited":["Exordium","TheCity","TheBeyond","TheEnding"],"potions_floor_usage":[55,55],"damage_taken":[{"damage":0.0,"enemies":"2 Louse","floor":1.0,"turns":3.0},{"damage":46.0,"enemies":"Lagavulin","floor":6.0,"turns":11.0},{"damage":0.0,"enemies":"Small Slimes","floor":8.0,"turns":2.0},{"damage":0.0,"enemies":"Cultist","floor":11.0,"turns":2.0},{"damage":36.0,"enemies":"Slime Boss","floor":16.0,"turns":12.0},{"damage":6.0,"enemies":"Chosen","floor":18.0,"turns":4.0},{"damage":17.0,"enemies":"Shell Parasite","floor":19.0,"turns":6.0},{"damage":15.0,"enemies":"3 Cultists","floor":22.0,"turns":5.0},{"damage":33.0,"enemies":"Book of Stabbing","floor":23.0,"turns":6.0},{"damage":20.0,"enemies":"Centurion and Healer","floor":25.0,"turns":8.0},{"damage":0.0,"enemies":"Snake Plant","floor":31.0,"turns":4.0},{"damage":23.0,"enemies":"Champ","floor":33.0,"turns":16.0},{"damage":8.0,"enemies":"3 Shapes","floor":35.0,"turns":2.0},{"damage":0,"enemies":"Orb Walker","floor":44,"turns":3},{"damage":5,"enemies":"Nemesis","floor":45,"turns":5},{"damage":1,"enemies":"Writhing Mass","floor":48,"turns":6},{"damage":57,"enemies":"Donu and Deca","floor":50,"turns":12},{"damage":7,"enemies":"Shield and Spear","floor":54,"turns":5},{"damage":117,"enemies":"The Heart","floor":55,"turns":15}],"seed_played":"-496626919886376022","potions_obtained":[{"floor":8.0,"key":"Fire Potion"},{"floor":11.0,"key":"Explosive Potion"},{"floor":16.0,"key":"BloodPotion"},{"floor":19.0,"key":"BlessingOfTheForge"},{"floor":31.0,"key":"DistilledChaos"}],"is_trial":false,"path_per_floor":["M","?","?","?","$","E","R","M","T","?","M","R","$","?","R","B",null,"M","M","$","?","M","E","R","M","T","R","?","R","$","M","R","B",null,"M","?","$","?","?","R","?","R","T","M","E","R","$","M","R","B",null,"R","$","E","B",null],"character_chosen":"IRONCLAD","items_purchased":["Strawberry","MerchantsRug","Lee\u0027s Waffle","Juzu Bracelet","Good Instincts","Medical Kit","Dexterity Potion","Dramatic Entrance","Membership Card","Regen Potion","Red Skull","Lantern","Art of War","Bag of Preparation","Impervious","LiquidMemories","Anchor","Mercury Hourglass","Pantograph","Apotheosis","HandDrill","War Paint","Metallicize"],"campfire_rested":1,"item_purchase_floors":[0,0,0,0,0,0,0,5,13,13,20,20,30,30,30,30,37,47,47,47,53,53,53],"current_hp_per_floor":[94,71,68,57,57,17,17,23,23,23,29,29,29,29,57,27,94,94,85,85,85,78,51,51,54,54,54,44,44,44,52,52,37,104,104,104,104,104,104,104,91,91,91,97,100,100,100,107,107,59,110,110,110,109,21],"gold":52,"neow_bonus":"","is_daily":false,"chose_seed":false,"campfire_upgraded":10,"win_rate":0.0,"timestamp":1611294369,"path_taken":["M","?","?","?","$","E","R","M","T","?","M","R","?","?","R","BOSS","M","M","$","?","M","E","R","M","T","R","?","R","?","M","R","BOSS","M","?","$","?","?","R","?","R","T","M","E","R","$","M","R","BOSS","R","$","E","BOSS"],"items_purchased_type":["Relic","Relic","Relic","Relic","Card","Relic","Potion","Card","Relic","Potion","Relic","Relic","Relic","Relic","Card","Potion","Relic","Relic","Relic","Card","Relic","Relic","Card"],"build_version":"2020-12-22","purchased_purges":2,"victory":true,"max_hp_per_floor":[94,94,94,94,94,94,94,94,94,94,94,94,94,94,94,94,94,94,96,96,96,98,98,98,100,100,100,100,100,100,102,102,104,104,106,106,106,106,106,106,106,106,106,106,108,108,108,110,110,110,110,110,110,110,110],"card_choices":[{"not_picked":["Evolve","Sword Boomerang","Havoc"],"picked":"SKIP","floor":1.0},{"not_picked":["Warcry","Heavy Blade"],"picked":"Uppercut","floor":6.0},{"not_picked":["Whirlwind","Heavy Blade","Reckless Charge"],"picked":"SKIP","floor":8.0},{"not_picked":["Havoc","Metallicize","Warcry"],"picked":"SKIP","floor":11.0},{"not_picked":["Bludgeon","Reaper"],"picked":"Barricade","floor":16.0},{"not_picked":["Havoc","Heavy Blade"],"picked":"Headbutt","floor":18.0},{"not_picked":["Feel No Pain+1","Perfected Strike","Inflame+1"],"picked":"Singing Bowl","floor":19.0},{"not_picked":["Flex","Immolate","Shrug It Off"],"picked":"Singing Bowl","floor":22.0},{"not_picked":["Thunderclap","Heavy Blade"],"picked":"Entrench+1","floor":23.0},{"not_picked":["Combust","Spot Weakness","Sever Soul+1"],"picked":"Singing Bowl","floor":25.0},{"not_picked":["Second Wind","Heavy Blade+1","Pommel Strike"],"picked":"Singing Bowl","floor":31.0},{"not_picked":["Fiend Fire","Immolate","Impervious"],"picked":"Singing Bowl","floor":33.0},{"not_picked":["Twin Strike","Havoc","Clash"],"picked":"Singing Bowl","floor":35.0},{"not_picked":["Anger","Headbutt"],"picked":"Body Slam","floor":44},{"not_picked":["Thunderclap+1","Armaments","Cleave+1"],"picked":"Singing Bowl","floor":45},{"not_picked":["Havoc","Twin Strike","Sword Boomerang+1"],"picked":"Singing Bowl","floor":48},{"not_picked":["Reckless Charge","Hemokinesis"],"picked":"Double Tap","floor":54}],"player_experience":1399145,"relics_obtained":[{"floor":6.0,"key":"Boot"},{"floor":9.0,"key":"PreservedInsect"},{"floor":17.0,"key":"Akabeko"},{"floor":17.0,"key":"Singing Bowl"},{"floor":17.0,"key":"Peace Pipe"},{"floor":23.0,"key":"Vajra"},{"floor":26.0,"key":"Omamori"},{"floor":45,"key":"Ancient Tea Set"},{"floor":54,"key":"Blood Vial"}],"event_choices":[{"damage_healed":0.0,"max_hp_gain":0.0,"max_hp_loss":0.0,"gold_gain":0.0,"event_name":"Golden Idol","player_choice":"Take Damage","floor":2.0,"gold_loss":0.0,"damage_taken":23.0,"relics_obtained":["Golden Idol"]},{"damage_healed":0.0,"max_hp_gain":0.0,"max_hp_loss":0.0,"gold_gain":0.0,"event_name":"Scrap Ooze","player_choice":"Success","floor":3.0,"gold_loss":0.0,"damage_taken":3.0,"relics_obtained":["Pen Nib"]},{"damage_healed":0.0,"max_hp_gain":0.0,"max_hp_loss":0.0,"gold_gain":75.0,"event_name":"World of Goop","player_choice":"Gather Gold","floor":4.0,"gold_loss":0.0,"damage_taken":11.0},{"damage_healed":0.0,"max_hp_gain":0.0,"max_hp_loss":0.0,"gold_gain":0.0,"event_name":"Living Wall","player_choice":"Grow","floor":10.0,"gold_loss":0.0,"damage_taken":0.0,"cards_upgraded":["Dramatic Entrance"]},{"cards_removed":["Defend_R"],"damage_healed":0.0,"max_hp_gain":0.0,"max_hp_loss":0.0,"gold_gain":0.0,"event_name":"Purifier","player_choice":"Purged","floor":14.0,"gold_loss":0.0,"damage_taken":0.0},{"damage_healed":0.0,"max_hp_gain":0.0,"max_hp_loss":0.0,"gold_gain":0.0,"event_name":"The Library","player_choice":"Read","floor":21.0,"gold_loss":0.0,"damage_taken":0.0,"cards_obtained":["Shrug It Off"]},{"damage_healed":0.0,"max_hp_gain":0.0,"max_hp_loss":0.0,"gold_gain":75.0,"event_name":"FaceTrader","player_choice":"Touch","floor":28.0,"gold_loss":0.0,"damage_taken":10.0},{"damage_healed":0,"gold_gain":0,"player_choice":"Ignored","damage_taken":0,"max_hp_gain":0,"max_hp_loss":0,"event_name":"WeMeetAgain","floor":36,"gold_loss":0},{"cards_removed":["Defend_R"],"damage_healed":0,"gold_gain":0,"player_choice":"Removed Skill","damage_taken":0,"max_hp_gain":0,"max_hp_loss":0,"event_name":"Falling","floor":38,"gold_loss":0},{"damage_healed":0,"gold_gain":333,"player_choice":"Gave Idol","damage_taken":0,"max_hp_gain":0,"max_hp_loss":0,"event_name":"The Moai Head","floor":39,"relics_lost":["Golden Idol"],"gold_loss":0},{"damage_healed":0,"gold_gain":0,"player_choice":"Embrace Madness","damage_taken":13,"max_hp_gain":0,"max_hp_loss":0,"event_name":"Winding Halls","floor":41,"gold_loss":0,"cards_obtained":["Madness","Madness"]}],"is_beta":false,"boss_relics":[{"not_picked":["Snecko Eye","Runic Cube"],"picked":"Calling Bell"},{"not_picked":["Runic Pyramid","SlaversCollar"],"picked":"Sozu"}],"items_purged_floors":[0,47],"is_endless":false,"potions_floor_spawned":[8,11,16,19,31,44,54],"ascension_level":0}}