{"host":"0uumfqrc8aynrssa","time":1611309734,"event":{"mods":["AchievementEnabler","Act Like it!","Aspiration","Astrologer","BaseMod","Better Altar","Better Match","Better Note","Better Sensory Stone","Better Skull","Better Third Choice","Better Vampires","CapriCore","Colored Map","Colored Powertips","Conspire","Downfall","Energized Spire","Friendly Minions","Gensokyo","GifTheSpireLib","Hallownest","Hermit","Highlight Path","Hubris","Infinite Spire","Koishi","Marisa????????","Marked Mod","Minty Spire (QoL Compilation)","Pale of the Ancients","Permanent Neow","Potionbrewer","Random Character Button","Rare Cards Sparkle","Reimu??????","Relic Sorter","Remilia??????","Robot Space Explorer","Shop Mod","Somnambulant","Spicy Shops","Spikes Relics","Spire Arcade","StSLib","Stuff the Spire","The Animator","The Awakened One except there are too many feathers","The Bug Knight","The Cursed","The Hierophant","The Immortal","The Marked","The Problem Sleuth","The Runesmith","The Servant 0.9.4","TheBandit","TheFirefly","Trackpad","Wandering Minibosses","everything is the same but u backflip on backflip","slay the spire mod where everything is the same but ironclad has a cowboy hat","vexMod"],"gold_per_floor":[99,119,135,135,154,168,168,168,200,237,265,40,25,36,50,153,153,53,70,170,12,23,23,23,23],"floor_reached":23,"language":"ENG","playtime":3981,"items_purged":["bronze:Strike","bronze:Goto+1"],"score":201,"play_id":"3f916a7d-232d-4848-a601-e5e248a85e19","local_time":"20210122050214","is_ascension_mode":false,"campfire_choices":[{"data":"bronze:Goto","floor":1.0,"key":"SMITH"},{"data":"bronze:AlphaBuild","floor":18,"key":"SMITH"}],"circlet_count":0,"master_deck":["bronze:Strike","bronze:Strike","bronze:Defend","bronze:Defend","bronze:Defend","bronze:Defend","bronze:Replicate","bronze:WhirlingStrike","bronze:DelayedGuard","bronze:Shell","bronze:WhirlingStrike","bronze:HyperBeam","bronze:Frontload","hubris:NaturalOne","bronze:AlphaBuild+1","bronze:ThunderWave","bronze:Optimize","bronze:ClassDefault"],"relics":["bronze:BronzeCore","theSleuth:JesterOfEncumbrance","hubris:Icosahedron","Nunchaku","Singing Bowl","trackpad:WindUpAutoDealer","potionbrewer:BhaskarasWheel","downfall:HeartBlessingGreen","White Beast Statue","MerchantsRug"],"acts_visited":["Exordium","TheCity"],"potions_floor_usage":[20,21,21,22,22,23],"damage_taken":[{"damage":6.0,"enemies":"conspire:RoseBush","floor":2.0,"turns":3.0},{"damage":0.0,"enemies":"2 Louse","floor":3.0,"turns":2.0},{"damage":6.0,"enemies":"Jaw Worm","floor":5.0,"turns":3.0},{"damage":2.0,"enemies":"Blue Slaver","floor":6.0,"turns":4.0},{"damage":23.0,"enemies":"3 Sentries","floor":9.0,"turns":8.0},{"damage":14.0,"enemies":"conspire:MimicChest","floor":10.0,"turns":7.0},{"damage":22.0,"enemies":"Lagavulin","floor":11.0,"turns":6.0},{"damage":0.0,"enemies":"downfall:FleeingMerchant","floor":12.0,"turns":4.0},{"damage":0.0,"enemies":"downfall:FleeingMerchant","floor":13.0,"turns":4.0},{"damage":0.0,"enemies":"2 Fungi Beasts","floor":14.0,"turns":2.0},{"damage":5.0,"enemies":"Exordium Thugs","floor":15.0,"turns":3.0},{"damage":9.0,"enemies":"IC_STATUS_ARCHETYPE","floor":16.0,"turns":13.0},{"damage":10,"enemies":"Chosen","floor":19,"turns":6},{"damage":39,"enemies":"downfall:LadyInBlue","floor":20,"turns":13},{"damage":0,"enemies":"downfall:FleeingMerchant","floor":21,"turns":4},{"damage":14,"enemies":"Spheric Guardian","floor":22,"turns":6},{"damage":30,"enemies":"Snake Plant","floor":23,"turns":6}],"seed_played":"2734882341226763478","potions_obtained":[{"floor":2.0,"key":"SteroidPotion"},{"floor":3.0,"key":"potionbrewer:BarricadePotion"},{"floor":10.0,"key":"Weak Potion"},{"floor":15.0,"key":"LiquidMemories"},{"floor":16.0,"key":"Block Potion"},{"floor":19,"key":"SpeedPotion"},{"floor":20,"key":"BlessingOfTheForge"},{"floor":20,"key":"EntropicBrew"},{"floor":21,"key":"ZuzhouPotion:ReiMu"},{"floor":22,"key":"AttackPotion"}],"is_trial":false,"path_per_floor":["R","M","M","?","M","M","T","?","E","?","E","$","$","M","M","B",null,"R","M","?","$","M","M"],"character_chosen":"THE_AUTOMATON","items_purchased":["bronze:AlphaBuild","MerchantsRug"],"campfire_rested":0,"item_purchase_floors":[12,21],"current_hp_per_floor":[49,43,43,43,37,35,35,35,47,35,13,15,17,19,16,7,80,80,72,33,33,21,0,0,0],"gold":23,"neow_bonus":"ONE_RARE_RELIC","is_daily":false,"chose_seed":false,"campfire_upgraded":2,"win_rate":0.0,"timestamp":1611309734,"path_taken":["R","M","M","?","M","M","T","?","E","?","E","?","$","M","M","BOSS","R","M","?","?","M","M"],"items_purchased_type":["Card","Relic"],"build_version":"2020-12-22","purchased_purges":2,"victory":false,"max_hp_per_floor":[70,70,70,70,70,70,70,70,70,72,72,74,76,78,80,80,80,80,82,82,82,84,84,84,84],"card_choices":[{"not_picked":["bronze:CutThrough","bronze:Deprecate"],"picked":"bronze:WhirlingStrike","floor":2.0},{"not_picked":["bronze:ClassDefault","bronze:FineTuning"],"picked":"bronze:DelayedGuard","floor":3.0},{"not_picked":["bronze:Shield","bronze:OilSpill"],"picked":"bronze:Shell","floor":5.0},{"not_picked":["bronze:Turbo","bronze:Iterate"],"picked":"bronze:WhirlingStrike","floor":6.0},{"not_picked":["bronze:NullPointer","bronze:CloningBeam"],"picked":"bronze:HyperBeam","floor":9.0},{"not_picked":["bronze:ItsAFeature","bronze:DigitalCarnage","bronze:ChildClass"],"picked":"Singing Bowl","floor":10.0},{"not_picked":["bronze:GetLatest","bronze:BuggyMess"],"picked":"bronze:Frontload","floor":11.0},{"not_picked":["bronze:Overheat","bronze:WhirlingStrike","bronze:Safeguard"],"picked":"Singing Bowl","floor":12.0},{"not_picked":["bronze:Overheat","bronze:Frontload","bronze:Branch"],"picked":"Singing Bowl","floor":13.0},{"not_picked":["bronze:Backtrace","bronze:ItsAFeature","bronze:DelayedSlice"],"picked":"Singing Bowl","floor":14.0},{"not_picked":["bronze:Philosophize","bronze:ItsAFeature","bronze:Branch"],"picked":"Singing Bowl","floor":15.0},{"not_picked":["bronze:Verify","bronze:AlphaBuild"],"picked":"bronze:ThunderWave","floor":16.0},{"not_picked":["bronze:Iterate","bronze:WildBeam","bronze:Deprecate"],"picked":"Singing Bowl","floor":19},{"not_picked":["bronze:Turbo+1","bronze:BuggyMess"],"picked":"bronze:Optimize","floor":20},{"not_picked":["bronze:BitShift","bronze:Overload+1"],"picked":"bronze:ClassDefault","floor":21},{"not_picked":["bronze:BitShift","bronze:ForLoop","bronze:Iterate"],"picked":"Singing Bowl","floor":22}],"player_experience":919207,"relics_obtained":[{"floor":7.0,"key":"theSleuth:JesterOfEncumbrance"},{"floor":9.0,"key":"Nunchaku"},{"floor":10.0,"key":"Singing Bowl"},{"floor":11.0,"key":"trackpad:WindUpAutoDealer"},{"floor":20,"key":"White Beast Statue"}],"event_choices":[],"is_beta":false,"boss_relics":[{"not_picked":["hubris:RunicObelisk","vexMod:RockOfEvil"],"picked":"potionbrewer:BhaskarasWheel"}],"items_purged_floors":[12,21],"is_endless":false,"potions_floor_spawned":[2,3,10,15,16,19,21,22],"killed_by":"Snake Plant","ascension_level":0}}