{"host":"bpkhhmvsfrvlto2l","time":1611341453,"event":{"mods":["2.2 Compatiblity","AchievementEnabler","Act Like it!","AlwaysNeverKeys","Aspiration","BaseMod","Better Silent Start","Challenge The Spire","Colored Map","Colored Powertips","Custom Start","Energized Spire","Friendly Minions","GifTheSpireLib","Halation","Hubris","Infinite Spire","Ironclad Rager","Mimic Mod","Minty Spire (QoL Compilation)","Permanent Neow","Quick Restart","Random Character Button","Relic Sorter","Replay The Spire","Spikes Relics","StSLib","Stuff the Spire","Swap Starting Deck Mod","Trackpad"],"gold_per_floor":[114,33,44,59,71,71,105,105,105,105,122,140,140,140,140,242,292,305,83,83,83,83,118,136,153,153,253,253,272,302,320,320,417,417,428,428,428,441,441,441,441,441,441,457,476,120,146,146,146,146],"floor_reached":51,"language":"ENG","playtime":3583,"items_purged":["Rampage+1","Barricade+1"],"score":1005,"play_id":"d3e041e3-0d87-4000-9a2e-e5d083b0f79b","local_time":"20210122135053","is_ascension_mode":true,"campfire_choices":[{"data":"Fire Breathing","floor":6.0,"key":"SMITH"},{"data":"Evolve","floor":8.0,"key":"SMITH"},{"data":"Metallicize","floor":10.0,"key":"SMITH"},{"data":"Power Through","floor":15.0,"key":"SMITH"},{"data":"Wild Strike","floor":28.0,"key":"SMITH"},{"data":"Reckless Charge","floor":32.0,"key":"SMITH"},{"data":"Barricade","floor":40,"key":"SMITH"},{"data":"Reckless Charge","floor":42,"key":"SMITH"}],"circlet_count":0,"master_deck":["Reckless Charge+1","Reckless Charge+1","Reckless Charge+1","Reckless Charge+1","Wild Strike+1","Power Through+1","Power Through+1","Power Through+1","Power Through+1","Fire Breathing+1","Evolve+1"],"relics":["Burning Blood","Pen Nib","hubris:Icosahedron","Akabeko","War Paint","halation:EternalFortune","Tiny House","Whetstone","halation:AfternoonTea","Mirror","halation:OrihimeAndHikoboshiSamaAndTears","Pantograph","infinitespire:Lucky Rock","energizedSpire:MagnifyingGlass","halation:PapillonHeart","White Beast Statue","trackpad:PetRock","Paper Frog","Art of War"],"acts_visited":["Exordium","TheCity","TheBeyond"],"potions_floor_usage":[50],"damage_taken":[{"damage":6.0,"enemies":"2 Louse","floor":1.0,"turns":3.0},{"damage":0.0,"enemies":"Jaw Worm","floor":3.0,"turns":3.0},{"damage":0.0,"enemies":"Cultist","floor":4.0,"turns":3.0},{"damage":0.0,"enemies":"3 Louse","floor":5.0,"turns":3.0},{"damage":7.0,"enemies":"3 Sentries","floor":7.0,"turns":4.0},{"damage":0.0,"enemies":"Lots of Slimes","floor":11.0,"turns":3.0},{"damage":0.0,"enemies":"2 Fungi Beasts","floor":12.0,"turns":4.0},{"damage":11.0,"enemies":"Slime Boss","floor":16.0,"turns":5.0},{"damage":12.0,"enemies":"Shell Parasite","floor":18.0,"turns":3.0},{"damage":0.0,"enemies":"Book of Stabbing","floor":23.0,"turns":4.0},{"damage":0.0,"enemies":"2 Thieves","floor":24.0,"turns":3.0},{"damage":0.0,"enemies":"Shelled Parasite and Fungi","floor":25.0,"turns":3.0},{"damage":42.0,"enemies":"Colosseum Slavers","floor":27.0,"turns":4.0},{"damage":0.0,"enemies":"Colosseum Nobs","floor":27.0,"turns":3.0},{"damage":0.0,"enemies":"Centurion and Healer","floor":29.0,"turns":3.0},{"damage":10.0,"enemies":"Slavers","floor":30.0,"turns":4.0},{"damage":4.0,"enemies":"Snake Plant","floor":31.0,"turns":3.0},{"damage":0.0,"enemies":"Champ","floor":33.0,"turns":7.0},{"damage":14.0,"enemies":"3 Darklings","floor":35.0,"turns":4.0},{"damage":17,"enemies":"Orb Walker","floor":38,"turns":3},{"damage":10,"enemies":"Jaw Worm Horde","floor":44,"turns":4},{"damage":1,"enemies":"Transient","floor":45,"turns":5},{"damage":6,"enemies":"Reptomancer","floor":47,"turns":5},{"damage":16,"enemies":"infinitespire:MassOfShapes","floor":50,"turns":9}],"seed_played":"3403841968144176916","potions_obtained":[{"floor":1.0,"key":"Explosive Potion"},{"floor":4.0,"key":"Weak Potion"},{"floor":12.0,"key":"SteroidPotion"},{"floor":16.0,"key":"Adrenaline Potion"},{"floor":17.0,"key":"FearPotion"},{"floor":18.0,"key":"BloodPotion"},{"floor":45,"key":"PowerPotion"},{"floor":47,"key":"DuplicationPotion"}],"is_trial":false,"path_per_floor":["M","$","M","M","M","R","E","R","T","R","M","M","$","?","R","B",null,"M","$","?","$","AVR","E","M","M","T","?","R","M","E","M","R","B",null,"M","?","?","M","AVR","R","?","R","T","M","M","$","E","?","R","B",null],"character_chosen":"IRONCLAD","items_purchased":["Evolve","Whetstone","Paper Frog"],"campfire_rested":0,"item_purchase_floors":[2,19,46],"current_hp_per_floor":[40,40,46,52,58,58,57,57,57,57,63,69,69,72,72,67,88,82,82,82,82,82,91,91,91,91,61,61,70,66,68,68,97,97,89,89,89,78,78,78,78,78,78,74,79,79,79,87,87,77],"gold":146,"neow_bonus":"","is_daily":false,"chose_seed":false,"campfire_upgraded":8,"win_rate":0.0,"timestamp":1611341453,"path_taken":["M","$","M","M","M","R","E","R","T","R","M","M","$","?","R","BOSS","M","$","?","?","AVR","E","?","M","T","?","R","M","E","M","R","BOSS","M","?","?","M","AVR","R","?","R","T","M","?","$","E","?","R","BOSS"],"items_purchased_type":["Card","Relic","Relic"],"build_version":"2020-12-22","purchased_purges":2,"victory":true,"max_hp_per_floor":[80,80,80,80,80,80,80,80,80,80,80,80,80,83,83,83,88,88,88,88,88,88,91,91,91,91,91,91,94,94,94,94,97,97,97,97,92,92,92,92,87,87,87,87,87,87,87,87,87,87],"card_choices":[{"not_picked":["True Grit","ReplayTheSpireMod:Strike From Hell"],"picked":"Metallicize","floor":1.0},{"not_picked":["hubris:ReadiedAction","Clothesline"],"picked":"Rampage","floor":3.0},{"not_picked":["Juggernaut","Bludgeon"],"picked":"Barricade","floor":33.0}],"player_experience":98471,"relics_obtained":[{"floor":7.0,"key":"Akabeko"},{"floor":9.0,"key":"War Paint"},{"floor":23.0,"key":"halation:EternalFortune"},{"floor":23.0,"key":"Pen Nib"},{"floor":26.0,"key":"Mirror"},{"floor":27.0,"key":"halation:OrihimeAndHikoboshiSamaAndTears"},{"floor":27.0,"key":"Pantograph"},{"floor":29.0,"key":"halation:EternalFortune"},{"floor":30.0,"key":"infinitespire:Lucky Rock"},{"floor":33.0,"key":"halation:EternalFortune"},{"floor":43,"key":"trackpad:PetRock"},{"floor":47,"key":"Art of War"}],"event_choices":[{"damage_healed":0.0,"max_hp_gain":0.0,"max_hp_loss":0.0,"gold_gain":0.0,"event_name":"Upgrade Shrine","player_choice":"Upgraded","floor":20.0,"gold_loss":0.0,"damage_taken":0.0,"cards_upgraded":["Power Through"]},{"damage_healed":0.0,"max_hp_gain":0.0,"max_hp_loss":0.0,"gold_gain":0.0,"event_name":"Colosseum","player_choice":"Fight","floor":27.0,"gold_loss":0.0,"damage_taken":0.0},{"damage_healed":0.0,"max_hp_gain":0.0,"max_hp_loss":0.0,"gold_gain":0.0,"event_name":"Colosseum","player_choice":"Fought Nobs","floor":27.0,"gold_loss":0.0,"damage_taken":0.0},{"damage_healed":0,"gold_gain":0,"player_choice":"Max HP","damage_taken":0,"max_hp_gain":0,"max_hp_loss":5,"event_name":"Winding Halls","floor":41,"gold_loss":0},{"cards_removed":["Metallicize"],"damage_healed":8,"gold_gain":0,"player_choice":"Offered Uncommon","damage_taken":0,"max_hp_gain":0,"max_hp_loss":0,"event_name":"Bonfire Elementals","floor":48,"gold_loss":0}],"is_beta":false,"boss_relics":[{"not_picked":["aspiration:RitualDagger","Replay:Wanted Poster"],"picked":"Tiny House"},{"not_picked":["Calling Bell","hubris:Backtick"],"picked":"energizedSpire:MagnifyingGlass"}],"items_purged_floors":[19,46],"is_endless":false,"potions_floor_spawned":[1,4,12,16,18,29,30,31,33,44,45,47],"ascension_level":3}}