{"host":"g01l53quoe6lrer0","time":1611314944,"event":{"mods":["2.2 Compatiblity","AchievementEnabler","BaseMod","Colored Map","Highlight Path","Keyboard Shortcuts","Minty Spire (QoL Compilation)","Permanent Neow","StSLib","SuperFastMode","everything is the same but u backflip on backflip"],"gold_per_floor":[110,110,260,10,85,112,112,127,154,172,189,205,215,215,215,292,292,192,192,192,192],"floor_reached":20,"language":"KOR","playtime":571,"items_purged":[],"score":384,"play_id":"3b23f462-a0f8-4caf-b3e9-1676de0d358d","local_time":"20210122202904","is_ascension_mode":true,"campfire_choices":[{"data":"Defragment","floor":7.0,"key":"SMITH"},{"floor":15.0,"key":"REST"}],"circlet_count":0,"master_deck":["AscendersBane","Strike_B","Strike_B","Strike_B","Defend_B","Defend_B","Defend_B","Defend_B","Zap","Dualcast","Hologram","Doubt","Defragment+1","Cold Snap","Chill","Steam","Compile Driver","Defragment","Consume","Multi-Cast","Hologram"],"relics":["Cracked Core","NeowsBlessing","Runic Capacitor","Blue Candle","Toy Ornithopter","SlaversCollar"],"acts_visited":["Exordium","TheCity"],"potions_floor_usage":[18,20],"damage_taken":[{"damage":0.0,"enemies":"Jaw Worm","floor":1.0,"turns":1.0},{"damage":0.0,"enemies":"3 Sentries","floor":6.0,"turns":1.0},{"damage":0.0,"enemies":"2 Louse","floor":8.0,"turns":1.0},{"damage":3.0,"enemies":"Small Slimes","floor":10.0,"turns":3.0},{"damage":3.0,"enemies":"2 Fungi Beasts","floor":11.0,"turns":3.0},{"damage":1.0,"enemies":"Looter","floor":12.0,"turns":3.0},{"damage":5.0,"enemies":"Exordium Wildlife","floor":13.0,"turns":6.0},{"damage":21.0,"enemies":"The Guardian","floor":16.0,"turns":10.0},{"damage":30,"enemies":"2 Thieves","floor":18,"turns":5},{"damage":43,"enemies":"Masked Bandits","floor":20,"turns":3}],"seed_played":"2497623664833021254","potions_obtained":[{"floor":10.0,"key":"Block Potion"},{"floor":12.0,"key":"Swift Potion"},{"floor":16.0,"key":"Energy Potion"}],"is_trial":false,"path_per_floor":["M","?","?","$","?","E","R","M","T","M","M","M","M","?","R","B",null,"M","?","?"],"character_chosen":"DEFECT","items_purchased":["Runic Capacitor","Defragment"],"campfire_rested":1,"item_purchase_floors":[4,4],"current_hp_per_floor":[64,57,57,57,46,46,46,46,46,43,40,39,34,34,55,39,63,38,38,0,0],"gold":192,"neow_bonus":"THREE_ENEMY_KILL","is_daily":false,"chose_seed":false,"campfire_upgraded":1,"win_rate":0.0,"timestamp":1611314944,"path_taken":["M","?","?","$","?","E","R","M","T","M","M","M","M","?","R","BOSS","M","?","?"],"items_purchased_type":["Relic","Card"],"build_version":"2020-12-22","purchased_purges":0,"victory":false,"max_hp_per_floor":[71,71,71,71,71,71,71,71,71,71,71,71,71,71,71,71,71,71,71,71,71],"card_choices":[{"not_picked":["Redo","Force Field"],"picked":"Hologram","floor":1.0},{"not_picked":["Go for the Eyes","Chill"],"picked":"Cold Snap","floor":6.0},{"not_picked":["Reinforced Body","Leap"],"picked":"Chill","floor":8.0},{"not_picked":["Cold Snap","White Noise"],"picked":"Steam","floor":10.0},{"not_picked":["Storm","Stack"],"picked":"Compile Driver","floor":11.0},{"not_picked":["Consume","Ball Lightning"],"picked":"Defragment","floor":12.0},{"not_picked":["Thunder Strike","Loop"],"picked":"Consume","floor":13.0},{"not_picked":["Fission","All For One"],"picked":"Multi-Cast","floor":16.0},{"not_picked":["Sweeping Beam","Redo"],"picked":"Hologram","floor":18}],"player_experience":225092,"relics_obtained":[{"floor":6.0,"key":"Blue Candle"},{"floor":9.0,"key":"Toy Ornithopter"}],"event_choices":[{"cards_removed":["Strike_B"],"damage_healed":0.0,"max_hp_gain":0.0,"max_hp_loss":0.0,"gold_gain":0.0,"event_name":"Golden Wing","player_choice":"Card Removal","floor":2.0,"gold_loss":0.0,"damage_taken":7.0},{"damage_healed":0.0,"max_hp_gain":0.0,"max_hp_loss":0.0,"gold_gain":150.0,"event_name":"Liars Game","player_choice":"AGREE","floor":3.0,"gold_loss":0.0,"damage_taken":0.0,"cards_obtained":["Doubt"]},{"damage_healed":0.0,"max_hp_gain":0.0,"max_hp_loss":0.0,"gold_gain":75.0,"event_name":"World of Goop","player_choice":"Gather Gold","floor":5.0,"gold_loss":0.0,"damage_taken":11.0},{"damage_healed":0.0,"max_hp_gain":0.0,"max_hp_loss":0.0,"gold_gain":0.0,"event_name":"Shining Light","player_choice":"Ignored","floor":14.0,"gold_loss":0.0,"damage_taken":0.0},{"damage_healed":0,"gold_gain":0,"player_choice":"Ignored","damage_taken":0,"max_hp_gain":0,"max_hp_loss":0,"event_name":"Vampires","floor":19,"gold_loss":0},{"damage_healed":0,"gold_gain":0,"player_choice":"Fought Bandits","damage_taken":0,"max_hp_gain":0,"max_hp_loss":0,"event_name":"Masked Bandits","floor":20,"gold_loss":0}],"is_beta":false,"boss_relics":[{"not_picked":["Coffee Dripper","Pandora\u0027s Box"],"picked":"SlaversCollar"}],"items_purged_floors":[],"is_endless":false,"potions_floor_spawned":[10,12,13,16],"killed_by":"Masked Bandits","ascension_level":19}}