{"host":"vpaavrwbmey593fx","time":1611279787,"event":{"mods":["AchievementEnabler","BaseMod","Bestiary","Colored Map","Colored Powertips","DeckTracker","Minty Spire (QoL Compilation)","Relic Sorter"],"gold_per_floor":[13,25,45,58,133,133,159,172,172,447,463,184,195,214,214,312,312,331,341,359,371,384,384,384,384],"floor_reached":24,"language":"ENG","playtime":2967,"items_purged":["Regret"],"score":258,"play_id":"34d6a36d-6697-4358-baa8-ff69a6614b14","local_time":"20210121174307","is_ascension_mode":true,"campfire_choices":[{"data":"Body Slam","floor":6,"key":"SMITH"},{"floor":15,"key":"REST"},{"data":"True Grit","floor":23,"key":"SMITH"}],"circlet_count":0,"master_deck":["Strike_R","Strike_R","Strike_R","Defend_R","Defend_R","Defend_R","Defend_R","Bash","Body Slam+1","Sentinel","Anger","Power Through","Second Wind","Clash","True Grit+1","Barricade","Battle Trance+1","Clothesline+1"],"relics":["Burning Blood","Pen Nib","Toolbox","Sozu"],"acts_visited":["Exordium","TheCity"],"potions_floor_usage":[16,16,24],"damage_taken":[{"damage":1,"enemies":"2 Louse","floor":1,"turns":4},{"damage":4,"enemies":"Small Slimes","floor":2,"turns":4},{"damage":6,"enemies":"Cultist","floor":3,"turns":4},{"damage":16,"enemies":"Looter","floor":4,"turns":4},{"damage":41,"enemies":"Gremlin Nob","floor":7,"turns":5},{"damage":2,"enemies":"2 Fungi Beasts","floor":8,"turns":3},{"damage":25,"enemies":"Exordium Thugs","floor":11,"turns":9},{"damage":0,"enemies":"Red Slaver","floor":13,"turns":2},{"damage":6,"enemies":"Exordium Wildlife","floor":14,"turns":6},{"damage":29,"enemies":"The Guardian","floor":16,"turns":14},{"damage":12,"enemies":"2 Thieves","floor":18,"turns":3},{"damage":16,"enemies":"3 Byrds","floor":19,"turns":8},{"damage":19,"enemies":"Cultist and Chosen","floor":20,"turns":6},{"damage":4,"enemies":"Sentry and Sphere","floor":21,"turns":9},{"damage":0,"enemies":"Shelled Parasite and Fungi","floor":22,"turns":5},{"damage":52,"enemies":"Chosen and Byrds","floor":24,"turns":8}],"seed_played":"3026100152702126483","potions_obtained":[{"floor":7,"key":"AttackPotion"},{"floor":8,"key":"AttackPotion"}],"is_trial":false,"path_per_floor":["M","M","M","M","?","R","E","M","T","?","M","$","M","M","R","B",null,"M","M","M","M","M","R","M"],"character_chosen":"IRONCLAD","items_purchased":["Block Potion","Toolbox"],"campfire_rested":1,"item_purchase_floors":[12,12],"current_hp_per_floor":[80,80,80,70,59,59,24,28,28,28,9,9,15,15,39,16,64,58,48,35,37,43,43,0,0],"gold":384,"neow_bonus":"REMOVE_TWO","is_daily":false,"chose_seed":false,"campfire_upgraded":2,"win_rate":0.0,"timestamp":1611279787,"path_taken":["M","M","M","M","?","R","E","M","T","?","M","$","M","M","R","BOSS","M","M","M","M","M","R","M"],"items_purchased_type":["Potion","Relic"],"build_version":"2020-12-22","purchased_purges":1,"victory":false,"max_hp_per_floor":[80,80,80,80,80,80,80,80,80,80,80,80,80,80,80,80,80,80,80,80,80,80,80,80,80],"card_choices":[{"not_picked":["Anger","Reckless Charge"],"picked":"Body Slam","floor":1},{"not_picked":["Body Slam","Headbutt"],"picked":"Sentinel","floor":2},{"not_picked":["Perfected Strike","Blood for Blood"],"picked":"Anger","floor":3},{"not_picked":["Warcry","Perfected Strike"],"picked":"Power Through","floor":4},{"not_picked":["Clothesline","Metallicize","Reckless Charge"],"picked":"SKIP","floor":7},{"not_picked":["Pommel Strike","Havoc"],"picked":"Second Wind","floor":8},{"not_picked":["Exhume","Iron Wave","Rampage"],"picked":"SKIP","floor":11},{"not_picked":["Anger","Dual Wield"],"picked":"Clash","floor":13},{"not_picked":["Second Wind","Headbutt"],"picked":"True Grit","floor":14},{"not_picked":["Berserk","Brutality"],"picked":"Barricade","floor":16},{"not_picked":["Headbutt","Sword Boomerang","True Grit"],"picked":"SKIP","floor":18},{"not_picked":["Rampage","Sever Soul"],"picked":"Battle Trance+1","floor":19},{"not_picked":["Clash","Anger"],"picked":"Clothesline+1","floor":20},{"not_picked":["Whirlwind+1","Anger","Sword Boomerang"],"picked":"SKIP","floor":21},{"not_picked":["Burning Pact","Pommel Strike","Havoc"],"picked":"SKIP","floor":22}],"player_experience":237014,"relics_obtained":[{"floor":7,"key":"Pen Nib"}],"event_choices":[{"damage_healed":0,"gold_gain":75,"player_choice":"Gather Gold","damage_taken":11,"max_hp_gain":0,"max_hp_loss":0,"event_name":"World of Goop","floor":5,"gold_loss":0},{"damage_healed":0,"gold_gain":275,"player_choice":"Desecrate","damage_taken":0,"max_hp_gain":0,"max_hp_loss":0,"event_name":"Golden Shrine","floor":10,"gold_loss":0,"cards_obtained":["Regret"]}],"is_beta":false,"boss_relics":[{"not_picked":["Ectoplasm","Runic Dome"],"picked":"Sozu"}],"items_purged_floors":[12],"is_endless":false,"potions_floor_spawned":[7,8,13,14,18,20,22],"killed_by":"Chosen and Byrds","ascension_level":5}}