{"host":"sav7uxregyirlf69","time":1611327453,"event":{"mods":["AchievementEnabler","BaseMod","Colored Map","DeckTracker","Keyboard Shortcuts","Minty Spire (QoL Compilation)","READ ME - Guardian Mod","StSLib","SuperFastMode"],"gold_per_floor":[114,189,189,203,216,216,543,543,543,562,590,617,202,231,231,308,308,326,326,241,256,256,281,281,331,385,413,430,441,458,490,490,564,564,578,590,590,645,286,286,320,338,391,416,433,433,98,123,123,123,123],"floor_reached":52,"language":"KOR","playtime":1362,"items_purged":["Strike_R","Battle Trance"],"score":2427,"play_id":"3af49e80-4e4a-4229-bb0d-f6edcaa5f9ff","local_time":"20210122235733","is_ascension_mode":true,"campfire_choices":[{"data":"Carnage","floor":6,"key":"SMITH"},{"data":"Corruption","floor":8,"key":"SMITH"},{"data":"Body Slam","floor":15,"key":"SMITH"},{"floor":24,"key":"REST"},{"data":"Corruption","floor":32,"key":"SMITH"},{"data":"Barricade","floor":46,"key":"SMITH"},{"data":"Apotheosis","floor":49,"key":"SMITH"}],"circlet_count":0,"master_deck":["AscendersBane","Bash","Carnage+1","Sentinel","Corruption+1","Body Slam+1","Ghostly Armor","Havoc","Disarm","Apotheosis+1","Spot Weakness","Impervious","Battle Trance","Pummel+1","Bludgeon","Sword Boomerang+1","Metallicize","Limit Break","Sentinel","Writhe","Shrug It Off","Feel No Pain","Corruption+1","Barricade+1","Sentinel","Feel No Pain","Impervious","Impervious"],"relics":["Burning Blood","Dead Branch","Old Coin","Paper Frog","FossilizedHelix","Art of War","Odd Mushroom","Pandora\u0027s Box","Happy Flower","Strawberry","Whetstone","Incense Burner","Lantern","Coffee Dripper","Ice Cream","Medical Kit","Blue Candle","Centennial Puzzle","Magic Flower","Strange Spoon","Akabeko"],"acts_visited":["Exordium","TheCity","TheBeyond"],"potions_floor_usage":[7,38],"damage_taken":[{"damage":7,"enemies":"Jaw Worm","floor":1,"turns":5},{"damage":0,"enemies":"2 Louse","floor":4,"turns":2},{"damage":5,"enemies":"Small Slimes","floor":5,"turns":3},{"damage":13,"enemies":"Lagavulin","floor":7,"turns":6},{"damage":1,"enemies":"3 Louse","floor":10,"turns":3},{"damage":2,"enemies":"Gremlin Nob","floor":11,"turns":2},{"damage":0,"enemies":"The Mushroom Lair","floor":14,"turns":3},{"damage":0,"enemies":"The Guardian","floor":16,"turns":6},{"damage":24,"enemies":"2 Thieves","floor":18,"turns":4},{"damage":10,"enemies":"Shell Parasite","floor":21,"turns":3},{"damage":0,"enemies":"Gremlin Leader","floor":23,"turns":4},{"damage":0,"enemies":"Book of Stabbing","floor":27,"turns":4},{"damage":0,"enemies":"Snecko","floor":28,"turns":2},{"damage":0,"enemies":"Cultist and Chosen","floor":29,"turns":1},{"damage":0,"enemies":"Centurion and Healer","floor":30,"turns":4},{"damage":15,"enemies":"Gremlin Leader","floor":31,"turns":4},{"damage":0,"enemies":"Automaton","floor":33,"turns":8},{"damage":0,"enemies":"Orb Walker","floor":35,"turns":3},{"damage":0,"enemies":"3 Shapes","floor":36,"turns":3},{"damage":33,"enemies":"2 Orb Walkers","floor":38,"turns":6},{"damage":9,"enemies":"Reptomancer","floor":41,"turns":2},{"damage":0,"enemies":"Spire Growth","floor":42,"turns":3},{"damage":0,"enemies":"Mind Bloom Boss Battle","floor":44,"turns":3},{"damage":1,"enemies":"Writhing Mass","floor":45,"turns":6},{"damage":1,"enemies":"Giant Head","floor":48,"turns":3},{"damage":20,"enemies":"Time Eater","floor":50,"turns":9},{"damage":30,"enemies":"Donu and Deca","floor":51,"turns":8}],"seed_played":"-8907926795307587581","potions_obtained":[{"floor":4,"key":"ElixirPotion"},{"floor":10,"key":"Strength Potion"},{"floor":14,"key":"BlessingOfTheForge"},{"floor":16,"key":"Block Potion"},{"floor":38,"key":"Energy Potion"}],"is_trial":false,"path_per_floor":["M","?","?","M","M","R","E","R","T","M","E","T","$","?","R","B",null,"M","?","?","M","?","E","R","?","T","E","M","M","M","E","R","B",null,"M","M","?","?","$","?","E","M","T","?","M","R","$","E","R","B","B",null],"character_chosen":"IRONCLAD","items_purchased":["Havoc","Disarm","Apotheosis","Medical Kit","Feel No Pain","Impervious","Strange Spoon"],"campfire_rested":1,"item_purchase_floors":[13,13,13,39,39,47,47],"current_hp_per_floor":[67,56,56,62,63,63,56,56,56,61,65,65,65,68,68,68,68,50,50,57,53,32,38,62,62,62,68,74,80,80,71,71,77,79,80,80,80,53,53,53,50,56,56,62,70,70,70,76,76,65,44],"gold":123,"neow_bonus":"ONE_RARE_RELIC","is_daily":false,"chose_seed":false,"campfire_upgraded":6,"win_rate":0.0,"timestamp":1611327453,"path_taken":["M","?","?","M","?","R","E","R","T","M","E","?","$","?","R","BOSS","M","?","?","M","?","E","R","?","T","E","M","M","?","E","R","BOSS","M","M","?","?","$","?","E","M","T","?","M","R","$","E","R","BOSS","BOSS"],"items_purchased_type":["Card","Card","Card","Relic","Card","Card","Relic"],"build_version":"2020-12-22","purchased_purges":2,"victory":true,"max_hp_per_floor":[68,68,68,68,68,68,68,68,68,68,68,68,68,68,68,68,68,68,68,75,75,80,80,80,80,80,80,80,80,80,80,80,80,80,80,80,80,80,80,76,76,76,76,76,76,76,76,76,76,76,76],"card_choices":[{"not_picked":["Clothesline","Iron Wave","Evolve"],"picked":"SKIP","floor":1},{"not_picked":["Ghostly Armor","Headbutt"],"picked":"Carnage","floor":4},{"not_picked":["Clothesline","Battle Trance"],"picked":"Sentinel","floor":5},{"not_picked":["Thunderclap","Body Slam"],"picked":"Corruption","floor":7},{"not_picked":["Perfected Strike","Clothesline"],"picked":"Body Slam","floor":10},{"not_picked":["True Grit","Headbutt"],"picked":"Ghostly Armor","floor":11},{"not_picked":["Headbutt","Rage"],"picked":"Spot Weakness","floor":14},{"not_picked":["Reaper","Brutality"],"picked":"Impervious","floor":16},{"not_picked":["Battle Trance","Carnage"],"picked":"Sentinel","floor":18},{"not_picked":["Cleave+1","Iron Wave","Headbutt"],"picked":"SKIP","floor":21},{"not_picked":["Reckless Charge+1","True Grit"],"picked":"Shrug It Off","floor":23},{"not_picked":["Thunderclap","Anger","Body Slam"],"picked":"SKIP","floor":27},{"not_picked":["Twin Strike","Perfected Strike+1","Fire Breathing"],"picked":"SKIP","floor":28},{"not_picked":["Juggernaut","Blood for Blood"],"picked":"Feel No Pain","floor":29},{"not_picked":["Perfected Strike","Reckless Charge","Spot Weakness"],"picked":"SKIP","floor":30},{"not_picked":["Heavy Blade","Power Through"],"picked":"Corruption","floor":31},{"not_picked":["Demon Form","Berserk"],"picked":"Barricade","floor":33},{"not_picked":["Perfected Strike","Pommel Strike","Clothesline"],"picked":"SKIP","floor":35},{"not_picked":["Anger","Seeing Red+1"],"picked":"Sentinel","floor":36},{"not_picked":["Iron Wave","Limit Break","Carnage"],"picked":"SKIP","floor":41},{"not_picked":["Hemokinesis+1","Clothesline","Twin Strike+1"],"picked":"SKIP","floor":42},{"not_picked":["Hemokinesis+1","Clothesline","Twin Strike+1"],"picked":"SKIP","floor":42},{"not_picked":["Rupture","True Grit","Perfected Strike"],"picked":"SKIP","floor":45},{"not_picked":["Ghostly Armor","Perfected Strike"],"picked":"Impervious","floor":48}],"player_experience":1357830,"relics_obtained":[{"floor":7,"key":"Old Coin"},{"floor":9,"key":"Paper Frog"},{"floor":11,"key":"FossilizedHelix"},{"floor":12,"key":"Art of War"},{"floor":14,"key":"Odd Mushroom"},{"floor":23,"key":"Whetstone"},{"floor":27,"key":"Incense Burner"},{"floor":31,"key":"Lantern"},{"floor":38,"key":"Ice Cream"},{"floor":41,"key":"Blue Candle"},{"floor":43,"key":"Centennial Puzzle"},{"floor":44,"key":"Magic Flower"},{"floor":48,"key":"Akabeko"}],"event_choices":[{"damage_healed":0,"gold_gain":75,"player_choice":"Gather Gold","damage_taken":11,"max_hp_gain":0,"max_hp_loss":0,"event_name":"World of Goop","floor":2,"gold_loss":0},{"damage_healed":0,"gold_gain":0,"player_choice":"Ignored","damage_taken":0,"max_hp_gain":0,"max_hp_loss":0,"event_name":"Liars Game","floor":3,"gold_loss":0},{"damage_healed":0,"gold_gain":0,"player_choice":"Fought Mushrooms","damage_taken":0,"max_hp_gain":0,"max_hp_loss":0,"event_name":"Mushrooms","floor":14,"gold_loss":0},{"damage_healed":0,"gold_gain":0,"player_choice":"Opened","damage_taken":0,"relics_obtained":["Happy Flower"],"max_hp_gain":0,"max_hp_loss":0,"event_name":"The Mausoleum","floor":19,"gold_loss":0,"cards_obtained":["Writhe"]},{"damage_healed":0,"gold_gain":0,"player_choice":"Obtained Relic","damage_taken":0,"relics_obtained":["Strawberry"],"max_hp_gain":0,"max_hp_loss":0,"event_name":"Addict","floor":20,"gold_loss":85},{"damage_healed":0,"gold_gain":0,"player_choice":"Shed Blood","damage_taken":26,"max_hp_gain":5,"max_hp_loss":0,"event_name":"Forgotten Altar","floor":22,"gold_loss":0},{"damage_healed":0,"gold_gain":100,"player_choice":"Bet on Murderer","damage_taken":0,"max_hp_gain":0,"max_hp_loss":0,"event_name":"The Joust","floor":25,"gold_loss":50},{"cards_removed":["Uppercut"],"damage_healed":0,"gold_gain":0,"player_choice":"Removed Attack","damage_taken":0,"max_hp_gain":0,"max_hp_loss":0,"event_name":"Falling","floor":37,"gold_loss":0},{"damage_healed":0,"gold_gain":0,"player_choice":"Fight","damage_taken":0,"max_hp_gain":0,"max_hp_loss":0,"event_name":"Mysterious Sphere","floor":38,"gold_loss":0},{"damage_healed":0,"gold_gain":0,"player_choice":"Max HP","damage_taken":0,"max_hp_gain":0,"max_hp_loss":4,"event_name":"Winding Halls","floor":40,"gold_loss":0},{"damage_healed":0,"gold_gain":0,"player_choice":"Fight","damage_taken":0,"max_hp_gain":0,"max_hp_loss":0,"event_name":"MindBloom","floor":44,"gold_loss":0}],"is_beta":false,"boss_relics":[{"not_picked":["Runic Pyramid","Runic Dome"],"picked":"Pandora\u0027s Box"},{"not_picked":["Cursed Key","Tiny House"],"picked":"Coffee Dripper"}],"items_purged_floors":[13,39],"is_endless":false,"potions_floor_spawned":[4,10,14,16,21,28,29,33,36,38,44,45],"ascension_level":20}}