{"host":"3qkmyeoym75lj4wn","time":1611338762,"event":{"mods":["2.2 Compatiblity","BaseMod","Block Reminder","Colored Powertips","Highlight Path","Minty Spire (QoL Compilation)","Permanent Neow","Potion Indicator Mod","Rare Cards Sparkle","Relic Stats","StSLib","Unceasing Turn Reminder"],"gold_per_floor":[114,14,164,3,3,3,28,28,110,143,160,192,211,234,234,309,359,375,290,290,301,316,349,19,19,44,55,155,155,175,175,175,246,246,264,264,284,80,92,92,108,108,155,155,180,205,205,48,48,48,48],"floor_reached":50,"language":"ENG","playtime":2313,"items_purged":["Strike_R"],"score":1237,"play_id":"4629239b-7b01-4eb0-8906-cbf13e84e175","local_time":"20210122180602","is_ascension_mode":true,"campfire_choices":[{"data":"Bash","floor":6.0,"key":"SMITH"},{"data":"Uppercut","floor":15.0,"key":"SMITH"},{"data":"Demon Form","floor":25.0,"key":"SMITH"},{"floor":29.0,"key":"RECALL"},{"data":"Pummel","floor":32.0,"key":"SMITH"},{"floor":40.0,"key":"REST"},{"data":"Pummel","floor":42.0,"key":"SMITH"},{"floor":44.0,"key":"REST"},{"data":"1","floor":47.0,"key":"LIFT"},{"data":"2","floor":49.0,"key":"LIFT"}],"circlet_count":0,"master_deck":["AscendersBane","Strike_R+1","Strike_R","Strike_R+1","Strike_R","Defend_R","Defend_R","Defend_R","Defend_R+1","Bash+1","Swift Strike","Spot Weakness","Heavy Blade+1","Uppercut+1","Iron Wave","Demon Form+1","Thunderclap","Cleave+1","Flash of Steel","Pummel+1","Armaments+1","Feed","Pummel+1","Shrug It Off","Intimidate","Pain"],"relics":["Burning Blood","NeowsBlessing","PreservedInsect","HornCleat","FaceOfCleric","Matryoshka","Dream Catcher","StrikeDummy","Odd Mushroom","Tiny House","Bag of Marbles","Blue Candle","Lee\u0027s Waffle","Whetstone","Calipers","Pantograph","Cursed Key","Anchor","Art of War","Blood Vial","Happy Flower","Girya","Bag of Preparation"],"acts_visited":["Exordium","TheCity","TheBeyond"],"potions_floor_usage":[50],"damage_taken":[{"damage":0.0,"enemies":"Jaw Worm","floor":1.0,"turns":1.0},{"damage":0.0,"enemies":"Lagavulin","floor":7.0,"turns":1.0},{"damage":0.0,"enemies":"Gremlin Nob","floor":10.0,"turns":1.0},{"damage":3.0,"enemies":"Small Slimes","floor":11.0,"turns":3.0},{"damage":36.0,"enemies":"3 Sentries","floor":12.0,"turns":9.0},{"damage":0.0,"enemies":"Cultist","floor":13.0,"turns":3.0},{"damage":13.0,"enemies":"The Mushroom Lair","floor":14.0,"turns":3.0},{"damage":42.0,"enemies":"The Guardian","floor":16.0,"turns":10.0},{"damage":21.0,"enemies":"2 Thieves","floor":18.0,"turns":4.0},{"damage":29.0,"enemies":"Shell Parasite","floor":21.0,"turns":4.0},{"damage":6.0,"enemies":"Centurion and Healer","floor":22.0,"turns":5.0},{"damage":16.0,"enemies":"Book of Stabbing","floor":23.0,"turns":3.0},{"damage":0.0,"enemies":"Snecko","floor":27.0,"turns":3.0},{"damage":32.0,"enemies":"Colosseum Slavers","floor":28.0,"turns":4.0},{"damage":9.0,"enemies":"Colosseum Nobs","floor":28.0,"turns":3.0},{"damage":18.0,"enemies":"Chosen and Byrds","floor":30.0,"turns":5.0},{"damage":0.0,"enemies":"Cultist and Chosen","floor":31.0,"turns":3.0},{"damage":71.0,"enemies":"Collector","floor":33.0,"turns":9.0},{"damage":11.0,"enemies":"Orb Walker","floor":35.0,"turns":3.0},{"damage":25.0,"enemies":"3 Darklings","floor":37.0,"turns":3.0},{"damage":24.0,"enemies":"Transient","floor":39.0,"turns":6.0},{"damage":37.0,"enemies":"Spire Growth","floor":41.0,"turns":5.0},{"damage":42.0,"enemies":"Nemesis","floor":45.0,"turns":7.0},{"damage":1.0,"enemies":"Mind Bloom Boss Battle","floor":46.0,"turns":6.0},{"damage":124,"enemies":"Donu and Deca","floor":50,"turns":7}],"seed_played":"4149840721352314196","potions_obtained":[{"floor":1.0,"key":"DuplicationPotion"},{"floor":7.0,"key":"Weak Potion"},{"floor":16.0,"key":"BloodPotion"},{"floor":17.0,"key":"Weak Potion"},{"floor":21.0,"key":"SteroidPotion"},{"floor":28.0,"key":"SmokeBomb"},{"floor":30.0,"key":"Fire Potion"},{"floor":37.0,"key":"Explosive Potion"},{"floor":45.0,"key":"Strength Potion"},{"floor":46.0,"key":"Swift Potion"}],"is_trial":false,"path_per_floor":["M","$","?","$","?","R","E","?","T","E","M","E","M","?","R","B",null,"M","?","?","M","M","E","$","R","T","M","?","R","M","M","R","B",null,"M","?","M","$","M","R","M","R","T","R","E","?","R","$","R","B"],"character_chosen":"IRONCLAD","items_purchased":["Swift Strike","PreservedInsect","Lee\u0027s Waffle","Flash of Steel","Anchor","Pummel","Bag of Preparation"],"campfire_rested":2,"item_purchase_floors":[2,4,24,24,38,38,48],"current_hp_per_floor":[74,74,74,74,67,67,73,73,73,76,77,48,55,49,49,14,69,55,55,55,33,34,42,97,97,97,98,71,71,60,67,67,28,84,83,83,65,65,48,80,50,50,50,83,50,86,86,86,86,0,0],"gold":48,"neow_bonus":"THREE_ENEMY_KILL","is_daily":false,"chose_seed":false,"campfire_upgraded":5,"win_rate":0.0,"timestamp":1611338762,"path_taken":["M","$","?","$","?","R","E","?","T","E","M","E","?","?","R","BOSS","M","?","?","M","?","E","$","R","T","M","?","R","M","M","R","BOSS","M","?","M","$","M","R","M","R","T","R","E","?","R","?","R","BOSS"],"items_purchased_type":["Card","Relic","Relic","Card","Relic","Card","Relic"],"build_version":"2020-12-22","purchased_purges":1,"victory":false,"max_hp_per_floor":[75,75,75,75,75,75,75,75,75,76,77,78,79,80,80,81,86,87,87,87,88,89,90,97,97,97,98,100,100,101,102,102,103,103,107,107,108,108,109,109,110,110,110,110,111,115,115,115,115,115,115],"relic_stats":{"Lee\u0027s Waffle":55,"Happy Flower":[4],"counters":[25,111],"Blue Candle":[3],"PreservedInsect":165,"Bag of Preparation":[2],"Whetstone":["Strike_R","Strike_R"],"Cursed Key":1,"Burning Blood":131,"Blood Vial":6,"Dream Catcher":2,"FaceOfCleric":22,"Pantograph":75,"Art of War":[0],"obtain_stats":[{"Girya":46,"Lee\u0027s Waffle":24,"Tiny House":17,"Calipers":28,"NeowsBlessing":0,"Happy Flower":45,"Blue Candle":23,"PreservedInsect":4,"Bag of Preparation":48,"Whetstone":26,"Odd Mushroom":14,"Cursed Key":34,"Burning Blood":0,"Blood Vial":43,"Dream Catcher":10,"Anchor":38,"HornCleat":7,"Matryoshka":9,"FaceOfCleric":8,"Pantograph":28,"Bag of Marbles":19,"Art of War":43,"StrikeDummy":12},{"Girya":24,"Lee\u0027s Waffle":12,"Tiny House":8,"Calipers":15,"NeowsBlessing":0,"Happy Flower":23,"Blue Candle":12,"PreservedInsect":1,"Bag of Preparation":24,"Whetstone":12,"Odd Mushroom":7,"Cursed Key":18,"Burning Blood":0,"Blood Vial":22,"Dream Catcher":3,"Anchor":20,"HornCleat":2,"Matryoshka":2,"FaceOfCleric":2,"Pantograph":15,"Bag of Marbles":9,"Art of War":22,"StrikeDummy":5},{"Girya":104,"Lee\u0027s Waffle":47,"Tiny House":31,"Calipers":57,"NeowsBlessing":0,"Happy Flower":98,"Blue Candle":47,"PreservedInsect":1,"Bag of Preparation":104,"Whetstone":47,"Odd Mushroom":21,"Cursed Key":74,"Burning Blood":0,"Blood Vial":91,"Dream Catcher":3,"Anchor":80,"HornCleat":2,"Matryoshka":2,"FaceOfCleric":2,"Pantograph":57,"Bag of Marbles":35,"Art of War":91,"StrikeDummy":15}]},"card_choices":[{"not_picked":["Sentinel","Havoc","Flex"],"picked":"SKIP","floor":1.0},{"not_picked":["Cleave","Wild Strike"],"picked":"Spot Weakness","floor":7.0},{"not_picked":["Warcry","Clash","Wild Strike"],"picked":"SKIP","floor":10.0},{"not_picked":["Wild Strike","Perfected Strike"],"picked":"Heavy Blade","floor":11.0},{"not_picked":["Havoc","Body Slam","Flex"],"picked":"SKIP","floor":12.0},{"not_picked":["Rampage","Clothesline"],"picked":"Uppercut","floor":13.0},{"not_picked":["Berserk","Headbutt"],"picked":"Iron Wave","floor":14.0},{"not_picked":["Exhume","Corruption"],"picked":"Demon Form","floor":16.0},{"not_picked":["Dropkick","Bloodletting"],"picked":"Thunderclap","floor":17.0},{"not_picked":["Searing Blow+1","Warcry","Burning Pact"],"picked":"SKIP","floor":18.0},{"not_picked":["Rupture","Warcry","Flex"],"picked":"SKIP","floor":21.0},{"not_picked":["Warcry","Pommel Strike"],"picked":"Cleave+1","floor":22.0},{"not_picked":["Fire Breathing","Anger","Clash+1"],"picked":"SKIP","floor":23.0},{"not_picked":["Sword Boomerang","Clothesline"],"picked":"Pummel","floor":27.0},{"not_picked":["Bludgeon","Havoc"],"picked":"Armaments+1","floor":28.0},{"not_picked":["Thunderclap","Sword Boomerang","Havoc"],"picked":"SKIP","floor":30.0},{"not_picked":["Immolate","Bludgeon"],"picked":"Feed","floor":33.0},{"not_picked":["Searing Blow","Flex+1","Clash"],"picked":"SKIP","floor":35.0},{"not_picked":["Sword Boomerang","Shockwave+1","Clash"],"picked":"SKIP","floor":37.0},{"not_picked":["Warcry","Perfected Strike"],"picked":"Shrug It Off","floor":39.0},{"not_picked":["Rupture","Headbutt"],"picked":"Intimidate","floor":40.0},{"not_picked":["True Grit","Clothesline+1","Clash+1"],"picked":"SKIP","floor":41.0},{"not_picked":["Brutality","Sword Boomerang","Pommel Strike+1"],"picked":"SKIP","floor":45.0}],"player_experience":1695502,"relics_obtained":[{"floor":7.0,"key":"HornCleat"},{"floor":9.0,"key":"Matryoshka"},{"floor":10.0,"key":"Dream Catcher"},{"floor":12.0,"key":"StrikeDummy"},{"floor":14.0,"key":"Odd Mushroom"},{"floor":23.0,"key":"Blue Candle"},{"floor":26.0,"key":"Whetstone"},{"floor":28.0,"key":"Calipers"},{"floor":28.0,"key":"Pantograph"},{"floor":43.0,"key":"Art of War"},{"floor":43.0,"key":"Blood Vial"},{"floor":45.0,"key":"Happy Flower"},{"floor":46.0,"key":"Girya"}],"event_choices":[{"damage_healed":0.0,"max_hp_gain":0.0,"max_hp_loss":0.0,"gold_gain":150.0,"event_name":"Liars Game","player_choice":"AGREE","floor":3.0,"gold_loss":0.0,"damage_taken":0.0,"cards_obtained":["Doubt"]},{"cards_removed":["Doubt"],"damage_healed":0.0,"max_hp_gain":0.0,"max_hp_loss":0.0,"gold_gain":0.0,"event_name":"Golden Wing","player_choice":"Card Removal","floor":5.0,"gold_loss":0.0,"damage_taken":7.0},{"damage_healed":0.0,"max_hp_gain":0.0,"max_hp_loss":0.0,"gold_gain":0.0,"event_name":"FaceTrader","player_choice":"Trade","floor":8.0,"gold_loss":0.0,"damage_taken":0.0,"relics_obtained":["FaceOfCleric"]},{"damage_healed":0.0,"max_hp_gain":0.0,"max_hp_loss":0.0,"gold_gain":0.0,"event_name":"Mushrooms","player_choice":"Fought Mushrooms","floor":14.0,"gold_loss":0.0,"damage_taken":0.0},{"damage_healed":0.0,"max_hp_gain":0.0,"max_hp_loss":0.0,"gold_gain":0.0,"event_name":"Addict","player_choice":"Obtained Relic","floor":19.0,"gold_loss":85.0,"damage_taken":0.0,"relics_obtained":["Bag of Marbles"]},{"damage_healed":0.0,"max_hp_gain":0.0,"max_hp_loss":0.0,"gold_gain":0.0,"event_name":"Accursed Blacksmith","player_choice":"Forge","floor":20.0,"gold_loss":0.0,"damage_taken":0.0,"cards_upgraded":["Heavy Blade"]},{"damage_healed":0.0,"max_hp_gain":0.0,"max_hp_loss":0.0,"gold_gain":0.0,"event_name":"Colosseum","player_choice":"Fight","floor":28.0,"gold_loss":0.0,"damage_taken":0.0},{"damage_healed":0.0,"max_hp_gain":0.0,"max_hp_loss":0.0,"gold_gain":0.0,"event_name":"Colosseum","player_choice":"Fought Nobs","floor":28.0,"gold_loss":0.0,"damage_taken":0.0},{"damage_healed":0.0,"max_hp_gain":0.0,"max_hp_loss":0.0,"gold_gain":0.0,"event_name":"Tomb of Lord Red Mask","player_choice":"Ignored","floor":36.0,"gold_loss":0.0,"damage_taken":0.0},{"damage_healed":0.0,"max_hp_gain":0.0,"max_hp_loss":0.0,"gold_gain":0.0,"event_name":"MindBloom","player_choice":"Fight","floor":46.0,"gold_loss":0.0,"damage_taken":0.0}],"is_beta":false,"boss_relics":[{"not_picked":["Runic Pyramid","Coffee Dripper"],"picked":"Tiny House"},{"not_picked":["Busted Crown","Velvet Choker"],"picked":"Cursed Key"}],"items_purged_floors":[24],"is_endless":false,"potions_floor_spawned":[1,7,12,16,21,28,28,30,37,45,46],"killed_by":"Donu and Deca","ascension_level":20}}