{"host":"5trcja4hacd149zc","time":1611299910,"event":{"mods":["BaseMod","Colored Map","GifTheSpireLib","Minty Spire (QoL Compilation)","Relic Stats","StSLib"],"gold_per_floor":[113,113,188,188,206,235,235,235,235],"floor_reached":8,"language":"ENG","playtime":152,"items_purged":[],"score":158,"play_id":"4a31046b-808c-4171-a8c5-df28143f59c8","local_time":"20210122011830","is_ascension_mode":true,"campfire_choices":[{"data":"Body Slam","floor":7,"key":"SMITH"}],"circlet_count":0,"master_deck":["AscendersBane","Strike_R","Strike_R","Strike_R","Strike_R","Strike_R","Defend_R","Defend_R","Defend_R","Bash","Shrug It Off","Body Slam+1","Clothesline"],"relics":["Burning Blood","NeowsBlessing","The Courier","Toy Ornithopter"],"acts_visited":["Exordium"],"potions_floor_usage":[8],"damage_taken":[{"damage":0,"enemies":"2 Louse","floor":1,"turns":1},{"damage":0,"enemies":"Jaw Worm","floor":5,"turns":1},{"damage":0,"enemies":"Gremlin Nob","floor":6,"turns":1},{"damage":59,"enemies":"Lagavulin","floor":8,"turns":11}],"seed_played":"3189684088195838608","potions_obtained":[{"floor":5,"key":"BloodPotion"}],"is_trial":false,"path_per_floor":["M","?","?","?","M","E","R","E"],"character_chosen":"IRONCLAD","items_purchased":[],"campfire_rested":0,"item_purchase_floors":[],"current_hp_per_floor":[74,67,56,30,36,42,42,3,3],"gold":235,"neow_bonus":"THREE_ENEMY_KILL","is_daily":false,"chose_seed":false,"campfire_upgraded":1,"win_rate":0.0,"timestamp":1611299910,"path_taken":["M","?","?","?","M","E","R","E"],"items_purchased_type":[],"build_version":"2020-12-22","purchased_purges":0,"victory":false,"max_hp_per_floor":[75,75,75,75,75,75,75,75,75],"relic_stats":{"counters":[4,13],"obtain_stats":[{"NeowsBlessing":0,"The Courier":4,"Burning Blood":0,"Toy Ornithopter":6},{"NeowsBlessing":0,"The Courier":1,"Burning Blood":0,"Toy Ornithopter":3},{"NeowsBlessing":0,"The Courier":1,"Burning Blood":0,"Toy Ornithopter":3}],"Burning Blood":18,"Toy Ornithopter":5},"card_choices":[{"not_picked":["Evolve","Sentinel"],"picked":"Shrug It Off","floor":1},{"not_picked":["Shrug It Off","Intimidate"],"picked":"Body Slam","floor":5},{"not_picked":["Second Wind","Havoc"],"picked":"Clothesline","floor":6}],"player_experience":768471,"relics_obtained":[{"floor":6,"key":"Toy Ornithopter"}],"event_choices":[{"cards_removed":["Defend_R"],"damage_healed":0,"gold_gain":0,"player_choice":"Card Removal","damage_taken":7,"max_hp_gain":0,"max_hp_loss":0,"event_name":"Golden Wing","floor":2,"gold_loss":0},{"damage_healed":0,"gold_gain":75,"player_choice":"Gather Gold","damage_taken":11,"max_hp_gain":0,"max_hp_loss":0,"event_name":"World of Goop","floor":3,"gold_loss":0},{"damage_healed":0,"gold_gain":0,"player_choice":"Success","damage_taken":26,"relics_obtained":["The Courier"],"max_hp_gain":0,"max_hp_loss":0,"event_name":"Scrap Ooze","floor":4,"gold_loss":0}],"is_beta":false,"boss_relics":[],"items_purged_floors":[],"is_endless":false,"potions_floor_spawned":[5],"killed_by":"Lagavulin","ascension_level":20}}