{"host":"6h0diz2ap0m56grs","time":1611341914,"event":{"mods":["2.2 Compatiblity","BaseMod","Colored Map","Marisa????????","Minty Spire (QoL Compilation)","Quick Restart","Replay The Spire","Shop Mod","StSLib","The Servant 0.9.4"],"gold_per_floor":[109,109,119,119,119,152,6,41,41,67,97,107,107,141,141,238,238,250,250,267,278,278,303,303,303],"floor_reached":24,"language":"ENG","playtime":860,"items_purged":[],"score":448,"play_id":"08c4da4b-3c32-4e95-9a40-d6d241d8a992","local_time":"20210122125834","daily_mods":["SealedDeck","Heirloom","Time Dilation","Flight"],"is_ascension_mode":true,"campfire_choices":[{"data":"MilkyWay","floor":13,"key":"SMITH"},{"data":"OortCloud","floor":15,"key":"SMITH"}],"circlet_count":0,"master_deck":["PropBag","DragonMeteor","AsteroidBelt","ShootingEcho","AsteroidBelt+1","AsteroidBelt","SuperPerseids","MeteoricShower","WitchLeyline","WitchLeyline","SporeBomb+1","MilkyWay+1","Pot Of Greed","Pot Of Greed","GasGiant","WitchLeyline","OortCloud+1","SprinkleStarSeal+1","PulseMagic"],"relics":["MiniHakkero","replay:Trail_Library","Girya","Replay:WaspNest","Grinning Jar","Boot","Sundial","Replay:Accelerometer","Oddly Smooth Stone","Bronze Scales","Sozu","MutagenicStrength","Replay:Bottled Steam","AmplifyWand"],"acts_visited":["Exordium","TheCity"],"potions_floor_usage":[],"damage_taken":[{"damage":0,"enemies":"2 Louse","floor":1,"turns":1},{"damage":0,"enemies":"Jaw Worm","floor":3,"turns":2},{"damage":0,"enemies":"Gremlin Nob","floor":6,"turns":2},{"damage":11,"enemies":"3 Sentries","floor":8,"turns":3},{"damage":0,"enemies":"Gremlin Nob","floor":10,"turns":2},{"damage":0,"enemies":"Lagavulin","floor":11,"turns":6},{"damage":0,"enemies":"Cultist","floor":12,"turns":2},{"damage":0,"enemies":"Gremlin Nob","floor":14,"turns":2},{"damage":0,"enemies":"Fading Forest","floor":16,"turns":11},{"damage":0,"enemies":"Shell Parasite","floor":18,"turns":2},{"damage":0,"enemies":"Chosen","floor":20,"turns":2},{"damage":0,"enemies":"Snake Plant","floor":21,"turns":3},{"damage":0,"enemies":"Book of Stabbing","floor":23,"turns":3},{"damage":0,"enemies":"Slavers","floor":24,"turns":1}],"seed_played":"2669772095026633076","potions_obtained":[{"floor":1,"key":"ShroomBrew"},{"floor":6,"key":"LifebloodPotion"},{"floor":11,"key":"Reflective Coating"}],"is_trial":true,"path_per_floor":["M","?","M","?","?","E","$","E","T","E","E","M","R","E","R","B",null,"M","?","M","M","?","E","E"],"character_chosen":"MARISA","items_purchased":["Grinning Jar"],"campfire_rested":0,"item_purchase_floors":[7],"current_hp_per_floor":[75,80,80,80,64,64,64,53,53,53,53,53,53,53,53,53,80,80,80,80,80,80,80,80,80],"gold":303,"neow_bonus":"","is_daily":false,"chose_seed":false,"campfire_upgraded":2,"win_rate":0.0,"timestamp":1611341914,"path_taken":["M","?","M","?","?","E","?","E","T","E","E","?","R","E","R","BOSS","M","?","M","M","?","E","E"],"items_purchased_type":["Relic"],"build_version":"2020-12-22","purchased_purges":0,"victory":false,"max_hp_per_floor":[75,80,80,80,80,80,80,80,80,80,80,80,80,80,80,80,80,80,80,80,80,80,80,80,80],"card_choices":[{"not_picked":["NonDirectionalLaser","UnstableBomb"],"picked":"SporeBomb","floor":1},{"not_picked":["GravityBeat","ChargingUp","WitchOfGreed"],"picked":"SKIP","floor":3},{"not_picked":["AbsoluteMagnitude","AlicesGift"],"picked":"MilkyWay","floor":6},{"not_picked":["ShootingEcho","GravityBeat","MysteriousBeam"],"picked":"SKIP","floor":8},{"not_picked":["EventHorizon","GravityBeat"],"picked":"GasGiant","floor":10},{"not_picked":["MilkyWay","BlazeAway"],"picked":"WitchLeyline","floor":11},{"not_picked":["UnstableBomb","MysteriousBeam","CollectingQuirk"],"picked":"SKIP","floor":12},{"not_picked":["ShootTheMoon","WitchOfGreed"],"picked":"OortCloud","floor":14},{"not_picked":["OrrerysSun","EnergyFlow"],"picked":"SprinkleStarSeal+1","floor":18},{"not_picked":["FairyDestructionRay+1","GalacticHalo"],"picked":"PulseMagic","floor":20},{"not_picked":["MilkyWay","UnstableBomb","EnergyRecoil"],"picked":"SKIP","floor":21},{"not_picked":["WitchOfGreed","StarDustReverie","MilkyWay"],"picked":"SKIP","floor":23}],"player_experience":229979,"relics_obtained":[{"floor":6,"key":"Replay:WaspNest"},{"floor":8,"key":"Boot"},{"floor":9,"key":"Sundial"},{"floor":10,"key":"Replay:Accelerometer"},{"floor":11,"key":"Oddly Smooth Stone"},{"floor":14,"key":"Bronze Scales"},{"floor":23,"key":"Replay:Bottled Steam"}],"event_choices":[{"damage_healed":0,"gold_gain":0,"player_choice":"Donut","damage_taken":0,"max_hp_gain":5,"max_hp_loss":0,"event_name":"Big Fish","floor":2,"gold_loss":0},{"damage_healed":0,"gold_gain":0,"player_choice":"Entered Light","damage_taken":16,"max_hp_gain":0,"max_hp_loss":0,"event_name":"Shining Light","floor":5,"gold_loss":0,"cards_upgraded":["SporeBomb","AsteroidBelt"]},{"damage_healed":0,"gold_gain":0,"player_choice":"Inject Mutagens","damage_taken":0,"relics_obtained":["MutagenicStrength"],"max_hp_gain":0,"max_hp_loss":0,"event_name":"Drug Dealer","floor":19,"gold_loss":0},{"damage_healed":0,"gold_gain":0,"player_choice":"Ignored","damage_taken":0,"max_hp_gain":0,"max_hp_loss":0,"event_name":"Vampires","floor":22,"gold_loss":0}],"is_beta":false,"boss_relics":[{"not_picked":["Tiny House","Philosopher\u0027s Stone"],"picked":"Sozu"}],"items_purged_floors":[],"is_endless":false,"potions_floor_spawned":[1,6,11,18,21,23],"killed_by":"Slavers","ascension_level":1}}