{"host":"zxd7sxkt31l2m2hb","time":1611352251,"event":{"mods":["AchievementEnabler","BaseMod","BetterRewards","Colored Map","Colored Powertips","Highlight Path","Minty Spire (QoL Compilation)","StSLib","SuperFastMode","The Jungle","slay the spire mod where everything is the same but ironclad has a cowboy hat"],"gold_per_floor":[115,128,128,48,123,123,52,52,98,98,118,134,134,168,168,272,272,259,184,184,196,206,206,206,206],"floor_reached":24,"language":"DEU","playtime":1423,"items_purged":["Strike_P"],"score":194,"play_id":"ce0fbeb7-980a-4263-af88-346b5db97e53","local_time":"20210122225051","is_ascension_mode":false,"campfire_choices":[{"data":"Protect","floor":6.0,"key":"SMITH"},{"data":"Vigilance","floor":10.0,"key":"SMITH"},{"data":"Protect","floor":13.0,"key":"SMITH"},{"floor":15.0,"key":"REST"},{"floor":23.0,"key":"REST"}],"circlet_count":0,"master_deck":["Strike_P","Strike_P","Strike_P","Defend_P","Defend_P","Defend_P","Defend_P","Vigilance+1","FollowUp","PathToVictory","PathToVictory","Protect+1","EmptyMind","Protect+1","FearNoEvil","Establishment","Scrawl","Meditate","Evaluate+1","FollowUp+1"],"relics":["PureWater","NeowsBlessing","FaceOfCleric","PreservedInsect","Bottled Flame","Sozu","Nilry\u0027s Codex"],"acts_visited":["Exordium","TheCity"],"potions_floor_usage":[],"damage_taken":[{"damage":0.0,"enemies":"Jaw Worm","floor":1.0,"turns":1.0},{"damage":0.0,"enemies":"Cultist","floor":2.0,"turns":1.0},{"damage":0.0,"enemies":"2 Louse","floor":11.0,"turns":1.0},{"damage":1.0,"enemies":"2 Fungi Beasts","floor":12.0,"turns":4.0},{"damage":4.0,"enemies":"Lagavulin","floor":14.0,"turns":5.0},{"damage":23.0,"enemies":"Hexaghost","floor":16.0,"turns":9.0},{"damage":18.0,"enemies":"2 Thieves","floor":18.0,"turns":4.0},{"damage":10.0,"enemies":"Shell Parasite","floor":21.0,"turns":4.0},{"damage":10.0,"enemies":"Snecko","floor":22.0,"turns":8.0},{"damage":0,"enemies":"Snake Plant","floor":24,"turns":1}],"seed_played":"-3634100169970069329","potions_obtained":[{"floor":1.0,"key":"BottledMiracle"},{"floor":14.0,"key":"PowerPotion"},{"floor":16.0,"key":"PowerPotion"}],"is_trial":false,"path_per_floor":["M","M","?","$","?","R","$","?","T","R","M","M","R","E","R","B",null,"M","$","?","M","M","R","M"],"character_chosen":"WATCHER","items_purchased":["PathToVictory","Protect","EmptyMind"],"campfire_rested":2,"item_purchase_floors":[4,4,7],"current_hp_per_floor":[72,72,72,72,61,61,61,61,61,61,62,62,62,59,75,53,76,59,59,43,34,25,48,48,48],"gold":206,"neow_bonus":"THREE_ENEMY_KILL","is_daily":false,"chose_seed":false,"campfire_upgraded":3,"win_rate":0.0,"timestamp":1611352251,"path_taken":["M","M","?","?","?","R","$","?","T","R","?","?","R","E","R","BOSS","M","$","?","M","M","R","M"],"items_purchased_type":["Card","Card","Card"],"build_version":"2020-12-22","purchased_purges":1,"victory":false,"max_hp_per_floor":[72,72,72,72,72,72,72,72,72,72,73,74,74,75,75,76,76,77,77,77,78,79,79,79,79],"card_choices":[{"not_picked":["SandsOfTime","Consecrate"],"picked":"FollowUp","floor":1.0},{"not_picked":["FlyingSleeves","CrushJoints"],"picked":"PathToVictory","floor":2.0},{"not_picked":["FlyingSleeves","BowlingBash"],"picked":"Protect","floor":11.0},{"not_picked":["JustLucky","SashWhip"],"picked":"FearNoEvil","floor":12.0},{"not_picked":["Pray","Swivel"],"picked":"Establishment","floor":14.0},{"not_picked":["LessonLearned","Omniscience"],"picked":"Scrawl","floor":16.0},{"not_picked":["Perseverance","FlyingSleeves"],"picked":"Meditate","floor":18.0},{"not_picked":["CutThroughFate+1","FlyingSleeves"],"picked":"Evaluate+1","floor":21.0},{"not_picked":["Evaluate+1","EmptyFist+1"],"picked":"FollowUp+1","floor":22.0}],"player_experience":64331,"relics_obtained":[{"floor":9.0,"key":"PreservedInsect"},{"floor":14.0,"key":"Bottled Flame"},{"floor":20.0,"key":"Nilry\u0027s Codex"}],"event_choices":[{"cards_removed":["Eruption"],"damage_healed":0.0,"max_hp_gain":0.0,"max_hp_loss":0.0,"gold_gain":0.0,"event_name":"Bonfire Elementals","player_choice":"Offered Basic","floor":3.0,"gold_loss":0.0,"damage_taken":0.0},{"damage_healed":0.0,"max_hp_gain":0.0,"max_hp_loss":0.0,"gold_gain":75.0,"event_name":"World of Goop","player_choice":"Gather Gold","floor":5.0,"gold_loss":0.0,"damage_taken":11.0},{"damage_healed":0.0,"max_hp_gain":0.0,"max_hp_loss":0.0,"gold_gain":0.0,"event_name":"FaceTrader","player_choice":"Trade","floor":8.0,"gold_loss":0.0,"damage_taken":0.0,"relics_obtained":["FaceOfCleric"]},{"damage_healed":0.0,"max_hp_gain":0.0,"max_hp_loss":0.0,"gold_gain":0.0,"event_name":"Cursed Tome","player_choice":"Obtained Book","floor":20.0,"gold_loss":0.0,"damage_taken":16.0}],"is_beta":false,"boss_relics":[{"not_picked":["SacredBark","Coffee Dripper"],"picked":"Sozu"}],"items_purged_floors":[19],"is_endless":false,"potions_floor_spawned":[1,14,16,18,22],"killed_by":"Snake Plant","ascension_level":0}}