{"host":"6gwm7y0tp7acoxay","time":1611312980,"event":{"mods":["BaseMod","Colored Map","Keyboard Shortcuts","Minty Spire (QoL Compilation)","Quick Restart","StSLib","SuperFastMode","everything is the same but u backflip on backflip"],"gold_per_floor":[110,110,185,185,205,205,243,276,302,302,12,50,15,15,15,110,110,125,41,41,41,41,75,119,154,154,154,197,217,257,305,305,405,405,419,219,552,552,577,607,394,424,451,484,484,337,123,148,148,148,148,148,148,12,46,46],"floor_reached":57,"language":"KOR","playtime":1647,"items_purged":["Melter","Ball Lightning","Doom and Gloom"],"score":3394,"play_id":"437ea171-3137-4286-b9ab-77558ab64444","local_time":"20210122195620","daily_mods":["SealedDeck","Heirloom","Flight"],"is_ascension_mode":true,"campfire_choices":[{"floor":6.0,"key":"REST"},{"data":"Defragment","floor":10.0,"key":"SMITH"},{"data":"Go for the Eyes","floor":15.0,"key":"SMITH"},{"floor":27.0,"key":"REST"},{"data":"Defragment","floor":32.0,"key":"SMITH"},{"floor":45.0,"key":"RECALL"},{"data":"Biased Cognition","floor":49.0,"key":"SMITH"},{"data":"Seek","floor":53.0,"key":"SMITH"}],"circlet_count":0,"master_deck":["AscendersBane","Go for the Eyes+1","White Noise","Gash","Coolheaded+1","Gash","Coolheaded+1","Beam Cell","Defragment+1","Self Repair","Seek+1","Core Surge","Defragment+1","Defragment+1","Biased Cognition+1","Double Energy+1"],"relics":["Cracked Core","Unceasing Top","War Paint","Gambling Chip","Omamori","Membership Card","Lantern","Torii","Boot","Nuclear Battery","PreservedInsect","MutagenicStrength","CeramicFish","Darkstone Periapt","Dream Catcher","Red Mask","Oddly Smooth Stone","Bird Faced Urn","Calling Bell","Anchor","Blue Candle","Lizard Tail","DataDisk","Runic Capacitor","HornCleat","Incense Burner","Bag of Preparation","Vajra","StoneCalendar","TheAbacus","Mummified Hand","Bronze Scales","Ancient Tea Set","HandDrill","Toy Ornithopter"],"acts_visited":["Exordium","TheCity","TheBeyond","TheEnding"],"potions_floor_usage":[56,56,56,56],"damage_taken":[{"damage":0.0,"enemies":"Cultist","floor":1.0,"turns":3.0},{"damage":9.0,"enemies":"2 Louse","floor":5.0,"turns":2.0},{"damage":8.0,"enemies":"Lagavulin","floor":7.0,"turns":5.0},{"damage":1.0,"enemies":"Gremlin Nob","floor":8.0,"turns":3.0},{"damage":0.0,"enemies":"Lagavulin","floor":12.0,"turns":3.0},{"damage":2.0,"enemies":"The Guardian","floor":16.0,"turns":8.0},{"damage":13.0,"enemies":"Shell Parasite","floor":18.0,"turns":2.0},{"damage":2.0,"enemies":"Gremlin Leader","floor":23.0,"turns":3.0},{"damage":20.0,"enemies":"Slavers","floor":24.0,"turns":4.0},{"damage":16.0,"enemies":"Book of Stabbing","floor":25.0,"turns":3.0},{"damage":8.0,"enemies":"Masked Bandits","floor":28.0,"turns":3.0},{"damage":0.0,"enemies":"Chosen","floor":29.0,"turns":3.0},{"damage":1.0,"enemies":"Gremlin Leader","floor":30.0,"turns":4.0},{"damage":0.0,"enemies":"Book of Stabbing","floor":31.0,"turns":3.0},{"damage":40.0,"enemies":"Collector","floor":33.0,"turns":7.0},{"damage":0.0,"enemies":"3 Shapes","floor":35.0,"turns":3.0},{"damage":1.0,"enemies":"Orb Walker","floor":39.0,"turns":3.0},{"damage":1.0,"enemies":"Reptomancer","floor":40.0,"turns":4.0},{"damage":1.0,"enemies":"Nemesis","floor":42.0,"turns":3.0},{"damage":0.0,"enemies":"Giant Head","floor":44.0,"turns":3.0},{"damage":1.0,"enemies":"Reptomancer","floor":48.0,"turns":1.0},{"damage":1.0,"enemies":"Donu and Deca","floor":50.0,"turns":7.0},{"damage":16.0,"enemies":"Time Eater","floor":51.0,"turns":5.0},{"damage":1.0,"enemies":"Shield and Spear","floor":55.0,"turns":1.0},{"damage":35,"enemies":"The Heart","floor":56,"turns":7}],"seed_played":"-1727960075276443502","potions_obtained":[{"floor":1.0,"key":"EntropicBrew"},{"floor":7.0,"key":"PotionOfCapacity"},{"floor":18.0,"key":"SpeedPotion"},{"floor":29.0,"key":"LiquidMemories"},{"floor":44.0,"key":"Energy Potion"},{"floor":55.0,"key":"Ancient Potion"}],"is_trial":true,"path_per_floor":["M","?","?","?","M","R","E","E","T","R","$","E","?","T","R","B",null,"M","$","?","?","?","E","E","E","T","R","?","M","E","E","R","B",null,"M","$","?","?","M","E","$","E","T","E","R","$","$","E","R","B","B",null,"R","$","E","B",null],"character_chosen":"DEFECT","items_purchased":["Membership Card","Lantern","Self Repair","PreservedInsect","DataDisk","Runic Capacitor","Incense Burner","TheAbacus","Mummified Hand","Bronze Scales","EntropicBrew","HandDrill"],"campfire_rested":2,"item_purchase_floors":[11,11,11,19,36,36,41,46,47,47,54,54],"current_hp_per_floor":[64,40,29,29,20,41,33,32,32,32,32,39,56,56,56,61,69,63,63,63,63,63,68,55,39,39,60,52,59,65,71,71,38,63,71,71,71,71,71,71,71,71,71,71,71,71,71,71,71,71,67,70,70,70,71,66],"gold":46,"neow_bonus":"","is_daily":false,"chose_seed":false,"campfire_upgraded":5,"win_rate":0.0,"timestamp":1611312980,"path_taken":["M","?","?","?","?","R","E","E","T","R","$","E","?","?","R","BOSS","M","$","?","?","?","E","E","E","T","R","?","?","E","E","R","BOSS","M","$","?","?","?","E","?","E","T","E","R","$","$","E","R","BOSS","BOSS","R","$","E","BOSS"],"items_purchased_type":["Relic","Relic","Card","Relic","Relic","Relic","Relic","Relic","Relic","Relic","Potion","Relic"],"build_version":"2020-12-22","purchased_purges":3,"victory":true,"max_hp_per_floor":[71,71,71,71,71,71,71,71,71,71,71,71,71,71,71,71,71,71,71,71,71,71,71,71,71,71,71,71,71,71,71,71,71,71,71,71,71,71,71,71,71,71,71,71,71,71,71,71,71,71,71,71,71,71,71,71],"card_choices":[{"not_picked":["Sunder","Go for the Eyes","FTL"],"picked":"SKIP","floor":1.0},{"not_picked":["Steam Power","Rebound","Blizzard"],"picked":"SKIP","floor":5.0},{"not_picked":["Auto Shields","Hologram","Redo"],"picked":"SKIP","floor":7.0},{"not_picked":["Auto Shields","Hologram","Redo"],"picked":"SKIP","floor":7.0},{"not_picked":["Beam Cell","Ball Lightning"],"picked":"Defragment","floor":8.0},{"not_picked":["Sweeping Beam","Aggregate"],"picked":"Seek","floor":12.0},{"not_picked":["Fission","Multi-Cast"],"picked":"Core Surge","floor":16.0},{"not_picked":["Cold Snap","Rip and Tear"],"picked":"Defragment","floor":18.0},{"not_picked":["Rebound+1","Hyperbeam","Sunder"],"picked":"SKIP","floor":23.0},{"not_picked":["Coolheaded","Rebound+1","Streamline"],"picked":"SKIP","floor":24.0},{"not_picked":["Beam Cell","Tempest+1","Stack"],"picked":"SKIP","floor":25.0},{"not_picked":["Beam Cell","Reprogram","Stack+1"],"picked":"SKIP","floor":29.0},{"not_picked":["Leap","Streamline","Buffer"],"picked":"SKIP","floor":30.0},{"not_picked":["Loop","Barrage+1"],"picked":"Defragment","floor":31.0},{"not_picked":["Meteor Strike","Buffer"],"picked":"Biased Cognition","floor":33.0},{"not_picked":["Tempest","Reprogram","Aggregate"],"picked":"SKIP","floor":35.0},{"not_picked":["FTL+1","Melter+1"],"picked":"Double Energy+1","floor":39.0},{"not_picked":["Tempest","Self Repair","Loop"],"picked":"SKIP","floor":40.0},{"not_picked":["Stack+1","Gash","Aggregate"],"picked":"SKIP","floor":42.0},{"not_picked":["FTL","Gash","Lockon"],"picked":"SKIP","floor":44.0},{"not_picked":["FTL","Gash","Lockon"],"picked":"SKIP","floor":44.0},{"not_picked":["Beam Cell","Darkness","Cold Snap"],"picked":"SKIP","floor":48.0},{"not_picked":["Consume+1","Compile Driver+1","Conserve Battery"],"picked":"SKIP","floor":55.0}],"player_experience":4440763,"relics_obtained":[{"floor":7.0,"key":"War Paint"},{"floor":8.0,"key":"Gambling Chip"},{"floor":9.0,"key":"Omamori"},{"floor":12.0,"key":"Torii"},{"floor":14.0,"key":"Boot"},{"floor":23.0,"key":"CeramicFish"},{"floor":24.0,"key":"Darkstone Periapt"},{"floor":25.0,"key":"Dream Catcher"},{"floor":28.0,"key":"Red Mask"},{"floor":30.0,"key":"Oddly Smooth Stone"},{"floor":31.0,"key":"Bird Faced Urn"},{"floor":34.0,"key":"Anchor"},{"floor":34.0,"key":"Blue Candle"},{"floor":34.0,"key":"Lizard Tail"},{"floor":40.0,"key":"HornCleat"},{"floor":42.0,"key":"Bag of Preparation"},{"floor":43.0,"key":"Vajra"},{"floor":44.0,"key":"StoneCalendar"},{"floor":48.0,"key":"Ancient Tea Set"},{"floor":55.0,"key":"Toy Ornithopter"}],"event_choices":[{"damage_healed":0.0,"max_hp_gain":0.0,"max_hp_loss":0.0,"gold_gain":0.0,"event_name":"Golden Idol","player_choice":"Take Damage","floor":2.0,"gold_loss":0.0,"damage_taken":24.0,"relics_obtained":["Golden Idol"]},{"damage_healed":0.0,"max_hp_gain":0.0,"max_hp_loss":0.0,"gold_gain":75.0,"event_name":"World of Goop","player_choice":"Gather Gold","floor":3.0,"gold_loss":0.0,"damage_taken":11.0},{"damage_healed":0.0,"max_hp_gain":0.0,"max_hp_loss":0.0,"gold_gain":0.0,"event_name":"Transmorgrifier","player_choice":"Ignored","floor":4.0,"gold_loss":0.0,"damage_taken":0.0},{"damage_healed":17.0,"max_hp_gain":0.0,"max_hp_loss":0.0,"gold_gain":0.0,"event_name":"The Cleric","player_choice":"Healed","floor":13.0,"gold_loss":35.0,"damage_taken":0.0},{"damage_healed":0.0,"max_hp_gain":0.0,"max_hp_loss":0.0,"gold_gain":0.0,"event_name":"Drug Dealer","player_choice":"Inject Mutagens","floor":20.0,"gold_loss":0.0,"damage_taken":0.0,"relics_obtained":["MutagenicStrength"]},{"damage_healed":0.0,"max_hp_gain":0.0,"max_hp_loss":0.0,"gold_gain":0.0,"event_name":"Cursed Tome","player_choice":"Ignored","floor":21.0,"gold_loss":0.0,"damage_taken":0.0},{"damage_healed":0.0,"max_hp_gain":0.0,"max_hp_loss":0.0,"gold_gain":0.0,"event_name":"Masked Bandits","player_choice":"Fought Bandits","floor":28.0,"gold_loss":0.0,"damage_taken":0.0},{"damage_healed":0.0,"max_hp_gain":0.0,"max_hp_loss":0.0,"gold_gain":333.0,"event_name":"The Moai Head","player_choice":"Gave Idol","floor":37.0,"relics_lost":["Golden Idol"],"gold_loss":0.0,"damage_taken":0.0},{"damage_healed":0.0,"max_hp_gain":0.0,"max_hp_loss":0.0,"gold_gain":0.0,"event_name":"Accursed Blacksmith","player_choice":"Forge","floor":38.0,"gold_loss":0.0,"damage_taken":0.0,"cards_upgraded":["Defragment"]}],"is_beta":false,"boss_relics":[{"not_picked":["SacredBark","Tiny House"],"picked":"Nuclear Battery"},{"not_picked":["Astrolabe","Snecko Eye"],"picked":"Calling Bell"}],"items_purged_floors":[36,41,46],"is_endless":false,"potions_floor_spawned":[1,7,12,18,29,31,35,39,40,44,55],"ascension_level":20}}