{"host":"92108ef2q9tm8rod","time":1611323568,"event":{"mods":["BaseMod","Defuse TimeMaze Blight","Minty Spire (QoL Compilation)","StSLib","The Jungle"],"gold_per_floor":[116,132,152,168,186,220,251,263,289,320,320,320,336,347,347,452,452,471,481,491,273,284,284,316,342,342,357,375,375,226,246,246,351,351,364,380,280,280,292,292,302,331,378,398,398,93,93,93,93,93],"floor_reached":51,"language":"ENG","playtime":3311,"items_purged":["Wraith Form v2","Dodge and Roll"],"score":895,"play_id":"af3eaa03-5674-4c18-9987-8c7da5f523a9","local_time":"20210122135248","daily_mods":["SealedDeck","Colorless Cards","Heirloom","Flight"],"is_ascension_mode":false,"campfire_choices":[{"data":"Deflect","floor":11,"key":"SMITH"},{"floor":12,"key":"REST"},{"data":"Blind","floor":15,"key":"SMITH"},{"data":"Venomology","floor":23,"key":"SMITH"},{"data":"Deflect","floor":29,"key":"SMITH"},{"data":"Backflip","floor":32,"key":"SMITH"},{"data":"Deadly Poison","floor":40,"key":"SMITH"},{"floor":45,"key":"REST"},{"floor":47,"key":"REST"},{"floor":49,"key":"REST"}],"circlet_count":0,"master_deck":["Demon Form","Echo Form","DevaForm","Poisoned Stab+1","Backflip+1","Deflect+1","Deadly Poison+1","Deflect+1","Blind+1","Deadly Poison+1","Blur+1","Bane+1","Venomology+1"],"relics":["Ring of the Snake","StoneCalendar","War Paint","Torii","Dream Catcher","CaptainsWheel","Busted Crown","ClockworkSouvenir","Omamori","Snake Skull","Lantern","Bronze Scales","White Beast Statue","Vajra","TwistedFunnel","Whetstone"],"acts_visited":["Exordium","Exordium","TheBeyond"],"potions_floor_usage":[7,7,7,19,19,22,22,24,24,25,25,31,33,33,33,35,35,36,39,41,42,42,44,50,50,50],"damage_taken":[{"damage":5,"enemies":"Small Slimes","floor":1,"turns":4},{"damage":0,"enemies":"Jaw Worm","floor":2,"turns":5},{"damage":0,"enemies":"2 Louse","floor":3,"turns":4},{"damage":0,"enemies":"Blue Slaver","floor":4,"turns":6},{"damage":4,"enemies":"Exordium Thugs","floor":5,"turns":6},{"damage":0,"enemies":"Lagavulin","floor":6,"turns":6},{"damage":3,"enemies":"Gremlin Nob","floor":7,"turns":5},{"damage":1,"enemies":"2 Fungi Beasts","floor":8,"turns":5},{"damage":11,"enemies":"3 Sentries","floor":10,"turns":7},{"damage":1,"enemies":"Large Slime","floor":13,"turns":5},{"damage":1,"enemies":"Gremlin Gang","floor":14,"turns":6},{"damage":0,"enemies":"Slime Boss","floor":16,"turns":7},{"damage":0,"enemies":"Shell Parasite","floor":18,"turns":5},{"damage":0,"enemies":"theJungle:Flameango_and_Byrd","floor":19,"turns":5},{"damage":6,"enemies":"theJungle:2_Snecko_Cultists","floor":20,"turns":5},{"damage":1,"enemies":"theJungle:2_Flameangoes","floor":22,"turns":7},{"damage":0,"enemies":"theJungle:Cassacara","floor":24,"turns":6},{"damage":0,"enemies":"theJungle:2_Phrogs","floor":25,"turns":6},{"damage":0,"enemies":"theJungle:JungleHuntersEncounter","floor":27,"turns":6},{"damage":0,"enemies":"theJungle:2_Snecko_Cultists","floor":28,"turns":4},{"damage":0,"enemies":"theJungle:SlimyTreeVines","floor":31,"turns":5},{"damage":0,"enemies":"theJungle:QueenSpyder","floor":33,"turns":8},{"damage":0,"enemies":"3 Shapes","floor":35,"turns":5},{"damage":13,"enemies":"3 Darklings","floor":36,"turns":6},{"damage":0,"enemies":"Maw","floor":39,"turns":6},{"damage":0,"enemies":"Sphere and 2 Shapes","floor":41,"turns":6},{"damage":40,"enemies":"Reptomancer","floor":42,"turns":7},{"damage":11,"enemies":"Transient","floor":44,"turns":5},{"damage":12,"enemies":"Awakened One","floor":50,"turns":10}],"seed_played":"-8048569790967081808","potions_obtained":[{"floor":1,"key":"Swift Potion"},{"floor":3,"key":"GhostInAJar"},{"floor":5,"key":"Block Potion"},{"floor":6,"key":"FearPotion"},{"floor":13,"key":"LiquidMemories"},{"floor":14,"key":"DistilledChaos"},{"floor":18,"key":"FearPotion"},{"floor":24,"key":"SpeedPotion"},{"floor":31,"key":"Weak Potion"},{"floor":33,"key":"Strength Potion"},{"floor":35,"key":"LiquidBronze"},{"floor":44,"key":"Weak Potion"}],"is_trial":true,"path_per_floor":["M","M","M","M","M","E","E","M","T","E","R","R","M","M","R","B",null,"M","M","M","$","M","R","E","E","T","M","M","R","$","M","R","B",null,"M","M","$","?","M","R","M","E","T","M","R","$","R","?","R","B",null],"character_chosen":"THE_SILENT","items_purchased":["ClockworkSouvenir","Bronze Scales","TwistedFunnel","Whetstone"],"campfire_rested":4,"item_purchase_floors":[21,30,46,46],"current_hp_per_floor":[65,65,65,65,61,61,58,57,57,46,46,67,66,65,65,65,70,70,70,64,64,63,63,63,63,63,63,63,63,63,69,69,69,70,70,57,57,57,57,57,57,17,17,6,25,25,44,44,63,51],"gold":93,"neow_bonus":"","is_daily":false,"chose_seed":false,"campfire_upgraded":6,"win_rate":0.0,"timestamp":1611323568,"path_taken":["M","M","M","M","M","E","E","M","T","E","R","R","M","M","R","BOSS","M","M","M","$","M","R","E","E","T","M","M","R","$","M","R","BOSS","M","M","$","?","M","R","M","E","T","M","R","$","R","?","R","BOSS"],"items_purchased_type":["Relic","Relic","Relic","Relic"],"build_version":"2020-12-22","purchased_purges":2,"victory":true,"max_hp_per_floor":[70,70,70,70,70,70,70,70,70,70,70,70,70,70,70,70,70,70,70,70,70,70,70,70,70,70,70,70,70,70,70,70,70,70,70,70,70,66,66,66,66,66,66,66,66,66,66,66,66,66],"card_choices":[{"not_picked":["Distraction","Terror","Dodge and Roll"],"picked":"SKIP","floor":1},{"not_picked":["Escape Plan","Deadly Poison","Setup"],"picked":"SKIP","floor":2},{"not_picked":["Flying Knee","Deep Breath","Swift Strike"],"picked":"SKIP","floor":3},{"not_picked":["Backflip","Cloak And Dagger"],"picked":"Bane","floor":4},{"not_picked":["Cloak And Dagger","Masterful Stab","Deadly Poison"],"picked":"SKIP","floor":5},{"not_picked":["Impatience","Deflect","Dagger Throw"],"picked":"SKIP","floor":6},{"not_picked":["Impatience","Deflect","Dagger Throw"],"picked":"SKIP","floor":6},{"not_picked":["Dramatic Entrance","Riddle With Holes","Deflect"],"picked":"SKIP","floor":7},{"not_picked":["Infinite Blades","Prepared","Endless Agony"],"picked":"SKIP","floor":8},{"not_picked":["Outmaneuver","Poisoned Stab","The Bomb"],"picked":"SKIP","floor":10},{"not_picked":["Flying Knee","Expertise","Predator"],"picked":"SKIP","floor":13},{"not_picked":["Outmaneuver","Dagger Spray","Heel Hook"],"picked":"SKIP","floor":14},{"not_picked":["After Image","Unload"],"picked":"Venomology","floor":16},{"not_picked":["Dagger Throw"],"picked":"SKIP","floor":18},{"not_picked":["Accuracy"],"picked":"SKIP","floor":19},{"not_picked":["Swift Strike"],"picked":"SKIP","floor":20},{"not_picked":["Bane"],"picked":"SKIP","floor":22},{"not_picked":["After Image"],"picked":"SKIP","floor":24},{"not_picked":["Concentrate"],"picked":"SKIP","floor":25},{"not_picked":["Sucker Punch"],"picked":"SKIP","floor":27},{"not_picked":["Purity+1"],"picked":"SKIP","floor":28},{"not_picked":["Jack Of All Trades+1"],"picked":"SKIP","floor":31},{"not_picked":["Riddle With Holes"],"picked":"SKIP","floor":35},{"not_picked":["Expertise+1"],"picked":"SKIP","floor":36},{"not_picked":["Mind Blast+1"],"picked":"SKIP","floor":39},{"not_picked":["Dagger Spray"],"picked":"SKIP","floor":41},{"not_picked":["Swift Strike"],"picked":"SKIP","floor":42},{"not_picked":["Acrobatics+1"],"picked":"SKIP","floor":44}],"player_experience":3325296,"relics_obtained":[{"floor":6,"key":"War Paint"},{"floor":7,"key":"Torii"},{"floor":9,"key":"Dream Catcher"},{"floor":10,"key":"CaptainsWheel"},{"floor":24,"key":"Omamori"},{"floor":25,"key":"Snake Skull"},{"floor":26,"key":"Lantern"},{"floor":42,"key":"White Beast Statue"},{"floor":43,"key":"Vajra"}],"event_choices":[{"damage_healed":0,"gold_gain":0,"player_choice":"Max HP","damage_taken":0,"max_hp_gain":0,"max_hp_loss":4,"event_name":"Winding Halls","floor":38,"gold_loss":0},{"cards_removed":["Backflip"],"damage_healed":0,"gold_gain":0,"player_choice":"Removed Skill","damage_taken":0,"max_hp_gain":0,"max_hp_loss":0,"event_name":"Falling","floor":48,"gold_loss":0}],"is_beta":false,"boss_relics":[{"not_picked":["Ectoplasm","Snecko Eye"],"picked":"Busted Crown"},{"not_picked":["Astrolabe","Philosopher\u0027s Stone","Runic Pyramid"]}],"items_purged_floors":[21,37],"is_endless":false,"potions_floor_spawned":[1,3,5,6,13,14,18,24,28,31,33,35,44],"ascension_level":0}}