{"host":"rjfefv2ruvigm2gb","time":1611283150,"event":{"mods":["A Penny For Your Troubles","Act Like it!","AlwaysNeverKeys","BaseMod","Better Third Choice","Block Reminder","Conspire","Curses Come First","Displayed Cursed Tome","Elementarium","Evolution","Fox Events","Gensokyo","Gold Saver","Googly Eyes","Hermit","HexUI Lib","Hubris","Infinite Spire","Ironclad Rager","JesterMod","Luminous","Mimic Mod","Minty Spire (QoL Compilation)","Permanent Neow","Poor People Problems","QueenMod","Quick Restart","Relic Filter","Relic Stats","Replay The Spire","Retaliation","Shade Mod","Shop Mod","StS++","StSLib","SuperFastMode","The Blue Laboratory","The Clintock","The Sage","TheHero","Uncapped","Virulent Crown","Watcher Patcher"],"gold_per_floor":[20,95,117,117,117,21,37,37,66,66,66,66,92,92,92,107,107,78,78,88,88,88,88,88],"floor_reached":23,"language":"ENG","playtime":1888,"items_purged":["hubris:Greed"],"score":440,"play_id":"ea92bc4d-93d4-42dd-beb6-1e843a85933b","local_time":"20210121203910","is_ascension_mode":true,"campfire_choices":[{"floor":8,"key":"REST"},{"floor":10,"key":"REST"},{"data":"Eruption","floor":12,"key":"SMITH"},{"floor":17,"key":"REST"}],"circlet_count":0,"master_deck":["AscendersBane","Eruption+1","Vigilance","FollowUp","FollowUp","FollowUp","FollowUp","ThirdEye","ThirdEye","ThirdEye","ThirdEye","EmptyBody","ReplayTheSpireMod:IOU","EmptyBody","PathToVictory","Envenom","Outmaneuver+1"],"relics":["PureWater","EVO:Axolotl","Replay:Wax Seal","hubris:64BitClover","StSpp:JackpotMachine","Replay:WaspNest","Iron Hammer","Ring of Chaos","hubris:Towel"],"acts_visited":["Exordium","TheCity"],"potions_floor_usage":[9,16,18,23],"damage_taken":[{"damage":12,"enemies":"Jaw Worm","floor":1,"turns":3},{"damage":0,"enemies":"Small Slimes","floor":3,"turns":3},{"damage":0,"enemies":"Cultist","floor":7,"turns":3},{"damage":0,"enemies":"3 Sentries","floor":9,"turns":6},{"damage":20,"enemies":"Replay:BlueRogue","floor":13,"turns":5},{"damage":0,"enemies":"Large Slime","floor":16,"turns":4},{"damage":36,"enemies":"The Guardian","floor":18,"turns":8},{"damage":44,"enemies":"Chosen","floor":20,"turns":7},{"damage":23,"enemies":"3 Byrds","floor":23,"turns":2}],"seed_played":"-1255994060842023114","potions_obtained":[{"floor":1,"key":"ColorlessPotion"},{"floor":9,"key":"blueLaboratory:PressurePotion"},{"floor":16,"key":"PowerPotion"},{"floor":20,"key":"PowerPotion"}],"is_trial":false,"path_per_floor":["M","?","M","PTL","PTL","$","M","R","E","R","T","R","E","?","$","M","R","B",null,"M","?","?","M"],"character_chosen":"WATCHER","items_purchased":["Replay:Wax Seal","hubris:64BitClover"],"campfire_rested":3,"item_purchase_floors":[6,6],"current_hp_per_floor":[31,20,20,20,20,20,20,38,38,56,56,56,36,36,36,36,54,18,51,7,7,19,0,0],"gold":88,"neow_bonus":"WATCHER_SHAOLIN","is_daily":false,"chose_seed":false,"campfire_upgraded":1,"win_rate":0.0,"timestamp":1611283150,"path_taken":["M","?","M","PTL","PTL","$","M","R","E","R","T","R","E","?","$","M","R","BOSS","M","?","?","M"],"items_purchased_type":["Relic","Relic"],"build_version":"2020-12-22","purchased_purges":1,"victory":false,"max_hp_per_floor":[62,62,62,62,62,62,62,62,62,62,62,62,62,62,62,62,62,62,62,62,62,62,62,62],"relic_stats":{"counters":[9,41],"obtain_stats":[{"hubris:64BitClover":6,"StSpp:JackpotMachine":9,"Replay:WaspNest":11,"Iron Hammer":13,"Ring of Chaos":19,"EVO:Axolotl":0,"PureWater":0,"Replay:Wax Seal":6,"hubris:Towel":21},{"hubris:64BitClover":2,"StSpp:JackpotMachine":4,"Replay:WaspNest":4,"Iron Hammer":5,"Ring of Chaos":7,"EVO:Axolotl":0,"PureWater":0,"Replay:Wax Seal":2,"hubris:Towel":8},{"hubris:64BitClover":6,"StSpp:JackpotMachine":15,"Replay:WaspNest":15,"Iron Hammer":20,"Ring of Chaos":32,"EVO:Axolotl":0,"PureWater":0,"Replay:Wax Seal":6,"hubris:Towel":39}]},"card_choices":[{"not_picked":["Replay:AtTheReady","FlyingSleeves","Reflex"],"picked":"SKIP","floor":1},{"not_picked":["Replay:ManipulateFuture","Collect"],"picked":"EmptyBody","floor":3},{"not_picked":["Outmaneuver","Replay:BluntJabs"],"picked":"EmptyBody","floor":7},{"not_picked":["FlyingSleeves","Unload","Sentinel"],"picked":"SKIP","floor":9},{"not_picked":["Storm","Replay:Anticipation"],"picked":"InnerPeace","floor":13},{"not_picked":["EmptyFist","Prostrate"],"picked":"PathToVictory","floor":16},{"not_picked":["Establishment","Berserk"],"picked":"Envenom","floor":18},{"not_picked":["Stack","EmptyFist"],"picked":"Outmaneuver+1","floor":20}],"player_experience":1011179,"relics_obtained":[{"floor":9,"key":"StSpp:JackpotMachine"},{"floor":11,"key":"Replay:WaspNest"},{"floor":13,"key":"Iron Hammer"}],"event_choices":[{"damage_healed":0,"gold_gain":75,"player_choice":"Gold","damage_taken":11,"max_hp_gain":0,"max_hp_loss":0,"event_name":"betterThird:BetterGoop","floor":2,"gold_loss":0},{"cards_removed":["InnerPeace"],"damage_healed":0,"gold_gain":0,"player_choice":"Purged","damage_taken":0,"max_hp_gain":0,"max_hp_loss":0,"event_name":"Purifier","floor":14,"gold_loss":0},{"damage_healed":12,"gold_gain":0,"player_choice":"Heal","damage_taken":0,"max_hp_gain":0,"max_hp_loss":0,"event_name":"The Library","floor":22,"gold_loss":0}],"is_beta":false,"boss_relics":[{"not_picked":["Sozu","Replay:Bronze Core"],"picked":"Ring of Chaos"}],"items_purged_floors":[6],"is_endless":false,"potions_floor_spawned":[1,9,16,20],"killed_by":"3 Byrds","ascension_level":20}}