{"host":"4u4xibnmtqpdl4qa","time":1611342014,"event":{"mods":["2.2 Compatiblity","AchievementEnabler","BaseMod","Colored Map","Colored Powertips","Curses Come First","DeckTracker","Downfall","Highlight Path","Minty Spire (QoL Compilation)","Quick Restart","Rare Cards Sparkle","Relic Stats","Shop Mod","StSLib","SuperFastMode","The Senshi","The Vixen","TheHero","Waifu the Spire"],"gold_per_floor":[99,109,109,109,109,71,71,81,100,131,581,601,26,61,76,76,76,76],"floor_reached":16,"language":"ENG","playtime":1224,"items_purged":["downfall:Icky"],"score":110,"play_id":"e7f24ef6-342d-4ac6-a9ae-2dca00245447","local_time":"20210122200014","is_ascension_mode":false,"campfire_choices":[{"data":"champ:Taunt","floor":1.0,"key":"SMITH"}],"circlet_count":0,"master_deck":["champ:Strike","champ:Strike","champ:Strike","champ:Strike","champ:Defend","champ:Defend","champ:Defend","champ:Defend","champ:Execute","champ:Taunt+1","champ:Circumvent","champ:StanceDance","champ:ShieldWall","champ:FanOfKnives","champ:PreciseThrust","champ:FocusedDefense","champ:GladiatorForm","downfall:Icky","downfall:Icky","champ:BringItOn","champ:UltimateStance","champ:GladiatorStyle","champ:BladeFlurry","champ:CrownThrow"],"relics":["champ:ChampionCrown","Torii","The Courier","Girya","PreservedInsect","Juzu Bracelet"],"acts_visited":["Exordium"],"potions_floor_usage":[10,16,16],"damage_taken":[{"damage":17.0,"enemies":"Small Slimes","floor":2.0,"turns":3.0},{"damage":0.0,"enemies":"Cultist","floor":5.0,"turns":1.0},{"damage":10.0,"enemies":"downfall:FleeingMerchant","floor":6.0,"turns":4.0},{"damage":10.0,"enemies":"2 Louse","floor":8.0,"turns":3.0},{"damage":18,"enemies":"Gremlin Gang","floor":9,"turns":3},{"damage":27,"enemies":"Gremlin Nob","floor":10,"turns":5},{"damage":6,"enemies":"3 Louse","floor":12,"turns":3},{"damage":10,"enemies":"downfall:FleeingMerchant","floor":13,"turns":4},{"damage":18,"enemies":"3 Sentries","floor":14,"turns":6},{"damage":8,"enemies":"Red Slaver","floor":15,"turns":4},{"damage":83,"enemies":"DF_ARCHETYPE_STREAMLINE","floor":16,"turns":9}],"seed_played":"-4864432772565346742","potions_obtained":[{"floor":9,"key":"AttackPotion"},{"floor":14,"key":"EntropicBrew"},{"floor":15,"key":"SpeedPotion"}],"is_trial":false,"path_per_floor":["R","M","?","?","M","$","T","M","M","E","?","M","$","E","M","B"],"character_chosen":"THE_CHAMP","items_purchased":["champ:FanOfKnives","Girya","PreservedInsect","champ:UltimateStance","champ:GladiatorStyle"],"campfire_rested":0,"item_purchase_floors":[6,13,13,13,13],"current_hp_per_floor":[99,92,92,92,92,92,92,92,84,82,82,76,76,68,60,0,0,0],"gold":76,"neow_bonus":"TEN_PERCENT_HP_BONUS","is_daily":false,"chose_seed":false,"campfire_upgraded":1,"win_rate":0.0,"timestamp":1611342014,"path_taken":["R","M","?","?","?","?","T","M","M","E","?","M","$","E","M","BOSS"],"items_purchased_type":["Card","Relic","Relic","Card","Card"],"build_version":"2020-12-22","purchased_purges":1,"victory":false,"max_hp_per_floor":[99,99,99,99,99,99,99,99,99,99,99,99,99,99,99,99,99,99],"relic_stats":{"Torii":5,"counters":[11,45],"PreservedInsect":31,"Juzu Bracelet":0,"obtain_stats":[{"Girya":13,"downfall:BrokenWingStatue":3,"Torii":7,"champ:ChampionCrown":0,"The Courier":10,"PreservedInsect":13,"Juzu Bracelet":14},{"Girya":8,"downfall:BrokenWingStatue":1,"Torii":3,"champ:ChampionCrown":0,"The Courier":6,"PreservedInsect":8,"Juzu Bracelet":9},{"Girya":26,"downfall:BrokenWingStatue":3,"Torii":8,"champ:ChampionCrown":0,"The Courier":19,"PreservedInsect":26,"Juzu Bracelet":32}]},"card_choices":[{"not_picked":["champ:StanceDance","champ:TornadoPunch"],"picked":"champ:Circumvent","floor":2.0},{"not_picked":["champ:ArenaPreparation","champ:FlashCut"],"picked":"champ:StanceDance","floor":5.0},{"not_picked":["champ:FancyFootwork","champ:IronFortress"],"picked":"champ:ShieldWall","floor":6.0},{"not_picked":["champ:Encircle","champ:Lariat"],"picked":"champ:PreciseThrust","floor":8.0},{"not_picked":["champ:BringItOn","champ:PreemptiveStrike"],"picked":"champ:FocusedDefense","floor":9},{"not_picked":["champ:Shatter","champ:FancyFootwork"],"picked":"champ:GladiatorForm","floor":10},{"not_picked":["champ:RisingSlash","champ:Haymaker","champ:PerfectedStrike"],"picked":"SKIP","floor":12},{"not_picked":["champ:Shatter","champ:FanOfKnives"],"picked":"champ:BringItOn","floor":13},{"not_picked":["champ:SwordThrow","champ:SkillfulDodge"],"picked":"champ:BladeFlurry","floor":14},{"not_picked":["champ:GutPunch","champ:RisingSlash"],"picked":"champ:CrownThrow","floor":15}],"player_experience":204634,"relics_obtained":[{"floor":7.0,"key":"Torii"},{"floor":10,"key":"The Courier"},{"floor":14,"key":"Juzu Bracelet"}],"event_choices":[{"damage_healed":0.0,"max_hp_gain":0.0,"max_hp_loss":0.0,"gold_gain":0.0,"event_name":"NoteForYourself","player_choice":"Ignored","floor":4.0,"gold_loss":0.0,"damage_taken":0.0}],"is_beta":false,"boss_relics":[],"items_purged_floors":[13],"is_endless":false,"potions_floor_spawned":[9,14,15],"killed_by":"DF_ARCHETYPE_STREAMLINE","ascension_level":0}}