{"host":"qekv59dthhdg54sz","time":1611345730,"event":{"mods":["AchievementEnabler","BaseMod","Colored Map","DeckTracker","KOR Keyword Fix","Minty Spire (QoL Compilation)","Rare Cards Sparkle","StSLib","SuperFastMode"],"gold_per_floor":[117,117,42,54,54,54,65,90,115,127,127,127,127],"floor_reached":12,"language":"KOR","playtime":268,"items_purged":[],"score":156,"play_id":"26fb46be-d410-4c62-8679-df0a5bfad208","local_time":"20210123050210","is_ascension_mode":true,"campfire_choices":[{"data":"Master of Strategy","floor":6,"key":"SMITH"},{"floor":11,"key":"REST"}],"circlet_count":0,"master_deck":["AscendersBane","Strike_G","Strike_G","Strike_G","Strike_G","Strike_G","Defend_G+1","Defend_G+1","Defend_G","Defend_G","Defend_G","Survivor","Neutralize","Master of Strategy+1","Bouncing Flask","Dagger Throw","Backflip","Acrobatics"],"relics":["Ring of the Snake","Snake Skull","Happy Flower","War Paint"],"acts_visited":["Exordium"],"potions_floor_usage":[4],"damage_taken":[{"damage":2,"enemies":"2 Louse","floor":1,"turns":4},{"damage":5,"enemies":"Small Slimes","floor":4,"turns":5},{"damage":0,"enemies":"Jaw Worm","floor":7,"turns":5},{"damage":20,"enemies":"Lagavulin","floor":8,"turns":6},{"damage":21,"enemies":"Lots of Slimes","floor":10,"turns":7},{"damage":2,"enemies":"3 Sentries","floor":12,"turns":3}],"seed_played":"729993042144792038","potions_obtained":[{"floor":1,"key":"AttackPotion"},{"floor":8,"key":"Weak Potion"}],"is_trial":false,"path_per_floor":["M","?","?","M","?","R","M","E","T","M","R","E"],"character_chosen":"THE_SILENT","items_purchased":[],"campfire_rested":1,"item_purchase_floors":[],"current_hp_per_floor":[57,62,62,57,52,52,52,32,32,11,32,30,30],"gold":127,"neow_bonus":"RANDOM_COLORLESS_2","is_daily":false,"chose_seed":true,"campfire_upgraded":1,"win_rate":0.0,"timestamp":1611345730,"path_taken":["M","?","?","M","?","R","M","E","T","M","R","E"],"items_purchased_type":[],"build_version":"2020-12-22","purchased_purges":0,"victory":false,"max_hp_per_floor":[66,71,71,71,71,71,71,71,71,71,71,71,71],"card_choices":[{"not_picked":["Sadistic Nature","Secret Technique"],"picked":"Master of Strategy","floor":0},{"not_picked":["Cloak And Dagger","Underhanded Strike"],"picked":"Bouncing Flask","floor":1},{"not_picked":["Sucker Punch","Choke"],"picked":"Dagger Throw","floor":4},{"not_picked":["Flying Knee","Choke"],"picked":"Backflip","floor":7},{"not_picked":["Quick Slash","Eviscerate"],"picked":"Acrobatics","floor":8},{"not_picked":["Dagger Throw","Dodge and Roll","Deflect"],"picked":"SKIP","floor":10}],"player_experience":808719,"relics_obtained":[{"floor":8,"key":"Happy Flower"},{"floor":9,"key":"War Paint"}],"event_choices":[{"damage_healed":0,"gold_gain":0,"player_choice":"Donut","damage_taken":0,"max_hp_gain":5,"max_hp_loss":0,"event_name":"Big Fish","floor":2,"gold_loss":0},{"cards_removed":["Writhe"],"damage_healed":0,"gold_gain":0,"player_choice":"Card Removal","damage_taken":0,"max_hp_gain":0,"max_hp_loss":0,"event_name":"The Cleric","floor":3,"gold_loss":75},{"damage_healed":0,"gold_gain":0,"player_choice":"Success","damage_taken":5,"relics_obtained":["Snake Skull"],"max_hp_gain":0,"max_hp_loss":0,"event_name":"Scrap Ooze","floor":5,"gold_loss":0}],"is_beta":false,"boss_relics":[],"items_purged_floors":[],"is_endless":false,"potions_floor_spawned":[1,8],"killed_by":"3 Sentries","ascension_level":20}}