{"host":"x3xr1fzypq6qqz5s","time":1611302649,"event":{"mods":["BaseMod","Better Vampires","Colored Powertips","DeckTracker","Highlight Path","Minty Spire (QoL Compilation)","Quick Restart","Rare Cards Sparkle","Relic Stats"],"gold_per_floor":[111,286,298,298,309,309,324,324,349,3,24,24,24,53,53,154,154,166,24,34,34,54,54,54],"floor_reached":23,"language":"ZHS","playtime":1170,"items_purged":["Doubt"],"score":189,"play_id":"8ecfad6c-1d41-493c-b3c6-d566cd1944e3","local_time":"20210122160409","is_ascension_mode":false,"campfire_choices":[{"data":"Hologram","floor":6,"key":"SMITH"},{"data":"Redo","floor":8,"key":"SMITH"},{"data":"Defragment","floor":13,"key":"SMITH"},{"data":"Barrage","floor":15,"key":"SMITH"}],"circlet_count":0,"master_deck":["Strike_B","Strike_B+1","Strike_B+1","Defend_B","Defend_B","Defend_B","Zap","Dualcast","Redo+1","Hologram+1","Conserve Battery","Capacitor","Defragment+1","Conserve Battery+1","Seek+1","Barrage+1","Thunder Strike","Chaos+1","Consume+1","Force Field+1","Rebound"],"relics":["Cracked Core","Oddly Smooth Stone","Boot","Toxic Egg 2","Odd Mushroom","Whetstone","Inserter"],"acts_visited":["TheCity"],"potions_floor_usage":[11,23],"damage_taken":[{"damage":10.0,"enemies":"Small Slimes","floor":1.0,"turns":3.0},{"damage":0.0,"enemies":"2 Louse","floor":3.0,"turns":2.0},{"damage":6.0,"enemies":"Jaw Worm","floor":5.0,"turns":4.0},{"damage":0,"enemies":"Looter","floor":7,"turns":3},{"damage":3,"enemies":"The Mushroom Lair","floor":11,"turns":4},{"damage":7,"enemies":"Lagavulin","floor":14,"turns":7},{"damage":29,"enemies":"Slime Boss","floor":16,"turns":9},{"damage":28,"enemies":"Spheric Guardian","floor":18,"turns":6},{"damage":4,"enemies":"Chosen","floor":20,"turns":5},{"damage":13,"enemies":"Centurion and Healer","floor":22,"turns":7},{"damage":30,"enemies":"Gremlin Leader","floor":23,"turns":3}],"seed_played":"4411642925274703789","potions_obtained":[{"floor":7,"key":"AttackPotion"},{"floor":14,"key":"LiquidBronze"},{"floor":18,"key":"SneckoOil"}],"is_trial":false,"path_per_floor":["M","?","M","?","M","R","M","R","T","$","?","$","R","E","R","B",null,"M","$","M","?","M","E"],"character_chosen":"DEFECT","items_purchased":["Toxic Egg 2","Defragment","Conserve Battery+1","Consume+1"],"campfire_rested":0,"item_purchase_floors":[10,10,10,19],"current_hp_per_floor":[65,65,65,58,52,52,52,52,52,52,49,49,49,42,42,13,75,47,47,43,43,30,0,0],"gold":54,"neow_bonus":"THREE_CARDS","is_daily":false,"chose_seed":false,"campfire_upgraded":4,"win_rate":0.0,"timestamp":1611302649,"path_taken":["M","?","M","?","?","R","M","R","T","$","?","$","R","E","R","BOSS","M","$","M","?","M","E"],"items_purchased_type":["Relic","Card","Card","Card"],"build_version":"2020-12-22","purchased_purges":1,"victory":false,"max_hp_per_floor":[75,75,75,75,75,75,75,75,75,75,75,75,75,75,75,75,75,75,75,75,75,75,75,75],"relic_stats":{"Inserter":[10],"counters":[11,53],"Whetstone":["Strike_B","Strike_B"],"Boot":[13],"obtain_stats":[{"Inserter":17,"Oddly Smooth Stone":4,"Whetstone":14,"Toxic Egg 2":10,"Odd Mushroom":11,"Cracked Core":0,"Boot":9},{"Inserter":7,"Oddly Smooth Stone":2,"Whetstone":6,"Toxic Egg 2":4,"Odd Mushroom":5,"Cracked Core":0,"Boot":4},{"Inserter":32,"Oddly Smooth Stone":5,"Whetstone":23,"Toxic Egg 2":12,"Odd Mushroom":16,"Cracked Core":0,"Boot":12}]},"card_choices":[{"not_picked":["Steam","Recycle"],"picked":"Redo","floor":0.0},{"not_picked":["Turbo","Go for the Eyes"],"picked":"Hologram","floor":1.0},{"not_picked":["Compile Driver","Hologram"],"picked":"Conserve Battery","floor":3.0},{"not_picked":["Go for the Eyes","Ball Lightning"],"picked":"Capacitor","floor":5},{"not_picked":["Hologram","Steam","Chill"],"picked":"SKIP","floor":7},{"not_picked":["Scrape","Streamline"],"picked":"Seek+1","floor":11},{"not_picked":["Cold Snap","Beam Cell"],"picked":"Barrage","floor":14},{"not_picked":["Echo Form","Creative AI"],"picked":"Thunder Strike","floor":16},{"not_picked":["Streamline+1","Conserve Battery+1"],"picked":"Chaos+1","floor":18},{"not_picked":["Cold Snap","Stack+1","Coolheaded+1"],"picked":"SKIP","floor":20},{"not_picked":["Beam Cell","Streamline","Gash"],"picked":"SKIP","floor":22}],"player_experience":607647,"relics_obtained":[{"floor":9,"key":"Boot"},{"floor":11,"key":"Odd Mushroom"},{"floor":14,"key":"Whetstone"}],"event_choices":[{"damage_healed":0.0,"max_hp_gain":0.0,"max_hp_loss":0.0,"gold_gain":175.0,"event_name":"Liars Game","player_choice":"AGREE","floor":2.0,"gold_loss":0.0,"damage_taken":0.0,"cards_obtained":["Doubt"]},{"damage_healed":0.0,"max_hp_gain":0.0,"max_hp_loss":0.0,"gold_gain":0.0,"event_name":"Scrap Ooze","player_choice":"Success","floor":4.0,"gold_loss":0.0,"damage_taken":7.0,"relics_obtained":["Oddly Smooth Stone"]},{"damage_healed":0,"gold_gain":0,"player_choice":"Fought Mushrooms","damage_taken":0,"max_hp_gain":0,"max_hp_loss":0,"event_name":"Mushrooms","floor":11,"gold_loss":0},{"damage_healed":0,"gold_gain":0,"cards_transformed":["Strike_B","Defend_B"],"player_choice":"Became Test Subject","damage_taken":0,"max_hp_gain":0,"max_hp_loss":0,"event_name":"Drug Dealer","floor":21,"gold_loss":0,"cards_obtained":["Force Field","Rebound"]}],"is_beta":false,"boss_relics":[{"not_picked":["Velvet Choker","Sozu"],"picked":"Inserter"}],"items_purged_floors":[19],"is_endless":false,"potions_floor_spawned":[7,14,18],"killed_by":"Gremlin Leader","ascension_level":0}}