{"host":"u7y9frlpoazak2mn","time":1611352333,"event":{"mods":["AchievementEnabler","Act Like it!","Alarm Clock","Aspiration","Astrologer","BaseMod","Beaked The Cultist","Better Altar","Better Match","Better Note","Better Sensory Stone","Better Skull","Better Third Choice","CCEM","Chen","Colored Map","Colored Powertips","Conspire","Curses Come First","Displayed Cursed Tome","Energized Spire","Fox Events","Friendly Minions","Gensokyo","GifTheSpireLib","Glutton Mod","Halation","Hallownest","Hermit","Hubris","Infinite Spire","Jedi Mod","Koishi","Lobotomy","LobotomyExtend","Marisa????????","Mimic Mod","Minty Spire (QoL Compilation)","Pale of the Ancients","Prisma Mod","Quarter Circle Forward PUNCH!","Quick Restart","Random Character Button","Rare Cards Sparkle","Relic Stats","Remilia??????","Replay The Spire","Retaliation","Spicy Shops","Spikes Relics","StS++","StSLib","Stuff the Spire","The Administrix","The Blue Laboratory","The Bug Knight","The Construct","The Cursed","The Druid","The Forsaken","The Juggle","The Jungle","The Marked","The Servant 0.9.4","Trackpad","Waifu the Spire","Wandering Minibosses","Wide Potions","Yuri Mod","vexMod"],"gold_per_floor":[118,136,150,170,182,182,182],"floor_reached":6,"language":"ENG","playtime":623,"items_purged":[],"score":40,"play_id":"4a90bcc2-81f6-4f5d-89a3-fb7492b71011","local_time":"20210122165213","is_ascension_mode":false,"campfire_choices":[],"circlet_count":0,"master_deck":["HollowMod:NailStrikeStart","HollowMod:NailStrikeStart","HollowMod:NailStrikeStart","HollowMod:NailStrikeStart","HollowMod:QuickDashStart","HollowMod:QuickDashStart","HollowMod:QuickDashStart","HollowMod:QuickDashStart","HollowMod:FocusHealStart","HollowMod:PogoStrike","Scorched","HollowMod:PerfectDash","OSAHOGD","HollowMod:PerfectDash","WallGazer","HollowMod:HuntersJournal","OldLady","HollowMod:SiblingsSouls","BeautyBeast","HollowMod:SoulEater"],"relics":["HollowMod:VesselMask","CogitoBucket","LetterFromLob"],"acts_visited":["Exordium"],"potions_floor_usage":[4],"damage_taken":[{"damage":0,"enemies":"Gensokyo:3_Fairies","floor":1,"turns":3},{"damage":0,"enemies":"Gensokyo:Python","floor":2,"turns":2},{"damage":0,"enemies":"Gensokyo:2_Kodama","floor":3,"turns":1},{"damage":46,"enemies":"Gensokyo:Gryphon_and_Rabbit","floor":4,"turns":4},{"damage":6,"enemies":"Gensokyo:CorruptedTreant","floor":5,"turns":2},{"damage":30,"enemies":"Gensokyo:Mamizou","floor":6,"turns":3}],"seed_played":"5665484029587200053","potions_obtained":[{"floor":3,"key":"Fire Potion"},{"floor":5,"key":"PowerPotion"}],"is_trial":false,"path_per_floor":["M","M","M","M","M","E"],"character_chosen":"THE_BUGKNIGHT","items_purchased":[],"campfire_rested":0,"item_purchase_floors":[],"current_hp_per_floor":[75,75,75,29,23,0,0],"gold":182,"neow_bonus":"","is_daily":false,"chose_seed":false,"campfire_upgraded":0,"win_rate":0.0,"timestamp":1611352333,"path_taken":["M","?","M","M","M","E"],"items_purchased_type":[],"build_version":"2020-12-22","purchased_purges":0,"victory":false,"max_hp_per_floor":[75,75,75,75,75,75,75],"relic_stats":{"counters":[6,15],"obtain_stats":[{"CogitoBucket":0,"HollowMod:VesselMask":0,"LetterFromLob":1},{"CogitoBucket":0,"HollowMod:VesselMask":0,"LetterFromLob":1},{"CogitoBucket":0,"HollowMod:VesselMask":0,"LetterFromLob":3}]},"card_choices":[{"not_picked":["SpiderBud","OldLady"],"picked":"Scorched","floor":1},{"not_picked":["HollowMod:GoodIntentions","HollowMod:ShadowDash"],"picked":"HollowMod:PerfectDash","floor":1},{"not_picked":["Bloodbath","ShyLook"],"picked":"OSAHOGD","floor":2},{"not_picked":["HollowMod:DoubleDash","HollowMod:GreatSlash"],"picked":"HollowMod:PerfectDash","floor":2},{"not_picked":["VoidDream","Wellcheers"],"picked":"WallGazer","floor":3},{"not_picked":["HollowMod:DescendingDark","HollowMod:PerfectDash"],"picked":"HollowMod:HuntersJournal","floor":3},{"not_picked":["QueenBee","PunishingBird"],"picked":"OldLady","floor":4},{"not_picked":["HollowMod:ShapeofUnn","HollowMod:FallenFury"],"picked":"HollowMod:SiblingsSouls","floor":4},{"not_picked":["Yin","PunishingBird"],"picked":"BeautyBeast","floor":5},{"not_picked":["HollowMod:MonarchWings","HollowMod:MawleksShell"],"picked":"HollowMod:SoulEater","floor":5}],"player_experience":357158,"relics_obtained":[{"floor":1,"key":"LetterFromLob"}],"event_choices":[],"is_beta":false,"boss_relics":[],"items_purged_floors":[],"is_endless":false,"potions_floor_spawned":[3,5],"killed_by":"Gensokyo:Mamizou","ascension_level":0}}