{"host":"ji1fk25fd1ga4ji1","time":1611295387,"event":{"mods":["2.2 Compatiblity","BaseMod","Colored Map","DeckTracker","Minty Spire (QoL Compilation)","Permanent Neow","Quick Restart","StSLib","SuperFastMode"],"gold_per_floor":[18,28,28,51,69,69,110,122,159,214,226,258,270,282,294,429,441,469,481,508,520,154,154,169,213,213,226,240,265,281,312,312,431,431,445,345,369,231,247,283,302,302,302,346,165,165,181,202,202,202,202,202,4,43,43],"floor_reached":56,"language":"KOR","playtime":1282,"items_purged":["Defend_R","Strike_R","Defend_R"],"score":1384,"play_id":"eeef8273-e061-479c-acd4-6be32bc68664","local_time":"20210122150307","is_ascension_mode":true,"campfire_choices":[{"data":"Perfected Strike","floor":6.0,"key":"SMITH"},{"data":"Rampage","floor":8.0,"key":"SMITH"},{"data":"Offering","floor":11.0,"key":"SMITH"},{"data":"True Grit","floor":13.0,"key":"SMITH"},{"floor":15.0,"key":"RECALL"},{"data":"Berserk","floor":23.0,"key":"SMITH"},{"data":"Limit Break","floor":32.0,"key":"SMITH"},{"data":"Limit Break","floor":42.0,"key":"SMITH"},{"data":"Pummel","floor":46.0,"key":"SMITH"},{"data":"Bash","floor":49.0,"key":"SMITH"},{"data":"Fiend Fire","floor":52.0,"key":"SMITH"}],"circlet_count":0,"master_deck":["Strike_R","Strike_R","Strike_R","Defend_R+1","Bash+1","Perfected Strike+1","Rampage+1","True Grit+1","Offering+1","Fiend Fire+1","Shrug It Off+1","Berserk+1","Limit Break+1","Shrug It Off+1","Inflame+1","Reaper","Pummel+1","Bloodletting+1","Limit Break+1","Evolve+1","Disarm"],"relics":["Black Blood","Lizard Tail","Golden Idol","MawBank","MealTicket","Toy Ornithopter","Nloth\u0027s Gift","War Paint","PreservedInsect","Akabeko","Frozen Egg 2","Philosopher\u0027s Stone","Omamori","Dream Catcher","Regal Pillow","InkBottle","The Courier","Vajra","Art of War"],"acts_visited":["Exordium","TheCity","TheBeyond","TheEnding"],"potions_floor_usage":[54,55,55],"damage_taken":[{"damage":0.0,"enemies":"2 Louse","floor":1.0,"turns":2.0},{"damage":6.0,"enemies":"Jaw Worm","floor":2.0,"turns":3.0},{"damage":1.0,"enemies":"Cultist","floor":4.0,"turns":3.0},{"damage":0.0,"enemies":"3 Louse","floor":5.0,"turns":5.0},{"damage":26.0,"enemies":"3 Sentries","floor":7.0,"turns":7.0},{"damage":19.0,"enemies":"Lagavulin","floor":10.0,"turns":7.0},{"damage":10.0,"enemies":"Exordium Thugs","floor":12.0,"turns":3.0},{"damage":26.0,"enemies":"Slime Boss","floor":16.0,"turns":10.0},{"damage":16.0,"enemies":"3 Byrds","floor":18.0,"turns":6.0},{"damage":36.0,"enemies":"2 Thieves","floor":20.0,"turns":5.0},{"damage":40.0,"enemies":"Snecko","floor":24.0,"turns":5.0},{"damage":6.0,"enemies":"Gremlin Leader","floor":25.0,"turns":5.0},{"damage":6.0,"enemies":"3 Cultists","floor":27.0,"turns":5.0},{"damage":6.0,"enemies":"Sentry and Sphere","floor":28.0,"turns":4.0},{"damage":9.0,"enemies":"Chosen and Byrds","floor":29.0,"turns":4.0},{"damage":6.0,"enemies":"3 Cultists","floor":30.0,"turns":5.0},{"damage":60.0,"enemies":"Book of Stabbing","floor":31.0,"turns":6.0},{"damage":32.0,"enemies":"Champ","floor":33.0,"turns":7.0},{"damage":29.0,"enemies":"3 Darklings","floor":35.0,"turns":7.0},{"damage":6.0,"enemies":"Orb Walker","floor":39.0,"turns":2.0},{"damage":27.0,"enemies":"Reptomancer","floor":40.0,"turns":5.0},{"damage":25.0,"enemies":"Writhing Mass","floor":41.0,"turns":2.0},{"damage":6.0,"enemies":"Nemesis","floor":44.0,"turns":3.0},{"damage":18.0,"enemies":"Maw","floor":47.0,"turns":6.0},{"damage":43.0,"enemies":"4 Shapes","floor":48.0,"turns":6.0},{"damage":71.0,"enemies":"Donu and Deca","floor":50.0,"turns":6.0},{"damage":66,"enemies":"Shield and Spear","floor":54,"turns":4},{"damage":91,"enemies":"The Heart","floor":55,"turns":6}],"seed_played":"4582074218509699557","potions_obtained":[{"floor":5.0,"key":"BloodPotion"},{"floor":7.0,"key":"Block Potion"},{"floor":10.0,"key":"PowerPotion"},{"floor":16.0,"key":"HeartOfIron"},{"floor":20.0,"key":"SpeedPotion"},{"floor":24.0,"key":"Explosive Potion"},{"floor":28.0,"key":"FearPotion"},{"floor":33.0,"key":"Energy Potion"},{"floor":39.0,"key":"Fruit Juice"},{"floor":41.0,"key":"SneckoOil"},{"floor":44.0,"key":"SteroidPotion"},{"floor":54,"key":"LiquidBronze"}],"is_trial":false,"path_per_floor":["M","M","?","M","M","R","E","R","T","E","R","M","R","?","R","B",null,"M","?","M","?","$","R","M","E","T","M","M","M","M","E","R","B",null,"M","$","T","?","M","E","M","R","T","E","$","R","M","M","R","B",null,"R","$","E","B",null],"character_chosen":"IRONCLAD","items_purchased":["War Paint","PreservedInsect","FairyPotion","Vajra","CultistPotion"],"campfire_rested":0,"item_purchase_floors":[22,22,45,53,53],"current_hp_per_floor":[80,80,60,65,71,71,51,51,51,38,38,55,55,30,30,20,80,76,76,52,52,67,67,39,45,45,51,62,65,71,23,23,52,80,78,80,80,80,80,80,67,67,67,85,85,85,79,85,85,74,85,85,85,31,71],"gold":43,"neow_bonus":"ONE_RARE_RELIC","is_daily":false,"chose_seed":false,"campfire_upgraded":10,"win_rate":0.0,"timestamp":1611295387,"path_taken":["M","M","?","M","M","R","E","R","T","E","R","M","R","?","R","BOSS","M","?","M","?","$","R","M","E","T","M","M","M","M","E","R","BOSS","M","$","?","?","M","E","M","R","T","E","$","R","M","?","R","BOSS","R","$","E","BOSS"],"items_purchased_type":["Relic","Relic","Potion","Relic","Potion"],"build_version":"2020-12-22","purchased_purges":3,"victory":true,"max_hp_per_floor":[80,80,80,80,80,80,80,80,80,80,80,80,80,80,80,80,80,80,80,80,80,80,80,80,80,80,80,80,80,80,80,80,80,80,80,80,80,80,80,80,80,80,80,85,85,85,85,85,85,85,85,85,85,85,85],"card_choices":[{"not_picked":["Clash","Sword Boomerang"],"picked":"Perfected Strike","floor":1.0},{"not_picked":["Wild Strike","Feel No Pain"],"picked":"Rampage","floor":2.0},{"not_picked":["Pommel Strike","True Grit","Infernal Blade"],"picked":"SKIP","floor":4.0},{"not_picked":["Pommel Strike","Infernal Blade"],"picked":"True Grit","floor":4.0},{"not_picked":["Rage","Metallicize","Perfected Strike"],"picked":"SKIP","floor":5.0},{"not_picked":["Iron Wave","Pummel","Metallicize"],"picked":"SKIP","floor":7.0},{"not_picked":["Thunderclap","Rupture"],"picked":"Offering","floor":10.0},{"not_picked":["Twin Strike","Heavy Blade","Rage"],"picked":"SKIP","floor":12.0},{"not_picked":["Berserk","Barricade"],"picked":"Fiend Fire","floor":16.0},{"not_picked":["Wild Strike","Whirlwind"],"picked":"Shrug It Off","floor":18.0},{"not_picked":["Thunderclap+1","True Grit"],"picked":"Shrug It Off+1","floor":20.0},{"not_picked":["Dark Embrace","Reckless Charge"],"picked":"Inflame+1","floor":24.0},{"not_picked":["Dark Embrace","Warcry","Sever Soul+1"],"picked":"SKIP","floor":25.0},{"not_picked":["Wild Strike+1","Shockwave","Flex"],"picked":"SKIP","floor":27.0},{"not_picked":["Sword Boomerang","Anger+1","Body Slam"],"picked":"SKIP","floor":28.0},{"not_picked":["Sword Boomerang","Anger+1","Body Slam"],"picked":"SKIP","floor":28.0},{"not_picked":["Shockwave+1","Wild Strike","Sever Soul"],"picked":"SKIP","floor":29.0},{"not_picked":["Dual Wield","Havoc","Headbutt+1"],"picked":"SKIP","floor":30.0},{"not_picked":["Dual Wield","Havoc","Headbutt+1"],"picked":"SKIP","floor":30.0},{"not_picked":["Blood for Blood","Immolate","Hemokinesis"],"picked":"SKIP","floor":31.0},{"not_picked":["Exhume","Juggernaut+1"],"picked":"Reaper","floor":33.0},{"not_picked":["Blood for Blood","Pummel","Body Slam+1"],"picked":"SKIP","floor":35.0},{"not_picked":["Blood for Blood","Body Slam+1"],"picked":"Pummel","floor":35.0},{"not_picked":["Pommel Strike","Dropkick+1"],"picked":"Bloodletting+1","floor":39.0},{"not_picked":["Reckless Charge+1","Sever Soul"],"picked":"Limit Break","floor":40.0},{"not_picked":["Intimidate+1","Armaments"],"picked":"Evolve+1","floor":41.0},{"not_picked":["Seeing Red","Demon Form+1","Uppercut+1"],"picked":"SKIP","floor":44.0},{"not_picked":["Headbutt","Body Slam","Blood for Blood+1"],"picked":"SKIP","floor":47.0},{"not_picked":["Armaments","Cleave","Seeing Red+1"],"picked":"SKIP","floor":48.0},{"not_picked":["Pummel+1","Seeing Red+1","Disarm"],"picked":"SKIP","floor":54},{"not_picked":["Pummel+1","Seeing Red+1"],"picked":"Disarm","floor":54}],"player_experience":472466,"relics_obtained":[{"floor":7.0,"key":"MawBank"},{"floor":9.0,"key":"MealTicket"},{"floor":10.0,"key":"Toy Ornithopter"},{"floor":25.0,"key":"Akabeko"},{"floor":31.0,"key":"Frozen Egg 2"},{"floor":37.0,"key":"Omamori"},{"floor":40.0,"key":"Regal Pillow"},{"floor":43.0,"key":"InkBottle"},{"floor":44.0,"key":"The Courier"},{"floor":54,"key":"Art of War"}],"event_choices":[{"damage_healed":0.0,"max_hp_gain":0.0,"max_hp_loss":0.0,"gold_gain":0.0,"event_name":"Golden Idol","player_choice":"Take Damage","floor":3.0,"gold_loss":0.0,"damage_taken":20.0,"relics_obtained":["Golden Idol"]},{"damage_healed":0.0,"max_hp_gain":0.0,"max_hp_loss":0.0,"gold_gain":0.0,"event_name":"Scrap Ooze","player_choice":"Success","floor":14.0,"gold_loss":0.0,"damage_taken":25.0,"relics_obtained":["Self Forming Clay"]},{"damage_healed":0.0,"max_hp_gain":0.0,"max_hp_loss":0.0,"gold_gain":0.0,"cards_transformed":["Strike_R","Defend_R"],"event_name":"Drug Dealer","player_choice":"Became Test Subject","floor":19.0,"gold_loss":0.0,"damage_taken":0.0,"cards_obtained":["Berserk","Limit Break"]},{"damage_healed":0.0,"max_hp_gain":0.0,"max_hp_loss":0.0,"gold_gain":0.0,"event_name":"N\u0027loth","player_choice":"Traded Relic","floor":21.0,"relics_lost":["Self Forming Clay"],"gold_loss":0.0,"damage_taken":0.0,"relics_obtained":["Nloth\u0027s Gift"]},{"damage_healed":0.0,"max_hp_gain":0.0,"max_hp_loss":0.0,"gold_gain":0.0,"event_name":"WeMeetAgain","player_choice":"Paid Gold","floor":38.0,"gold_loss":138.0,"damage_taken":0.0,"relics_obtained":["Dream Catcher"]}],"is_beta":false,"boss_relics":[{"not_picked":["Busted Crown","Runic Pyramid"],"picked":"Black Blood"},{"not_picked":["Astrolabe","Runic Dome"],"picked":"Philosopher\u0027s Stone"}],"items_purged_floors":[22,36,45],"is_endless":false,"potions_floor_spawned":[5,7,10,16,20,24,27,28,31,33,39,41,44,54],"ascension_level":1}}