{"host":"15dd7v8o90xso62x","time":1611316451,"event":{"mods":["BaseMod","Minty Spire (QoL Compilation)","Quick Restart","StSLib","SuperFastMode"],"gold_per_floor":[116,116,126,143,143,143,178,178,253,270,290,318,328,345,345,424,424,436,436,455,635,648,680,692,722,734,746,791,282,282,313,313,387,387,398,411,424,16,31,64,64,79,105,105,430,430,430,17,17,17,17,17],"floor_reached":51,"language":"KOR","playtime":1307,"items_purged":["Strike_G","Strike_G"],"score":1894,"play_id":"33afdad8-9df4-4733-a3a1-839ec42a2357","local_time":"20210122205411","is_ascension_mode":true,"campfire_choices":[{"data":"Blade Dance","floor":6.0,"key":"SMITH"},{"data":"Accuracy","floor":8.0,"key":"SMITH"},{"data":"Envenom","floor":15.0,"key":"SMITH"},{"data":"Cloak And Dagger","floor":24.0,"key":"SMITH"},{"data":"Blade Dance","floor":27.0,"key":"SMITH"},{"data":"Terror","floor":30.0,"key":"SMITH"},{"data":"Adrenaline","floor":32.0,"key":"SMITH"},{"data":"Blade Dance","floor":41,"key":"SMITH"},{"data":"Accuracy","floor":44,"key":"SMITH"},{"data":"Accuracy","floor":46,"key":"SMITH"},{"data":"Accuracy","floor":49,"key":"SMITH"}],"circlet_count":0,"master_deck":["AscendersBane","Strike_G","Strike_G","Defend_G","Defend_G","Defend_G","Defend_G","Defend_G","Survivor","Neutralize","Dash+1","Blade Dance+1","Choke","Accuracy+1","Cloak And Dagger+1","Accuracy+1","Backstab","Envenom+1","Blade Dance+1","Adrenaline+1","Accuracy+1","Corpse Explosion","Terror+1","Adrenaline","Blade Dance+1","After Image","Adrenaline","Accuracy+1","Backflip+1","Backflip+1","Well Laid Plans","After Image"],"relics":["Ring of the Snake","NeowsBlessing","Nunchaku","Ninja Scroll","Bottled Tornado","SlaversCollar","MawBank","MealTicket","Dream Catcher","Bag of Marbles","DollysMirror","Juzu Bracelet","WristBlade","Ancient Tea Set","HandDrill","Art of War","PreservedInsect","Old Coin","TheAbacus"],"acts_visited":["Exordium","TheCity","TheBeyond"],"potions_floor_usage":[40,50,50],"damage_taken":[{"damage":0.0,"enemies":"Jaw Worm","floor":1.0,"turns":1.0},{"damage":0.0,"enemies":"Cultist","floor":3.0,"turns":1.0},{"damage":0.0,"enemies":"Small Slimes","floor":4.0,"turns":1.0},{"damage":17.0,"enemies":"Lagavulin","floor":7.0,"turns":5.0},{"damage":0.0,"enemies":"Blue Slaver","floor":10.0,"turns":1.0},{"damage":0.0,"enemies":"Red Slaver","floor":11.0,"turns":3.0},{"damage":0.0,"enemies":"Gremlin Nob","floor":12.0,"turns":1.0},{"damage":0.0,"enemies":"Looter","floor":13.0,"turns":1.0},{"damage":0.0,"enemies":"Exordium Thugs","floor":14.0,"turns":2.0},{"damage":0.0,"enemies":"Slime Boss","floor":16.0,"turns":3.0},{"damage":0.0,"enemies":"Spheric Guardian","floor":18.0,"turns":1.0},{"damage":0.0,"enemies":"Chosen","floor":20.0,"turns":3.0},{"damage":0.0,"enemies":"Sentry and Sphere","floor":22.0,"turns":2.0},{"damage":0.0,"enemies":"Gremlin Leader","floor":23.0,"turns":4.0},{"damage":4.0,"enemies":"Centurion and Healer","floor":25.0,"turns":2.0},{"damage":24.0,"enemies":"Book of Stabbing","floor":28.0,"turns":3.0},{"damage":0.0,"enemies":"Gremlin Leader","floor":31.0,"turns":1.0},{"damage":0.0,"enemies":"Collector","floor":33.0,"turns":2.0},{"damage":0.0,"enemies":"Orb Walker","floor":35.0,"turns":1.0},{"damage":6.0,"enemies":"3 Shapes","floor":36.0,"turns":1.0},{"damage":30.0,"enemies":"Transient","floor":37.0,"turns":6.0},{"damage":0.0,"enemies":"Jaw Worm Horde","floor":39.0,"turns":2.0},{"damage":0,"enemies":"Giant Head","floor":40,"turns":4},{"damage":0,"enemies":"Sphere and 2 Shapes","floor":42,"turns":1},{"damage":0,"enemies":"Mind Bloom Boss Battle","floor":45,"turns":2},{"damage":28,"enemies":"Donu and Deca","floor":50,"turns":4},{"damage":49,"enemies":"Awakened One","floor":51,"turns":4}],"seed_played":"3388150250176748676","potions_obtained":[{"floor":1.0,"key":"Fire Potion"},{"floor":3.0,"key":"SneckoOil"},{"floor":11.0,"key":"DuplicationPotion"},{"floor":13.0,"key":"Weak Potion"},{"floor":16.0,"key":"PowerPotion"},{"floor":20.0,"key":"FearPotion"},{"floor":22.0,"key":"Regen Potion"},{"floor":31.0,"key":"Ancient Potion"},{"floor":37.0,"key":"Fruit Juice"},{"floor":39.0,"key":"SpeedPotion"},{"floor":42,"key":"FearPotion"}],"is_trial":false,"path_per_floor":["M","?","M","M","?","R","E","R","T","M","M","E","M","M","R","B",null,"M","?","M","?","M","E","R","M","T","R","E","$","R","E","R","B",null,"M","M","M","$","M","E","R","M","T","R","?","R","?","$","R","B","B"],"character_chosen":"THE_SILENT","items_purchased":["Terror","Bag of Marbles","DollysMirror","CunningPotion","Accuracy","Ancient Tea Set","HandDrill","After Image","TheAbacus"],"campfire_rested":0,"item_purchase_floors":[29,29,29,29,38,38,38,48,48],"current_hp_per_floor":[59,59,59,59,64,64,47,47,47,47,47,47,47,47,47,47,65,65,65,65,46,46,58,58,54,54,54,30,45,45,45,45,45,65,65,59,34,49,49,49,49,49,49,49,49,49,49,64,64,36,0,0],"gold":17,"neow_bonus":"THREE_ENEMY_KILL","is_daily":false,"chose_seed":false,"campfire_upgraded":11,"win_rate":0.0,"timestamp":1611316451,"path_taken":["M","?","?","M","?","R","E","R","T","M","M","E","M","M","R","BOSS","M","?","M","?","?","E","R","M","T","R","E","$","R","E","R","BOSS","M","M","M","$","M","E","R","M","T","R","?","R","?","$","R","BOSS","BOSS"],"items_purchased_type":["Card","Relic","Relic","Potion","Card","Relic","Relic","Card","Relic"],"build_version":"2020-12-22","purchased_purges":2,"victory":false,"max_hp_per_floor":[66,66,66,66,71,71,71,71,71,71,71,71,71,71,71,71,71,71,71,71,71,71,71,71,71,71,71,71,71,71,71,71,71,71,71,71,76,76,76,76,76,76,76,76,76,76,72,72,72,72,72,72],"card_choices":[{"not_picked":["Dodge and Roll","Underhanded Strike"],"picked":"Dash","floor":1.0},{"not_picked":["Skewer","Dagger Throw"],"picked":"Blade Dance","floor":3.0},{"not_picked":["Dagger Throw","Sucker Punch"],"picked":"Choke","floor":4.0},{"not_picked":["Riddle With Holes","Backflip"],"picked":"Accuracy","floor":7.0},{"not_picked":["Finisher","Outmaneuver"],"picked":"Cloak And Dagger","floor":10.0},{"not_picked":["Skewer","Dagger Throw"],"picked":"Accuracy","floor":11.0},{"not_picked":["Quick Slash","Bane"],"picked":"Backstab","floor":12.0},{"not_picked":["Dagger Spray","Footwork"],"picked":"Envenom","floor":13.0},{"not_picked":["PiercingWail","Catalyst"],"picked":"Blade Dance","floor":14.0},{"not_picked":["Envenom","Malaise"],"picked":"Adrenaline","floor":16.0},{"not_picked":["Caltrops","Dagger Throw","Leg Sweep"],"picked":"SKIP","floor":18.0},{"not_picked":["Reflex","Backstab"],"picked":"Accuracy","floor":20.0},{"not_picked":["Choke","Noxious Fumes","Slice"],"picked":"SKIP","floor":22.0},{"not_picked":["Deadly Poison","Tactician","Bouncing Flask"],"picked":"SKIP","floor":23.0},{"not_picked":["Prepared","Reflex","Dagger Spray"],"picked":"SKIP","floor":25.0},{"not_picked":["Noxious Fumes+1","Quick Slash"],"picked":"Corpse Explosion","floor":28.0},{"not_picked":["Flechettes","Deadly Poison"],"picked":"Blade Dance","floor":31.0},{"not_picked":["Doppelganger","Burst"],"picked":"After Image","floor":33.0},{"not_picked":["Underhanded Strike","Deflect","Dodge and Roll+1"],"picked":"SKIP","floor":35.0},{"not_picked":["Finisher","Bane","Dagger Throw+1"],"picked":"SKIP","floor":36.0},{"not_picked":["Choke","Poisoned Stab"],"picked":"Adrenaline","floor":37.0},{"not_picked":["Acrobatics","Finisher+1"],"picked":"Backflip+1","floor":39.0},{"not_picked":["Infinite Blades","Eviscerate"],"picked":"Backflip+1","floor":40},{"not_picked":["Terror+1","Backflip+1","Deflect"],"picked":"SKIP","floor":42},{"not_picked":["Poisoned Stab","Reflex"],"picked":"Well Laid Plans","floor":45}],"player_experience":1063007,"relics_obtained":[{"floor":7.0,"key":"Nunchaku"},{"floor":9.0,"key":"Ninja Scroll"},{"floor":12.0,"key":"Bottled Tornado"},{"floor":23.0,"key":"MawBank"},{"floor":26.0,"key":"MealTicket"},{"floor":28.0,"key":"Dream Catcher"},{"floor":31.0,"key":"Juzu Bracelet"},{"floor":40,"key":"Art of War"},{"floor":43,"key":"PreservedInsect"},{"floor":45,"key":"Old Coin"}],"event_choices":[{"damage_healed":0.0,"max_hp_gain":0.0,"max_hp_loss":0.0,"gold_gain":0.0,"event_name":"Upgrade Shrine","player_choice":"Upgraded","floor":2.0,"gold_loss":0.0,"damage_taken":0.0,"cards_upgraded":["Dash"]},{"damage_healed":0.0,"max_hp_gain":5.0,"max_hp_loss":0.0,"gold_gain":0.0,"event_name":"Big Fish","player_choice":"Donut","floor":5.0,"gold_loss":0.0,"damage_taken":0.0},{"cards_removed":["Strike_G"],"damage_healed":0.0,"max_hp_gain":0.0,"max_hp_loss":0.0,"gold_gain":0.0,"event_name":"Back to Basics","player_choice":"Elegance","floor":19.0,"gold_loss":0.0,"damage_taken":0.0},{"damage_healed":0.0,"max_hp_gain":0.0,"max_hp_loss":0.0,"gold_gain":180.0,"event_name":"Knowing Skull","player_choice":"GOLD GOLD ","floor":21.0,"potions_obtained":[],"gold_loss":0.0,"damage_taken":19.0,"cards_obtained":[]},{"damage_healed":0,"gold_gain":0,"player_choice":"Fight","damage_taken":0,"max_hp_gain":0,"max_hp_loss":0,"event_name":"MindBloom","floor":45,"gold_loss":0},{"damage_healed":0,"gold_gain":0,"player_choice":"Max HP","damage_taken":0,"max_hp_gain":0,"max_hp_loss":4,"event_name":"Winding Halls","floor":47,"gold_loss":0}],"is_beta":false,"boss_relics":[{"not_picked":["Fusion Hammer","Astrolabe"],"picked":"SlaversCollar"},{"not_picked":["Runic Dome","Coffee Dripper"],"picked":"WristBlade"}],"items_purged_floors":[29,48],"is_endless":false,"potions_floor_spawned":[1,3,11,13,16,20,22,31,37,39,42,45],"killed_by":"Awakened One","ascension_level":20}}