{"host":"0hb9w7uizu7y13wj","time":1611328100,"event":{"mods":["Act Like it!","Aspiration","BaseMod","BetterRewards","Colored Map","Conspire","Downfall","Energized Spire","FTL Soundtrack","Friendly Minions","Halation","Hubris","Infinite Spire","Minty Spire (QoL Compilation)","Quick Restart","Replay The Spire","StSLib","Synergy Search","The Hierophant","The Jungle","The Poker Player","Trackpad","everything is the same but u backflip on backflip","vexMod"],"gold_per_floor":[114,94,104,117,117,147,147,147,147,147,196,196,208,240,250,261,261,339,339,353,353,353,353,363,363,389,407,457,470,470,497,497,527,527,605,605,615,642,642,655,672,699,699,699,699,724,738,756,787,798,798,798,798,798,798,1098,1125,1125],"floor_reached":59,"language":"ENG","playtime":2259,"items_purged":["Defend_R","Defend_R"],"score":2519,"play_id":"56428011-51e5-47ed-85cf-ad8273fd3076","local_time":"20210122150820","is_ascension_mode":true,"campfire_choices":[{"data":"Bash","floor":9.0,"key":"SMITH"},{"data":"Perfected Strike","floor":9.0,"key":"SMITH"},{"floor":12.0,"key":"REST"},{"floor":17.0,"key":"REST"},{"data":"Demon Form","floor":25.0,"key":"SMITH"},{"data":"infinitespire:Menacing","floor":25.0,"key":"SMITH"},{"data":"infinitespire:FinalStrike","floor":32.0,"key":"SMITH"},{"data":"Pommel Strike","floor":32.0,"key":"SMITH"},{"data":"Ghostly Armor","floor":34.0,"key":"SMITH"},{"floor":34.0,"key":"RECALL"},{"data":"Whirlwind","floor":44.0,"key":"SMITH"},{"data":"Immolate","floor":44.0,"key":"SMITH"},{"data":"Heavy Blade","floor":51.0,"key":"SMITH"},{"data":"infinitespire:FinalStrike","floor":51.0,"key":"SMITH"},{"data":"Pommel Strike","floor":55.0,"key":"SMITH"},{"data":"Reaper","floor":55.0,"key":"SMITH"}],"circlet_count":0,"master_deck":["AscendersBane","Strike_R","Strike_R","Strike_R","Strike_R","Strike_R","Defend_R","Defend_R","Bash+1","Cleave+1","Perfected Strike+1","hubris:ReadiedAction","Pommel Strike+1","Demon Form+1","infinitespire:FinalStrike+1","infinitespire:Menacing+1","Ghostly Armor+1","Reaper+1","Immolate+1","Whirlwind+1","Pommel Strike+1","infinitespire:FinalStrike+1","Heavy Blade+1","Evolve"],"relics":["Burning Blood","halation:PenCase","Slimebound:PreparedRelic","halation:LettersToHer","trackpad:Mousetrap","ChewingGum","Snack Pack","trackpad:AdjectivePendant","infinitespire:Satchel","hubris:Towel","vexMod:InvisibilityCloak","infinitespire:CheckeredPen","Snecko Eye","Ancient Tea Set","infinitespire:WardingShard","Guardian:PocketSentry","trackpad:WritersBlock","hubris:Spice","hubris:NiceRug","hubris:TinFlute","Orichalcum","hubris:Zylophone"],"acts_visited":["Exordium","TheCity","TheBeyond","TheEnding"],"potions_floor_usage":[58],"damage_taken":[{"damage":2.0,"enemies":"2 Louse","floor":1.0,"turns":5.0},{"damage":8.0,"enemies":"infinitespire:Voidling","floor":3.0,"turns":5.0},{"damage":6.0,"enemies":"Jaw Worm","floor":4.0,"turns":4.0},{"damage":49.0,"enemies":"3 Sentries","floor":6.0,"turns":7.0},{"damage":7.0,"enemies":"conspire:2 RoseBushes","floor":13.0,"turns":4.0},{"damage":12.0,"enemies":"Replay:BlueRogue","floor":14.0,"turns":7.0},{"damage":13.0,"enemies":"Exordium Wildlife","floor":15.0,"turns":2.0},{"damage":12.0,"enemies":"3 Louse","floor":16.0,"turns":2.0},{"damage":32.0,"enemies":"Slime Boss","floor":18.0,"turns":9.0},{"damage":22.0,"enemies":"2 Thieves","floor":20.0,"turns":3.0},{"damage":0.0,"enemies":"conspire:FuzzyDice","floor":24.0,"turns":5.0},{"damage":0.0,"enemies":"Nightmare","floor":26.0,"turns":4.0},{"damage":21.0,"enemies":"Snake Plant","floor":27.0,"turns":3.0},{"damage":7.0,"enemies":"Centurion and Healer","floor":29.0,"turns":3.0},{"damage":8.0,"enemies":"Slavers","floor":31.0,"turns":3.0},{"damage":0.0,"enemies":"Gremlin Leader","floor":33.0,"turns":3.0},{"damage":75.0,"enemies":"Automaton","floor":35.0,"turns":8.0},{"damage":15.0,"enemies":"Orb Walker","floor":37.0,"turns":1.0},{"damage":12.0,"enemies":"conspire:MimicChest","floor":38.0,"turns":5.0},{"damage":10.0,"enemies":"3 Darklings","floor":40.0,"turns":4.0},{"damage":19.0,"enemies":"Spire Growth","floor":41.0,"turns":4.0},{"damage":13.0,"enemies":"Giant Head","floor":42.0,"turns":6.0},{"damage":0.0,"enemies":"Reptomancer","floor":46.0,"turns":2.0},{"damage":0.0,"enemies":"Jaw Worm Horde","floor":47.0,"turns":2.0},{"damage":0.0,"enemies":"Writhing Mass","floor":48.0,"turns":3.0},{"damage":18.0,"enemies":"Nightmare","floor":49.0,"turns":5.0},{"damage":0.0,"enemies":"Spire Growth","floor":50.0,"turns":2.0},{"damage":50.0,"enemies":"Replay:Hell Engine","floor":52.0,"turns":6.0},{"damage":32.0,"enemies":"infinitespire:MassOfShapes","floor":53.0,"turns":4.0},{"damage":0.0,"enemies":"hubris:Merchant","floor":56.0,"turns":3.0},{"damage":31.0,"enemies":"Shield and Spear","floor":57.0,"turns":5.0},{"damage":66,"enemies":"The Heart","floor":58,"turns":6}],"seed_played":"8033087370907305455","potions_obtained":[{"floor":1.0,"key":"LiquidMemories"},{"floor":2.0,"key":"CultistPotion"},{"floor":14.0,"key":"Elixir"},{"floor":20.0,"key":"Cursed Concoction"},{"floor":31.0,"key":"LiquidBronze"},{"floor":38.0,"key":"Explosive Potion"},{"floor":50.0,"key":"Energy Potion"},{"floor":56.0,"key":"Adrenaline Potion"},{"floor":57.0,"key":"Fire Potion"}],"is_trial":false,"path_per_floor":["M","?","M","M","?","E","PTL","PTL","R","?","T","R","M","E","M","M","R","B",null,"M","?","AVR","?","M","R","NM","M","T","M","?","E","R","E","R","B",null,"M","?","?","M","M","E","AVR","R","T","E","M","M","NM","M","R","B","B",null,"R","$","E","B",null],"character_chosen":"IRONCLAD","items_purchased":[],"campfire_rested":2,"item_purchase_floors":[],"current_hp_per_floor":[54,54,52,52,52,9,9,9,9,9,9,31,30,24,17,11,33,7,58,42,42,42,42,48,48,60,45,45,46,46,46,46,75,75,26,63,62,60,60,73,64,70,70,70,70,75,75,75,71,81,81,61,55,76,76,91,75,25],"gold":1125,"neow_bonus":"ONE_RARE_RELIC","is_daily":false,"chose_seed":false,"campfire_upgraded":13,"win_rate":0.0,"timestamp":1611328100,"path_taken":["M","?","?","M","?","E","PTL","PTL","R","?","T","R","M","E","?","M","R","BOSS","M","?","AVR","?","M","R","NM","M","T","M","?","E","R","E","R","BOSS","M","?","?","M","M","E","AVR","R","T","E","M","M","NM","M","R","BOSS","BOSS","R","$","E","BOSS"],"items_purchased_type":[],"build_version":"2020-12-22","purchased_purges":2,"victory":true,"max_hp_per_floor":[75,75,75,75,75,75,75,75,75,75,75,75,75,75,75,75,75,75,75,75,75,75,75,75,75,75,75,75,75,75,75,75,75,75,75,75,75,75,75,75,75,75,75,75,75,75,75,75,83,83,83,83,83,83,83,91,83,83],"card_choices":[{"not_picked":["Pummel","Twin Strike"],"picked":"Cleave","floor":1.0},{"not_picked":["Flex","Armaments","Iron Wave"],"picked":"SKIP","floor":3.0},{"not_picked":["Clothesline","Entrench"],"picked":"Perfected Strike","floor":4.0},{"not_picked":["Clash","Sword Boomerang","Abandon"],"picked":"SKIP","floor":6.0},{"not_picked":["Havoc","Warcry","Wild Strike"],"picked":"SKIP","floor":13.0},{"not_picked":["Thunderclap","Defy Death"],"picked":"hubris:ReadiedAction","floor":14.0},{"not_picked":["hubris:ReadiedAction","Perfected Strike"],"picked":"Pommel Strike","floor":15.0},{"not_picked":["Clothesline","Replay:Undeath\u0027s Touch","Run Through"],"picked":"SKIP","floor":16.0},{"not_picked":["Barricade","Corruption"],"picked":"Demon Form","floor":18.0},{"not_picked":["conspire:Charge","hubris:SharpeningStone","Sentinel"],"picked":"SKIP","floor":20.0},{"not_picked":["Body Slam","Anger"],"picked":"Ghostly Armor","floor":24.0},{"not_picked":["Anger","Entrench","Thunderclap"],"picked":"SKIP","floor":26.0},{"not_picked":["Entrench","Wild Strike","Clash"],"picked":"SKIP","floor":27.0},{"not_picked":["Blood for Blood","Headbutt","Clothesline"],"picked":"SKIP","floor":29.0},{"not_picked":["conspire:Charge","ReplayTheSpireMod:Strike From Hell+1"],"picked":"Reaper","floor":31.0},{"not_picked":["infinitespire:OneForAll","Life Link","Replay:Undeath\u0027s Touch"],"picked":"SKIP","floor":33.0},{"not_picked":["Eclipse","Barricade"],"picked":"Immolate","floor":35.0},{"not_picked":["Flex","Havoc","Headbutt"],"picked":"SKIP","floor":37.0},{"not_picked":["ReplayTheSpireMod:Strike From Hell","Run Through","hubris:ReadiedAction+1"],"picked":"SKIP","floor":40.0},{"not_picked":["Shrug It Off","Twin Strike+1","Seeing Red"],"picked":"SKIP","floor":41.0},{"not_picked":["Feed","Burning Pact"],"picked":"Whirlwind","floor":42.0},{"not_picked":["Armaments+1","Disarm","Body Slam+1"],"picked":"SKIP","floor":46.0},{"not_picked":["Spot Weakness","Wild Strike+1"],"picked":"Pommel Strike","floor":47.0},{"not_picked":["Flex","Uppercut","Anger+1"],"picked":"SKIP","floor":48.0},{"not_picked":["infinitespire:SevenWalls","hubris:InfiniteBlow+6"],"picked":"infinitespire:FinalStrike","floor":49.0},{"not_picked":["Sever Soul+1","Second Wind","Spot Weakness"],"picked":"SKIP","floor":49.0},{"not_picked":["Body Slam+1","Cleave"],"picked":"Heavy Blade","floor":50.0},{"not_picked":[],"picked":"Evolve","floor":56.0},{"not_picked":["Cleave"],"picked":"SKIP","floor":56.0},{"not_picked":["Anger"],"picked":"SKIP","floor":56.0},{"not_picked":["Demonic Infusion"],"picked":"SKIP","floor":56.0},{"not_picked":["Warcry"],"picked":"SKIP","floor":56.0},{"not_picked":["Jack Of All Trades"],"picked":"SKIP","floor":56.0},{"not_picked":["Magnetism"],"picked":"SKIP","floor":56.0},{"not_picked":["Pommel Strike","ReplayTheSpireMod:Stacked"],"picked":"hubris:SpiceAddiction","floor":57.0}],"player_experience":941584,"relics_obtained":[{"floor":6.0,"key":"Slimebound:PreparedRelic"},{"floor":11.0,"key":"halation:LettersToHer"},{"floor":14.0,"key":"trackpad:Mousetrap"},{"floor":26.0,"key":"trackpad:AdjectivePendant"},{"floor":28.0,"key":"halation:LettersToHer"},{"floor":28.0,"key":"infinitespire:Satchel"},{"floor":31.0,"key":"vexMod:InvisibilityCloak"},{"floor":33.0,"key":"infinitespire:CheckeredPen"},{"floor":38.0,"key":"Ancient Tea Set"},{"floor":42.0,"key":"infinitespire:WardingShard"},{"floor":45.0,"key":"halation:LettersToHer"},{"floor":46.0,"key":"trackpad:WritersBlock"},{"floor":49.0,"key":"hubris:Spice"},{"floor":56.0,"key":"hubris:TinFlute"},{"floor":56.0,"key":"Orichalcum"},{"floor":56.0,"key":"hubris:Spice"},{"floor":57.0,"key":"hubris:Zylophone"}],"event_choices":[{"damage_healed":0.0,"max_hp_gain":0.0,"max_hp_loss":0.0,"gold_gain":0.0,"event_name":"The Woman in Blue","player_choice":"Bought 1 Potion","floor":2.0,"gold_loss":0.0,"damage_taken":0.0},{"damage_healed":0.0,"max_hp_gain":0.0,"max_hp_loss":0.0,"gold_gain":0.0,"event_name":"Living Wall","player_choice":"Grow","floor":10.0,"gold_loss":0.0,"damage_taken":0.0,"cards_upgraded":["Cleave"]},{"damage_healed":0.0,"max_hp_gain":0.0,"max_hp_loss":0.0,"gold_gain":0.0,"event_name":"Vampires","player_choice":"Ignored","floor":21.0,"gold_loss":0.0,"damage_taken":0.0},{"damage_healed":0.0,"max_hp_gain":0.0,"max_hp_loss":0.0,"gold_gain":0.0,"event_name":"Tomb of Lord Red Mask","player_choice":"Ignored","floor":39.0,"gold_loss":0.0,"damage_taken":0.0}],"is_beta":false,"boss_relics":[{"not_picked":["vexMod:NewClearReactor","hubris:RunicObelisk"],"picked":"ChewingGum"},{"not_picked":["Mark of Pain","bronze:MakeshiftBattery"],"picked":"Snecko Eye"}],"items_purged_floors":[22,43],"is_endless":false,"potions_floor_spawned":[1,3,4,14,16,20,31,38,41,46,50,57],"ascension_level":20}}