{"host":"bpkhhmvsfrvlto2l","time":1611283316,"event":{"mods":["2.2 Compatiblity","AchievementEnabler","Act Like it!","AlwaysNeverKeys","Aspiration","BaseMod","Better Silent Start","Challenge The Spire","Colored Map","Colored Powertips","Custom Start","Energized Spire","Friendly Minions","GifTheSpireLib","Halation","Hubris","Infinite Spire","Ironclad Rager","Mimic Mod","Minty Spire (QoL Compilation)","Permanent Neow","Quick Restart","Random Character Button","Relic Sorter","Replay The Spire","Spikes Relics","StSLib","Stuff the Spire","Swap Starting Deck Mod","Trackpad"],"gold_per_floor":[116,136,136,136,96,96,127,127,174,174,184,184,203,203,203,307,307,319,144,155,155,175,205,205,205,205,265,285,285,285,285],"floor_reached":30,"language":"ENG","playtime":467,"items_purged":[],"score":337,"play_id":"39265af6-cb85-47c6-b333-f30548c77bed","local_time":"20210121214156","is_ascension_mode":true,"campfire_choices":[{"data":"Finisher","floor":6.0,"key":"SMITH"},{"data":"Blade Dance","floor":8.0,"key":"SMITH"},{"data":"Cloak And Dagger","floor":10.0,"key":"SMITH"},{"data":"Blade Dance","floor":12.0,"key":"SMITH"},{"data":"Cloak And Dagger","floor":15.0,"key":"SMITH"},{"data":"Infinite Blades","floor":24.0,"key":"SMITH"}],"circlet_count":0,"master_deck":["Slice+1","Slice+1","Slice","Finisher+1","Cloak And Dagger","Cloak And Dagger","Cloak And Dagger","Cloak And Dagger+1","Blade Dance+1","Blade Dance+1","Cloak And Dagger+1","Infinite Blades+1","Finisher+1","Finisher"],"relics":["Ring of the Snake","swapstartingdeckmod:DeadBlossom","hubris:Towel","Whetstone","StuffTheSpire:Experiment12","Empty Cage","trackpad:HandOfMidas","Calipers","InkBottle"],"acts_visited":["Exordium","TheCity"],"potions_floor_usage":[30],"damage_taken":[{"damage":0.0,"enemies":"Jaw Worm","floor":1.0,"turns":1.0},{"damage":0.0,"enemies":"2 Louse","floor":2.0,"turns":2.0},{"damage":10.0,"enemies":"Lagavulin","floor":7.0,"turns":4.0},{"damage":0.0,"enemies":"Cultist","floor":11.0,"turns":1.0},{"damage":0.0,"enemies":"2 Fungi Beasts","floor":13.0,"turns":2.0},{"damage":30.0,"enemies":"Hexaghost","floor":16.0,"turns":3.0},{"damage":0.0,"enemies":"Chosen","floor":18.0,"turns":2.0},{"damage":0.0,"enemies":"Shell Parasite","floor":20.0,"turns":1.0},{"damage":0.0,"enemies":"Centurion and Healer","floor":22.0,"turns":3.0},{"damage":0.0,"enemies":"Gremlin Leader","floor":23.0,"turns":2.0},{"damage":12.0,"enemies":"Cultist and Chosen","floor":28.0,"turns":2.0},{"damage":46,"enemies":"Slavers","floor":30,"turns":4}],"seed_played":"476620624294408968","potions_obtained":[{"floor":5.0,"key":"Venom Potion"},{"floor":5.0,"key":"Toxic Potion"},{"floor":5.0,"key":"Regen Potion"},{"floor":11.0,"key":"Strength Potion"},{"floor":13.0,"key":"DuplicationPotion"},{"floor":18.0,"key":"Weak Potion"},{"floor":22.0,"key":"BlessingOfTheForge"},{"floor":23.0,"key":"Strength Potion"}],"is_trial":false,"path_per_floor":["M","M","?","?","?","R","E","R","T","R","M","R","M","?","R","B",null,"M","$","M","?","M","E","R","?","T","?","M","$","E"],"character_chosen":"THE_SILENT","items_purchased":["Fruit Juice","Infinite Blades"],"campfire_rested":0,"item_purchase_floors":[19,19],"current_hp_per_floor":[70,70,72,72,72,72,62,62,62,62,62,62,62,62,62,39,73,73,76,76,76,76,76,76,59,59,39,27,27,0,0],"gold":285,"neow_bonus":"","is_daily":false,"chose_seed":false,"campfire_upgraded":6,"win_rate":0.0,"timestamp":1611283316,"path_taken":["M","M","?","?","?","R","E","R","T","R","M","R","?","?","R","BOSS","M","$","M","?","M","E","R","?","T","?","?","?","E"],"items_purchased_type":["Potion","Card"],"build_version":"2020-12-22","purchased_purges":0,"victory":false,"max_hp_per_floor":[70,70,73,73,73,73,73,73,73,73,73,73,73,73,73,73,73,73,78,78,78,78,78,78,83,83,83,83,83,83,83],"card_choices":[{"not_picked":["Bane","Outmaneuver","Dodge and Roll"],"picked":"SKIP","floor":7.0},{"not_picked":["Heel Hook","Flying Knee"],"picked":"Blade Dance","floor":11.0},{"not_picked":["Eviscerate","hubris:SlightOfHand","Predator"],"picked":"SKIP","floor":13.0},{"not_picked":["Heel Hook+1","Dodge and Roll"],"picked":"Finisher+1","floor":20.0},{"not_picked":["Slice","Eviscerate"],"picked":"Finisher","floor":27.0}],"player_experience":93353,"relics_obtained":[{"floor":7.0,"key":"Whetstone"},{"floor":9.0,"key":"StuffTheSpire:Experiment12"},{"floor":23.0,"key":"trackpad:HandOfMidas"},{"floor":26.0,"key":"Calipers"},{"floor":27.0,"key":"InkBottle"}],"event_choices":[{"damage_healed":0.0,"max_hp_gain":0.0,"max_hp_loss":0.0,"gold_gain":0.0,"event_name":"The Woman in Blue","player_choice":"Bought 3 Potions","floor":5.0,"gold_loss":0.0,"damage_taken":0.0},{"damage_healed":0.0,"max_hp_gain":0.0,"max_hp_loss":0.0,"gold_gain":0.0,"event_name":"Match and Keep!","player_choice":"2 cards matched","floor":14.0,"gold_loss":0.0,"damage_taken":0.0,"cards_obtained":["Bouncing Flask","Cloak And Dagger"]},{"damage_healed":0.0,"max_hp_gain":5.0,"max_hp_loss":0.0,"gold_gain":0.0,"event_name":"Forgotten Altar","player_choice":"Shed Blood","floor":25.0,"gold_loss":0.0,"damage_taken":20.0}],"is_beta":false,"boss_relics":[{"not_picked":["CosmicIsotope","hubris:BlackHole"],"picked":"Empty Cage"}],"items_purged_floors":[],"is_endless":false,"potions_floor_spawned":[7,11,13,18,22,23],"killed_by":"Slavers","ascension_level":3}}