{"host":"wj6vwlg8bkoql3lv","time":1611332511,"event":{"mods":["AchievementEnabler","Bard","Bartender","BaseMod","Colored Map","Decade(???)","Downfall","Friendly Minions","Hermit","Hubris","Infinite Spire","JesterMod","Jorbs\u0027s Wanderer Trilogy","Marisa????????","Minty Spire (QoL Compilation)","Potionbrewer","Quick Restart","Replay The Spire","Robot Space Explorer","SIMod","Shade Mod","StSLib","The Blue Laboratory","The Bug Knight","The Construct","The Cursed","The Death Knight","The Disciple","The Gatherer","The Hayseed","The Hierophant","The Jungle","The Marked","The Mystic","The Runesmith","The Senshi","The Servant 0.9.4","TheFirefly","Transform Curses"],"gold_per_floor":[116,129,147,158,176,176,209,209,232,232,246,246,262,279,279,381,381,395,414,414,414,426,446,474,492,573,573,585,585,619,635,635,738,738,756,771,788,788,805,805,823,823,823,841,860,871,384,130,130,130],"floor_reached":51,"language":"ENG","playtime":5663,"items_purged":["Strike_Bartender","On_The_Rocks","Defend_Bartender"],"score":701,"play_id":"cb4fd1c1-c0c2-46d9-9546-67a0c58c1495","local_time":"20210122162151","is_ascension_mode":false,"campfire_choices":[{"data":"Rope_A_Dope","floor":6.0,"key":"SMITH"},{"data":"Bicycle_Kick","floor":8.0,"key":"SMITH"},{"data":"Center_Self","floor":10.0,"key":"SMITH"},{"floor":15.0,"key":"REST"},{"floor":29,"key":"REST"},{"floor":32,"key":"REST"},{"data":"Butterfly_Float","floor":40,"key":"SMITH"},{"data":"Breathe_Deep","floor":49,"key":"SMITH"}],"circlet_count":1,"master_deck":["Strike_Bartender","Strike_Bartender","Strike_Bartender","Defend_Bartender","Defend_Bartender","Defend_Bartender+1","Somersault","Rope_A_Dope+1","Step_Of_The_Wind","Center_Self+1","Bicycle_Kick+1","Free_Pour+1","With_A_Twist+1","Free_Pour+1","Hook","Elbow_Slash","Breathe_Deep+1","Pony_Shot","Torment+1","Dragonkick+1","Step_Of_The_Wind+1","Foot_Thrust+1","Pony_Shot","Cross","Combo_Master","Raptor_Form","Butterfly_Float+1","Bitters","Fight_Dirty+1","Torment+1","Insight_B","With_A_Twist","infinitespire:Starlight","Fight_Dirty+1","Blizzard_Spikes","Form_Shift+1","OpoOpo_Form+1"],"relics":["Sneakers","Omamori","Replay:Rubber Ducky","Oddly Smooth Stone","infinitespire:Cupcake","Circlet","Ornamental Fan","Runesmith:Nanobots","hubris:Backtick","Sundial","Replay:Bronze Core","infinitespire:Lychee Nut","infinitespire:PuzzleCube","Membership Card","War Paint","Protect_Vest","Bag of Preparation"],"acts_visited":["Exordium","TheCity","TheBeyond"],"potions_floor_usage":[22,28,39,41,41,45,50,50],"damage_taken":[{"damage":3.0,"enemies":"Cultist","floor":1.0,"turns":4.0},{"damage":0.0,"enemies":"Small Slimes","floor":2.0,"turns":4.0},{"damage":0.0,"enemies":"Jaw Worm","floor":3.0,"turns":5.0},{"damage":6.0,"enemies":"Looter","floor":4.0,"turns":4.0},{"damage":13.0,"enemies":"Lots of Slimes","floor":5.0,"turns":5.0},{"damage":17.0,"enemies":"Gremlin Nob","floor":7.0,"turns":5.0},{"damage":0.0,"enemies":"Exordium Wildlife","floor":11.0,"turns":4.0},{"damage":1.0,"enemies":"3 Louse","floor":13.0,"turns":3.0},{"damage":2.0,"enemies":"Lots of Slimes","floor":14.0,"turns":4.0},{"damage":9.0,"enemies":"Slime Boss","floor":16.0,"turns":13.0},{"damage":0,"enemies":"Chosen","floor":18,"turns":6},{"damage":0,"enemies":"Shell Parasite","floor":19,"turns":6},{"damage":0,"enemies":"Shelled Parasite and Fungi","floor":22,"turns":5},{"damage":12,"enemies":"Snake Plant","floor":23,"turns":4},{"damage":28,"enemies":"Gremlin Leader","floor":24,"turns":6},{"damage":0,"enemies":"3 Cultists","floor":25,"turns":7},{"damage":0,"enemies":"Sentry and Sphere","floor":28,"turns":8},{"damage":7,"enemies":"Slavers","floor":30,"turns":8},{"damage":0,"enemies":"Shelled Parasite and Fungi","floor":31,"turns":5},{"damage":39,"enemies":"hubris:MusketHawk","floor":33,"turns":9},{"damage":0,"enemies":"3 Shapes","floor":35,"turns":5},{"damage":0,"enemies":"Orb Walker","floor":36,"turns":5},{"damage":21,"enemies":"4 Shapes","floor":37,"turns":7},{"damage":0,"enemies":"Spire Growth","floor":39,"turns":6},{"damage":12,"enemies":"Sphere and 2 Shapes","floor":41,"turns":5},{"damage":0,"enemies":"Writhing Mass","floor":44,"turns":6},{"damage":0,"enemies":"Jaw Worm Horde","floor":45,"turns":5},{"damage":0,"enemies":"Transient","floor":46,"turns":5},{"damage":4,"enemies":"infinitespire:MassOfShapes","floor":50,"turns":11}],"seed_played":"-44844338235309468","potions_obtained":[{"floor":4.0,"key":"Block Potion"},{"floor":5.0,"key":"blueLaboratory:PhilterOfMotion"},{"floor":11.0,"key":"blueLaboratory:PhilterOfMotion"},{"floor":16.0,"key":"construct:ShiftPotion"},{"floor":19,"key":"LifebloodPotion"},{"floor":23,"key":"potionbrewer:AcidPotion"},{"floor":25,"key":"blueLaboratory:BubblePotion"},{"floor":33,"key":"SpeedPotion"},{"floor":37,"key":"EssenceOfSteel"},{"floor":39,"key":"FearPotion"},{"floor":41,"key":"Block Potion"}],"is_trial":false,"path_per_floor":["M","M","M","M","M","R","E","R","T","R","M","?","M","M","R","B",null,"M","M","?","?","M","M","E","M","T","?","M","R","E","M","R","B",null,"M","M","M","?","M","R","M","AVR","T","M","M","M","$","$","R","B",null],"character_chosen":"BARTENDER","items_purchased":["Form_Shift","Membership Card","War Paint","PowerPotion","Protect_Vest","OpoOpo_Form+1","Bag of Preparation","AttackPotion"],"campfire_rested":3,"item_purchase_floors":[47,47,47,47,48,48,48,48],"current_hp_per_floor":[67,67,67,61,48,48,31,31,31,31,31,28,27,25,46,37,70,70,70,70,70,70,58,30,30,30,9,9,30,23,23,44,5,70,70,70,49,49,49,49,37,37,37,52,52,52,52,52,52,48],"gold":130,"neow_bonus":"THREE_CARDS","is_daily":false,"chose_seed":false,"campfire_upgraded":5,"win_rate":0.0,"timestamp":1611332511,"path_taken":["M","M","M","M","?","R","E","R","T","R","M","?","M","M","R","BOSS","M","M","?","?","?","M","E","M","T","?","M","R","E","M","R","BOSS","M","M","M","?","?","R","M","AVR","T","M","M","M","?","$","R","BOSS"],"items_purchased_type":["Card","Relic","Relic","Potion","Relic","Card","Relic","Potion"],"build_version":"2020-12-22","purchased_purges":3,"victory":true,"max_hp_per_floor":[70,70,70,70,70,70,70,70,70,70,70,70,70,70,70,70,70,70,70,70,70,70,70,70,70,70,70,70,70,70,70,70,70,70,70,70,70,70,70,70,70,52,52,52,52,52,52,52,52,52],"card_choices":[{"not_picked":["Vortex","ThreeSidedStar"],"picked":"Rope_A_Dope","floor":0.0},{"not_picked":["Scoop","Press_Forward"],"picked":"Step_Of_The_Wind","floor":1.0},{"not_picked":["Dragonkick","ThreeSidedStar"],"picked":"Center_Self","floor":2.0},{"not_picked":["Tornado_Kick","Feint"],"picked":"Bicycle_Kick","floor":3.0},{"not_picked":["Press_Forward","Feint"],"picked":"Free_Pour","floor":4.0},{"not_picked":["Free_Pour","Dancing_Jab"],"picked":"With_A_Twist","floor":5.0},{"not_picked":["Tornado_Kick","On_The_House"],"picked":"On_The_Rocks","floor":7.0},{"not_picked":["Press_Forward","Patience"],"picked":"Free_Pour","floor":11.0},{"not_picked":["Pony_Shot","Ripple"],"picked":"Hook","floor":13.0},{"not_picked":["Ripple","Press_Forward"],"picked":"Elbow_Slash","floor":14.0},{"not_picked":["Dolphin_Blow","Beat_Rush"],"picked":"Breathe_Deep","floor":16.0},{"not_picked":["RockBreaker","Free_Pour+1"],"picked":"Pony_Shot","floor":18},{"not_picked":["Meditate","Dragonkick"],"picked":"Torment+1","floor":19},{"not_picked":["Feint","Dart+1"],"picked":"Dragonkick+1","floor":22},{"not_picked":["Scoop","On_The_Rocks+1"],"picked":"Step_Of_The_Wind+1","floor":23},{"not_picked":["Bitters+1","Greased_Lightning+1"],"picked":"Foot_Thrust+1","floor":24},{"not_picked":["Stick_and_Move","Well_Drinks"],"picked":"Pony_Shot","floor":25},{"not_picked":["Center_Self","Dancing_Jab"],"picked":"Cross","floor":28},{"not_picked":["Rising_Crane","High_Tide"],"picked":"Combo_Master","floor":30},{"not_picked":["Snap_Punch+1","Scowl"],"picked":"Raptor_Form","floor":31},{"not_picked":["Storage","Patience"],"picked":"Butterfly_Float","floor":33},{"not_picked":["Snap_Punch+1","Dancing_Jab+1"],"picked":"Bitters","floor":35},{"not_picked":["Press_Forward+1","Center_Self+1"],"picked":"Fight_Dirty+1","floor":36},{"not_picked":["Stick_and_Move+1","Bicycle_Kick+1"],"picked":"Torment+1","floor":37},{"not_picked":["Dart+1","Step_Of_The_Wind+1","Well_Drinks"],"picked":"SKIP","floor":39},{"not_picked":["Power_Up_Punch+1","High_Tide"],"picked":"With_A_Twist","floor":41},{"not_picked":["Meteodrive","Scoop"],"picked":"Fight_Dirty+1","floor":44},{"not_picked":["On_The_House+1","Mirage","Dart+1"],"picked":"SKIP","floor":45},{"not_picked":["Momentum+1","Step_Of_The_Wind"],"picked":"Blizzard_Spikes","floor":46}],"player_experience":132890,"relics_obtained":[{"floor":7.0,"key":"Omamori"},{"floor":9.0,"key":"Replay:Rubber Ducky"},{"floor":24,"key":"Circlet"},{"floor":26,"key":"Ornamental Fan"},{"floor":30,"key":"Runesmith:Nanobots"},{"floor":43,"key":"infinitespire:PuzzleCube"}],"event_choices":[{"damage_healed":0.0,"max_hp_gain":0.0,"max_hp_loss":0.0,"gold_gain":0.0,"event_name":"Scrap Ooze","player_choice":"Success","floor":12.0,"gold_loss":0.0,"damage_taken":3.0,"relics_obtained":["Oddly Smooth Stone"]},{"damage_healed":0,"gold_gain":0,"player_choice":"Ignored","damage_taken":0,"max_hp_gain":0,"max_hp_loss":0,"event_name":"Transmorgrifier","floor":21,"gold_loss":0},{"damage_healed":0,"gold_gain":0,"player_choice":"1 cards matched","damage_taken":0,"max_hp_gain":0,"max_hp_loss":0,"event_name":"Match and Keep!","floor":38,"gold_loss":0,"cards_obtained":["Insight_B"]},{"damage_healed":0,"gold_gain":0,"player_choice":"1 cards matched","damage_taken":0,"max_hp_gain":0,"max_hp_loss":0,"event_name":"Match and Keep!","floor":38,"gold_loss":0,"cards_obtained":["Insight_B"]}],"is_beta":false,"boss_relics":[{"not_picked":["hubris:ScarierMask","construct:ClawGrip"],"picked":"infinitespire:Cupcake"},{"not_picked":["ChewingGum","Kintsugi"],"picked":"hubris:Backtick"}],"items_purged_floors":[42,47,48],"is_endless":false,"potions_floor_spawned":[4,5,11,16,19,23,25,33,35,37,39,41],"ascension_level":0}}