{"host":"bxd97rc2ofc6op20","time":1611356009,"event":{"mods":["BaseMod","Colored Map","Colored Powertips","Googly Eyes","Highlight Path","Minty Spire (QoL Compilation)","Quick Restart","Rare Cards Sparkle"],"gold_per_floor":[111,128,53,63,80,92,127,127,205,222,251,251,285,323,323,427,427,439,457,58,100,145,177,177,202,249,249,262,290,290,84,84,185,185,197,208,208,208,219,250,261,261,261,261,261,290,367,429,429,429,429,429,24,52,52],"floor_reached":56,"language":"ENG","playtime":5596,"items_purged":["Defend_P","Regret","Defend_P"],"score":1764,"play_id":"067c3a38-1abe-4c16-9145-6a6fc2747f41","local_time":"20210122145329","is_ascension_mode":true,"campfire_choices":[{"data":"Scrawl","floor":8.0,"key":"SMITH"},{"data":"Eruption","floor":15.0,"key":"SMITH"},{"data":"TalkToTheHand","floor":24,"key":"SMITH"},{"data":"Wish","floor":27,"key":"SMITH"},{"data":"Wallop","floor":30,"key":"SMITH"},{"floor":32,"key":"REST"},{"data":"Devotion","floor":42,"key":"SMITH"},{"data":"Vigilance","floor":45,"key":"SMITH"},{"floor":49,"key":"RECALL"},{"data":"WaveOfTheHand","floor":52,"key":"SMITH"}],"circlet_count":0,"master_deck":["Strike_P","Strike_P","Strike_P","Strike_P","Eruption+1","Vigilance+1","ReachHeaven","Prostrate","Scrawl+1","Prostrate","Wallop+1","SashWhip","Prostrate","EmptyMind","Wish+1","Indignation","ClearTheMind","ConjureBlade","ThirdEye","CrushJoints+1","Conclude","Tantrum","Brilliance","EmptyFist","LikeWater","TalkToTheHand+1","WheelKick+1","Alpha","Swivel+1","Pray+1","Protect+1","Blind","Devotion+1","FearNoEvil","WaveOfTheHand+1","Flash of Steel","Apotheosis","Omniscience","TalkToTheHand+1","Worship","Ragnarok","MentalFortress+1","CutThroughFate+1"],"relics":["PureWater","HornCleat","White Beast Statue","Prayer Wheel","Strawberry","StrikeDummy","Snecko Eye","PreservedInsect","Anchor","Mercury Hourglass","Centennial Puzzle","Dead Branch","Coffee Dripper","Lantern","Pear","Bag of Marbles","OrangePellets","Vajra","Bird Faced Urn"],"acts_visited":["Exordium","TheCity","TheBeyond","TheEnding"],"potions_floor_usage":[23,25,29,33,35,35,36,40,41,41,50,55],"damage_taken":[{"damage":0.0,"enemies":"Small Slimes","floor":1.0,"turns":3.0},{"damage":0.0,"enemies":"2 Louse","floor":2.0,"turns":1.0},{"damage":0.0,"enemies":"Jaw Worm","floor":4.0,"turns":3.0},{"damage":3.0,"enemies":"Looter","floor":5.0,"turns":3.0},{"damage":1.0,"enemies":"Gremlin Gang","floor":6.0,"turns":3.0},{"damage":0.0,"enemies":"Gremlin Nob","floor":7.0,"turns":2.0},{"damage":0.0,"enemies":"Blue Slaver","floor":10.0,"turns":3.0},{"damage":0.0,"enemies":"Lagavulin","floor":11.0,"turns":5.0},{"damage":4.0,"enemies":"3 Sentries","floor":13.0,"turns":4.0},{"damage":2.0,"enemies":"Looter","floor":14.0,"turns":4.0},{"damage":4.0,"enemies":"Slime Boss","floor":16.0,"turns":4.0},{"damage":6.0,"enemies":"3 Byrds","floor":18.0,"turns":3.0},{"damage":3.0,"enemies":"Spheric Guardian","floor":19.0,"turns":2.0},{"damage":10.0,"enemies":"Chosen and Byrds","floor":21.0,"turns":4.0},{"damage":0.0,"enemies":"Cultist and Chosen","floor":22.0,"turns":3.0},{"damage":6,"enemies":"Slavers","floor":23,"turns":3},{"damage":0,"enemies":"Book of Stabbing","floor":25,"turns":3},{"damage":0,"enemies":"Snecko","floor":28,"turns":2},{"damage":6,"enemies":"Gremlin Leader","floor":29,"turns":4},{"damage":0,"enemies":"Collector","floor":33,"turns":5},{"damage":0,"enemies":"3 Darklings","floor":35,"turns":3},{"damage":0,"enemies":"Orb Walker","floor":36,"turns":1},{"damage":2,"enemies":"Spire Growth","floor":39,"turns":2},{"damage":0,"enemies":"Giant Head","floor":40,"turns":5},{"damage":0,"enemies":"Jaw Worm Horde","floor":41,"turns":2},{"damage":0,"enemies":"Nemesis","floor":46,"turns":5},{"damage":0,"enemies":"3 Darklings","floor":47,"turns":2},{"damage":0,"enemies":"Giant Head","floor":48,"turns":5},{"damage":0,"enemies":"Awakened One","floor":50,"turns":6},{"damage":0,"enemies":"Shield and Spear","floor":54,"turns":2},{"damage":15,"enemies":"The Heart","floor":55,"turns":9}],"seed_played":"-380252981088885510","potions_obtained":[{"floor":1.0,"key":"BlessingOfTheForge"},{"floor":5.0,"key":"BottledMiracle"},{"floor":7.0,"key":"EssenceOfSteel"},{"floor":10.0,"key":"AttackPotion"},{"floor":11.0,"key":"ColorlessPotion"},{"floor":13.0,"key":"BlessingOfTheForge"},{"floor":16.0,"key":"CultistPotion"},{"floor":18.0,"key":"LiquidMemories"},{"floor":19.0,"key":"Swift Potion"},{"floor":22.0,"key":"Block Potion"},{"floor":23,"key":"StancePotion"},{"floor":25,"key":"BottledMiracle"},{"floor":29,"key":"SteroidPotion"},{"floor":33,"key":"StancePotion"},{"floor":35,"key":"SteroidPotion"},{"floor":36,"key":"BottledMiracle"},{"floor":39,"key":"LiquidMemories"},{"floor":40,"key":"LiquidMemories"},{"floor":41,"key":"Fire Potion"},{"floor":46,"key":"AttackPotion"},{"floor":47,"key":"Weak Potion"},{"floor":48,"key":"SteroidPotion"}],"is_trial":false,"path_per_floor":["M","M","$","M","M","M","E","R","T","M","E","?","E","M","R","B",null,"M","M","$","M","M","E","R","E","T","R","M","E","R","$","R","B",null,"M","M","?","?","M","E","M","R","T","?","R","E","M","E","R","B",null,"R","$","E","B",null],"character_chosen":"WATCHER","items_purchased":["PreservedInsect","Brilliance","Blind","OrangePellets","FairyPotion","Vajra"],"campfire_rested":1,"item_purchase_floors":[20,20,31,53,53,53],"current_hp_per_floor":[72,72,72,72,69,68,68,68,68,68,68,75,71,69,69,65,79,73,70,70,60,60,54,54,54,54,54,54,48,48,48,71,71,79,79,79,69,69,67,67,67,67,67,67,67,77,77,77,77,77,85,85,85,85,76],"gold":52,"neow_bonus":"REMOVE_CARD","is_daily":false,"chose_seed":false,"campfire_upgraded":8,"win_rate":0.0,"timestamp":1611356009,"path_taken":["M","M","$","M","M","M","E","R","T","M","E","?","E","M","R","BOSS","M","M","$","M","M","E","R","E","T","R","M","E","R","$","R","BOSS","M","M","?","?","M","E","?","R","T","?","R","E","M","E","R","BOSS","R","$","E","BOSS"],"items_purchased_type":["Relic","Card","Card","Relic","Potion","Relic"],"build_version":"2020-12-22","purchased_purges":3,"victory":true,"max_hp_per_floor":[72,72,72,72,72,72,72,72,72,72,72,79,79,79,79,79,79,79,79,79,79,79,79,79,79,79,79,79,79,79,79,79,79,79,79,79,79,75,75,75,75,75,75,75,75,85,85,85,85,85,85,85,85,85,85],"card_choices":[{"not_picked":["WindmillStrike","SashWhip"],"picked":"ReachHeaven","floor":1.0},{"not_picked":["Crescendo","Protect"],"picked":"Prostrate","floor":2.0},{"not_picked":["EmptyBody","PathToVictory"],"picked":"Scrawl","floor":4.0},{"not_picked":["Protect","FearNoEvil"],"picked":"Prostrate","floor":5.0},{"not_picked":["Vengeance","Nirvana"],"picked":"Wallop","floor":6.0},{"not_picked":["CarveReality","Study"],"picked":"SashWhip","floor":7.0},{"not_picked":["BowlingBash","SashWhip"],"picked":"Prostrate","floor":10.0},{"not_picked":["ClearTheMind","Protect"],"picked":"EmptyMind","floor":11.0},{"not_picked":["Nirvana","LikeWater"],"picked":"Wish","floor":13.0},{"not_picked":["Protect","Halt"],"picked":"Indignation","floor":14.0},{"not_picked":["Consecrate","FollowUp"],"picked":"ClearTheMind","floor":14.0},{"not_picked":["Wish","Scrawl"],"picked":"ConjureBlade","floor":16.0},{"not_picked":["CrushJoints+1","CutThroughFate"],"picked":"ThirdEye","floor":18.0},{"not_picked":["Vengeance","EmptyBody"],"picked":"CrushJoints+1","floor":18.0},{"not_picked":["BowlingBash","JustLucky"],"picked":"Conclude","floor":19.0},{"not_picked":["CrushJoints+1","FollowUp"],"picked":"Tantrum","floor":19.0},{"not_picked":["Study","FollowUp"],"picked":"EmptyFist","floor":21.0},{"not_picked":["PathToVictory","Halt"],"picked":"LikeWater","floor":22.0},{"not_picked":["WaveOfTheHand","FlyingSleeves+1"],"picked":"TalkToTheHand","floor":22.0},{"not_picked":["MentalFortress","EmptyBody"],"picked":"WheelKick+1","floor":23},{"not_picked":["FearNoEvil","Prostrate+1"],"picked":"Alpha","floor":25},{"not_picked":["ClearTheMind+1","EmptyMind"],"picked":"Swivel+1","floor":28},{"not_picked":["InnerPeace","Prostrate"],"picked":"Pray+1","floor":28},{"not_picked":["Judgement","Evaluate"],"picked":"Protect+1","floor":29},{"not_picked":["MasterReality","Blasphemy"],"picked":"Devotion","floor":33},{"not_picked":["CrushJoints+1","FlurryOfBlows"],"picked":"FearNoEvil","floor":35},{"not_picked":["Crescendo","WindmillStrike"],"picked":"WaveOfTheHand","floor":35},{"not_picked":["Study+1","Consecrate+1","SashWhip+1"],"picked":"SKIP","floor":36},{"not_picked":["PathToVictory","Prostrate","SashWhip+1"],"picked":"SKIP","floor":36},{"not_picked":["Impatience","Swift Strike"],"picked":"Flash of Steel","floor":37},{"not_picked":["Secret Weapon","Deep Breath"],"picked":"Apotheosis","floor":37},{"not_picked":["Prostrate+1","CrushJoints+1"],"picked":"Omniscience","floor":40},{"not_picked":["Worship","ClearTheMind"],"picked":"TalkToTheHand+1","floor":41},{"not_picked":["Pray+1","ReachHeaven+1"],"picked":"Ragnarok","floor":46},{"not_picked":["PathToVictory","Wallop"],"picked":"MentalFortress+1","floor":47},{"not_picked":["CarveReality","Consecrate"],"picked":"CutThroughFate+1","floor":48}],"player_experience":359688,"relics_obtained":[{"floor":7.0,"key":"HornCleat"},{"floor":9.0,"key":"White Beast Statue"},{"floor":11.0,"key":"Prayer Wheel"},{"floor":13.0,"key":"StrikeDummy"},{"floor":23,"key":"Anchor"},{"floor":25,"key":"Mercury Hourglass"},{"floor":26,"key":"Centennial Puzzle"},{"floor":29,"key":"Dead Branch"},{"floor":40,"key":"Lantern"},{"floor":46,"key":"Pear"},{"floor":48,"key":"Bag of Marbles"},{"floor":54,"key":"Bird Faced Urn"}],"event_choices":[{"damage_healed":0.0,"max_hp_gain":0.0,"max_hp_loss":0.0,"gold_gain":0.0,"event_name":"Big Fish","player_choice":"Box","floor":12.0,"gold_loss":0.0,"damage_taken":0.0,"relics_obtained":["Strawberry"],"cards_obtained":["Regret"]},{"damage_healed":0,"gold_gain":0,"player_choice":"Memory 3","damage_taken":10,"max_hp_gain":0,"max_hp_loss":0,"event_name":"SensoryStone","floor":37,"gold_loss":0},{"damage_healed":0,"gold_gain":0,"player_choice":"Max HP","damage_taken":0,"max_hp_gain":0,"max_hp_loss":4,"event_name":"Winding Halls","floor":38,"gold_loss":0},{"damage_healed":0,"gold_gain":0,"cards_transformed":["Defend_P"],"player_choice":"Transformed","damage_taken":0,"max_hp_gain":0,"max_hp_loss":0,"event_name":"Transmorgrifier","floor":44,"gold_loss":0,"cards_obtained":["Worship"]}],"is_beta":false,"boss_relics":[{"not_picked":["Runic Dome","Fusion Hammer"],"picked":"Snecko Eye"},{"not_picked":["Astrolabe","Philosopher\u0027s Stone"],"picked":"Coffee Dripper"}],"items_purged_floors":[3,20,31],"is_endless":false,"potions_floor_spawned":[1,5,7,10,11,13,14,16,18,19,21,22,23,25,28,29,33,35,36,39,40,41,46,47,48,54],"ascension_level":1}}