{"host":"9j9ju8r45kuhshxi","time":1610572510,"event":{"mods":["BaseMod","Colored Map","Colored Powertips","Highlight Path","Marisa（F雨　魔理沙）","Minty Spire (QoL Compilation)","Replay The Spire","Ryuuou龙王","StSLib","[功能]功能增强和修复MOD"],"gold_per_floor":[118,103,114,114,128,167,167,211,211,242,266,266,281,305,405,535,535,550,564,539,539,553,597,617,617,617,651,626,626,626,649,649,663,663,786,786,786,746,716,716,716,716,716,716,790,844],"floor_reached":47,"language":"ZHS","playtime":2906,"items_purged":["Defend_G","Survivor","Pot Of Greed","Strike_MRS","Pot Of Greed","Pot Of Greed","Defend_MRS","Defend_MRS","Defend_MRS","Defend_MRS","ShootingEcho","Orbital","Pot Of Greed","MeteoricShower","EarthLightRay","AsteroidBelt+1","WitchOfGreed+1","Occultation+1","MillisecondPulsars"],"score":1334,"play_id":"63168fc0-93dd-4efb-a508-223fb71f4b57","local_time":"20210114051510","is_ascension_mode":true,"campfire_choices":[{"floor":12.0,"key":"RECALL"},{"data":"FinalSpark","floor":25,"key":"SMITH"},{"data":"IllusionStar","floor":34,"key":"SMITH"},{"data":"Pot Of Greed","floor":43,"key":"SMITH"}],"circlet_count":0,"master_deck":["MagicChant","ChargeUpSpray+1","Singularity","DragonMeteor","GrandCross","IllusionStar+1","GalacticHalo+1","GalacticHalo+1","Specialist","StarBarrage+1","EscapeVelocity","SporeBomb","FinalSpark+1","Orbital+1","DeepEcoloBomb","MilkyWay","MysteriousBeam","MysteriousBeam","GravityBeat+1","MillisecondPulsars+1","Purity","SuperPerseids","Pot Of Greed+1","Magnetism","MilkyWay+1","Finesse"],"relics":["MiniHakkero","Replay:Kaleidoscope","Grinning Jar","Strange Spoon","Unceasing Top","Golden Idol","Replay:PocketPolymizer","Bag of Preparation","MealTicket","Empty Cage","DollysMirror","Replay:Mystery Machine","Bird Faced Urn","Ring of Misfortune","Ring of Searing","Mango","Du-Vu Doll","Replay:Bottled Snecko","Sling","SproutingBranch","Pear","Astrolabe","PrismaticShard","Replay:Towering Pillar of Hats","Pocketwatch","Toolbox","Boot","Replay:Bandana","Question Card"],"acts_visited":["Exordium","TheCity","TheBeyond","TheEnding"],"potions_floor_usage":[24,24,24,27,31,35,35,35,37,41,41,41,46,46],"damage_taken":[{"damage":0.0,"enemies":"Small Slimes","floor":1.0,"turns":3.0},{"damage":0.0,"enemies":"Jaw Worm","floor":3.0,"turns":1.0},{"damage":0.0,"enemies":"Cultist","floor":5.0,"turns":1.0},{"damage":0.0,"enemies":"3 Sentries","floor":6.0,"turns":1.0},{"damage":0.0,"enemies":"Gremlin Nob","floor":8.0,"turns":1.0},{"damage":0.0,"enemies":"3 Sentries","floor":10.0,"turns":1.0},{"damage":0.0,"enemies":"Gremlin Gang","floor":11.0,"turns":1.0},{"damage":0.0,"enemies":"3 Louse","floor":13.0,"turns":1.0},{"damage":0.0,"enemies":"Looter","floor":14.0,"turns":1.0},{"damage":10.0,"enemies":"The Guardian","floor":16.0,"turns":3.0},{"damage":1.0,"enemies":"2 Thieves","floor":18.0,"turns":2.0},{"damage":12.0,"enemies":"Chosen","floor":19.0,"turns":1.0},{"damage":23,"enemies":"Centurion and Healer","floor":22,"turns":2},{"damage":29,"enemies":"Slavers","floor":23,"turns":2},{"damage":0,"enemies":"Sentry and Sphere","floor":24,"turns":2},{"damage":0,"enemies":"Book of Stabbing","floor":27,"turns":1},{"damage":0,"enemies":"Shelled Parasite and Fungi","floor":31,"turns":1},{"damage":0,"enemies":"Snecko","floor":33,"turns":1},{"damage":0,"enemies":"Automaton","floor":35,"turns":1},{"damage":0,"enemies":"Orb Walker","floor":37,"turns":1},{"damage":10,"enemies":"Replay:Hell Engine","floor":41,"turns":3},{"damage":5,"enemies":"Shield and Spear","floor":45,"turns":2},{"damage":68,"enemies":"The Heart","floor":46,"turns":4}],"seed_played":"1822246756098495269","potions_obtained":[{"floor":6.0,"key":"Fire Potion"},{"floor":7.0,"key":"LiquidMemories"},{"floor":10.0,"key":"EssenceOfSteel"},{"floor":11.0,"key":"Adrenaline Potion"},{"floor":11.0,"key":"Energy Potion"},{"floor":13.0,"key":"DistilledChaos"},{"floor":16.0,"key":"Death Potion"},{"floor":18.0,"key":"Energy Potion"},{"floor":19.0,"key":"FearPotion"},{"floor":24,"key":"Explosive Potion"},{"floor":24,"key":"DuplicationPotion"},{"floor":27,"key":"Dexterity Potion"},{"floor":33,"key":"AttackPotion"},{"floor":35,"key":"Swift Potion"},{"floor":35,"key":"ShroomBrew"}],"is_trial":false,"path_per_floor":["M","$","M","?","M","E","?","E","T","E","M","R","M","M","R_BF","B",null,"M","M","$","?","M","E","M","R","T","E","$","PTL","PTL","M","?","M","R","B",null,"M","?","$","?","B",null,"R","$","E","B",null],"character_chosen":"MARISA","items_purchased":["Grinning Jar","Strange Spoon","Unceasing Top","MagicChant","UnstableBomb","PowerPotion","SteroidPotion","FearPotion","DollysMirror","Replay:Mystery Machine","Bird Faced Urn","Specialist","MeteoricShower","DistilledChaos","Sling","SproutingBranch","Pear","Fire Potion","DeepEcoloBomb","PrismaticShard","Replay:Towering Pillar of Hats","Pocketwatch","SkillPotion","FearPotion","Purity","Toolbox","Boot","Replay:Bandana","Magnetism","MilkyWay+1","Finesse","AttackPotion","Weak Potion","SteroidPotion"],"campfire_rested":0,"item_purchase_floors":[2,2,2,2,2,2,2,2,20,20,20,20,20,20,28,28,28,28,28,39,39,39,39,39,39,44,44,44,44,44,44,44,44,44],"current_hp_per_floor":[75,75,75,57,57,57,57,57,57,57,57,57,57,57,57,47,75,74,62,75,75,54,47,55,55,55,61,86,86,86,88,88,92,92,99,99,99,99,99,99,94,99,99,99,96,54],"gold":844,"neow_bonus":"ONE_RARE_RELIC","is_daily":false,"chose_seed":false,"campfire_upgraded":3,"win_rate":0.0,"timestamp":1610572510,"path_taken":["M","$","M","?","M","E","?","E","T","E","?","R","M","M","R_BF","BOSS","M","M","$","?","M","E","M","R","T","E","$","PTL","PTL","M","?","M","R","BOSS","M","?","?","?","BOSS","R","$","E","BOSS"],"items_purchased_type":["Relic","Relic","Relic","Card","Card","Potion","Potion","Potion","Relic","Relic","Relic","Card","Card","Potion","Relic","Relic","Relic","Potion","Card","Relic","Relic","Relic","Potion","Potion","Card","Relic","Relic","Relic","Card","Card","Card","Potion","Potion","Potion"],"build_version":"2020-12-22","purchased_purges":19,"victory":true,"max_hp_per_floor":[75,75,75,75,75,75,75,75,75,75,75,75,75,75,75,75,75,75,75,75,75,75,89,89,89,89,89,99,99,99,99,99,99,99,99,99,99,99,99,99,99,99,99,99,99,99],"card_choices":[{"not_picked":["IllusionStar","GalacticHalo"],"picked":"ShootingEcho","floor":1.0},{"not_picked":["DarkMatter","LuminesStrike"],"picked":"Acceleration","floor":3.0},{"not_picked":["ShootingEcho","Acceleration"],"picked":"ShootTheMoon","floor":5.0},{"not_picked":["BinaryStars","Acceleration"],"picked":"ChargeUpSpray","floor":6.0},{"not_picked":["Robbery","Acceleration"],"picked":"AlicesGift","floor":8.0},{"not_picked":["WitchLeyline","SporeBomb"],"picked":"Singularity","floor":10.0},{"not_picked":["IllusionStar","SporeBomb"],"picked":"DragonMeteor","floor":11.0},{"not_picked":["Acceleration","LuminesStrike"],"picked":"GrandCross","floor":13.0},{"not_picked":["AsteroidBelt","UnstableBomb"],"picked":"IllusionStar","floor":14.0},{"not_picked":["CasketOfStar","MillisecondPulsars"],"picked":"ManaRampage","floor":16.0},{"not_picked":["IllusionStar","MysteriousBeam"],"picked":"Orbital","floor":18.0},{"not_picked":["Robbery","IllusionStar"],"picked":"GalacticHalo+1","floor":19.0},{"not_picked":["6A","ShootTheMoon+1"],"picked":"StarBarrage+1","floor":22},{"not_picked":["GalacticHalo","EarthLightRay"],"picked":"EscapeVelocity","floor":23},{"not_picked":["MagicChant","ShootingEcho"],"picked":"SporeBomb","floor":24},{"not_picked":["MagicAbsorber","NonDirectionalLaser"],"picked":"Orbital+1","floor":27},{"not_picked":["ManaConvection","DC"],"picked":"MilkyWay","floor":31},{"not_picked":["AsteroidBelt","GrandCross"],"picked":"MysteriousBeam","floor":33},{"not_picked":["FinalSpark","BlazingStar"],"picked":"MillisecondPulsars","floor":35},{"not_picked":["DeepEcoloBomb","NonDirectionalLaser+1"],"picked":"WitchOfGreed+1","floor":37},{"not_picked":["Replay:Many Hands","WaveOfTheHand+1","CutThroughFate"],"picked":"SKIP","floor":45}],"player_experience":99317,"relics_obtained":[{"floor":6.0,"key":"Replay:PocketPolymizer"},{"floor":8.0,"key":"Bag of Preparation"},{"floor":10.0,"key":"MealTicket"},{"floor":21.0,"key":"Ring of Misfortune"},{"floor":21.0,"key":"Ring of Searing"},{"floor":23,"key":"Mango"},{"floor":26,"key":"Du-Vu Doll"},{"floor":27,"key":"Replay:Bottled Snecko"},{"floor":45,"key":"Question Card"}],"event_choices":[{"damage_healed":0.0,"max_hp_gain":0.0,"max_hp_loss":0.0,"gold_gain":0.0,"event_name":"Golden Idol","player_choice":"Take Damage","floor":4.0,"gold_loss":0.0,"damage_taken":18.0,"relics_obtained":["Golden Idol"]},{"damage_healed":0.0,"max_hp_gain":0.0,"max_hp_loss":0.0,"gold_gain":0.0,"event_name":"Lab","player_choice":"Got Potions","floor":7.0,"gold_loss":0.0,"damage_taken":0.0},{"damage_healed":0.0,"max_hp_gain":0.0,"max_hp_loss":0.0,"gold_gain":100.0,"event_name":"Golden Shrine","player_choice":"Pray","floor":15.0,"gold_loss":0.0,"damage_taken":0.0},{"damage_healed":0,"gold_gain":0,"cards_transformed":["AlicesGift","ShootTheMoon"],"player_choice":"Became Test Subject","damage_taken":0,"max_hp_gain":0,"max_hp_loss":0,"event_name":"Drug Dealer","floor":32,"gold_loss":0,"cards_obtained":["EarthLightRay","MysteriousBeam"]},{"damage_healed":0,"gold_gain":0,"player_choice":"Upgraded Two","damage_taken":0,"max_hp_gain":0,"max_hp_loss":0,"event_name":"Designer","floor":38,"gold_loss":40,"cards_upgraded":["ChargeUpSpray","GravityBeat"]},{"damage_healed":0,"gold_gain":0,"player_choice":"Took Portal","damage_taken":0,"max_hp_gain":0,"max_hp_loss":0,"event_name":"SecretPortal","floor":40,"gold_loss":0}],"is_beta":false,"boss_relics":[{"not_picked":["Cursed Key","Replay:Bronze Core"],"picked":"Empty Cage"},{"not_picked":["Philosopher\u0027s Stone","Runic Dome"],"picked":"Astrolabe"}],"items_purged_floors":[2,2,2,20,20,20,20,20,28,28,28,28,28,39,39,39,39,39,39],"is_endless":false,"potions_floor_spawned":[3,5,5,6,8,8,8,10,11,11,13,13,16,18,19,22,23,24,24,27,33,35,35,45],"ascension_level":3}}