{"host":"2cg6xoexl1he7zus","time":1610506864,"event":{"mods":["AchievementEnabler","BaseMod","Colored Map","Hermit","Minty Spire (QoL Compilation)","Quick Restart","StSLib","SuperFastMode","everything is the same but u backflip on backflip"],"gold_per_floor":[113,131,131,149,159,159,171,203,230,244,244,275,302,316,316,419,419,435,405,425,425,445,445,480,510,510,523,523,523,573,583,583,680,680,691,369,384,141,158,193,206,206,233,28,28,61,61,86,86,86],"floor_reached":51,"language":"KOR","playtime":2563,"items_purged":["hermit:Defend_Hermit","hermit:Brawl","hermit:Strike_Hermit"],"score":764,"play_id":"45c209b9-e292-44b3-a252-14432d44aa90","local_time":"20210113120104","is_ascension_mode":false,"campfire_choices":[{"data":"hermit:Coalescence","floor":6.0,"key":"SMITH"},{"data":"hermit:WideOpen","floor":11.0,"key":"SMITH"},{"data":"hermit:PistolWhip","floor":15.0,"key":"SMITH"},{"data":"hermit:Covet","floor":23.0,"key":"SMITH"},{"floor":29.0,"key":"REST"},{"floor":32.0,"key":"REST"},{"data":"hermit:Manifest","floor":45,"key":"SMITH"},{"data":"hermit:CalledShot","floor":47,"key":"SMITH"},{"data":"hermit:Coalescence","floor":49,"key":"SMITH"}],"circlet_count":0,"master_deck":["hermit:Strike_Hermit","hermit:Strike_Hermit","hermit:Strike_Hermit","hermit:Defend_Hermit","hermit:Defend_Hermit","hermit:Defend_Hermit","hermit:Snapshot","hermit:Covet+1","hermit:Ricochet","hermit:GoldenBullet","hermit:Coalescence+1","hermit:PistolWhip+1","hermit:Enervate","hermit:WideOpen+1","hermit:Vantage","hermit:Spite","hermit:FatalDesire","hermit:CalledShot+1","hermit:Misfire+1","hermit:RoundhouseKick","hermit:Coalescence+1","hermit:Dissolve","CurseOfTheBell","hermit:HighCaliber+1","hermit:Manifest+1","hermit:ShadowCloak"],"relics":["hermit:Momento","Anchor","Akabeko","Potion Belt","Dream Catcher","Juzu Bracelet","Toy Ornithopter","hermit:BartenderGlass","Nilry\u0027s Codex","Bottled Flame","Sundial","Calling Bell","hermit:RyeStalk","hermit:Horseshoe","Thread and Needle","StrikeDummy","Lee\u0027s Waffle","HornCleat","Bronze Scales","Bottled Lightning","Blood Vial"],"acts_visited":["Exordium","TheCity","TheBeyond"],"potions_floor_usage":[40,40,41,41,46,46,46,46,46,46,50,50,50,50,50],"damage_taken":[{"damage":0.0,"enemies":"Cultist","floor":1.0,"turns":4.0},{"damage":0.0,"enemies":"2 Louse","floor":2.0,"turns":2.0},{"damage":5.0,"enemies":"Small Slimes","floor":4.0,"turns":3.0},{"damage":0.0,"enemies":"Looter","floor":5.0,"turns":1.0},{"damage":0.0,"enemies":"Lots of Slimes","floor":7.0,"turns":3.0},{"damage":16.0,"enemies":"Gremlin Nob","floor":8.0,"turns":3.0},{"damage":0.0,"enemies":"3 Louse","floor":10.0,"turns":2.0},{"damage":9.0,"enemies":"3 Sentries","floor":12.0,"turns":5.0},{"damage":0.0,"enemies":"Exordium Wildlife","floor":14.0,"turns":3.0},{"damage":37.0,"enemies":"The Guardian","floor":16.0,"turns":12.0},{"damage":14.0,"enemies":"2 Thieves","floor":18.0,"turns":4.0},{"damage":2.0,"enemies":"Shell Parasite","floor":20.0,"turns":2.0},{"damage":3.0,"enemies":"Centurion and Healer","floor":22.0,"turns":5.0},{"damage":0.0,"enemies":"Snake Plant","floor":24.0,"turns":3.0},{"damage":21.0,"enemies":"Slavers","floor":25.0,"turns":6.0},{"damage":21.0,"enemies":"Snecko","floor":27.0,"turns":5.0},{"damage":0.0,"enemies":"Centurion and Healer","floor":31.0,"turns":5.0},{"damage":37.0,"enemies":"Champ","floor":33.0,"turns":7.0},{"damage":21.0,"enemies":"3 Shapes","floor":35.0,"turns":7.0},{"damage":32.0,"enemies":"3 Darklings","floor":37.0,"turns":9.0},{"damage":12.0,"enemies":"Sphere and 2 Shapes","floor":39.0,"turns":6.0},{"damage":0,"enemies":"Nemesis","floor":40,"turns":3},{"damage":2,"enemies":"Maw","floor":41,"turns":8},{"damage":52,"enemies":"Giant Head","floor":46,"turns":10},{"damage":78,"enemies":"Donu and Deca","floor":50,"turns":13}],"seed_played":"7502633937293879771","potions_obtained":[{"floor":1.0,"key":"FearPotion"},{"floor":5.0,"key":"Block Potion"},{"floor":10.0,"key":"PowerPotion"},{"floor":12.0,"key":"Swift Potion"},{"floor":19.0,"key":"Strength Potion"},{"floor":19.0,"key":"SkillPotion"},{"floor":35.0,"key":"Strength Potion"},{"floor":39.0,"key":"LiquidBronze"},{"floor":40,"key":"EntropicBrew"},{"floor":41,"key":"hermit:BlackBile"}],"is_trial":false,"path_per_floor":["M","M","?","M","M","R","M","E","T","M","R","E","T","M","R","B",null,"M","?","M","?","M","R","M","E","T","M","?","R","?","M","R","B",null,"M","$","M","$","M","E","M","?","T","$","R","E","R","T","R","B",null],"character_chosen":"HERMIT","items_purchased":["StrikeDummy","Lee\u0027s Waffle","hermit:ShadowCloak"],"campfire_rested":2,"item_purchase_floors":[36,38,44],"current_hp_per_floor":[75,75,75,70,70,70,70,54,54,54,54,45,45,45,45,8,75,61,61,59,43,50,50,60,44,44,23,23,45,45,45,67,38,75,54,54,32,82,82,82,80,80,80,80,80,50,50,50,50,23],"gold":86,"neow_bonus":"RANDOM_COMMON_RELIC","is_daily":false,"chose_seed":false,"campfire_upgraded":7,"win_rate":0.0,"timestamp":1610506864,"path_taken":["M","M","?","M","?","R","M","E","T","M","R","E","?","M","R","BOSS","M","?","M","?","M","R","M","E","T","M","?","R","?","M","R","BOSS","M","?","M","$","M","E","M","?","T","$","R","E","R","?","R","BOSS"],"items_purchased_type":["Relic","Relic","Card"],"build_version":"2020-12-22","purchased_purges":3,"victory":true,"max_hp_per_floor":[75,75,75,75,75,75,75,75,75,75,75,75,75,75,75,75,75,75,75,75,75,75,75,75,75,75,75,75,75,75,75,75,75,75,75,75,75,82,82,82,82,82,82,82,82,82,82,82,82,82],"card_choices":[{"not_picked":["hermit:SprayPray","hermit:Feint"],"picked":"hermit:Ricochet","floor":1.0},{"not_picked":["hermit:HoleUp","hermit:LuckOfTheDraw"],"picked":"hermit:GoldenBullet","floor":2.0},{"not_picked":["hermit:Desperado","hermit:Feint"],"picked":"hermit:Coalescence","floor":4.0},{"not_picked":["hermit:Coalescence","hermit:TakeAim"],"picked":"hermit:PistolWhip","floor":5.0},{"not_picked":["hermit:ItchyTrigger","hermit:BodyArmor"],"picked":"hermit:Enervate","floor":7.0},{"not_picked":["hermit:SprayPray","hermit:Feint"],"picked":"hermit:WideOpen","floor":8.0},{"not_picked":["hermit:Snipe","hermit:TakeAim"],"picked":"hermit:Brawl","floor":10.0},{"not_picked":["hermit:Enervate","hermit:Feint"],"picked":"hermit:Vantage","floor":12.0},{"not_picked":["hermit:Brawl","hermit:LowProfile"],"picked":"hermit:Spite","floor":14.0},{"not_picked":["hermit:HighNoon","hermit:DeadOrAlive"],"picked":"hermit:FatalDesire","floor":16.0},{"not_picked":["hermit:Roulette","hermit:Quickdraw","hermit:Snipe"],"picked":"SKIP","floor":18.0},{"not_picked":["hermit:Vantage","hermit:LowProfile","hermit:Gestalt"],"picked":"SKIP","floor":20.0},{"not_picked":["hermit:Feint","hermit:WideOpen+1"],"picked":"hermit:CalledShot","floor":22.0},{"not_picked":["hermit:Quickdraw","hermit:Shortfuse"],"picked":"hermit:Misfire+1","floor":24.0},{"not_picked":["hermit:Adapt","hermit:Snipe","hermit:Dive"],"picked":"SKIP","floor":25.0},{"not_picked":["hermit:TrackingShot","hermit:Quickdraw","hermit:LowProfile"],"picked":"SKIP","floor":27.0},{"not_picked":["hermit:Shortfuse","hermit:LowProfile"],"picked":"hermit:Coalescence","floor":29.0},{"not_picked":["hermit:TrackingShot","hermit:Maintenance+1","hermit:ItchyTrigger"],"picked":"SKIP","floor":31.0},{"not_picked":["hermit:HeroicBravado","hermit:Gambit"],"picked":"hermit:Dissolve","floor":33.0},{"not_picked":["hermit:FullyLoaded+1","hermit:LowProfile"],"picked":"hermit:HighCaliber+1","floor":35.0},{"not_picked":["hermit:Glare","hermit:Showdown+1"],"picked":"hermit:Manifest","floor":37.0},{"not_picked":["hermit:Showdown+1","hermit:CalledShot","hermit:Enervate"],"picked":"SKIP","floor":39.0},{"not_picked":["hermit:Ricochet+1","hermit:Spite","hermit:WideOpen"],"picked":"SKIP","floor":40},{"not_picked":["hermit:HighCaliber+1","hermit:Quickdraw","hermit:Gestalt+1"],"picked":"SKIP","floor":41},{"not_picked":["hermit:Magnum","hermit:DeadOrAlive","hermit:SprayPray"],"picked":"SKIP","floor":46}],"player_experience":260460,"relics_obtained":[{"floor":8.0,"key":"Potion Belt"},{"floor":9.0,"key":"Dream Catcher"},{"floor":12.0,"key":"Juzu Bracelet"},{"floor":13.0,"key":"Toy Ornithopter"},{"floor":21.0,"key":"Nilry\u0027s Codex"},{"floor":25.0,"key":"Bottled Flame"},{"floor":26.0,"key":"Sundial"},{"floor":34.0,"key":"hermit:RyeStalk"},{"floor":34.0,"key":"hermit:Horseshoe"},{"floor":34.0,"key":"Thread and Needle"},{"floor":40,"key":"HornCleat"},{"floor":43,"key":"Bronze Scales"},{"floor":46,"key":"Bottled Lightning"},{"floor":48,"key":"Blood Vial"}],"event_choices":[{"damage_healed":0.0,"max_hp_gain":0.0,"max_hp_loss":0.0,"gold_gain":0.0,"event_name":"WeMeetAgain","player_choice":"Gave Potion","floor":3.0,"gold_loss":0.0,"damage_taken":0.0,"relics_obtained":["Akabeko"]},{"damage_healed":0.0,"max_hp_gain":0.0,"max_hp_loss":0.0,"gold_gain":0.0,"event_name":"The Woman in Blue","player_choice":"Bought 2 Potions","floor":19.0,"gold_loss":0.0,"damage_taken":0.0},{"damage_healed":0.0,"max_hp_gain":0.0,"max_hp_loss":0.0,"gold_gain":0.0,"event_name":"Cursed Tome","player_choice":"Obtained Book","floor":21.0,"gold_loss":0.0,"damage_taken":16.0},{"damage_healed":0.0,"max_hp_gain":0.0,"max_hp_loss":0.0,"gold_gain":0.0,"event_name":"The Library","player_choice":"Read","floor":28.0,"gold_loss":0.0,"damage_taken":0.0,"cards_obtained":["hermit:RoundhouseKick"]},{"damage_healed":0.0,"max_hp_gain":0.0,"max_hp_loss":0.0,"gold_gain":100.0,"event_name":"The Joust","player_choice":"Bet on Murderer","floor":30.0,"gold_loss":50.0,"damage_taken":0.0},{"damage_healed":0,"gold_gain":0,"player_choice":"Ignored","damage_taken":0,"max_hp_gain":0,"max_hp_loss":0,"event_name":"Tomb of Lord Red Mask","floor":42,"gold_loss":0}],"is_beta":false,"boss_relics":[{"not_picked":["Runic Pyramid","Coffee Dripper"],"picked":"hermit:BartenderGlass"},{"not_picked":["hermit:ClaspedLocket","Velvet Choker"],"picked":"Calling Bell"}],"items_purged_floors":[36,38,44],"is_endless":false,"potions_floor_spawned":[1,5,10,12,20,22,24,35,39,40,41],"ascension_level":0}}