{"host":"z9nhqy1wc0bvpk1o","time":1610576439,"event":{"mods":["BaseMod","Downfall","Minty Spire (QoL Compilation)","StSLib"],"gold_per_floor":[119,44,44,44,57,57,6,6,32,32,45,60,79,106,106,106,106],"floor_reached":16,"language":"ENG","playtime":763,"items_purged":["Defend_B"],"score":100,"play_id":"231979e0-0009-4e0e-ab98-e30db7da029e","local_time":"20210113222039","is_ascension_mode":false,"campfire_choices":[{"data":"Dualcast","floor":6,"key":"SMITH"},{"data":"Streamline","floor":8,"key":"SMITH"},{"data":"Zap","floor":10,"key":"SMITH"},{"floor":15,"key":"REST"}],"circlet_count":0,"master_deck":["Strike_B","Strike_B","Strike_B","Strike_B","Defend_B","Defend_B","Zap+1","Dualcast+1","Reboot","Capacitor","Streamline+1","Defragment","Loop","Barrage","Static Discharge"],"relics":["Cracked Core","Nunchaku","Toy Ornithopter","HornCleat"],"acts_visited":["Exordium"],"potions_floor_usage":[13,14,16],"damage_taken":[{"damage":0,"enemies":"Cultist","floor":1,"turns":4},{"damage":0,"enemies":"Small Slimes","floor":5,"turns":2},{"damage":1,"enemies":"2 Louse","floor":11,"turns":2},{"damage":13,"enemies":"Large Slime","floor":12,"turns":5},{"damage":29,"enemies":"Gremlin Gang","floor":13,"turns":4},{"damage":18,"enemies":"3 Sentries","floor":14,"turns":5},{"damage":51,"enemies":"Slime Boss","floor":16,"turns":6}],"seed_played":"-3023903432942543595","potions_obtained":[{"floor":5,"key":"DuplicationPotion"},{"floor":13,"key":"ColorlessPotion"},{"floor":14,"key":"sneckomod:MuddlingPotion"}],"is_trial":false,"path_per_floor":["M","$","$","?","M","R","$","R","T","R","M","M","M","E","R","B"],"character_chosen":"DEFECT","items_purchased":["Streamline"],"campfire_rested":1,"item_purchase_floors":[7],"current_hp_per_floor":[75,75,75,75,75,75,75,75,75,75,74,61,37,24,46,0,0],"gold":106,"neow_bonus":"TRANSFORM_CARD","is_daily":false,"chose_seed":false,"campfire_upgraded":3,"win_rate":0.0,"timestamp":1610576439,"path_taken":["M","?","$","?","M","R","$","R","T","R","M","M","?","E","R","BOSS"],"items_purchased_type":["Card"],"build_version":"2020-12-22","purchased_purges":1,"victory":false,"max_hp_per_floor":[75,75,75,75,75,75,75,75,75,75,75,75,75,75,75,75,75],"card_choices":[{"not_picked":["Barrage","Leap"],"picked":"Consume","floor":1},{"not_picked":["Hello World","Beam Cell"],"picked":"Capacitor","floor":5},{"not_picked":["Hologram","Redo"],"picked":"Defragment","floor":11},{"not_picked":["Steam","Beam Cell"],"picked":"Loop","floor":12},{"not_picked":["Coolheaded","Lockon"],"picked":"Barrage","floor":13},{"not_picked":["FTL","Melter"],"picked":"Static Discharge","floor":14}],"player_experience":13394,"relics_obtained":[{"floor":9,"key":"Toy Ornithopter"},{"floor":14,"key":"HornCleat"}],"event_choices":[{"cards_removed":["Consume"],"damage_healed":0,"gold_gain":0,"player_choice":"Gave Card","damage_taken":0,"relics_obtained":["Nunchaku"],"max_hp_gain":0,"max_hp_loss":0,"event_name":"WeMeetAgain","floor":4,"gold_loss":0}],"is_beta":false,"boss_relics":[],"items_purged_floors":[2],"is_endless":false,"potions_floor_spawned":[5,13,14],"killed_by":"Slime Boss","ascension_level":0}}