{"host":"xt797mi8yhee06c1","time":1610578761,"event":{"mods":["BaseMod","Bestiary","Koishi","Marisa£¨Ùöéë¡¡Øª×âÞÞ£©","Minty Spire (QoL Compilation)","Poor People Problems","Prisma Mod","Relic Filter","Shop Mod","Spicy Shops","StSLib","The Marked","The Servant 0.9.4","WarShipGirlsR/??á´Ò³R mod"],"gold_per_floor":[19,29,104,41,54,81,5,5,32,32,41,41,76,99,99,207,207,234,258,63,85,101,101,140,140,163,202,226,246,283,283,292,585,594,650,176,201,201,250,281,290,290,290,310,349,349,165,165,165,165,165,165,115,150,150],"floor_reached":56,"language":"KOR","playtime":5859,"items_purged":["PrismaMod:ChloeCommonAttack","PrismaMod:ChloeCommonAttack","PrismaMod:ChloeCommonDefend","PrismaMod:ChloeCommonAttack"],"score":1323,"play_id":"af3f2c26-7bf6-4025-bf18-6a781f8ae57f","local_time":"20210114075921","is_ascension_mode":false,"campfire_choices":[{"data":"PrismaMod:ChloeGaeBolg","floor":8.0,"key":"SMITH"},{"data":"PrismaMod:ChloeUnlimitedBladeWorks","floor":12.0,"key":"SMITH"},{"floor":15.0,"key":"REST"},{"data":"PrismaMod:ChloeRitsuka","floor":23.0,"key":"SMITH"},{"data":"PrismaMod:ChloeRhongomyniad","floor":25.0,"key":"SMITH"},{"floor":32.0,"key":"REST"},{"floor":42.0,"key":"RECALL"},{"data":"PrismaMod:ChloeRuleBreaker","floor":46.0,"key":"SMITH"},{"data":"PrismaMod:ChloeMordred","floor":49.0,"key":"SMITH"},{"data":"PrismaMod:ChloeUnlimitedBladeWorks","floor":52,"key":"SMITH"}],"circlet_count":0,"master_deck":["PrismaMod:ChloeCommonAttack","PrismaMod:ChloeCommonDefend","PrismaMod:ChloeCommonDefend","PrismaMod:ChloeCommonDefend","PrismaMod:ChloeCommonDefend","PrismaMod:ChloeCheapAttack","PrismaMod:ChloeCheapDefend","PrismaMod:ChloeUncommonDefend","PrismaMod:ChloeGaeBolg+1","PrismaMod:ChloeCheapDefendTwo","PrismaMod:ChloeEyeOfTheEuryale","PrismaMod:ChloeAnyPowerTrace","PrismaMod:ChloeCheapAttack","PrismaMod:ChloeUnlimitedBladeWorks+1","PrismaMod:ChloeCheapAttackTwo","PrismaMod:ChloeDiscardRecovery","PrismaMod:ChloeCarnivalAttack","PrismaMod:ChloeMordred","PrismaMod:ChloeRitsuka+1","PrismaMod:ChloeExcalibur","PrismaMod:ChloeRhongomyniad+1","PrismaMod:ChloeCheapDefendTwo+1","PrismaMod:ChloeCheapDefend+1","PrismaMod:ChloeRitsuka+1","PrismaMod:ChloeUnlimitedBladeWorks+1","PrismaMod:ChloeCaladbolg","PrismaMod:ChloeCarnivalAOEAttack","CurseOfTheBell","PrismaMod:ChloeUncommonDefend+1","PrismaMod:ChloeMordred+1","PrismaMod:ChloeExhaustTwo+1","PrismaMod:ChloeUncommonDefend+1","Dramatic Entrance","PrismaMod:ChloeDoubleRelicSpeed","PrismaMod:ChloeRuleBreaker+1"],"relics":["PrismaMod:PrismaTraceOn","Ginger","Smiling Mask","CeramicFish","White Beast Statue","SacredBark","Potion Belt","Strawberry","Dream Catcher","Lantern","Nilry\u0027s Codex","Calling Bell","Bronze Scales","Gremlin Horn","Mango","Mummified Hand","Nunchaku","Oddly Smooth Stone","Du-Vu Doll"],"acts_visited":["Exordium","TheCity","TheBeyond","TheEnding"],"potions_floor_usage":[55],"damage_taken":[{"damage":0.0,"enemies":"Cultist","floor":1.0,"turns":3.0},{"damage":0.0,"enemies":"Jaw Worm","floor":2.0,"turns":5.0},{"damage":0.0,"enemies":"Small Slimes","floor":5.0,"turns":3.0},{"damage":12.0,"enemies":"3 Sentries","floor":6.0,"turns":10.0},{"damage":54.0,"enemies":"Lagavulin","floor":13.0,"turns":8.0},{"damage":11.0,"enemies":"Gremlin Gang","floor":14.0,"turns":3.0},{"damage":23.0,"enemies":"Slime Boss","floor":16.0,"turns":8.0},{"damage":7.0,"enemies":"Shell Parasite","floor":18.0,"turns":5.0},{"damage":10.0,"enemies":"3 Byrds","floor":19.0,"turns":4.0},{"damage":0.0,"enemies":"Snake Plant","floor":21.0,"turns":3.0},{"damage":31.0,"enemies":"Shelled Parasite and Fungi","floor":22.0,"turns":4.0},{"damage":25.0,"enemies":"Gremlin Leader","floor":24.0,"turns":4.0},{"damage":27.0,"enemies":"Slavers","floor":27.0,"turns":3.0},{"damage":9.0,"enemies":"Centurion and Healer","floor":28.0,"turns":5.0},{"damage":4.0,"enemies":"Chosen and Byrds","floor":29.0,"turns":3.0},{"damage":2.0,"enemies":"Book of Stabbing","floor":30.0,"turns":7.0},{"damage":2.0,"enemies":"Champ","floor":33.0,"turns":9.0},{"damage":0.0,"enemies":"3 Shapes","floor":35.0,"turns":4.0},{"damage":0.0,"enemies":"3 Darklings","floor":37.0,"turns":3.0},{"damage":21.0,"enemies":"Writhing Mass","floor":39.0,"turns":6.0},{"damage":10.0,"enemies":"Reptomancer","floor":40.0,"turns":5.0},{"damage":5.0,"enemies":"Jaw Worm Horde","floor":44.0,"turns":3.0},{"damage":0.0,"enemies":"Giant Head","floor":45.0,"turns":7.0},{"damage":81,"enemies":"Awakened One","floor":50,"turns":9},{"damage":97,"enemies":"Shield and Spear","floor":54,"turns":11},{"damage":10,"enemies":"The Heart","floor":55,"turns":6}],"seed_played":"5610669897964901477","potions_obtained":[{"floor":1.0,"key":"SpeedPotion"},{"floor":2.0,"key":"BlessingOfTheForge"},{"floor":14.0,"key":"LiquidMemories"},{"floor":16.0,"key":"Ancient Potion"},{"floor":18.0,"key":"Block Potion"},{"floor":19.0,"key":"SteroidPotion"},{"floor":21.0,"key":"PowerPotion"},{"floor":24.0,"key":"Explosive Potion"},{"floor":27.0,"key":"Explosive Potion"},{"floor":28.0,"key":"Fire Potion"},{"floor":29.0,"key":"LiquidMemories"},{"floor":30.0,"key":"Regen Potion"},{"floor":33.0,"key":"FearPotion"},{"floor":33.0,"key":"Explosive Potion"},{"floor":33.0,"key":"DuplicationPotion"},{"floor":37.0,"key":"EssenceOfSteel"},{"floor":40.0,"key":"Dexterity Potion"},{"floor":54,"key":"LiquidMemories"}],"is_trial":false,"path_per_floor":["M","M","?","$","M","E","$","R","T","$","?","R","E","M","R","B",null,"M","M","$","M","M","R","E","R","T","E","M","M","E","?","R","B",null,"M","$","M","?","M","E","?","R","T","M","E","R","$","?","R","B",null,"R","$","E","B",null],"character_chosen":"CHLOE","items_purchased":["PrismaMod:ChloeCheapDefendTwo","PrismaMod:ChloeCheapAttack","PrismaMod:ChloeRitsuka","Mummified Hand","PrismaMod:ChloeMordred","Fruit Juice","Regen Potion"],"campfire_rested":2,"item_purchase_floors":[4,7,20,36,36,47,47],"current_hp_per_floor":[75,75,68,68,68,63,63,63,63,63,63,63,29,28,50,27,75,68,58,58,58,37,37,22,22,29,17,8,4,17,1,25,82,96,96,96,96,96,85,85,85,85,85,80,87,87,97,97,97,16,101,101,101,101,91],"gold":150,"neow_bonus":"ONE_RARE_RELIC","is_daily":false,"chose_seed":false,"campfire_upgraded":7,"win_rate":0.0,"timestamp":1610578761,"path_taken":["M","?","?","$","M","E","$","R","T","?","?","R","E","?","R","BOSS","M","M","$","?","M","R","E","R","T","E","M","M","E","?","R","BOSS","M","$","M","?","M","E","?","R","T","M","E","R","?","?","R","BOSS","R","$","E","BOSS"],"items_purchased_type":["Card","Card","Card","Relic","Card","Potion","Potion"],"build_version":"2020-12-22","purchased_purges":4,"victory":true,"max_hp_per_floor":[75,75,75,75,75,75,75,75,75,75,75,75,75,75,75,75,75,75,75,75,75,75,75,75,75,82,82,82,82,82,82,82,82,96,96,96,96,96,96,96,96,96,96,96,96,96,106,101,101,101,101,101,101,101,101],"card_choices":[{"not_picked":["PrismaMod:ChloeDiscardRecovery","PrismaMod:ChloeChristmas"],"picked":"PrismaMod:ChloeUncommonDefend","floor":1.0},{"not_picked":["PrismaMod:ChloeCheapAttack","PrismaMod:ChloeCheapAttackTwo"],"picked":"PrismaMod:ChloeGaeBolg","floor":2.0},{"not_picked":["PrismaMod:ChloeCheapDefend","PrismaMod:ChloeExhaustOne"],"picked":"PrismaMod:ChloeEyeOfTheEuryale","floor":5.0},{"not_picked":["PrismaMod:ChloeExhaustOne","PrismaMod:ChloeEyeOfTheEuryale"],"picked":"PrismaMod:ChloeAnyPowerTrace","floor":6.0},{"not_picked":["PrismaMod:ChloeExhaustOne","PrismaMod:ChloeUncommonAttack"],"picked":"PrismaMod:ChloeCheapAttackTwo","floor":13.0},{"not_picked":["PrismaMod:ChloeCheapDefend","PrismaMod:ChloeExhaustOne"],"picked":"PrismaMod:ChloeDiscardRecovery","floor":14.0},{"not_picked":["PrismaMod:ChloeCarnivalDefend","PrismaMod:ChloeReshuffleDiscard"],"picked":"PrismaMod:ChloeCarnivalAttack","floor":16.0},{"not_picked":["PrismaMod:ChloeCheapAttack","PrismaMod:ChloeUncommonAOEAttack+1"],"picked":"PrismaMod:ChloeRuleBreaker","floor":18.0},{"not_picked":["PrismaMod:ChloeChristmas","PrismaMod:ChloeDemonicTutor"],"picked":"PrismaMod:ChloeMordred","floor":19.0},{"not_picked":["PrismaMod:ChloeCheapAttackTwo+1","PrismaMod:ChloeCheapDefendTwo"],"picked":"PrismaMod:ChloeExcalibur","floor":21.0},{"not_picked":["PrismaMod:ChloeRuleBreaker","PrismaMod:ChloeRitsuka","PrismaMod:ChloeUncommonAOEAttack+1"],"picked":"SKIP","floor":22.0},{"not_picked":["PrismaMod:ChloeDiscardRecovery+1","PrismaMod:ChloeAnyAttackTrace"],"picked":"PrismaMod:ChloeRhongomyniad","floor":24.0},{"not_picked":["PrismaMod:ChloeCheapDefend","PrismaMod:ChloeCheapAttack"],"picked":"PrismaMod:ChloeCheapDefendTwo+1","floor":27.0},{"not_picked":["PrismaMod:ChloeExcalibur","PrismaMod:ChloeGaeBolg"],"picked":"PrismaMod:ChloeCheapDefend+1","floor":28.0},{"not_picked":["PrismaMod:ChloeRhongomyniad","PrismaMod:ChloeCheapDefendTwo"],"picked":"PrismaMod:ChloeRitsuka+1","floor":29.0},{"not_picked":["PrismaMod:ChloeExhaustTwo","PrismaMod:ChloeUncommonAOEAttack"],"picked":"PrismaMod:ChloeUnlimitedBladeWorks","floor":30.0},{"not_picked":["PrismaMod:ChloeCheapAttackTwo+1","PrismaMod:ChloeExhaustTwo"],"picked":"PrismaMod:ChloeCaladbolg","floor":32.0},{"not_picked":["PrismaMod:ChloeAnyCommonTrace","PrismaMod:ChloeAnyPowerTrace"],"picked":"PrismaMod:ChloeCarnivalAOEAttack","floor":33.0},{"not_picked":["PrismaMod:ChloeCommonAOEAttack+1","PrismaMod:ChloeExhaustOne"],"picked":"PrismaMod:ChloeUncommonDefend+1","floor":35.0},{"not_picked":["PrismaMod:ChloeCheapAttack+1","PrismaMod:ChloeCheapAttackTwo+1"],"picked":"PrismaMod:ChloeExhaustTwo+1","floor":37.0},{"not_picked":["PrismaMod:ChloeCheapAttack+1","PrismaMod:ChloeExhaustOne+1"],"picked":"PrismaMod:ChloeUncommonDefend+1","floor":39.0},{"not_picked":["PrismaMod:ChloeUncommonDefend+1","PrismaMod:ChloeChristmas","PrismaMod:ChloeBetterTracePools+1"],"picked":"SKIP","floor":40.0},{"not_picked":["Trip","Forethought"],"picked":"Dramatic Entrance","floor":41.0},{"not_picked":["PrismaMod:ChloeExhaustTwo","PrismaMod:ChloeExhaustOne+1"],"picked":"PrismaMod:ChloeDoubleRelicSpeed","floor":44.0},{"not_picked":["PrismaMod:ChloeMaid+1","PrismaMod:ChloeExhaustTwo"],"picked":"PrismaMod:ChloeRuleBreaker","floor":45.0},{"not_picked":["PrismaMod:ChloeCheapAttackTwo","PrismaMod:ChloeExhaustOne","PrismaMod:ChloeExhaustTwo+1"],"picked":"SKIP","floor":54}],"player_experience":347346,"relics_obtained":[{"floor":6.0,"key":"Smiling Mask"},{"floor":9.0,"key":"CeramicFish"},{"floor":13.0,"key":"White Beast Statue"},{"floor":24.0,"key":"Potion Belt"},{"floor":26.0,"key":"Strawberry"},{"floor":27.0,"key":"Dream Catcher"},{"floor":30.0,"key":"Lantern"},{"floor":31.0,"key":"Nilry\u0027s Codex"},{"floor":34.0,"key":"Bronze Scales"},{"floor":34.0,"key":"Gremlin Horn"},{"floor":34.0,"key":"Mango"},{"floor":40.0,"key":"Nunchaku"},{"floor":45.0,"key":"Oddly Smooth Stone"},{"floor":54,"key":"Du-Vu Doll"}],"event_choices":[{"damage_healed":0.0,"max_hp_gain":0.0,"max_hp_loss":0.0,"gold_gain":75.0,"event_name":"FaceTrader","player_choice":"Touch","floor":3.0,"gold_loss":0.0,"damage_taken":7.0},{"damage_healed":0.0,"max_hp_gain":0.0,"max_hp_loss":0.0,"gold_gain":0.0,"cards_transformed":["PrismaMod:ChloeCommonAttack"],"event_name":"Transmorgrifier","player_choice":"Transformed","floor":11.0,"gold_loss":0.0,"damage_taken":0.0,"cards_obtained":["PrismaMod:ChloeUnlimitedBladeWorks"]},{"damage_healed":0.0,"max_hp_gain":0.0,"max_hp_loss":0.0,"gold_gain":0.0,"event_name":"Cursed Tome","player_choice":"Obtained Book","floor":31.0,"gold_loss":0.0,"damage_taken":16.0},{"cards_removed":["PrismaMod:ChloeRuleBreaker"],"damage_healed":0.0,"max_hp_gain":0.0,"max_hp_loss":0.0,"gold_gain":0.0,"event_name":"Falling","player_choice":"Removed Attack","floor":38.0,"gold_loss":0.0,"damage_taken":0.0},{"damage_healed":0.0,"max_hp_gain":0.0,"max_hp_loss":0.0,"gold_gain":0.0,"event_name":"SensoryStone","player_choice":"Memory 1","floor":41.0,"gold_loss":0.0,"damage_taken":0.0},{"damage_healed":0.0,"max_hp_gain":0.0,"max_hp_loss":5.0,"gold_gain":0.0,"event_name":"Winding Halls","player_choice":"Max HP","floor":48.0,"gold_loss":0.0,"damage_taken":0.0}],"is_beta":false,"boss_relics":[{"not_picked":["Coffee Dripper","Ectoplasm"],"picked":"SacredBark"},{"not_picked":["Black Star","Velvet Choker"],"picked":"Calling Bell"}],"items_purged_floors":[7,36,36,53],"is_endless":false,"potions_floor_spawned":[1,2,14,16,18,19,21,22,24,27,28,29,30,33,35,37,39,40,44,45,54],"ascension_level":0}}