{"host":"9n6i2vl93jt4o42q","time":1610548730,"event":{"mods":["BaseMod","Minty Spire (QoL Compilation)","Relic Stats"],"gold_per_floor":[109,21,34,47,47,47,74,94,94,94,114,149,149,167,167,167,167],"floor_reached":16,"language":"ENG","playtime":1066,"items_purged":[],"score":224,"play_id":"342d10d1-0cae-47c6-9bec-6a8db4e8dab4","local_time":"20210113153850","is_ascension_mode":true,"campfire_choices":[{"data":"Eviscerate","floor":6,"key":"SMITH"},{"floor":10,"key":"REST"},{"floor":15,"key":"REST"}],"circlet_count":0,"master_deck":["AscendersBane","Strike_G","Strike_G","Strike_G","Strike_G","Defend_G","Defend_G","Defend_G","Defend_G","Defend_G","Survivor","Neutralize","Impatience","Eviscerate+1","Caltrops","Cloak And Dagger","Dagger Throw","Backstab","Underhanded Strike","Backflip","Dagger Throw","Prepared"],"relics":["Ring of the Snake","Omamori","Ancient Tea Set","Sundial"],"acts_visited":["Exordium"],"potions_floor_usage":[12,16,16],"damage_taken":[{"damage":4,"enemies":"Small Slimes","floor":1,"turns":5},{"damage":0,"enemies":"Cultist","floor":3,"turns":3},{"damage":0,"enemies":"Jaw Worm","floor":4,"turns":3},{"damage":14,"enemies":"3 Sentries","floor":7,"turns":8},{"damage":17,"enemies":"Gremlin Gang","floor":8,"turns":4},{"damage":0,"enemies":"Blue Slaver","floor":11,"turns":1},{"damage":16,"enemies":"Lagavulin","floor":12,"turns":5},{"damage":0,"enemies":"3 Louse","floor":14,"turns":3},{"damage":53,"enemies":"Slime Boss","floor":16,"turns":6}],"seed_played":"-7348454538282469614","potions_obtained":[{"floor":4,"key":"AttackPotion"},{"floor":8,"key":"Weak Potion"},{"floor":14,"key":"FearPotion"}],"is_trial":false,"path_per_floor":["M","$","M","M","?","R","E","M","T","R","M","E","?","M","R","B"],"character_chosen":"THE_SILENT","items_purchased":["Caltrops","Cloak And Dagger"],"campfire_rested":2,"item_purchase_floors":[2,2],"current_hp_per_floor":[55,55,55,55,55,55,41,24,24,43,43,27,27,27,46,0,0],"gold":167,"neow_bonus":"RANDOM_COLORLESS","is_daily":false,"chose_seed":false,"campfire_upgraded":1,"win_rate":0.0,"timestamp":1610548730,"path_taken":["M","$","M","M","?","R","E","M","T","R","M","E","?","M","R","BOSS"],"items_purchased_type":["Card","Card"],"build_version":"2020-12-22","purchased_purges":0,"victory":false,"max_hp_per_floor":[66,66,66,66,66,66,66,66,66,66,66,66,66,66,66,66,66],"relic_stats":{"counters":[9,38],"Sundial":[0],"obtain_stats":[{"Sundial":12,"Omamori":7,"Ancient Tea Set":9,"Ring of the Snake":0},{"Sundial":7,"Omamori":4,"Ancient Tea Set":5,"Ring of the Snake":0},{"Sundial":29,"Omamori":19,"Ancient Tea Set":23,"Ring of the Snake":0}],"Ring of the Snake":[18]},"card_choices":[{"not_picked":["Purity","Jack Of All Trades"],"picked":"Impatience","floor":0},{"not_picked":["Acrobatics","Escape Plan"],"picked":"Eviscerate","floor":1},{"not_picked":["Well Laid Plans","Bane"],"picked":"Dagger Throw","floor":3},{"not_picked":["Choke","Slice"],"picked":"Backstab","floor":4},{"not_picked":["Quick Slash","Sucker Punch"],"picked":"Underhanded Strike","floor":7},{"not_picked":["Outmaneuver","Grand Finale"],"picked":"Backflip","floor":8},{"not_picked":["Quick Slash","Escape Plan"],"picked":"Dagger Throw","floor":11},{"not_picked":["Setup","Endless Agony"],"picked":"Prepared","floor":12},{"not_picked":["Expertise","Heel Hook","Escape Plan"],"picked":"SKIP","floor":14}],"player_experience":2063775,"relics_obtained":[{"floor":7,"key":"Omamori"},{"floor":9,"key":"Ancient Tea Set"},{"floor":12,"key":"Sundial"}],"event_choices":[{"damage_healed":0,"gold_gain":0,"player_choice":"Leave","damage_taken":0,"max_hp_gain":0,"max_hp_loss":0,"event_name":"The Cleric","floor":5,"gold_loss":0},{"cards_removed":["Strike_G"],"damage_healed":0,"gold_gain":0,"player_choice":"Purged","damage_taken":0,"max_hp_gain":0,"max_hp_loss":0,"event_name":"Purifier","floor":13,"gold_loss":0}],"is_beta":false,"boss_relics":[],"items_purged_floors":[],"is_endless":false,"potions_floor_spawned":[4,8,11,14],"killed_by":"Slime Boss","ascension_level":20}}