{"host":"hgppx942rrnelsya","time":1610576583,"event":{"mods":["Act Like it!","BaseMod","Friendly Minions","Gensokyo","GifTheSpireLib","Hallownest","KinomotoSakuraMod(????)","Koishi","Marisa????????","Minty Spire (QoL Compilation)","Prisma Mod","Remilia??????","StSLib","The Alterego","The Animator","The Forsaken","The Hierophant","The Mystic","The Runesmith","The Servant 0.9.4"],"gold_per_floor":[111,129,144,97,97,32,58,373,373,373,373,373,393,410,410,410,410],"floor_reached":16,"language":"ENG","playtime":897,"items_purged":[],"score":102,"play_id":"a49fb262-6ec3-4f41-b174-bcc903505d84","local_time":"20210113222303","is_ascension_mode":false,"campfire_choices":[{"floor":11,"key":"REST"},{"floor":15,"key":"REST"}],"circlet_count":0,"master_deck":["Strike_S","Strike_S","Strike_S","Strike_S","Defend_S","Defend_S","Defend_S","KidneyShot","Exchange","Potential","Reset","Revamp","Starlight","DoubleEdge","Sabotage","Ricochet","theForsaken:PlagueCurse","Pain","Sabotage","Starlight"],"relics":["Uniform","Potion Belt","Vajra","Runesmith:AutoHammer","theForsaken:PlagueMask","Gensokyo:LunaticRedEyes"],"acts_visited":["Gensokyo:Gensokyo"],"potions_floor_usage":[3,7,16,16],"damage_taken":[{"damage":10,"enemies":"Gensokyo:Gryphon","floor":1,"turns":4},{"damage":4,"enemies":"Gensokyo:3_Fairies","floor":2,"turns":4},{"damage":4,"enemies":"Gensokyo:2_Kodama","floor":3,"turns":4},{"damage":27,"enemies":"Gensokyo:Mamizou","floor":7,"turns":10},{"damage":15,"enemies":"Gensokyo:Gryphon_and_Rabbit","floor":8,"turns":6},{"damage":0,"enemies":"Gensokyo:VengefulSpirit","floor":13,"turns":3},{"damage":5,"enemies":"Gensokyo:Kitsune","floor":14,"turns":3},{"damage":39,"enemies":"Gensokyo:Kokoro","floor":16,"turns":10}],"seed_played":"-4461357928560514422","potions_obtained":[{"floor":1,"key":"BlessingOfTheForge"},{"floor":2,"key":"GamblersBrew"},{"floor":3,"key":"GamblersBrew"},{"floor":8,"key":"DistilledChaos"}],"is_trial":false,"path_per_floor":["M","M","M","$","?","COS","E","M","T","?","R","?","M","M","R","B"],"character_chosen":"THE_SERVANT","items_purchased":["DoubleEdge"],"campfire_rested":2,"item_purchase_floors":[4],"current_hp_per_floor":[55,51,47,47,47,47,20,5,5,5,24,24,24,19,38,0,0],"gold":410,"neow_bonus":"THREE_CARDS","is_daily":false,"chose_seed":false,"campfire_upgraded":0,"win_rate":0.0,"timestamp":1610576583,"path_taken":["M","M","M","$","?","COS","E","?","T","?","R","?","M","M","R","BOSS"],"items_purchased_type":["Card"],"build_version":"2020-12-22","purchased_purges":0,"victory":false,"max_hp_per_floor":[65,65,65,65,65,65,65,65,65,65,65,65,65,65,65,65,65],"card_choices":[{"not_picked":["Unruled","Defy"],"picked":"Potential","floor":0},{"not_picked":["BottledTime","Defy"],"picked":"Reset","floor":1},{"not_picked":["Defy","Rewind"],"picked":"Revamp","floor":2},{"not_picked":["Spin","Defy"],"picked":"Starlight","floor":3},{"not_picked":["DoubleEdge","BestPractice"],"picked":"Sabotage","floor":7},{"not_picked":["Defy","Alleviate"],"picked":"Ricochet","floor":8},{"not_picked":["Manipulate","ReturningBlade"],"picked":"Sabotage","floor":13},{"not_picked":["Ricochet","Rearm"],"picked":"Starlight","floor":14}],"player_experience":47424,"relics_obtained":[{"floor":7,"key":"Potion Belt"},{"floor":9,"key":"Runesmith:AutoHammer"}],"event_choices":[{"damage_healed":0,"gold_gain":0,"player_choice":"Obtain Plague Curse","damage_taken":0,"max_hp_gain":0,"max_hp_loss":0,"event_name":"Plague Doctor","floor":10,"gold_loss":0,"cards_obtained":["theForsaken:PlagueCurse"]}],"is_beta":false,"boss_relics":[],"items_purged_floors":[],"is_endless":false,"potions_floor_spawned":[1,2,3,8],"killed_by":"Gensokyo:Kokoro","ascension_level":0}}