{"host":"4328iixd8pca51w5","time":1610527190,"event":{"mods":["2.2 Compatiblity","AchievementEnabler","BaseMod","CapriCore","Colored Map","KOR Keyword Fix","Minty Spire (QoL Compilation)","StSLib","WarShipGirlsR/??á´Ò³R mod"],"gold_per_floor":[119,138,63,75,75,109,109,9,9,23,34,34,34,34,34,135,135,145,145,20,0,10,45,55,65,65,78,78,95,111,130,130,228,228,248,248,53,72,3,3,21,21,66,97,97,97,97,113,113,113],"floor_reached":51,"language":"KOR","playtime":5432,"items_purged":["rmod:defend","rmod:strick","rmod:defend"],"score":955,"play_id":"f7961f15-fee7-48f0-abe6-ff4d7cf70039","local_time":"20210113173950","is_ascension_mode":true,"campfire_choices":[{"data":"rmod:salvage","floor":7.0,"key":"SMITH"},{"data":"rmod:acesubmarine","floor":12.0,"key":"SMITH"},{"data":"rmod:circuitoustactics","floor":15.0,"key":"SMITH"},{"floor":32.0,"key":"REST"},{"data":"rmod:fletcher","floor":40.0,"key":"SMITH"},{"data":"rmod:salvage","floor":42.0,"key":"SMITH"},{"data":"rmod:openingtorpedo","floor":45.0,"key":"SMITH"},{"data":"rmod:openingtorpedo","floor":47.0,"key":"SMITH"},{"floor":49.0,"key":"REST"}],"circlet_count":0,"master_deck":["rmod:strick","rmod:strick","rmod:defend","rmod:defend","rmod:basicallowance","rmod:maingunfire","rmod:circuitoustactics+1","rmod:fletcherpendant","rmod:salvage+1","rmod:acesubmarine+1","rmod:fletcherpendant","rmod:fletcherpendant+1","rmod:fletcherpendant+1","rmod:highspeedmaneuver+1","rmod:fletcherpendant","rmod:wife+1","rmod:openingtorpedo+1","rmod:fletcherpendant","rmod:salvage+1","rmod:fletcherpendant","rmod:fletcherpendant","rmod:fletcherpendant","rmod:salvage+1","rmod:fletcherpendant","rmod:openingtorpedo+1","rmod:fletcher+1","rmod:fletcherpendant+1","rmod:luckystar+1","rmod:intelligenceanalysis","rmod:fletcherpendant","rmod:ridicule+1","Apotheosis+1","rmod:fletcher+1","rmod:circuitoustactics+1","rmod:ring+1","rmod:fletcherpendant","rmod:fletcherpendant","rmod:goodsister+1"],"relics":["Toxic Egg 2","Lantern","Anchor","rmod:mogul","Letter Opener","Shuriken","rmod:monthlycard","Regal Pillow"],"acts_visited":["Exordium","TheCity","TheBeyond"],"potions_floor_usage":[50,50,50],"damage_taken":[{"damage":0.0,"enemies":"Small Slimes","floor":1.0,"turns":3.0},{"damage":0.0,"enemies":"Cultist","floor":2.0,"turns":3.0},{"damage":6.0,"enemies":"Jaw Worm","floor":4.0,"turns":2.0},{"damage":10.0,"enemies":"Gremlin Nob","floor":6.0,"turns":3.0},{"damage":0.0,"enemies":"Looter","floor":10.0,"turns":2.0},{"damage":4.0,"enemies":"Lots of Slimes","floor":11.0,"turns":3.0},{"damage":32.0,"enemies":"The Guardian","floor":16.0,"turns":6.0},{"damage":7.0,"enemies":"3 Byrds","floor":18.0,"turns":4.0},{"damage":9.0,"enemies":"Shell Parasite","floor":22.0,"turns":4.0},{"damage":5.0,"enemies":"Book of Stabbing","floor":23.0,"turns":4.0},{"damage":16.0,"enemies":"3 Cultists","floor":24.0,"turns":4.0},{"damage":18.0,"enemies":"Shelled Parasite and Fungi","floor":25.0,"turns":4.0},{"damage":0.0,"enemies":"Snecko","floor":27.0,"turns":2.0},{"damage":8.0,"enemies":"Snake Plant","floor":29.0,"turns":2.0},{"damage":2.0,"enemies":"Cultist and Chosen","floor":30.0,"turns":4.0},{"damage":0.0,"enemies":"Shelled Parasite and Fungi","floor":31.0,"turns":2.0},{"damage":28.0,"enemies":"Collector","floor":33.0,"turns":6.0},{"damage":8.0,"enemies":"Orb Walker","floor":35.0,"turns":2.0},{"damage":7.0,"enemies":"3 Shapes","floor":38.0,"turns":2.0},{"damage":0.0,"enemies":"Writhing Mass","floor":41.0,"turns":1.0},{"damage":0.0,"enemies":"Reptomancer","floor":44.0,"turns":2.0},{"damage":5.0,"enemies":"3 Darklings","floor":48.0,"turns":2.0},{"damage":0,"enemies":"Time Eater","floor":50,"turns":3}],"seed_played":"6370403727612659056","potions_obtained":[{"floor":1.0,"key":"Explosive Potion"},{"floor":10.0,"key":"Fire Potion"},{"floor":11.0,"key":"Strength Potion"},{"floor":16.0,"key":"Block Potion"},{"floor":23.0,"key":"CultistPotion"},{"floor":24.0,"key":"ColorlessPotion"},{"floor":25.0,"key":"SteroidPotion"},{"floor":27.0,"key":"Weak Potion"},{"floor":33.0,"key":"SteroidPotion"},{"floor":35.0,"key":"Block Potion"},{"floor":41.0,"key":"Ancient Potion"},{"floor":48.0,"key":"AttackPotion"}],"is_trial":false,"path_per_floor":["M","M","$","M","?","E","R","$","T","M","M","R","?","$","R","B",null,"M","?","$","?","M","E","M","M","T","M","?","M","M","M","R","B",null,"M","?","$","M","$","R","M","R","T","E","R","?","R","M","R","B",null],"character_chosen":"PRAEFECT","items_purchased":["Apotheosis+1","rmod:ring+1"],"campfire_rested":2,"item_purchase_floors":[37,39],"current_hp_per_floor":[68,68,68,62,62,52,52,52,52,52,48,48,45,45,45,13,70,63,63,63,63,54,49,33,15,15,15,15,7,5,5,31,3,68,60,60,60,53,53,53,53,53,53,53,53,53,53,48,89,89],"gold":113,"neow_bonus":"TWENTY_PERCENT_HP_BONUS","is_daily":false,"chose_seed":false,"campfire_upgraded":7,"win_rate":0.0,"timestamp":1610527190,"path_taken":["M","M","$","M","?","E","R","$","T","?","M","R","?","$","R","BOSS","M","?","?","?","M","E","M","?","T","M","?","M","?","M","R","BOSS","M","?","$","M","$","R","M","R","T","E","R","?","R","M","R","BOSS"],"items_purchased_type":["Card","Card"],"build_version":"2020-12-22","purchased_purges":3,"victory":true,"max_hp_per_floor":[89,89,89,89,89,89,89,89,89,89,89,89,89,89,89,89,89,89,89,89,89,89,89,89,89,89,89,89,89,89,89,89,89,89,89,89,89,89,89,89,89,89,89,89,89,89,89,89,89,89],"card_choices":[{"not_picked":["rmod:firesupport","rmod:supportaircraftcarrier"],"picked":"rmod:circuitoustactics","floor":1.0},{"not_picked":["rmod:overbreakdown","rmod:circuitoustactics"],"picked":"rmod:fletcherpendant","floor":2.0},{"not_picked":["rmod:circuitoustactics","rmod:diamondstrike"],"picked":"rmod:salvage","floor":4.0},{"not_picked":["rmod:guardianhero+1","rmod:unsinkable+1"],"picked":"rmod:acesubmarine","floor":6.0},{"not_picked":["rmod:aggressivemary","rmod:diamondstrike","rmod:supportaircraftcarrier+1"],"picked":"SKIP","floor":10.0},{"not_picked":["rmod:combined","rmod:bulid+1"],"picked":"rmod:fletcherpendant","floor":11.0},{"not_picked":["rmod:stealaluminum","rmod:saltedfish+1"],"picked":"rmod:highspeedmaneuver+1","floor":16.0},{"not_picked":["rmod:luckystar","rmod:rockthrower"],"picked":"rmod:wife+1","floor":18.0},{"not_picked":["rmod:smokecover+1","rmod:tearstotiara"],"picked":"rmod:openingtorpedo","floor":22.0},{"not_picked":["rmod:circuitoustactics+1","rmod:aviationdawn+1"],"picked":"rmod:salvage","floor":23.0},{"not_picked":["rmod:tearstotiara","rmod:ammunitionsupply+1","rmod:fuelsupply+1"],"picked":"SKIP","floor":24.0},{"not_picked":["rmod:robin+1","rmod:wasp"],"picked":"rmod:salvage","floor":25.0},{"not_picked":["rmod:stealaluminum","rmod:overbreakdown+1","rmod:supportescort+1"],"picked":"SKIP","floor":27.0},{"not_picked":["rmod:expedition","rmod:unsinkable+1"],"picked":"rmod:openingtorpedo","floor":29.0},{"not_picked":["rmod:saltedfish+1","rmod:steelsupply+1"],"picked":"rmod:luckystar+1","floor":30.0},{"not_picked":["rmod:steelsupply+1","rmod:generalist"],"picked":"rmod:intelligenceanalysis","floor":31.0},{"not_picked":["rmod:acesubmarine","rmod:supriseattacks+1"],"picked":"rmod:ridicule+1","floor":33.0},{"not_picked":["rmod:highspeedshooting","rmod:supportescort+1","rmod:chargemoney"],"picked":"SKIP","floor":35.0},{"not_picked":["rmod:diamondstrike","rmod:intelligenceanalysis+1"],"picked":"rmod:circuitoustactics+1","floor":38.0},{"not_picked":["rmod:concentratefire","rmod:rockthrower+1","rmod:diamondstrike"],"picked":"SKIP","floor":41.0},{"not_picked":["rmod:victimresponsibility+1","rmod:aggressivemary+1"],"picked":"rmod:fletcherpendant","floor":44.0},{"not_picked":["rmod:diaomin+1","rmod:diamondstrike"],"picked":"rmod:goodsister+1","floor":48.0}],"player_experience":177190,"relics_obtained":[{"floor":6.0,"key":"Toxic Egg 2"},{"floor":9.0,"key":"Lantern"},{"floor":23.0,"key":"Letter Opener"},{"floor":26.0,"key":"Shuriken"},{"floor":44.0,"key":"Regal Pillow"}],"event_choices":[{"cards_removed":["rmod:strick"],"damage_healed":0.0,"max_hp_gain":0.0,"max_hp_loss":0.0,"gold_gain":0.0,"event_name":"Purifier","player_choice":"Purged","floor":5.0,"gold_loss":0.0,"damage_taken":0.0},{"damage_healed":0.0,"max_hp_gain":0.0,"max_hp_loss":0.0,"gold_gain":0.0,"event_name":"Scrap Ooze","player_choice":"Success","floor":13.0,"gold_loss":0.0,"damage_taken":3.0,"relics_obtained":["Anchor"]},{"damage_healed":0.0,"max_hp_gain":0.0,"max_hp_loss":0.0,"gold_gain":0.0,"event_name":"The Woman in Blue","player_choice":"Bought 0 Potions","floor":19.0,"gold_loss":0.0,"damage_taken":0.0},{"damage_healed":0.0,"max_hp_gain":0.0,"max_hp_loss":0.0,"gold_gain":0.0,"event_name":"Masked Bandits","player_choice":"Paid Fearfully","floor":21.0,"gold_loss":20.0,"damage_taken":0.0},{"damage_healed":0.0,"max_hp_gain":0.0,"max_hp_loss":0.0,"gold_gain":0.0,"event_name":"Accursed Blacksmith","player_choice":"Forge","floor":28.0,"gold_loss":0.0,"damage_taken":0.0,"cards_upgraded":["rmod:salvage"]},{"cards_removed":["rmod:fletcherpendant"],"damage_healed":0.0,"max_hp_gain":0.0,"max_hp_loss":0.0,"gold_gain":0.0,"event_name":"Falling","player_choice":"Removed Attack","floor":36.0,"gold_loss":0.0,"damage_taken":0.0},{"damage_healed":0.0,"max_hp_gain":0.0,"max_hp_loss":0.0,"gold_gain":0.0,"event_name":"Mysterious Sphere","player_choice":"Ignored","floor":46.0,"gold_loss":0.0,"damage_taken":0.0}],"is_beta":false,"boss_relics":[{"not_picked":["Busted Crown","Cursed Key"],"picked":"rmod:mogul"},{"not_picked":["SacredBark","Sozu"],"picked":"rmod:monthlycard"}],"items_purged_floors":[3,8,20],"is_endless":false,"potions_floor_spawned":[1,10,11,16,23,24,25,27,33,35,41,48],"ascension_level":5}}