{"host":"dowi7cgbhepuzvpj","time":1610571197,"event":{"mods":["AchievementEnabler","BaseMod","Colored Map","Highlight Path","Keyboard Shortcuts","Minty Spire (QoL Compilation)","Permanent Neow","Quick Restart","StSLib","SuperFastMode"],"gold_per_floor":[13,26,36,55,81,81,94,94,141,154,184,198,211,43,43,118,118,134,184,83,114,114,114,148,159,185,185,44,59,72,72,72,72,72],"floor_reached":33,"language":"KOR","playtime":1055,"items_purged":["Strike_G","Strike_G"],"score":511,"play_id":"f1fdae89-f081-482d-b1df-c04d8ceed570","local_time":"20210114055317","is_ascension_mode":true,"campfire_choices":[{"data":"Apotheosis","floor":6.0,"key":"SMITH"},{"data":"Reflex","floor":8.0,"key":"SMITH"},{"data":"Infinite Blades","floor":15.0,"key":"SMITH"},{"floor":23.0,"key":"REST"},{"data":"Accuracy","floor":27.0,"key":"SMITH"},{"floor":32,"key":"REST"}],"circlet_count":0,"master_deck":["AscendersBane","Strike_G","Strike_G+1","Strike_G","Defend_G","Defend_G","Defend_G","Defend_G","Defend_G","Survivor","Neutralize+1","Apotheosis+1","Cloak And Dagger","Blade Dance","Tactician","Reflex+1","Backflip","Finisher","Infinite Blades+1","Glass Knife","Envenom","Escape Plan","Acrobatics","Dodge and Roll+1","Accuracy+1","Escape Plan","Footwork"],"relics":["Ring of the Snake","Oddly Smooth Stone","Art of War","Whetstone","Tiny Chest","Sozu","Red Mask","The Courier","Mummified Hand","Happy Flower"],"acts_visited":["Exordium","TheCity"],"potions_floor_usage":[33],"damage_taken":[{"damage":0.0,"enemies":"Cultist","floor":1.0,"turns":4.0},{"damage":0.0,"enemies":"Small Slimes","floor":2.0,"turns":4.0},{"damage":0.0,"enemies":"2 Louse","floor":3.0,"turns":4.0},{"damage":1.0,"enemies":"Red Slaver","floor":4.0,"turns":4.0},{"damage":4.0,"enemies":"Large Slime","floor":7.0,"turns":8.0},{"damage":11.0,"enemies":"Gremlin Gang","floor":10.0,"turns":5.0},{"damage":14.0,"enemies":"Lagavulin","floor":11.0,"turns":7.0},{"damage":0.0,"enemies":"Exordium Thugs","floor":12.0,"turns":3.0},{"damage":0.0,"enemies":"Red Slaver","floor":13.0,"turns":5.0},{"damage":29.0,"enemies":"Slime Boss","floor":16.0,"turns":9.0},{"damage":0.0,"enemies":"Spheric Guardian","floor":18.0,"turns":3.0},{"damage":21.0,"enemies":"Masked Bandits","floor":21.0,"turns":4.0},{"damage":7.0,"enemies":"Gremlin Leader","floor":24.0,"turns":6.0},{"damage":4.0,"enemies":"Shell Parasite","floor":25.0,"turns":4.0},{"damage":9,"enemies":"Cultist and Chosen","floor":29,"turns":5},{"damage":9,"enemies":"Snake Plant","floor":30,"turns":4},{"damage":42,"enemies":"Collector","floor":33,"turns":6}],"seed_played":"9842857652998799","potions_obtained":[{"floor":1.0,"key":"Fruit Juice"},{"floor":10.0,"key":"Block Potion"},{"floor":11.0,"key":"Explosive Potion"},{"floor":16.0,"key":"Poison Potion"}],"is_trial":false,"path_per_floor":["M","M","M","M","T","R","M","R","T","M","E","M","M","$","R","B",null,"M","?","$","?","T","R","E","M","T","R","$","M","M","?","R","B"],"character_chosen":"THE_SILENT","items_purchased":["Tiny Chest","Acrobatics","Escape Plan"],"campfire_rested":2,"item_purchase_floors":[14,20,28],"current_hp_per_floor":[59,64,64,63,63,63,59,59,59,48,34,34,34,34,34,5,55,55,55,55,34,34,55,48,44,44,44,44,35,26,20,41,0,0],"gold":72,"neow_bonus":"RANDOM_COLORLESS_2","is_daily":false,"chose_seed":false,"campfire_upgraded":4,"win_rate":0.0,"timestamp":1610571197,"path_taken":["M","M","M","M","?","R","M","R","T","M","E","M","M","$","R","BOSS","M","?","?","?","?","R","E","M","T","R","$","M","?","?","R","BOSS"],"items_purchased_type":["Relic","Card","Card"],"build_version":"2020-12-22","purchased_purges":2,"victory":false,"max_hp_per_floor":[66,71,71,71,71,71,71,71,71,71,71,71,71,71,71,71,71,71,71,71,71,71,71,71,71,71,71,71,71,71,71,71,71,71],"card_choices":[{"not_picked":["Mayhem","Magnetism"],"picked":"Apotheosis","floor":0.0},{"not_picked":["Sucker Punch","Dagger Spray"],"picked":"Cloak And Dagger","floor":1.0},{"not_picked":["Sucker Punch","Outmaneuver"],"picked":"Blade Dance","floor":2.0},{"not_picked":["Setup","Expertise"],"picked":"Tactician","floor":3.0},{"not_picked":["Poisoned Stab","Outmaneuver","Quick Slash"],"picked":"SKIP","floor":4.0},{"not_picked":["Masterful Stab","Backflip"],"picked":"Reflex","floor":7.0},{"not_picked":["Poisoned Stab","Deflect"],"picked":"Backflip","floor":10.0},{"not_picked":["Flying Knee","Endless Agony"],"picked":"Finisher","floor":11.0},{"not_picked":["Heel Hook","Riddle With Holes"],"picked":"Infinite Blades","floor":12.0},{"not_picked":["Flechettes","Outmaneuver"],"picked":"Glass Knife","floor":13.0},{"not_picked":["Tools of the Trade","Malaise"],"picked":"Envenom","floor":16.0},{"not_picked":["Heel Hook","Flying Knee"],"picked":"Escape Plan","floor":18.0},{"not_picked":["Heel Hook","Flying Knee+1"],"picked":"Dodge and Roll+1","floor":21.0},{"not_picked":["Masterful Stab","Predator"],"picked":"Accuracy","floor":24.0},{"not_picked":["Slice","Caltrops","Deadly Poison"],"picked":"SKIP","floor":25.0},{"not_picked":["Dodge and Roll","Heel Hook","Predator"],"picked":"SKIP","floor":29},{"not_picked":["Noxious Fumes","Deflect"],"picked":"Footwork","floor":30}],"player_experience":809144,"relics_obtained":[{"floor":5.0,"key":"Oddly Smooth Stone"},{"floor":9.0,"key":"Art of War"},{"floor":11.0,"key":"Whetstone"},{"floor":21.0,"key":"Red Mask"},{"floor":22.0,"key":"The Courier"},{"floor":24.0,"key":"Mummified Hand"},{"floor":26.0,"key":"Happy Flower"}],"event_choices":[{"damage_healed":0.0,"max_hp_gain":0.0,"max_hp_loss":0.0,"gold_gain":50.0,"event_name":"Golden Shrine","player_choice":"Pray","floor":19.0,"gold_loss":0.0,"damage_taken":0.0},{"damage_healed":0.0,"max_hp_gain":0.0,"max_hp_loss":0.0,"gold_gain":0.0,"event_name":"Masked Bandits","player_choice":"Fought Bandits","floor":21.0,"gold_loss":0.0,"damage_taken":0.0},{"damage_healed":0,"gold_gain":0,"player_choice":"","damage_taken":6,"max_hp_gain":0,"max_hp_loss":0,"event_name":"Knowing Skull","floor":31,"potions_obtained":[],"gold_loss":0,"cards_obtained":[]}],"is_beta":false,"boss_relics":[{"not_picked":["Velvet Choker","SacredBark"],"picked":"Sozu"}],"items_purged_floors":[20,28],"is_endless":false,"potions_floor_spawned":[1,10,11,16,18,25],"killed_by":"Collector","ascension_level":18}}