{"host":"4ek4eq5z32z3zgvw","time":1610506826,"event":{"mods":["2.2 Compatiblity","AchievementEnabler","Act Like it!","AlwaysNeverKeys","Ascension Reborn","Aspiration","BaseMod","Better Match","Better Note","Better Sensory Stone","Better Third Choice","BetterRewards","Block Reminder","Colored Map","Colored Powertips","DeckTracker","Defuse TimeMaze Blight","Downfall","Energized Spire","Halation","Hubris","Infinite Spire","Minty Spire (QoL Compilation)","Permanent Neow","Quick Restart","Rare Cards Sparkle","Relic Filter","Relic Sorter","Replay The Spire","Shop Mod","Spikes Relics","StSLib","SuperFastMode","Synergy Search","Unceasing Turn Reminder","UnlockEverythingMod","Wandering Minibosses","egg","vexMod"],"gold_per_floor":[109,109,84,42,55,55,80,80,130,130,144,144,144,163,163,163,163],"floor_reached":16,"language":"ENG","playtime":336,"items_purged":[],"score":246,"play_id":"3fa2908b-bc0c-44bf-a324-6d48824d8b8a","local_time":"20210112210026","is_ascension_mode":true,"campfire_choices":[{"data":"Cloak And Dagger","floor":6,"key":"SMITH"},{"data":"Riddle With Holes","floor":10,"key":"SMITH"},{"data":"Bouncing Flask","floor":13,"key":"SMITH"},{"floor":15,"key":"REST"}],"circlet_count":0,"master_deck":["AscendersBane","Strike_G","Strike_G","Strike_G","Strike_G","Defend_G","Defend_G","Defend_G","Defend_G","Defend_G","Survivor","Neutralize","Blade Dance","Caltrops","Cloak And Dagger+1","Riddle With Holes+1","Bouncing Flask+1","Injury","Poison Darts+1"],"relics":["Ring of the Snake","NeowsBlessing","WingedGreaves","aspiration:TomeofQuesting","Toxic Egg 2"],"acts_visited":["Exordium"],"potions_floor_usage":[14],"damage_taken":[{"damage":0,"enemies":"Small Slimes","floor":1,"turns":1},{"damage":0,"enemies":"Jaw Worm","floor":5,"turns":1},{"damage":0,"enemies":"3 Sentries","floor":7,"turns":1},{"damage":8,"enemies":"2 Louse","floor":11,"turns":3},{"damage":35,"enemies":"Gremlin Gang","floor":14,"turns":4},{"damage":41,"enemies":"Fading Forest","floor":16,"turns":7}],"seed_played":"1553210597403567592","potions_obtained":[{"floor":1,"key":"SteroidPotion"}],"is_trial":false,"path_per_floor":["M","?","?","$","M","R","E","R","T","R","M","?","R","M","R","B"],"character_chosen":"THE_SILENT","items_purchased":["Caltrops"],"campfire_rested":1,"item_purchase_floors":[4],"current_hp_per_floor":[59,52,52,52,52,52,52,52,52,52,44,44,44,9,28,0,0],"gold":163,"neow_bonus":"THREE_ENEMY_KILL","is_daily":false,"chose_seed":false,"campfire_upgraded":3,"win_rate":0.0,"timestamp":1610506826,"path_taken":["M","?","?","?","M","R","E","R","T","R","?","?","R","M","R","BOSS"],"items_purchased_type":["Card"],"build_version":"2020-12-22","purchased_purges":0,"victory":false,"max_hp_per_floor":[66,66,66,66,66,66,66,66,66,66,66,66,66,66,66,66,66],"card_choices":[{"not_picked":["Endless Agony","Sucker Punch"],"picked":"Blade Dance","floor":1},{"not_picked":["ReplayTheSpireMod:Scrap Shanks","Poisoned Stab"],"picked":"Cloak And Dagger","floor":5},{"not_picked":["Bane","Quick Slash"],"picked":"Riddle With Holes","floor":7},{"not_picked":["Draining Mist","Expertise"],"picked":"Bouncing Flask","floor":11},{"not_picked":["Well Laid Plans","Underhanded Strike"],"picked":"Poison Darts+1","floor":14}],"player_experience":596535,"relics_obtained":[{"floor":7,"key":"WingedGreaves"},{"floor":9,"key":"aspiration:TomeofQuesting"}],"event_choices":[{"cards_removed":["Strike_G"],"damage_healed":0,"gold_gain":0,"player_choice":"Card Removal","damage_taken":7,"max_hp_gain":0,"max_hp_loss":0,"event_name":"Golden Wing","floor":2,"gold_loss":0}],"is_beta":false,"boss_relics":[],"items_purged_floors":[],"is_endless":false,"potions_floor_spawned":[1],"killed_by":"Fading Forest","ascension_level":20}}