{"host":"f5n4tidiz2n5sooh","time":1610530833,"event":{"mods":["BaseMod","Colored Map","Minty Spire (QoL Compilation)","Relic Stats","Slay the Relics Exporter","StSLib"],"gold_per_floor":[114,126,142,142,153,153,153],"floor_reached":6,"language":"ENG","playtime":335,"items_purged":[],"score":76,"play_id":"5b0da50b-9807-4780-9a2e-10cef98c9f7b","local_time":"20210113034033","is_ascension_mode":true,"campfire_choices":[],"circlet_count":0,"master_deck":["AscendersBane","Strike_R","Strike_R","Strike_R","Strike_R","Defend_R","Defend_R","Defend_R","Defend_R","Bash","Flame Barrier","Disarm","Headbutt"],"relics":["SlaversCollar"],"acts_visited":["Exordium"],"potions_floor_usage":[5],"damage_taken":[{"damage":2,"enemies":"2 Louse","floor":1,"turns":2},{"damage":6,"enemies":"Cultist","floor":2,"turns":3},{"damage":12,"enemies":"Jaw Worm","floor":3,"turns":4},{"damage":4,"enemies":"Exordium Thugs","floor":5,"turns":4},{"damage":51,"enemies":"3 Sentries","floor":6,"turns":15}],"seed_played":"-7893374641569297032","potions_obtained":[{"floor":1,"key":"Explosive Potion"},{"floor":3,"key":"Ancient Potion"}],"is_trial":false,"path_per_floor":["M","M","M","?","M","E"],"character_chosen":"IRONCLAD","items_purchased":[],"campfire_rested":0,"item_purchase_floors":[],"current_hp_per_floor":[66,60,48,48,44,0,0],"gold":153,"neow_bonus":"BOSS_RELIC","is_daily":false,"chose_seed":false,"campfire_upgraded":0,"win_rate":0.0,"timestamp":1610530833,"path_taken":["M","M","M","?","M","E"],"items_purchased_type":[],"build_version":"2020-12-22","purchased_purges":0,"victory":false,"max_hp_per_floor":[75,75,75,75,75,75,75],"relic_stats":{"counters":[5,28],"obtain_stats":[{"SlaversCollar":0,"Burning Blood":0},{"SlaversCollar":0,"Burning Blood":0},{"SlaversCollar":0,"Burning Blood":0}]},"card_choices":[{"not_picked":["Power Through","Metallicize"],"picked":"Flame Barrier","floor":1},{"not_picked":["Shrug It Off","Disarm","True Grit"],"picked":"SKIP","floor":2},{"not_picked":["Shrug It Off","True Grit"],"picked":"Disarm","floor":2},{"not_picked":["Reckless Charge","Entrench","Perfected Strike"],"picked":"SKIP","floor":3},{"not_picked":["Rage","Armaments"],"picked":"Headbutt","floor":5}],"player_experience":2005244,"relics_obtained":[],"event_choices":[{"cards_removed":["Strike_R"],"damage_healed":0,"gold_gain":0,"player_choice":"Purged","damage_taken":0,"max_hp_gain":0,"max_hp_loss":0,"event_name":"Purifier","floor":4,"gold_loss":0}],"is_beta":false,"boss_relics":[],"items_purged_floors":[],"is_endless":false,"potions_floor_spawned":[1,3],"killed_by":"3 Sentries","ascension_level":20}}