{"host":"fnk117zi8wf5078t","time":1610552964,"event":{"mods":["AchievementEnabler","BaseMod","Colored Map","Minty Spire (QoL Compilation)","Rare Cards Sparkle","SuperFastMode","everything is the same but u backflip on backflip"],"gold_per_floor":[118,193,212,161,161,196,196,206,206,216,242,135,152,170,170,170,170],"floor_reached":16,"language":"KOR","playtime":498,"items_purged":[],"score":274,"play_id":"54e089b1-280a-40a6-bd0d-1695b5266782","local_time":"20210114004924","is_ascension_mode":true,"campfire_choices":[{"data":"Perfected Strike","floor":7.0,"key":"SMITH"},{"data":"Dual Wield","floor":15.0,"key":"SMITH"}],"circlet_count":0,"master_deck":["AscendersBane","Strike_R+1","Strike_R","Strike_R","Strike_R","Strike_R","Defend_R","Defend_R","Defend_R","Defend_R+1","Bash","Perfected Strike+1","Twin Strike","Perfected Strike","Dual Wield+1","Impervious","Bandage Up","Infernal Blade","Perfected Strike"],"relics":["Burning Blood","NeowsBlessing","Pantograph","Matryoshka","Boot"],"acts_visited":["Exordium"],"potions_floor_usage":[],"damage_taken":[{"damage":0.0,"enemies":"Cultist","floor":1.0,"turns":1.0},{"damage":0.0,"enemies":"Small Slimes","floor":3.0,"turns":1.0},{"damage":0.0,"enemies":"Lagavulin","floor":6.0,"turns":1.0},{"damage":12.0,"enemies":"Jaw Worm","floor":8.0,"turns":2.0},{"damage":29.0,"enemies":"Exordium Thugs","floor":10.0,"turns":5.0},{"damage":15.0,"enemies":"3 Sentries","floor":11.0,"turns":5.0},{"damage":12.0,"enemies":"2 Fungi Beasts","floor":13.0,"turns":3.0},{"damage":1.0,"enemies":"Red Slaver","floor":14.0,"turns":2.0},{"damage":61,"enemies":"Hexaghost","floor":16,"turns":9}],"seed_played":"-9009031173636085945","potions_obtained":[{"floor":3.0,"key":"SkillPotion"},{"floor":8.0,"key":"LiquidMemories"},{"floor":10.0,"key":"Block Potion"},{"floor":11.0,"key":"BloodPotion"}],"is_trial":false,"path_per_floor":["M","?","M","$","?","E","R","M","T","M","E","$","M","M","R","B"],"character_chosen":"IRONCLAD","items_purchased":["Twin Strike","Bandage Up"],"campfire_rested":0,"item_purchase_floors":[4,12],"current_hp_per_floor":[74,63,69,69,46,52,52,46,46,23,14,14,27,32,32,0,0],"gold":170,"neow_bonus":"THREE_ENEMY_KILL","is_daily":false,"chose_seed":false,"campfire_upgraded":2,"win_rate":0.0,"timestamp":1610552964,"path_taken":["M","?","M","$","?","E","R","M","T","?","E","$","M","M","R","BOSS"],"items_purchased_type":["Card","Card"],"build_version":"2020-12-22","purchased_purges":0,"victory":false,"max_hp_per_floor":[75,75,75,75,75,75,75,75,75,75,75,75,75,75,75,75,75],"card_choices":[{"not_picked":["Armaments","Intimidate"],"picked":"Perfected Strike","floor":1.0},{"not_picked":["Fire Breathing","Anger","Iron Wave"],"picked":"SKIP","floor":3.0},{"not_picked":["Whirlwind","Body Slam","Sword Boomerang"],"picked":"SKIP","floor":6.0},{"not_picked":["Infernal Blade","Shrug It Off"],"picked":"Perfected Strike","floor":8.0},{"not_picked":["Armaments","Carnage"],"picked":"Dual Wield","floor":10.0},{"not_picked":["Spot Weakness","Headbutt"],"picked":"Impervious","floor":11.0},{"not_picked":["Shrug It Off","Sword Boomerang"],"picked":"Infernal Blade","floor":13.0},{"not_picked":["Second Wind","Battle Trance"],"picked":"Perfected Strike","floor":14.0}],"player_experience":391632,"relics_obtained":[{"floor":6.0,"key":"Pantograph"},{"floor":9.0,"key":"Matryoshka"},{"floor":11.0,"key":"Boot"}],"event_choices":[{"damage_healed":0.0,"max_hp_gain":0.0,"max_hp_loss":0.0,"gold_gain":75.0,"event_name":"World of Goop","player_choice":"Gather Gold","floor":2.0,"gold_loss":0.0,"damage_taken":11.0},{"damage_healed":0.0,"max_hp_gain":0.0,"max_hp_loss":0.0,"gold_gain":0.0,"event_name":"Shining Light","player_choice":"Entered Light","floor":5.0,"gold_loss":0.0,"damage_taken":23.0,"cards_upgraded":["Strike_R","Defend_R"]}],"is_beta":false,"boss_relics":[],"items_purged_floors":[],"is_endless":false,"potions_floor_spawned":[3,8,10,11],"killed_by":"Hexaghost","ascension_level":20}}