{"host":"avjwtc49fhlk6kym","time":1610503856,"event":{"mods":["AchievementEnabler","BaseMod","Better Match","Better Note","Better Third Choice","Colored Map","Colored Powertips","Displayed Cursed Tome","Highlight Path","Minty Spire (QoL Compilation)","Permanent Neow","Quick Restart","StSLib"],"gold_per_floor":[118,193,193,203,215,215,277,277,303,50,84,84,96,108,108,210,210,220,270,283,55,68,68,101,101,101,101,101,128,138,157,157,157,157],"floor_reached":33,"language":"ENG","playtime":1250,"items_purged":["Strike_P"],"score":335,"play_id":"e9932ff4-22aa-467c-865c-948bd19404c2","local_time":"20210112211056","is_ascension_mode":false,"campfire_choices":[{"data":"LessonLearned","floor":6.0,"key":"SMITH"},{"data":"Eruption","floor":8.0,"key":"SMITH"},{"data":"CrushJoints","floor":12.0,"key":"SMITH"},{"floor":15.0,"key":"REST"},{"floor":23,"key":"REST"},{"floor":25,"key":"REST"},{"floor":27,"key":"REST"},{"floor":32,"key":"REST"}],"circlet_count":0,"master_deck":["Strike_P+1","Defend_P","Defend_P","Defend_P","Eruption+1","Vigilance","LessonLearned+1","FollowUp","CrushJoints+1","CrushJoints+1","FearNoEvil","InnerPeace+1","BowlingBash+1","LikeWater","Devotion+1","CrushJoints","WheelKick","LikeWater","CrushJoints+1","Wallop","LikeWater","ForeignInfluence+1"],"relics":["PureWater","Orichalcum","Toolbox","Bottled Lightning","Empty Cage","DollysMirror","Tiny Chest","Bottled Tornado","Ancient Tea Set"],"acts_visited":["Exordium","TheCity"],"potions_floor_usage":[18,18,22,22,24,31],"damage_taken":[{"damage":6.0,"enemies":"Jaw Worm","floor":1.0,"turns":6.0},{"damage":1.0,"enemies":"2 Louse","floor":4.0,"turns":3.0},{"damage":0.0,"enemies":"Small Slimes","floor":5.0,"turns":2.0},{"damage":0.0,"enemies":"Gremlin Nob","floor":11.0,"turns":2.0},{"damage":6.0,"enemies":"3 Louse","floor":13.0,"turns":3.0},{"damage":5.0,"enemies":"Exordium Wildlife","floor":14.0,"turns":2.0},{"damage":32.0,"enemies":"Hexaghost","floor":16.0,"turns":8.0},{"damage":14,"enemies":"3 Byrds","floor":18,"turns":5},{"damage":0,"enemies":"Chosen","floor":20,"turns":3},{"damage":1,"enemies":"3 Cultists","floor":22,"turns":5},{"damage":52,"enemies":"Book of Stabbing","floor":24,"turns":6},{"damage":33,"enemies":"Slavers","floor":29,"turns":5},{"damage":4,"enemies":"Cultist and Chosen","floor":30,"turns":4},{"damage":9,"enemies":"Sentry and Sphere","floor":31,"turns":5},{"damage":60,"enemies":"Champ","floor":33,"turns":10}],"seed_played":"4318147856958725099","potions_obtained":[{"floor":1.0,"key":"DuplicationPotion"},{"floor":11.0,"key":"BottledMiracle"},{"floor":16.0,"key":"FearPotion"},{"floor":18,"key":"LiquidMemories"},{"floor":20,"key":"Block Potion"},{"floor":22,"key":"SkillPotion"},{"floor":29,"key":"Dexterity Potion"}],"is_trial":false,"path_per_floor":["M","?","?","M","M","R","?","R","T","$","E","R","M","M","R","B",null,"M","?","M","$","M","R","E","R","T","R","?","E","M","M","R","B"],"character_chosen":"WATCHER","items_purchased":["FearNoEvil","Toolbox","InnerPeace","DollysMirror"],"campfire_rested":5,"item_purchase_floors":[10,10,10,21],"current_hp_per_floor":[66,55,53,52,52,52,52,52,52,52,52,52,46,41,62,30,72,58,58,58,58,57,72,20,41,41,62,62,29,25,16,37,0,0],"gold":157,"neow_bonus":"ONE_RANDOM_RARE_CARD","is_daily":false,"chose_seed":false,"campfire_upgraded":3,"win_rate":0.0,"timestamp":1610503856,"path_taken":["M","?","?","M","M","R","?","R","T","?","E","R","M","M","R","BOSS","M","?","M","$","M","R","E","R","T","R","?","E","M","M","R","BOSS"],"items_purchased_type":["Card","Relic","Card","Relic"],"build_version":"2020-12-22","purchased_purges":1,"victory":false,"max_hp_per_floor":[72,72,72,72,72,72,72,72,72,72,72,72,72,72,72,72,72,72,72,72,72,72,72,72,72,72,72,72,72,72,72,72,72,72],"card_choices":[{"not_picked":["InnerPeace","BowlingBash"],"picked":"FollowUp","floor":1.0},{"not_picked":["Fasting2","DevaForm"],"picked":"CrushJoints","floor":4.0},{"not_picked":["Crescendo","Indignation"],"picked":"CrushJoints","floor":5.0},{"not_picked":["Nirvana","ClearTheMind"],"picked":"BowlingBash","floor":11.0},{"not_picked":["FearNoEvil","InnerPeace"],"picked":"LikeWater","floor":13.0},{"not_picked":["Indignation","EmptyBody","Halt"],"picked":"SKIP","floor":14.0},{"not_picked":["DevaForm","ConjureBlade"],"picked":"Devotion","floor":16.0},{"not_picked":["FollowUp+1","WaveOfTheHand"],"picked":"CrushJoints","floor":18},{"not_picked":["Prostrate","MentalFortress"],"picked":"WheelKick","floor":20},{"not_picked":["ClearTheMind","EmptyBody"],"picked":"CrushJoints+1","floor":22},{"not_picked":["TalkToTheHand","WreathOfFlame+1"],"picked":"Wallop","floor":24},{"not_picked":["FollowUp","Blasphemy","FlyingSleeves"],"picked":"SKIP","floor":29},{"not_picked":["MentalFortress","PathToVictory"],"picked":"LikeWater","floor":30},{"not_picked":["FlyingSleeves","SandsOfTime"],"picked":"ForeignInfluence+1","floor":31}],"player_experience":379349,"relics_obtained":[{"floor":9.0,"key":"Orichalcum"},{"floor":11.0,"key":"Bottled Lightning"},{"floor":24,"key":"Tiny Chest"},{"floor":26,"key":"Bottled Tornado"},{"floor":29,"key":"Ancient Tea Set"}],"event_choices":[{"damage_healed":0.0,"max_hp_gain":0.0,"max_hp_loss":0.0,"gold_gain":75.0,"event_name":"betterThird:BetterGoop","player_choice":"Gold","floor":2.0,"gold_loss":0.0,"damage_taken":11.0},{"damage_healed":0.0,"max_hp_gain":0.0,"max_hp_loss":0.0,"gold_gain":0.0,"event_name":"betterThird:BetterScrap","player_choice":"LEAVE","floor":3.0,"gold_loss":0.0,"damage_taken":2.0,"cards_obtained":["Bludgeon"]},{"damage_healed":0.0,"max_hp_gain":0.0,"max_hp_loss":0.0,"gold_gain":62.0,"event_name":"Golden Wing","player_choice":"Gained Gold","floor":7.0,"gold_loss":0.0,"damage_taken":0.0},{"damage_healed":0,"gold_gain":100,"player_choice":"Bet on Murderer","damage_taken":0,"max_hp_gain":0,"max_hp_loss":0,"event_name":"The Joust","floor":19,"gold_loss":50},{"cards_removed":["Defend_P"],"damage_healed":0,"gold_gain":0,"player_choice":"Purged","damage_taken":0,"max_hp_gain":0,"max_hp_loss":0,"event_name":"Purifier","floor":28,"gold_loss":0}],"is_beta":false,"boss_relics":[{"not_picked":["HolyWater","Pandora\u0027s Box"],"picked":"Empty Cage"}],"items_purged_floors":[21],"is_endless":false,"potions_floor_spawned":[1,11,16,18,20,22,29],"killed_by":"Champ","ascension_level":0}}