{"host":"h2gxemxa99wv6yfu","time":1610500083,"event":{"mods":["BaseMod","Block Reminder","Colored Powertips","Highlight Path","Minty Spire (QoL Compilation)","Permanent Neow","Quick Restart","Relic Stats"],"gold_per_floor":[119,137,156,156,156,189,208,208,208],"floor_reached":8,"language":"ENG","playtime":422,"items_purged":[],"score":58,"play_id":"e87a30f2-c958-4419-bcf1-04a44f37370c","local_time":"20210112190803","is_ascension_mode":false,"campfire_choices":[],"circlet_count":0,"master_deck":["Strike_B","Strike_B","Strike_B","Strike_B","Defend_B","Defend_B","Defend_B","Defend_B","Zap","Dualcast","Chill","Ball Lightning","Fission"],"relics":["Cracked Core","Girya","Ancient Tea Set","White Beast Statue"],"acts_visited":["Exordium"],"potions_floor_usage":[8],"damage_taken":[{"damage":1,"enemies":"Cultist","floor":1,"turns":3},{"damage":1,"enemies":"2 Louse","floor":2,"turns":3},{"damage":0,"enemies":"Small Slimes","floor":3,"turns":3},{"damage":14,"enemies":"3 Sentries","floor":6,"turns":9},{"damage":1,"enemies":"Exordium Thugs","floor":7,"turns":3},{"damage":28,"enemies":"Gremlin Nob","floor":8,"turns":4}],"seed_played":"731833102785539543","potions_obtained":[{"floor":3,"key":"SmokeBomb"},{"floor":6,"key":"EssenceOfSteel"},{"floor":7,"key":"Swift Potion"}],"is_trial":false,"path_per_floor":["M","M","M","?","?","E","M","E"],"character_chosen":"DEFECT","items_purchased":[],"campfire_rested":0,"item_purchase_floors":[],"current_hp_per_floor":[67,66,66,41,41,27,26,0,0],"gold":208,"neow_bonus":"ONE_RARE_RELIC","is_daily":false,"chose_seed":false,"campfire_upgraded":0,"win_rate":0.0,"timestamp":1610500083,"path_taken":["M","?","?","?","?","E","?","E"],"items_purchased_type":[],"build_version":"2020-12-22","purchased_purges":0,"victory":false,"max_hp_per_floor":[68,68,68,68,68,68,68,68,68],"relic_stats":{"counters":[6,25],"obtain_stats":[{"Girya":0,"Cracked Core":0,"Ancient Tea Set":4,"White Beast Statue":6},{"Girya":0,"Cracked Core":0,"Ancient Tea Set":3,"White Beast Statue":4},{"Girya":0,"Cracked Core":0,"Ancient Tea Set":9,"White Beast Statue":18}]},"card_choices":[{"not_picked":["Hologram","Stack","Scrape"],"picked":"SKIP","floor":1},{"not_picked":["Hologram","Leap"],"picked":"Chill","floor":2},{"not_picked":["Gash","Steam","Streamline"],"picked":"SKIP","floor":3},{"not_picked":["FTL","Coolheaded"],"picked":"Ball Lightning","floor":6},{"not_picked":["Fusion","Reinforced Body"],"picked":"Fission","floor":7}],"player_experience":7316,"relics_obtained":[{"floor":6,"key":"White Beast Statue"}],"event_choices":[{"damage_healed":0,"gold_gain":0,"player_choice":"Success","damage_taken":25,"relics_obtained":["Ancient Tea Set"],"max_hp_gain":0,"max_hp_loss":0,"event_name":"Scrap Ooze","floor":4,"gold_loss":0},{"damage_healed":0,"gold_gain":0,"player_choice":"Ignored","damage_taken":0,"max_hp_gain":0,"max_hp_loss":0,"event_name":"NoteForYourself","floor":5,"gold_loss":0}],"is_beta":false,"boss_relics":[],"items_purged_floors":[],"is_endless":false,"potions_floor_spawned":[3,6,7],"killed_by":"Gremlin Nob","ascension_level":0}}