{"host":"82t6xbn50zntxpg2","time":1610533895,"event":{"mods":["BaseMod","BetterRewards","Chen","Hubris","Infinite Spire","KomeijiMod","Marisa（霧雨　魔理沙）","Minty Spire (QoL Compilation)","Reimu（博??梦）","Replay The Spire","StSLib","Waifu the Spire","Yakumo Yukari mod","Youmu（魂魄妖梦）"],"gold_per_floor":[115,131,141,141,111,111,111],"floor_reached":6,"language":"ENG","playtime":446,"items_purged":[],"score":36,"play_id":"37e6b3ba-072b-46fb-806c-6b4fd9958a73","local_time":"20210113123135","is_ascension_mode":false,"campfire_choices":[],"circlet_count":0,"master_deck":["Strike_Lin:ReiMu","Strike_Lin:ReiMu","Strike_Lin:ReiMu","Defend_Lin:ReiMu","Defend_Lin:ReiMu","Defend_Lin:ReiMu","Defend_Lin:ReiMu","NB:ReiMu","Stagnation:ReiMu","Gathering:ReiMu","Meditation:ReiMu","Amulet:ReiMu","YinYangSange:ReiMu","Meditation:ReiMu"],"relics":["FlyPower:ReiMu","Replay:Mystery Machine"],"acts_visited":["Exordium"],"potions_floor_usage":[],"damage_taken":[{"damage":8,"enemies":"Small Slimes","floor":1,"turns":4},{"damage":4,"enemies":"Cultist","floor":2,"turns":4},{"damage":0,"enemies":"2 Louse","floor":3,"turns":4},{"damage":0,"enemies":"Looter","floor":5,"turns":4},{"damage":27,"enemies":"Gremlin Nob","floor":6,"turns":4}],"seed_played":"-4418775048899822697","potions_obtained":[],"is_trial":false,"path_per_floor":["M","M","M","?","M","E"],"character_chosen":"REIMU","items_purchased":[],"campfire_rested":0,"item_purchase_floors":[],"current_hp_per_floor":[57,53,53,53,53,26,26],"gold":111,"neow_bonus":"RANDOM_COMMON_RELIC","is_daily":false,"chose_seed":false,"campfire_upgraded":0,"win_rate":0.0,"timestamp":1610533895,"path_taken":["M","M","M","?","M","E"],"items_purchased_type":[],"build_version":"2020-12-22","purchased_purges":0,"victory":false,"max_hp_per_floor":[65,65,65,65,65,65,65],"card_choices":[{"not_picked":["BarrageOfMoneybags:ReiMu","RainPray2:ReiMu"],"picked":"Gathering:ReiMu","floor":1},{"not_picked":["AirManeuver:ReiMu","FantasyBorder:ReiMu"],"picked":"Meditation:ReiMu","floor":2},{"not_picked":["EmergencyTakeOff:ReiMu","Intuition:ReiMu"],"picked":"Amulet:ReiMu","floor":3},{"not_picked":["PrepareRite:ReiMu","RainPray2:ReiMu"],"picked":"Meditation:ReiMu","floor":5}],"player_experience":397808,"relics_obtained":[],"event_choices":[{"damage_healed":0,"gold_gain":0,"cards_transformed":["Strike_Lin:ReiMu"],"player_choice":"Transformed","damage_taken":0,"max_hp_gain":0,"max_hp_loss":0,"event_name":"Transmorgrifier","floor":4,"gold_loss":0,"cards_obtained":["YinYangSange:ReiMu"]}],"is_beta":false,"boss_relics":[],"items_purged_floors":[],"is_endless":false,"potions_floor_spawned":[],"killed_by":"Gremlin Nob","ascension_level":0}}