{"host":"whyfdmrq1ty0e9zp","time":1610551223,"event":{"mods":["Act Like it!","BaseMod","Colored Map","Colored Powertips","Conspire","Gensokyo","LagranYue(¿≠∏Ò¿ °§‘¬)","Marisa£®ÏF”Í°°ƒß¿Ì…≥£©","Minty Spire (QoL Compilation)","MostiFishMod","Prisma Mod","Quick Restart","Relic Stats","Remilia£®¿Ÿ√◊¿Ú—«£©","Replay The Spire","StSLib","TestMod","The Servant 0.9.4","Youmu£®ªÍ∆«—˝√Œ£©","vexMod","°æ“≈ŒÔø®≈∆°øREMEMod"],"gold_per_floor":[118,0,16,16,16,16,39,56,56,56,56,90,116,129,129,246,246,264,264,264,364,389,389,428,24,24,24,24,52,86,101,101,215,215,235,254,269,169,186,186,224,224,224,251,126,182,218,247,247,261],"floor_reached":51,"language":"ZHS","playtime":2686,"items_purged":["Strike_P","Shame","MostiFishMod:StarLaLaLa"],"score":1060,"play_id":"094a962c-5a6c-4c3f-8428-cd61c8888491","local_time":"20210113232023","is_ascension_mode":true,"campfire_choices":[{"data":"Eruption","floor":6.0,"key":"SMITH"},{"data":"ThirdEye","floor":10.0,"key":"SMITH"},{"data":"Weave","floor":15.0,"key":"SMITH"},{"data":"MostiFishMod:StarOceanP","floor":23,"key":"SMITH"},{"data":"Replay:ManipulateFuture","floor":28,"key":"SMITH"},{"data":"CutThroughFate","floor":32,"key":"SMITH"},{"floor":40,"key":"DIG"},{"data":"MostiFishMod:Dust","floor":42,"key":"SMITH"},{"floor":49,"key":"DIG"}],"circlet_count":0,"master_deck":["Defend_P","Defend_P","Defend_P","Defend_P","Eruption+1","Vigilance","MostiFishMod:Kaleido","Replay:ManipulateFuture+1","Weave+1","JustLucky","CutThroughFate+1","ThirdEye+1","ThirdEye","JustLucky","ThirdEye","MostiFishMod:StarOceanP+1","Nirvana","TalkToTheHand","REME_CRH","CutThroughFate","MostiFishMod:LegendTransform","BowlingBash+1","Nirvana","Replay:ManipulateFuture","DevaForm","CurseOfTheBell","Clumsy","TalkToTheHand+1","MostiFishMod:Dust+1","Meditate+1","ForeignInfluence+1","Weave","Fasting2+1"],"relics":["PureWater","testmod-TestBox","DaveBox","REME_ComplimentaryCards","ChiXiaoBlade","testmod-TheFather","LagranYue:RandomDrawCardRelic","SynthV:TestCard","testmod-TurbochargingSystem","vexMod:ScavengeHelm","xbg","LagranYue:MagicReflectiveArmorRelic","Letter Opener","Snack Pack","Ginger","Replay:Ancient Bell","Juzu Bracelet","vexMod:InvisibilityCloak","Shovel","REME_HandOfSuture","ScarletDevilRocket","Vajra","Prayer Wheel","Replay:Ringing Soul","testmod-Maize","vexMod:MemoryStick","Ice Cream"],"acts_visited":["Exordium","TheCity","TheBeyond"],"potions_floor_usage":[46,50],"damage_taken":[{"damage":0.0,"enemies":"Jaw Worm","floor":1.0,"turns":1.0},{"damage":5.0,"enemies":"Cultist","floor":3.0,"turns":1.0},{"damage":8.0,"enemies":"Small Slimes","floor":7.0,"turns":2.0},{"damage":4.0,"enemies":"3 Louse","floor":8.0,"turns":2.0},{"damage":2.0,"enemies":"Gremlin Nob","floor":12.0,"turns":3.0},{"damage":4.0,"enemies":"Lots of Slimes","floor":13.0,"turns":2.0},{"damage":0.0,"enemies":"Red Slaver","floor":14.0,"turns":3.0},{"damage":0.0,"enemies":"Slime Boss","floor":16.0,"turns":3.0},{"damage":0.0,"enemies":"conspire:FuzzyDice","floor":18.0,"turns":2.0},{"damage":17,"enemies":"3 Byrds","floor":22,"turns":4},{"damage":6,"enemies":"Replay:Snechameleon","floor":24,"turns":2},{"damage":0,"enemies":"3 Cultists","floor":29,"turns":2},{"damage":0,"enemies":"conspire:SneckoGhost","floor":30,"turns":3},{"damage":0,"enemies":"Snecko","floor":31,"turns":3},{"damage":0,"enemies":"Automaton","floor":33,"turns":3},{"damage":0,"enemies":"Orb Walker","floor":35,"turns":3},{"damage":0,"enemies":"3 Shapes","floor":36,"turns":2},{"damage":22,"enemies":"Sphere and 2 Shapes","floor":37,"turns":4},{"damage":0,"enemies":"Spire Growth","floor":39,"turns":2},{"damage":14,"enemies":"R_Hoarder","floor":41,"turns":4},{"damage":0,"enemies":"Nemesis","floor":44,"turns":5},{"damage":0,"enemies":"Mind Bloom Boss Battle","floor":46,"turns":3},{"damage":2,"enemies":"Giant Head","floor":47,"turns":5},{"damage":0,"enemies":"Transient","floor":48,"turns":5},{"damage":4,"enemies":"Replay:Hell Engine","floor":50,"turns":7}],"seed_played":"3781087492633699039","potions_obtained":[{"floor":1.0,"key":"Ambrosia"},{"floor":12.0,"key":"AttackPotion"},{"floor":13.0,"key":"BlessingOfTheForge"},{"floor":16.0,"key":"Dexterity Potion"},{"floor":18.0,"key":"FearPotion"},{"floor":41,"key":"testmod-SpacePotion"},{"floor":46,"key":"StancePotion"},{"floor":48,"key":"DuplicationPotion"}],"is_trial":false,"path_per_floor":["M","$","M","?","?","R","M","M","T","R","$","E","M","M","R","B",null,"M","?","?","?","M","R","E","$","T","$","R","M","E","M","R","B",null,"M","M","M","$","M","R","E","R","T","E","$","?","E","M","R","B",null],"character_chosen":"WATCHER","items_purchased":["Weave","JustLucky","Letter Opener","MostiFishMod:LegendTransform"],"campfire_rested":0,"item_purchase_floors":[2,2,25,25],"current_hp_per_floor":[72,72,67,60,60,60,52,48,48,48,48,46,42,42,42,42,72,72,72,72,72,55,55,49,49,49,49,49,51,59,65,65,72,72,72,72,50,50,54,54,50,50,50,69,69,77,80,80,80,80],"gold":261,"neow_bonus":"TRANSFORM_CARD","is_daily":false,"chose_seed":false,"campfire_upgraded":7,"win_rate":0.0,"timestamp":1610551223,"path_taken":["M","$","M","?","?","R","M","M","T","R","$","E","M","?","R","BOSS","M","?","?","?","?","R","E","$","T","?","R","M","E","M","R","BOSS","M","M","M","?","M","R","E","R","T","E","$","?","E","M","R","BOSS"],"items_purchased_type":["Card","Card","Relic","Card"],"build_version":"2020-12-22","purchased_purges":3,"victory":true,"max_hp_per_floor":[72,72,72,72,72,72,72,72,72,72,72,72,72,72,72,72,72,72,72,72,72,72,72,72,72,72,72,72,72,72,72,72,72,72,72,72,72,72,72,72,72,72,72,77,77,77,80,80,80,80],"relic_stats":{"Shovel":2,"counters":[25,76],"Prayer Wheel":1,"Juzu Bracelet":1,"Letter Opener":[208],"Ginger":[4],"obtain_stats":[{"Ice Cream":49,"vexMod:MemoryStick":47,"ScarletDevilRocket":41,"DaveBox":0,"LagranYue:RandomDrawCardRelic":0,"Vajra":43,"Juzu Bracelet":34,"Ginger":30,"LagranYue:MagicReflectiveArmorRelic":24,"vexMod:InvisibilityCloak":34,"Replay:Ringing Soul":44,"Shovel":34,"testmod-TheFather":0,"Prayer Wheel":44,"testmod-Maize":46,"testmod-TestBox":0,"vexMod:ScavengeHelm":12,"Replay:Ancient Bell":34,"testmod-TurbochargingSystem":9,"Letter Opener":25,"SynthV:TestCard":1,"ChiXiaoBlade":0,"REME_HandOfSuture":40,"Snack Pack":26,"PureWater":0,"xbg":17,"REME_ComplimentaryCards":0},{"Ice Cream":24,"vexMod:MemoryStick":23,"ScarletDevilRocket":20,"DaveBox":0,"LagranYue:RandomDrawCardRelic":0,"Vajra":20,"Juzu Bracelet":15,"Ginger":13,"LagranYue:MagicReflectiveArmorRelic":11,"vexMod:InvisibilityCloak":15,"Replay:Ringing Soul":21,"Shovel":15,"testmod-TheFather":0,"Prayer Wheel":21,"testmod-Maize":22,"testmod-TestBox":0,"vexMod:ScavengeHelm":5,"Replay:Ancient Bell":15,"testmod-TurbochargingSystem":4,"Letter Opener":11,"SynthV:TestCard":1,"ChiXiaoBlade":0,"REME_HandOfSuture":19,"Snack Pack":11,"PureWater":0,"xbg":8,"REME_ComplimentaryCards":0},{"Ice Cream":69,"vexMod:MemoryStick":64,"ScarletDevilRocket":51,"DaveBox":0,"LagranYue:RandomDrawCardRelic":0,"Vajra":51,"Juzu Bracelet":36,"Ginger":30,"LagranYue:MagicReflectiveArmorRelic":25,"vexMod:InvisibilityCloak":36,"Replay:Ringing Soul":56,"Shovel":36,"testmod-TheFather":0,"Prayer Wheel":55,"testmod-Maize":59,"testmod-TestBox":0,"vexMod:ScavengeHelm":9,"Replay:Ancient Bell":36,"testmod-TurbochargingSystem":6,"Letter Opener":25,"SynthV:TestCard":1,"ChiXiaoBlade":0,"REME_HandOfSuture":47,"Snack Pack":25,"PureWater":0,"xbg":17,"REME_ComplimentaryCards":0}]},"card_choices":[{"not_picked":["Replay:AtTheReady","FlyingSleeves","DeceiveReality"],"picked":"Replay:ManipulateFuture","floor":1.0},{"not_picked":["Evaluate","Replay:ManipulateFuture","REME_Repentance","Replay:BluntJabs"],"picked":"CutThroughFate","floor":3.0},{"not_picked":["Replay:AtTheReady","Evaluate","MostiFishMod:Adaptation","EmptyBody","CrushJoints"],"picked":"SKIP","floor":7.0},{"not_picked":["REME_Repentance","FlurryOfBlows","Replay:Vibes","REME_MusicOfDeath"],"picked":"ThirdEye","floor":8.0},{"not_picked":["LikeWater","FlyingSleeves","Replay:AtTheReady","EmptyBody"],"picked":"ThirdEye","floor":12.0},{"not_picked":["FlurryOfBlows","Pray","FlyingSleeves","Wallop"],"picked":"JustLucky","floor":13.0},{"not_picked":["TalkToTheHand","MostiFishMod:Minus","SandsOfTime","Prostrate"],"picked":"ThirdEye","floor":14.0},{"not_picked":["MostiFishMod:DisColor","MostiFishMod:OutWit","Establishment","MostiFishMod:Minus"],"picked":"MostiFishMod:StarOceanP","floor":16.0},{"not_picked":["REME_Repentance","Crescendo","Prostrate+1","SashWhip"],"picked":"Nirvana","floor":18.0},{"not_picked":["EmptyBody+1","Consecrate+1","Replay:AtTheReady","ThirdEye+1"],"picked":"REME_CRH","floor":22},{"not_picked":["FollowUp","Devotion","EmptyMind","Collect"],"picked":"CutThroughFate","floor":24},{"not_picked":["CutThroughFate","Worship","Indignation+1","Replay:AtTheReady+1"],"picked":"BowlingBash+1","floor":29},{"not_picked":["Brilliance","ReachHeaven+1","Protect","Crescendo"],"picked":"Nirvana","floor":30},{"not_picked":["EmptyBody","MostiFishMod:Nomercy+1","MostiFishMod:FlowState+1","ThirdEye"],"picked":"Replay:ManipulateFuture","floor":31},{"not_picked":["MasterReality","MostiFishMod:Moonprays","DeusExMachina","Omniscience"],"picked":"DevaForm","floor":33},{"not_picked":["vexMod:UltimateCard","Shame","Regret","Sloth_TH"],"picked":"CurseOfTheBell","floor":34},{"not_picked":["Sloth_TH","Parasite","vexMod:UltimateCard","REME_CurseOfMatryoshka"],"picked":"Clumsy","floor":34},{"not_picked":["Regret","CurseOfTheBell","AbeCurse","Doubt"],"picked":"Shame","floor":34},{"not_picked":["Replay:BluntJabs","Replay:AtTheReady+1","Evaluate","SashWhip+1"],"picked":"TalkToTheHand+1","floor":35},{"not_picked":["FollowUp","ClearTheMind+1","Replay:Vibes+1","MentalFortress+1"],"picked":"MostiFishMod:Dust","floor":36},{"not_picked":["REME_MusicOfDeath","CrushJoints","Replay:BluntJabs","Sanctity"],"picked":"Meditate+1","floor":37},{"not_picked":["Worship+1","Tantrum+1","Replay:Vibes+1","PathToVictory"],"picked":"ForeignInfluence+1","floor":39},{"not_picked":["LikeWater+1","MostiFishMod:Moonprays","CrushJoints+1","Protect+1","MasterReality","BowlingBash+1"],"picked":"SKIP","floor":41},{"not_picked":["FollowUp+1","WaveOfTheHand","Conclude","Replay:Vibes"],"picked":"Weave","floor":44},{"not_picked":["MostiFishMod:Nomercy","MentalFortress+1","Replay:LoomingThreat","ClearTheMind+1"],"picked":"Fasting2+1","floor":47},{"not_picked":["Halt+1","Crescendo","BowlingBash","FlurryOfBlows+1","Prostrate+1"],"picked":"SKIP","floor":48},{"not_picked":["SignatureMove","REME_Repentance+1","Halt","FlurryOfBlows+1","EmptyFist"],"picked":"SKIP","floor":48}],"player_experience":523985,"relics_obtained":[{"floor":1.0,"key":"SynthV:TestCard"},{"floor":9.0,"key":"testmod-TurbochargingSystem"},{"floor":12.0,"key":"vexMod:ScavengeHelm"},{"floor":24,"key":"LagranYue:MagicReflectiveArmorRelic"},{"floor":26,"key":"Snack Pack"},{"floor":30,"key":"Ginger"},{"floor":40,"key":"REME_HandOfSuture"},{"floor":41,"key":"ScarletDevilRocket"},{"floor":43,"key":"Vajra"},{"floor":44,"key":"Replay:Ringing Soul"},{"floor":46,"key":"testmod-Maize"},{"floor":47,"key":"vexMod:MemoryStick"},{"floor":49,"key":"Ice Cream"}],"event_choices":[{"cards_removed":["Strike_P"],"damage_healed":0.0,"max_hp_gain":0.0,"max_hp_loss":0.0,"gold_gain":0.0,"event_name":"Golden Wing","player_choice":"Card Removal","floor":4.0,"gold_loss":0.0,"damage_taken":7.0},{"cards_removed":["Strike_P"],"damage_healed":0.0,"max_hp_gain":0.0,"max_hp_loss":0.0,"gold_gain":0.0,"event_name":"Purifier","player_choice":"Purged","floor":5.0,"gold_loss":0.0,"damage_taken":0.0},{"damage_healed":0.0,"max_hp_gain":0.0,"max_hp_loss":0.0,"gold_gain":0.0,"event_name":"The Library","player_choice":"Read","floor":19.0,"gold_loss":0.0,"damage_taken":0.0,"cards_obtained":["TalkToTheHand"]},{"damage_healed":0,"gold_gain":100,"player_choice":"Pray","damage_taken":0,"max_hp_gain":0,"max_hp_loss":0,"event_name":"Golden Shrine","floor":21,"gold_loss":0},{"damage_healed":0,"gold_gain":0,"player_choice":"Fight","damage_taken":0,"max_hp_gain":0,"max_hp_loss":0,"event_name":"MindBloom","floor":46,"gold_loss":0}],"is_beta":false,"boss_relics":[{"not_picked":["ChewingGum","vexMod:CursedCompass"],"picked":"xbg"},{"not_picked":["REME_ChargedStone","GreenFoldingFan"],"picked":"Replay:Ancient Bell"},{"not_picked":["Blood Vial","Bag of Marbles"],"picked":"Juzu Bracelet"},{"not_picked":["conspire:Flyswatter","REME_LimitBreaker"],"picked":"vexMod:InvisibilityCloak"},{"not_picked":["Replay:Multitool","testmod-Fortitude"],"picked":"Shovel"}],"items_purged_floors":[25,38,45],"is_endless":false,"potions_floor_spawned":[1,12,13,16,18,24,31,36,41,44,46,48],"ascension_level":4}}