{"host":"yxwl91n21ge0donf","time":1610501815,"event":{"mods":["Arknights The Spire","BaseMod","Decade(王小明)","Gold Saver","HololiveMod","Minty Spire (QoL Compilation)","Relic Filter","Remove Card Discount Mod","StSLib","Swap Starting Deck Mod","The Alterego","The Dragon Tamer","The Marked","【遗物卡牌】REMEMod","篝火指南"],"gold_per_floor":[151,151,168,168,187,187,187,187],"floor_reached":6,"language":"ZHS","playtime":214,"items_purged":[],"score":36,"play_id":"dbf2beae-376b-4436-8d54-e2cb64223194","local_time":"20210113093655","is_ascension_mode":false,"metric_token":983,"campfire_choices":[],"dtmod_dragon_data":[50,50,-1,-1,0,0],"circlet_count":0,"master_deck":["DTMod:Strike","DTMod:Strike","DTMod:Strike","DTMod:Strike","DTMod:DoubleHit","DTMod:TargetDefense","DTMod:TargetDefense","DTMod:TargetDefense","DTMod:TargetDefense","DTMod:SwitchingTactic","Barricade","DTMod:CleansingStrike","DTMod:CrossStep","DTMod:Harmonize","DTMod:ComboAttack"],"relics":["DTMod:PactStone","REME_ComplimentaryCards","NeowsBlessing"],"acts_visited":["Exordium"],"potions_floor_usage":[],"damage_taken":[{"damage":0,"enemies":"Small Slimes","floor":1,"turns":2},{"damage":0,"enemies":"Cultist","floor":3,"turns":1},{"damage":0,"enemies":"2 Louse","floor":5,"turns":2},{"damage":45,"enemies":"Gremlin Nob","floor":6,"turns":5}],"seed_played":"-2659078526325139508","potions_obtained":[{"floor":1,"key":"Dexterity Potion"}],"is_trial":false,"path_per_floor":["M","?","M","?","M","E"],"character_chosen":"THE_DT","items_purchased":[],"campfire_rested":0,"item_purchase_floors":[],"current_hp_per_floor":[45,45,45,45,45,0,0,0],"gold":187,"neow_bonus":"THREE_ENEMY_KILL","is_daily":false,"chose_seed":false,"campfire_upgraded":0,"win_rate":0.0,"timestamp":1610501815,"path_taken":["M","?","?","?","?","E"],"items_purchased_type":[],"build_version":"2020-12-22","purchased_purges":0,"victory":false,"max_hp_per_floor":[45,45,45,45,45,45,45,45],"card_choices":[{"not_picked":["DTMod:QuickFly","DTMod:Punisher"],"picked":"DTMod:CleansingStrike","floor":1},{"not_picked":["DTMod:Punisher","DTMod:MasterPlan"],"picked":"DTMod:CrossStep","floor":3},{"not_picked":["DTMod:BlazingStrike","DTMod:Punisher"],"picked":"DTMod:ComboAttack","floor":5}],"player_experience":118323,"relics_obtained":[],"event_choices":[{"damage_healed":0,"gold_gain":0,"player_choice":"Bought 0 Potions","damage_taken":0,"max_hp_gain":0,"max_hp_loss":0,"event_name":"The Woman in Blue","floor":2,"gold_loss":0},{"damage_healed":0,"gold_gain":0,"player_choice":"1 cards matched","damage_taken":0,"max_hp_gain":0,"max_hp_loss":0,"event_name":"Match and Keep!","floor":4,"gold_loss":0,"cards_obtained":["DTMod:Harmonize"]}],"is_beta":false,"boss_relics":[],"items_purged_floors":[],"is_endless":false,"potions_floor_spawned":[1],"killed_by":"Gremlin Nob","ascension_level":0}}