{"host":"Planeswalker","time":1610575964,"event":{"mods":["BaseMod","Downfall","GifTheSpireLib","Hermit","Minty Spire (QoL Compilation)","Replay The Spire","SOS???????","Shop Mod","StSLib","The Bladedancer","The Mystic"],"gold_per_floor":[116,116,130,147,164,197,197,9,33,46,46,63,75,95,95,95,95],"floor_reached":16,"language":"ENG","playtime":1327,"items_purged":[],"score":106,"play_id":"f867133f-b543-4c69-bd2c-0d257a5e4a3e","local_time":"20210113151244","is_ascension_mode":false,"campfire_choices":[{"floor":7,"key":"REST"},{"floor":15,"key":"REST"}],"circlet_count":0,"master_deck":["mysticmod:Strike_Mystic","mysticmod:Strike_Mystic","mysticmod:Strike_Mystic","mysticmod:Strike_Mystic","mysticmod:Defend_Mystic","mysticmod:Defend_Mystic","mysticmod:Defend_Mystic","mysticmod:Defend_Mystic","mysticmod:ArcaneDodge","mysticmod:ShockingGrasp+1","mysticmod:ComponentsPouch","mysticmod:SpellRecall","mysticmod:Sideswipe","mysticmod:Dedication","mysticmod:Probe","mysticmod:MagicMissile","mysticmod:PureInstinct+1","mysticmod:StyleChange","mysticmod:Feint","mysticmod:EbbAndFlow"],"relics":["mysticmod:SpellBook","mysticmod:TrainingManual","Gremlin Food","MerchantsRug","Anchor","GremlinMask"],"acts_visited":["Exordium"],"potions_floor_usage":[],"damage_taken":[{"damage":0,"enemies":"2 Louse","floor":1,"turns":3},{"damage":0,"enemies":"Cultist","floor":3,"turns":4},{"damage":0,"enemies":"Jaw Worm","floor":4,"turns":4},{"damage":32,"enemies":"Lots of Slimes","floor":5,"turns":7},{"damage":39,"enemies":"Lagavulin","floor":6,"turns":10},{"damage":9,"enemies":"Exordium Wildlife","floor":10,"turns":5},{"damage":7,"enemies":"Blue Slaver","floor":12,"turns":3},{"damage":5,"enemies":"Looter","floor":13,"turns":5},{"damage":6,"enemies":"Exordium Wildlife","floor":14,"turns":4},{"damage":36,"enemies":"Fading Forest","floor":16,"turns":7}],"seed_played":"9120212347916842012","potions_obtained":[{"floor":1,"key":"BlessingOfTheForge"},{"floor":3,"key":"BlessingOfTheForge"},{"floor":5,"key":"Energy Potion"},{"floor":12,"key":"ColorlessPotion"}],"is_trial":false,"path_per_floor":["M","?","M","M","M","E","R","$","T","M","?","M","M","M","R","B"],"character_chosen":"MYSTIC_CLASS","items_purchased":["MerchantsRug","mysticmod:MagicMissile"],"campfire_rested":2,"item_purchase_floors":[8,8],"current_hp_per_floor":[77,77,77,77,45,6,29,29,29,20,20,13,8,2,25,0,0],"gold":95,"neow_bonus":"","is_daily":false,"chose_seed":false,"campfire_upgraded":0,"win_rate":0.0,"timestamp":1610575964,"path_taken":["M","?","M","M","?","E","R","$","T","M","?","M","M","M","R","BOSS"],"items_purchased_type":["Relic","Card"],"build_version":"2020-11-17","purchased_purges":0,"victory":false,"max_hp_per_floor":[77,77,77,77,77,77,77,77,77,77,77,77,77,77,77,77,77],"card_choices":[{"not_picked":["mysticmod:PowerAttack","mysticmod:Disengage"],"picked":"mysticmod:ComponentsPouch","floor":1},{"not_picked":["mysticmod:PowerAttack","mysticmod:HeavyStrike"],"picked":"mysticmod:SpellRecall","floor":3},{"not_picked":["mysticmod:DiviningBlow","mysticmod:Grapple"],"picked":"mysticmod:Sideswipe","floor":4},{"not_picked":["mysticmod:BladedDash","mysticmod:Shield"],"picked":"mysticmod:Dedication","floor":5},{"not_picked":["mysticmod:HeavyStrike","mysticmod:BladeMaster"],"picked":"mysticmod:Probe","floor":6},{"not_picked":["mysticmod:Disengage","mysticmod:HeavyStrike"],"picked":"mysticmod:PureInstinct","floor":10},{"not_picked":["mysticmod:BulkUp","mysticmod:PureInstinct"],"picked":"mysticmod:StyleChange","floor":12},{"not_picked":["mysticmod:Grease","mysticmod:Stoneskin"],"picked":"mysticmod:Feint","floor":13},{"not_picked":["mysticmod:PowerSlash","mysticmod:ChargedParry"],"picked":"mysticmod:EbbAndFlow","floor":14}],"player_experience":0,"relics_obtained":[{"floor":6,"key":"Gremlin Food"},{"floor":9,"key":"Anchor"}],"event_choices":[{"damage_healed":0,"gold_gain":0,"player_choice":"Gave Potion","damage_taken":0,"relics_obtained":["mysticmod:TrainingManual"],"max_hp_gain":0,"max_hp_loss":0,"event_name":"WeMeetAgain","floor":2,"gold_loss":0},{"damage_healed":0,"gold_gain":0,"player_choice":"Trade","damage_taken":0,"relics_obtained":["GremlinMask"],"max_hp_gain":0,"max_hp_loss":0,"event_name":"FaceTrader","floor":11,"gold_loss":0}],"is_beta":true,"boss_relics":[],"items_purged_floors":[],"is_endless":false,"potions_floor_spawned":[1,3,5,12],"killed_by":"Fading Forest","ascension_level":0}}