{"host":"tr12w2fixbnujl15","time":1610578299,"event":{"mods":["2.2 Compatiblity","BaseMod","Better Skull","BetterRewards","Clockwork Mod","Colored Powertips","Evolution","Hermit","Hubris","Infinite Spire","Koishi","Mad Scientist","Minty Spire (QoL Compilation)","Quick Restart","Replay The Spire","Shop Mod","StSLib","SuperFastMode","The Animator","The Bug Knight","The Construct","The Cursed","The Hierophant","The Necromancer","The Sage","The Senshi","The Servant 0.9.4","The Spell Scribe","TheFirefly","WarShipGirlsR/????R mod"],"gold_per_floor":[113,113,113,113,23,48,48,73,100,175,190,190,47,57,57,155,155,170,170,190,190,190,190],"floor_reached":22,"language":"ENG","playtime":594,"items_purged":[],"score":240,"play_id":"f856838d-6030-47b3-ad20-509ba4c4cf5a","local_time":"20210113175139","is_ascension_mode":false,"campfire_choices":[{"floor":7,"key":"REST"},{"data":"infinitespire:Menacing","floor":12,"key":"SMITH"},{"floor":15,"key":"REST"}],"circlet_count":0,"master_deck":["Dagger Throw","Dagger Throw","Defend_G","Defend_G+1","Defend_G","Defend_G","Defend_G+1","Survivor","Neutralize","Poisoned Stab","infinitespire:Menacing+1","Infinite Blades","hubris:Sniper","Blade Dance","ReplayTheSpireMod:Speed Training","Eviscerate","Flechettes","hubris:Sniper","Bane","Riddle With Holes","Wraith Form v2","Night Terror","Riddle With Holes","Outmaneuver","Backstab","Outmaneuver","Acrobatics","Choke","Bullet Time","Backstab","Dagger Throw"],"relics":["Ring of the Snake","EVO:Axolotl","NeowsBlessing","Replay:PocketPolymizer","Bronze Scales","Toy Ornithopter","Simple Rune","MerchantsRug","hubris:ScarierMask"],"acts_visited":["Exordium","TheCity"],"potions_floor_usage":[16],"damage_taken":[{"damage":0,"enemies":"Cultist","floor":1,"turns":1},{"damage":0,"enemies":"Gremlin Nob","floor":6,"turns":1},{"damage":0,"enemies":"Lagavulin","floor":8,"turns":1},{"damage":0,"enemies":"Small Slimes","floor":11,"turns":2},{"damage":0,"enemies":"Jaw Worm","floor":14,"turns":1},{"damage":39,"enemies":"Slime Boss","floor":16,"turns":10},{"damage":35,"enemies":"Shell Parasite","floor":18,"turns":7},{"damage":12,"enemies":"Spheric Guardian","floor":20,"turns":4},{"damage":10,"enemies":"Snake Plant","floor":22,"turns":1}],"seed_played":"586492026536451680","potions_obtained":[{"floor":1,"key":"SmokeBomb"},{"floor":8,"key":"Explosive Potion"},{"floor":16,"key":"Dexterity Potion"},{"floor":20,"key":"BlessingOfTheForge"}],"is_trial":false,"path_per_floor":["M","T","?","$","?","E","R","E","T","?","M","R","$","M","R","B",null,"M","?","M","?","M"],"character_chosen":"THE_SILENT","items_purchased":["MerchantsRug"],"campfire_rested":2,"item_purchase_floors":[13],"current_hp_per_floor":[70,70,52,52,52,52,70,70,70,59,59,59,59,59,70,31,70,35,22,10,10,0,0],"gold":190,"neow_bonus":"THREE_ENEMY_KILL","is_daily":false,"chose_seed":false,"campfire_upgraded":1,"win_rate":0.0,"timestamp":1610578299,"path_taken":["M","?","?","?","?","E","R","E","T","?","?","R","$","M","R","BOSS","M","?","M","?","M"],"items_purchased_type":["Relic"],"build_version":"2020-12-22","purchased_purges":0,"victory":false,"max_hp_per_floor":[70,70,70,70,70,70,70,70,70,70,70,70,70,70,70,70,70,70,75,75,75,75,75],"card_choices":[{"not_picked":["Blur","Predator"],"picked":"Poisoned Stab","floor":1},{"not_picked":["infinitespire:SevenWalls","infinitespire:Gouge"],"picked":"infinitespire:Menacing","floor":3},{"not_picked":[],"picked":"Infinite Blades","floor":5},{"not_picked":[],"picked":"hubris:Sniper","floor":5},{"not_picked":[],"picked":"Blade Dance","floor":5},{"not_picked":[],"picked":"ReplayTheSpireMod:Speed Training","floor":5},{"not_picked":[],"picked":"Eviscerate","floor":5},{"not_picked":[],"picked":"Flechettes","floor":5},{"not_picked":[],"picked":"hubris:Sniper","floor":5},{"not_picked":[],"picked":"Bane","floor":5},{"not_picked":[],"picked":"Riddle With Holes","floor":5},{"not_picked":[],"picked":"Wraith Form v2","floor":5},{"not_picked":["Outmaneuver","PiercingWail"],"picked":"Night Terror","floor":6},{"not_picked":["Terror","Leg Sweep"],"picked":"Outmaneuver","floor":8},{"not_picked":["Skewer","Replay:Poison Smokescreen"],"picked":"Backstab","floor":11},{"not_picked":["Flying Knee","Sucker Punch"],"picked":"Acrobatics","floor":14},{"not_picked":["Wraith Form v2","Malaise"],"picked":"Bullet Time","floor":16},{"not_picked":["Sucker Punch","Endless Agony"],"picked":"Backstab","floor":18},{"not_picked":["Predator+1","Acrobatics"],"picked":"Dagger Throw","floor":20}],"player_experience":51244,"relics_obtained":[{"floor":2,"key":"Replay:PocketPolymizer"},{"floor":6,"key":"Bronze Scales"},{"floor":8,"key":"Toy Ornithopter"},{"floor":9,"key":"Simple Rune"}],"event_choices":[{"damage_healed":0,"gold_gain":75,"player_choice":"Gather Gold","damage_taken":11,"max_hp_gain":0,"max_hp_loss":0,"event_name":"World of Goop","floor":10,"gold_loss":0},{"damage_healed":0,"gold_gain":0,"player_choice":"Shed Blood","damage_taken":18,"max_hp_gain":5,"max_hp_loss":0,"event_name":"Forgotten Altar","floor":19,"gold_loss":0},{"damage_healed":0,"gold_gain":0,"player_choice":"Ignored","damage_taken":0,"max_hp_gain":0,"max_hp_loss":0,"event_name":"Ghosts","floor":21,"gold_loss":0}],"is_beta":false,"boss_relics":[{"not_picked":["Honey Jar","Astrolabe"],"picked":"hubris:ScarierMask"}],"items_purged_floors":[],"is_endless":false,"potions_floor_spawned":[1,8,16,20],"killed_by":"Snake Plant","ascension_level":0}}