{"host":"j4g6ia6asvpyu2b0","time":1610569912,"event":{"mods":["BaseMod","Colored Map","Minty Spire (QoL Compilation)","Permanent Neow","Quick Restart","Relic Stats","StSLib","Unceasing Turn Reminder"],"gold_per_floor":[115,115,25,35,48,48,76,351,404,433,450,450,476,489,489,588,588,605,605,622,268,281,281,308,223,250,250,285,285,295,395,395,492,492,511,529,308,308,308,334,334,362,362,362,387,418,431,451,451,451,451,451,20,50,50],"floor_reached":56,"language":"ENG","playtime":1883,"items_purged":["Regret","Pain"],"score":1925,"play_id":"87e0de41-b5f1-42a9-b0e6-90b0f579370d","local_time":"20210113133152","is_ascension_mode":true,"campfire_choices":[{"data":"Discovery","floor":6,"key":"SMITH"},{"data":"Biased Cognition","floor":12,"key":"SMITH"},{"data":"Fission","floor":15,"key":"SMITH"},{"data":"Loop","floor":23,"key":"SMITH"},{"data":"Hologram","floor":27,"key":"SMITH"},{"data":"Dualcast","floor":32,"key":"SMITH"},{"data":"Storm","floor":44,"key":"SMITH"},{"floor":49,"key":"RECALL"},{"data":"Capacitor","floor":52,"key":"SMITH"}],"circlet_count":0,"master_deck":["AscendersBane","Strike_B","Defend_B","Defend_B","Defend_B","Defend_B","Zap","Dualcast+1","Gash","Cold Snap","Discovery+1","Leap","Ball Lightning","Biased Cognition+1","Rip and Tear","Hologram+1","Fission+1","Self Repair","Core Surge","Chaos+1","Undo","Turbo","Cold Snap","Loop+1","Chill+1","Rip and Tear","Ball Lightning","Conserve Battery","Reboot+1","CurseOfTheBell","Capacitor+1","Buffer","Storm+1","Sweeping Beam","Tempest","Creative AI","Loop","Defragment","Ball Lightning","All For One"],"relics":["Cracked Core","Bronze Scales","DataDisk","Eternal Feather","Ancient Tea Set","Busted Crown","Vajra","InkBottle","Du-Vu Doll","Potion Belt","Blood Vial","Pocketwatch","Blue Candle","Calling Bell","Tiny Chest","The Courier","Emotion Chip","Bottled Tornado","WarpedTongs","Happy Flower","War Paint","Omamori","Mummified Hand","Boot"],"acts_visited":["Exordium","TheCity","TheBeyond","TheEnding"],"potions_floor_usage":[7,10,16,18,22,28,42,46,55,55],"damage_taken":[{"damage":0,"enemies":"Small Slimes","floor":1,"turns":2},{"damage":0,"enemies":"Cultist","floor":4,"turns":4},{"damage":0,"enemies":"2 Louse","floor":5,"turns":3},{"damage":13,"enemies":"Gremlin Nob","floor":7,"turns":4},{"damage":17,"enemies":"3 Sentries","floor":10,"turns":7},{"damage":4,"enemies":"Exordium Thugs","floor":11,"turns":3},{"damage":0,"enemies":"Gremlin Nob","floor":13,"turns":3},{"damage":12,"enemies":"Looter","floor":14,"turns":3},{"damage":14,"enemies":"The Guardian","floor":16,"turns":7},{"damage":25,"enemies":"2 Thieves","floor":18,"turns":3},{"damage":7,"enemies":"3 Byrds","floor":20,"turns":2},{"damage":0,"enemies":"Centurion and Healer","floor":22,"turns":7},{"damage":19,"enemies":"Book of Stabbing","floor":24,"turns":4},{"damage":0,"enemies":"Slavers","floor":28,"turns":2},{"damage":0,"enemies":"Sentry and Sphere","floor":30,"turns":5},{"damage":17,"enemies":"Colosseum Slavers","floor":31,"turns":3},{"damage":0,"enemies":"Colosseum Nobs","floor":31,"turns":4},{"damage":4,"enemies":"Champ","floor":33,"turns":10},{"damage":0,"enemies":"Orb Walker","floor":35,"turns":2},{"damage":11,"enemies":"3 Darklings","floor":36,"turns":4},{"damage":25,"enemies":"Nemesis","floor":40,"turns":5},{"damage":14,"enemies":"Reptomancer","floor":42,"turns":4},{"damage":36,"enemies":"Nemesis","floor":46,"turns":4},{"damage":4,"enemies":"Sphere and 2 Shapes","floor":47,"turns":3},{"damage":0,"enemies":"4 Shapes","floor":48,"turns":3},{"damage":66,"enemies":"Awakened One","floor":50,"turns":10},{"damage":9,"enemies":"Shield and Spear","floor":54,"turns":5},{"damage":66,"enemies":"The Heart","floor":55,"turns":7}],"seed_played":"5452448095737562708","potions_obtained":[{"floor":4,"key":"BlessingOfTheForge"},{"floor":5,"key":"SkillPotion"},{"floor":10,"key":"Weak Potion"},{"floor":11,"key":"PowerPotion"},{"floor":16,"key":"Swift Potion"},{"floor":18,"key":"Weak Potion"},{"floor":20,"key":"CultistPotion"},{"floor":24,"key":"PowerPotion"},{"floor":30,"key":"Energy Potion"},{"floor":40,"key":"ColorlessPotion"},{"floor":42,"key":"SkillPotion"},{"floor":46,"key":"LiquidMemories"},{"floor":54,"key":"Dexterity Potion"}],"is_trial":false,"path_per_floor":["M","?","$","M","M","R","E","?","T","E","M","R","E","M","R","B",null,"M","?","M","$","M","R","E","?","T","R","E","?","M","?","R","B",null,"M","M","$","?","?","E","?","E","T","R","T","E","M","M","R","B",null,"R","$","E","B",null],"character_chosen":"DEFECT","items_purchased":["Discovery","Vajra","Cold Snap","Loop","Capacitor","Buffer","Storm","Mummified Hand","Loop","Defragment","Ball Lightning"],"campfire_rested":0,"item_purchase_floors":[3,21,21,21,37,37,37,53,53,53,53],"current_hp_per_floor":[68,68,68,68,68,68,55,55,55,38,34,43,43,31,43,36,65,47,47,47,47,54,66,54,54,54,69,75,61,70,71,80,80,80,80,76,76,76,76,58,58,56,56,76,76,47,52,64,76,10,60,76,76,67,10],"gold":50,"neow_bonus":"THREE_CARDS","is_daily":false,"chose_seed":false,"campfire_upgraded":8,"win_rate":0.0,"timestamp":1610569912,"path_taken":["M","?","$","?","M","R","E","?","T","E","M","R","E","M","R","BOSS","M","?","M","$","M","R","E","?","T","R","E","?","M","?","R","BOSS","M","M","$","?","?","E","?","E","T","R","?","E","M","M","R","BOSS","R","$","E","BOSS"],"items_purchased_type":["Card","Relic","Card","Card","Card","Card","Card","Relic","Card","Card","Card"],"build_version":"2020-12-22","purchased_purges":2,"victory":true,"max_hp_per_floor":[75,75,75,75,75,75,75,75,75,75,75,75,75,75,75,75,75,75,75,75,75,75,75,75,75,75,75,75,80,80,80,80,80,80,80,80,80,80,76,76,76,76,76,76,76,76,76,76,76,76,76,76,76,76,76],"relic_stats":{"Happy Flower":[10],"counters":[28,123],"Blue Candle":[3],"Eternal Feather":105,"War Paint":["Reboot","Chill"],"Boot":[0],"WarpedTongs":[33],"Blood Vial":14,"Emotion Chip":[61,36,22,1,2],"Busted Crown":34,"Mummified Hand":[25],"Bronze Scales":[461],"Tiny Chest":1,"obtain_stats":[{"Potion Belt":26,"Happy Flower":42,"Blue Candle":31,"Vajra":21,"Eternal Feather":10,"The Courier":34,"Omamori":46,"Bottled Tornado":40,"War Paint":45,"Ancient Tea Set":13,"Boot":54,"WarpedTongs":41,"Du-Vu Doll":25,"Blood Vial":28,"Calling Bell":34,"DataDisk":9,"Emotion Chip":34,"Busted Crown":17,"Mummified Hand":53,"Bronze Scales":7,"Tiny Chest":34,"Cracked Core":0,"InkBottle":24,"Pocketwatch":31},{"Potion Belt":13,"Happy Flower":22,"Blue Candle":17,"Vajra":11,"Eternal Feather":5,"The Courier":18,"Omamori":23,"Bottled Tornado":21,"War Paint":22,"Ancient Tea Set":7,"Boot":27,"WarpedTongs":21,"Du-Vu Doll":13,"Blood Vial":14,"Calling Bell":18,"DataDisk":4,"Emotion Chip":18,"Busted Crown":9,"Mummified Hand":26,"Bronze Scales":4,"Tiny Chest":18,"Cracked Core":0,"InkBottle":13,"Pocketwatch":17},{"Potion Belt":52,"Happy Flower":91,"Blue Candle":66,"Vajra":41,"Eternal Feather":20,"The Courier":76,"Omamori":95,"Bottled Tornado":87,"War Paint":91,"Ancient Tea Set":26,"Boot":116,"WarpedTongs":87,"Du-Vu Doll":52,"Blood Vial":54,"Calling Bell":76,"DataDisk":13,"Emotion Chip":76,"Busted Crown":36,"Mummified Hand":111,"Bronze Scales":13,"Tiny Chest":76,"Cracked Core":0,"InkBottle":52,"Pocketwatch":66}],"InkBottle":[36],"Pocketwatch":[31]},"card_choices":[{"not_picked":["Streamline","Compile Driver"],"picked":"Gash","floor":0},{"not_picked":["Redo","Undo"],"picked":"Cold Snap","floor":1},{"not_picked":["Heatsinks","Redo"],"picked":"Leap","floor":4},{"not_picked":["Reprogram","Streamline"],"picked":"Ball Lightning","floor":5},{"not_picked":["Force Field","Hello World"],"picked":"Biased Cognition","floor":7},{"not_picked":["Scrape","Auto Shields"],"picked":"Rip and Tear","floor":10},{"not_picked":["Rebound","Compile Driver"],"picked":"Hologram","floor":11},{"not_picked":["Recycle","Lockon"],"picked":"Fission","floor":13},{"not_picked":["Go for the Eyes","Sweeping Beam"],"picked":"Self Repair","floor":14},{"not_picked":["Meteor Strike","Thunder Strike"],"picked":"Core Surge","floor":16},{"not_picked":[],"picked":"Chaos+1","floor":18},{"not_picked":["Streamline"],"picked":"SKIP","floor":20},{"not_picked":["Turbo"],"picked":"SKIP","floor":22},{"not_picked":[],"picked":"Chill","floor":24},{"not_picked":[],"picked":"Rip and Tear","floor":28},{"not_picked":[],"picked":"Ball Lightning","floor":30},{"not_picked":[],"picked":"Conserve Battery","floor":31},{"not_picked":[],"picked":"Reboot","floor":33},{"not_picked":["Beam Cell+1"],"picked":"SKIP","floor":35},{"not_picked":["Turbo"],"picked":"SKIP","floor":36},{"not_picked":[],"picked":"Sweeping Beam","floor":40},{"not_picked":[],"picked":"Tempest","floor":42},{"not_picked":[],"picked":"Creative AI","floor":46},{"not_picked":["Gash"],"picked":"SKIP","floor":47},{"not_picked":["Go for the Eyes+1"],"picked":"SKIP","floor":48},{"not_picked":[],"picked":"All For One","floor":54}],"player_experience":835466,"relics_obtained":[{"floor":7,"key":"Bronze Scales"},{"floor":9,"key":"DataDisk"},{"floor":10,"key":"Eternal Feather"},{"floor":13,"key":"Ancient Tea Set"},{"floor":24,"key":"InkBottle"},{"floor":26,"key":"Potion Belt"},{"floor":28,"key":"Blood Vial"},{"floor":31,"key":"Pocketwatch"},{"floor":31,"key":"Blue Candle"},{"floor":34,"key":"Tiny Chest"},{"floor":34,"key":"The Courier"},{"floor":34,"key":"Emotion Chip"},{"floor":40,"key":"Bottled Tornado"},{"floor":42,"key":"Happy Flower"},{"floor":45,"key":"War Paint"},{"floor":46,"key":"Omamori"},{"floor":54,"key":"Boot"}],"event_choices":[{"cards_removed":["Strike_B"],"damage_healed":0,"gold_gain":0,"player_choice":"Purged","damage_taken":0,"max_hp_gain":0,"max_hp_loss":0,"event_name":"Purifier","floor":2,"gold_loss":0},{"damage_healed":0,"gold_gain":275,"player_choice":"Desecrate","damage_taken":0,"max_hp_gain":0,"max_hp_loss":0,"event_name":"Golden Shrine","floor":8,"gold_loss":0,"cards_obtained":["Regret"]},{"damage_healed":0,"gold_gain":0,"cards_transformed":["Strike_B","Strike_B"],"player_choice":"Became Test Subject","damage_taken":0,"max_hp_gain":0,"max_hp_loss":0,"event_name":"Drug Dealer","floor":19,"gold_loss":0,"cards_obtained":["Undo","Turbo"]},{"damage_healed":0,"gold_gain":0,"player_choice":"Obtained Relic","damage_taken":0,"relics_obtained":["Du-Vu Doll"],"max_hp_gain":0,"max_hp_loss":0,"event_name":"Addict","floor":25,"gold_loss":85},{"damage_healed":0,"gold_gain":0,"player_choice":"Shed Blood","damage_taken":19,"max_hp_gain":5,"max_hp_loss":0,"event_name":"Forgotten Altar","floor":29,"gold_loss":0},{"damage_healed":0,"gold_gain":0,"player_choice":"Fight","damage_taken":0,"max_hp_gain":0,"max_hp_loss":0,"event_name":"Colosseum","floor":31,"gold_loss":0},{"damage_healed":0,"gold_gain":0,"player_choice":"Fought Nobs","damage_taken":0,"max_hp_gain":0,"max_hp_loss":0,"event_name":"Colosseum","floor":31,"gold_loss":0},{"damage_healed":0,"gold_gain":0,"player_choice":"Ignored","damage_taken":0,"max_hp_gain":0,"max_hp_loss":0,"event_name":"Tomb of Lord Red Mask","floor":38,"gold_loss":0},{"damage_healed":0,"gold_gain":0,"player_choice":"Max HP","damage_taken":0,"max_hp_gain":0,"max_hp_loss":4,"event_name":"Winding Halls","floor":39,"gold_loss":0},{"damage_healed":0,"gold_gain":0,"player_choice":"Rummage","damage_taken":0,"relics_obtained":["WarpedTongs"],"max_hp_gain":0,"max_hp_loss":0,"event_name":"Accursed Blacksmith","floor":41,"gold_loss":0,"cards_obtained":["Pain"]}],"is_beta":false,"boss_relics":[{"not_picked":["Inserter","Snecko Eye"],"picked":"Busted Crown"},{"not_picked":["Fusion Hammer","Astrolabe"],"picked":"Calling Bell"}],"items_purged_floors":[21,53],"is_endless":false,"potions_floor_spawned":[4,5,10,11,16,18,20,24,30,31,40,42,46,54],"ascension_level":11}}