{"host":"y193d0agu1dp5x1y","time":1610515824,"event":{"mods":["BaseMod","Googly Eyes","Minty Spire (QoL Compilation)"],"gold_per_floor":[111,111,286,299,299,299,322,347,415,415,453,23,38,51,51,51,51],"floor_reached":16,"language":"ENG","playtime":594,"items_purged":["Bash"],"score":102,"play_id":"eae42c83-34fa-494b-9683-177608099851","local_time":"20210112233024","is_ascension_mode":false,"campfire_choices":[{"data":"Cleave","floor":6,"key":"SMITH"},{"data":"Fire Breathing","floor":15,"key":"SMITH"}],"circlet_count":0,"master_deck":["Strike_R","Strike_R","Strike_R","Strike_R","Strike_R","Defend_R","Defend_R","Defend_R","Defend_R","Cleave+1","Injury","Doubt","Thunderclap+1","Wild Strike","Fire Breathing+1","Anger","Metallicize","Warcry+1"],"relics":["Burning Blood","NeowsBlessing","Golden Idol","Lantern","HornCleat","Bottled Flame","Toxic Egg 2"],"acts_visited":["Exordium"],"potions_floor_usage":[13,13,13],"damage_taken":[{"damage":0,"enemies":"2 Louse","floor":1,"turns":1},{"damage":0,"enemies":"Small Slimes","floor":4,"turns":2},{"damage":0,"enemies":"Jaw Worm","floor":7,"turns":1},{"damage":0,"enemies":"2 Fungi Beasts","floor":8,"turns":2},{"damage":36,"enemies":"Lagavulin","floor":11,"turns":7},{"damage":5,"enemies":"Gremlin Gang","floor":13,"turns":2},{"damage":2,"enemies":"Large Slime","floor":14,"turns":5},{"damage":64,"enemies":"The Guardian","floor":16,"turns":11}],"seed_played":"-5370916008510165643","potions_obtained":[{"floor":1,"key":"LiquidBronze"},{"floor":4,"key":"Regen Potion"},{"floor":7,"key":"Fire Potion"},{"floor":14,"key":"DuplicationPotion"}],"is_trial":false,"path_per_floor":["M","?","?","M","?","R","M","M","T","?","E","$","M","M","R","B"],"character_chosen":"IRONCLAD","items_purchased":["Fire Breathing","Anger","Toxic Egg 2"],"campfire_rested":0,"item_purchase_floors":[12,12,12],"current_hp_per_floor":[80,80,80,80,73,73,79,80,80,80,50,50,56,60,60,0,0],"gold":51,"neow_bonus":"THREE_ENEMY_KILL","is_daily":false,"chose_seed":false,"campfire_upgraded":2,"win_rate":0.0,"timestamp":1610515824,"path_taken":["M","?","?","M","?","R","M","M","T","?","E","$","M","M","R","BOSS"],"items_purchased_type":["Card","Card","Relic"],"build_version":"2020-12-22","purchased_purges":1,"victory":false,"max_hp_per_floor":[80,80,80,80,80,80,80,80,80,80,80,80,80,80,80,80,80],"card_choices":[{"not_picked":["Sentinel","Fire Breathing"],"picked":"Cleave","floor":1},{"not_picked":["Thunderclap","Ghostly Armor","Pummel"],"picked":"SKIP","floor":4},{"not_picked":["Whirlwind","Clash","Havoc"],"picked":"SKIP","floor":7},{"not_picked":["True Grit","Clash"],"picked":"Thunderclap","floor":8},{"not_picked":["Uppercut","Twin Strike"],"picked":"Wild Strike","floor":11},{"not_picked":["Combust","Flex+1"],"picked":"Metallicize","floor":13},{"not_picked":["Perfected Strike","Fiend Fire"],"picked":"Warcry+1","floor":14}],"player_experience":69250,"relics_obtained":[{"floor":9,"key":"HornCleat"},{"floor":11,"key":"Bottled Flame"}],"event_choices":[{"damage_healed":0,"gold_gain":0,"player_choice":"Take Wound","damage_taken":0,"relics_obtained":["Golden Idol"],"max_hp_gain":0,"max_hp_loss":0,"event_name":"Golden Idol","floor":2,"gold_loss":0,"cards_obtained":["Injury"]},{"damage_healed":0,"gold_gain":175,"player_choice":"AGREE","damage_taken":0,"max_hp_gain":0,"max_hp_loss":0,"event_name":"Liars Game","floor":3,"gold_loss":0,"cards_obtained":["Doubt"]},{"damage_healed":0,"gold_gain":0,"player_choice":"Success","damage_taken":7,"relics_obtained":["Lantern"],"max_hp_gain":0,"max_hp_loss":0,"event_name":"Scrap Ooze","floor":5,"gold_loss":0},{"damage_healed":0,"gold_gain":0,"player_choice":"Grow","damage_taken":0,"max_hp_gain":0,"max_hp_loss":0,"event_name":"Living Wall","floor":10,"gold_loss":0,"cards_upgraded":["Thunderclap"]}],"is_beta":false,"boss_relics":[],"items_purged_floors":[12],"is_endless":false,"potions_floor_spawned":[1,4,7,8,14],"killed_by":"The Guardian","ascension_level":0}}