{"host":"tnsigirk6wurdark","time":1610562881,"event":{"mods":["BaseMod","Colored Map","Colored Powertips","Highlight Path","Minty Spire (QoL Compilation)","Quick Restart","Relic Sorter","StSLib","Synergy Search"],"gold_per_floor":[110,75,42,42,58,88,105,115,115,115,115,18,30,65,65,65,65],"floor_reached":16,"language":"ENG","playtime":827,"items_purged":[],"score":236,"play_id":"311564f9-5ed1-4237-a86e-db4d01135891","local_time":"20210113183441","is_ascension_mode":true,"campfire_choices":[{"floor":10,"key":"REST"},{"data":"Deadly Poison","floor":15,"key":"SMITH"}],"circlet_count":0,"master_deck":["AscendersBane","Strike_G","Strike_G","Strike_G","Defend_G","Defend_G","Defend_G","Defend_G","Defend_G","Survivor","Neutralize","Dodge and Roll","Infinite Blades","Deflect","Quick Slash","PiercingWail","Deadly Poison","Flying Knee","Deadly Poison+1","Finisher","Calculated Gamble"],"relics":["Busted Crown","White Beast Statue","Ornamental Fan","Meat on the Bone"],"acts_visited":["Exordium"],"potions_floor_usage":[6,8,8,14,14,14],"damage_taken":[{"damage":5,"enemies":"Cultist","floor":1,"turns":6},{"damage":4,"enemies":"Small Slimes","floor":5,"turns":5},{"damage":12,"enemies":"Lagavulin","floor":6,"turns":7},{"damage":0,"enemies":"2 Louse","floor":7,"turns":2},{"damage":8,"enemies":"Gremlin Gang","floor":8,"turns":4},{"damage":0,"enemies":"2 Fungi Beasts","floor":13,"turns":4},{"damage":0,"enemies":"3 Sentries","floor":14,"turns":7},{"damage":66,"enemies":"Slime Boss","floor":16,"turns":11}],"seed_played":"-987835023684841372","potions_obtained":[{"floor":5,"key":"Strength Potion"},{"floor":6,"key":"PowerPotion"},{"floor":7,"key":"AttackPotion"},{"floor":8,"key":"Block Potion"},{"floor":14,"key":"Fruit Juice"}],"is_trial":false,"path_per_floor":["M","?","$","?","M","E","M","M","T","R","?","$","M","E","R","B"],"character_chosen":"THE_SILENT","items_purchased":["Infinite Blades","Deadly Poison","AttackPotion"],"campfire_rested":1,"item_purchase_floors":[3,12,12],"current_hp_per_floor":[54,66,66,66,62,50,50,42,42,61,54,54,54,59,59,0,0],"gold":65,"neow_bonus":"BOSS_RELIC","is_daily":false,"chose_seed":false,"campfire_upgraded":1,"win_rate":0.0,"timestamp":1610562881,"path_taken":["M","?","$","?","M","E","M","M","T","R","?","?","M","E","R","BOSS"],"items_purchased_type":["Card","Card","Potion"],"build_version":"2020-12-22","purchased_purges":0,"victory":false,"max_hp_per_floor":[66,66,66,66,66,66,66,66,66,66,66,66,66,71,71,71,71],"card_choices":[{"not_picked":[],"picked":"Dodge and Roll","floor":1},{"not_picked":[],"picked":"Quick Slash","floor":5},{"not_picked":[],"picked":"PiercingWail","floor":6},{"not_picked":[],"picked":"Deadly Poison","floor":7},{"not_picked":[],"picked":"Flying Knee","floor":8},{"not_picked":[],"picked":"Finisher","floor":13},{"not_picked":[],"picked":"Calculated Gamble","floor":14}],"player_experience":713112,"relics_obtained":[{"floor":6,"key":"White Beast Statue"},{"floor":9,"key":"Ornamental Fan"},{"floor":14,"key":"Meat on the Bone"}],"event_choices":[{"damage_healed":16,"gold_gain":0,"player_choice":"Healed","damage_taken":0,"max_hp_gain":0,"max_hp_loss":0,"event_name":"The Cleric","floor":2,"gold_loss":35},{"damage_healed":0,"gold_gain":0,"cards_transformed":["Strike_G"],"player_choice":"Change","damage_taken":0,"max_hp_gain":0,"max_hp_loss":0,"event_name":"Living Wall","floor":4,"gold_loss":0,"cards_obtained":["Deflect"]},{"cards_removed":["Strike_G"],"damage_healed":0,"gold_gain":0,"player_choice":"Card Removal","damage_taken":7,"max_hp_gain":0,"max_hp_loss":0,"event_name":"Golden Wing","floor":11,"gold_loss":0}],"is_beta":false,"boss_relics":[],"items_purged_floors":[],"is_endless":false,"potions_floor_spawned":[5,6,7,8,13,14],"killed_by":"Slime Boss","ascension_level":15}}