{"host":"vrsxkkch9ccrec7k","time":1610561819,"event":{"mods":["Act Like it!","BaseMod","Bestiary","Better Sensory Stone","Better Third Choice","Better Vampires","Downfall","Minty Spire (QoL Compilation)","Permanent Neow","Relic Stats","Spicy Shops","StSLib"],"gold_per_floor":[0,12,30,30,40,40,40,55,55,65,65,99,115,130,148,253,253,253,267,267,2,20,20,20,20,45,45,30,30,230,262,280,380,380,380,442,518,518],"floor_reached":37,"language":"ENG","playtime":3334,"items_purged":["sneckomod:Strike","sneckomod:Strike"],"score":524,"play_id":"1edf37ed-4cfb-4b1a-9834-fb24fb435537","local_time":"20210113131659","is_ascension_mode":true,"campfire_choices":[{"data":"sneckomod:SnekBite","floor":1,"key":"SMITH"},{"data":"sneckomod:Unknown","floor":6,"key":"SMITH"},{"floor":9,"key":"RECALL"},{"data":"sneckomod:MasterEye","floor":18,"key":"SMITH"},{"data":"sneckomod:Nope","floor":23,"key":"SMITH"},{"data":"sneckomod:Unknown","floor":29,"key":"SMITH"},{"data":"sneckomod:GlitteringGambit","floor":35,"key":"SMITH"}],"circlet_count":0,"master_deck":["sneckomod:Defend","sneckomod:Defend","sneckomod:Defend","sneckomod:TailWhip","sneckomod:SnekBite+1","sneckomod:Unknown+1","sneckomod:Unknown+1","sneckomod:RainOfDice","sneckomod:Mudshield","sneckomod:SnakeSap","sneckomod:MasterEye+1","sneckomod:SoulDraw","sneckomod:SoulRoll","sneckomod:UnlimitedRolls","sneckomod:UnlimitedRolls","sneckomod:RainOfDice+1","sneckomod:WideSting+1","sneckomod:Nope+1","sneckomod:SoulDraw","sneckomod:QuickMove+1","sneckomod:GlitteringGambit+1","Clumsy","Panacea+1","sneckomod:Restock+1"],"relics":["sneckomod:SneckoSoul","Mango","PreservedInsect","Coffee Dripper","Meat on the Bone","downfall:RedIOU","MealTicket","Art of War","Astrolabe"],"acts_visited":["Exordium","TheCity","TheBeyond"],"potions_floor_usage":[12,12,14,14,15,16,31,31],"damage_taken":[{"damage":4,"enemies":"Jaw Worm","floor":2,"turns":2},{"damage":9,"enemies":"Small Slimes","floor":3,"turns":3},{"damage":3,"enemies":"2 Louse","floor":5,"turns":4},{"damage":3,"enemies":"2 Fungi Beasts","floor":8,"turns":3},{"damage":0,"enemies":"Blue Slaver","floor":10,"turns":2},{"damage":20,"enemies":"3 Sentries","floor":12,"turns":7},{"damage":7,"enemies":"Large Slime","floor":13,"turns":5},{"damage":22,"enemies":"Lots of Slimes","floor":14,"turns":6},{"damage":13,"enemies":"Blue Slaver","floor":15,"turns":4},{"damage":26,"enemies":"downfall:Watcher","floor":16,"turns":8},{"damage":15,"enemies":"Spheric Guardian","floor":19,"turns":3},{"damage":6,"enemies":"downfall:FleeingMerchant","floor":21,"turns":4},{"damage":13,"enemies":"Snecko","floor":22,"turns":4},{"damage":0,"enemies":"Slavers","floor":26,"turns":2},{"damage":10,"enemies":"downfall:FleeingMerchant","floor":28,"turns":4},{"damage":51,"enemies":"Book of Stabbing","floor":31,"turns":6},{"damage":6,"enemies":"Centurion and Healer","floor":32,"turns":3},{"damage":26,"enemies":"downfall:Defect","floor":33,"turns":9},{"damage":61,"enemies":"Orb Walker","floor":36,"turns":6},{"damage":66,"enemies":"3 Darklings","floor":37,"turns":4}],"seed_played":"6354706355433941523","potions_obtained":[{"floor":3,"key":"Block Potion"},{"floor":8,"key":"Strength Potion"},{"floor":10,"key":"Guardian:BlockOnCardUsePotion"},{"floor":12,"key":"EssenceOfSteel"},{"floor":13,"key":"SkillPotion"},{"floor":14,"key":"sneckomod:MuddlingPotion"},{"floor":22,"key":"LiquidMemories"},{"floor":31,"key":"SpeedPotion"},{"floor":36,"key":"LiquidBronze"}],"is_trial":false,"path_per_floor":["R","M","M","?","M","R","T","M","R","M","?","E","M","M","M","B",null,"R","M","?","$","M","R","T","?","E","?","$","R","?","E","M","B",null,"R","M","M"],"character_chosen":"THE_SNECKO","items_purchased":["GamblersBrew"],"campfire_rested":0,"item_purchase_floors":[21],"current_hp_per_floor":[104,100,91,91,91,91,91,88,88,88,88,75,68,46,33,7,114,114,103,103,97,84,84,84,84,84,84,89,89,89,50,56,42,114,114,65,0,0],"gold":518,"neow_bonus":"ONE_RARE_RELIC","is_daily":false,"chose_seed":false,"campfire_upgraded":6,"win_rate":0.0,"timestamp":1610561819,"path_taken":["R","M","M","?","M","R","T","M","R","M","?","E","M","M","M","BOSS","R","M","?","$","M","R","T","?","E","?","?","R","?","E","M","BOSS","R","M","M"],"items_purchased_type":["Potion"],"build_version":"2020-12-22","purchased_purges":2,"victory":false,"max_hp_per_floor":[104,104,104,104,107,107,107,107,107,107,107,114,114,114,114,114,114,114,114,114,114,114,114,114,114,114,114,114,114,114,114,114,114,114,114,114,114,114],"relic_stats":{"counters":[20,89],"Astrolabe":["Clumsy","Panacea","sneckomod:Restock"],"MealTicket":15,"PreservedInsect":219,"Art of War":[1],"obtain_stats":[{"Strawberry":12,"Astrolabe":34,"Mango":0,"MealTicket":26,"PreservedInsect":7,"downfall:RedIOU":25,"Coffee Dripper":17,"Art of War":31,"sneckomod:SneckoSoul":0,"Meat on the Bone":24},{"Strawberry":6,"Astrolabe":18,"Mango":0,"MealTicket":14,"PreservedInsect":3,"downfall:RedIOU":13,"Coffee Dripper":10,"Art of War":16,"sneckomod:SneckoSoul":0,"Meat on the Bone":13},{"Strawberry":21,"Astrolabe":79,"Mango":0,"MealTicket":57,"PreservedInsect":9,"downfall:RedIOU":55,"Coffee Dripper":44,"Art of War":67,"sneckomod:SneckoSoul":0,"Meat on the Bone":55}],"Meat on the Bone":48},"card_choices":[{"not_picked":["sneckomod:Unknown2Cost","sneckomod:UnknownUncommonSkill"],"picked":"sneckomod:RainOfDice","floor":2},{"not_picked":["sneckomod:SerpentIdol","sneckomod:QuickMove"],"picked":"sneckomod:IronFang","floor":3},{"not_picked":["Madness","Impatience"],"picked":"Trip","floor":4},{"not_picked":["sneckomod:Rotation","sneckomod:UnknownCommonAttack"],"picked":"sneckomod:Mudshield","floor":5},{"not_picked":["sneckomod:UnknownClassSLIMEBOUND","sneckomod:UnknownCommonSkill"],"picked":"sneckomod:SnakeSap","floor":8},{"not_picked":["sneckomod:MixItUp","sneckomod:UnknownVulnerable"],"picked":"sneckomod:MasterEye","floor":10},{"not_picked":["sneckomod:UnknownStrike","sneckomod:UnknownBlock"],"picked":"sneckomod:SoulDraw","floor":12},{"not_picked":["sneckomod:CheapStock","sneckomod:ImprovisedAttack"],"picked":"sneckomod:SoulRoll","floor":13},{"not_picked":["sneckomod:UnknownDexterity","sneckomod:UnknownUncommonPower"],"picked":"sneckomod:UnlimitedRolls","floor":14},{"not_picked":["sneckomod:DiceBlock","sneckomod:UnknownClassGREEN","sneckomod:UnknownClassTHE_CHAMP_GRAY"],"picked":"SKIP","floor":15},{"not_picked":["sneckomod:UnknownRareAttack","sneckomod:UnknownColorless"],"picked":"sneckomod:UnlimitedRolls","floor":16},{"not_picked":["sneckomod:UnknownStrike","sneckomod:UnknownDexterity"],"picked":"sneckomod:RainOfDice+1","floor":19},{"not_picked":["sneckomod:SnekBeam","sneckomod:ImprovisedGuard"],"picked":"sneckomod:WideSting+1","floor":21},{"not_picked":["sneckomod:MasterEye","sneckomod:TrashToTreasure"],"picked":"sneckomod:Nope","floor":22},{"not_picked":["sneckomod:MasterEye","sneckomod:UnknownClassRED+1"],"picked":"sneckomod:SoulDraw","floor":26},{"not_picked":["sneckomod:UnknownClassTHE_CHAMP_GRAY+1","sneckomod:WideSting+1","sneckomod:Rotation"],"picked":"SKIP","floor":28},{"not_picked":["sneckomod:UnknownClassGUARDIAN","sneckomod:Nope"],"picked":"sneckomod:QuickMove+1","floor":31},{"not_picked":["sneckomod:SnakeSap","sneckomod:ImprovisedGuard+1","sneckomod:UnknownVulnerable+1"],"picked":"SKIP","floor":32},{"not_picked":["sneckomod:Restock","sneckomod:SoulExchange"],"picked":"sneckomod:GlitteringGambit","floor":33},{"not_picked":["sneckomod:UnknownClassTHE_CHAMP_GRAY+1","sneckomod:Unknown1Cost","sneckomod:DiceBoulder"],"picked":"SKIP","floor":36}],"player_experience":1502426,"relics_obtained":[{"floor":7,"key":"PreservedInsect"},{"floor":12,"key":"Strawberry"},{"floor":24,"key":"Meat on the Bone"},{"floor":26,"key":"MealTicket"},{"floor":31,"key":"Art of War"}],"event_choices":[{"damage_healed":0,"gold_gain":1,"player_choice":"1","damage_taken":0,"max_hp_gain":0,"max_hp_loss":0,"event_name":"betterStone:BetterStone","floor":4,"gold_loss":0},{"damage_healed":0,"gold_gain":0,"player_choice":"Ignored","damage_taken":0,"max_hp_gain":0,"max_hp_loss":0,"event_name":"Ghosts","floor":20,"gold_loss":0}],"is_beta":false,"boss_relics":[{"not_picked":["Calling Bell","Velvet Choker"],"picked":"Coffee Dripper"},{"not_picked":["Pandora\u0027s Box","Black Star"],"picked":"Astrolabe"}],"items_purged_floors":[21,21],"is_endless":false,"potions_floor_spawned":[3,8,10,12,13,14,22,31,36],"killed_by":"3 Darklings","ascension_level":3}}