{"host":"l4jj3li0klahglqo","time":1610503544,"event":{"mods":["BaseMod","Conspire","Hubris","Infinite Spire","Marisa????????","Minty Spire (QoL Compilation)","Quick Restart","Replay The Spire","Shop Mod","StSLib","The Animator"],"gold_per_floor":[119,129,129,148,160,189,4,19,46,46,46],"floor_reached":10,"language":"ENG","playtime":692,"items_purged":[],"score":102,"play_id":"e57dab5a-c082-419b-b00d-09feee9e1b06","local_time":"20210112200544","is_ascension_mode":true,"campfire_choices":[],"circlet_count":0,"master_deck":["Strike_R","Strike_R","Strike_R","Strike_R","Strike_R","Defend_R","Defend_R","Defend_R","Defend_R","Bash","Armaments","Armaments","Bash","Armaments","infinitespire:OneForAll","Shockwave","infinitespire:OneForAll+1","Dark Embrace"],"relics":["Burning Blood","NeowsBlessing","Regal Pillow","Membership Card"],"acts_visited":["Exordium"],"potions_floor_usage":[5,6,8],"damage_taken":[{"damage":0,"enemies":"2 Louse","floor":1,"turns":1},{"damage":0,"enemies":"Cultist","floor":2,"turns":1},{"damage":0,"enemies":"Small Slimes","floor":4,"turns":1},{"damage":5,"enemies":"3 Louse","floor":5,"turns":5},{"damage":57,"enemies":"Lagavulin","floor":6,"turns":9},{"damage":9,"enemies":"2 Fungi Beasts","floor":8,"turns":6},{"damage":77,"enemies":"Gremlin Nob","floor":10,"turns":6}],"seed_played":"7101968863402474480","potions_obtained":[{"floor":2,"key":"Block Potion"},{"floor":5,"key":"BloodPotion"},{"floor":6,"key":"Swift Potion"}],"is_trial":false,"path_per_floor":["M","M","?","M","M","E","$","M","T","E"],"character_chosen":"IRONCLAD","items_purchased":["Membership Card","infinitespire:OneForAll+1"],"campfire_rested":0,"item_purchase_floors":[7,7],"current_hp_per_floor":[78,80,80,80,80,45,45,42,42,0,0],"gold":46,"neow_bonus":"THREE_ENEMY_KILL","is_daily":false,"chose_seed":false,"campfire_upgraded":0,"win_rate":0.0,"timestamp":1610503544,"path_taken":["M","M","?","M","M","E","?","M","T","E"],"items_purchased_type":["Relic","Card"],"build_version":"2020-12-22","purchased_purges":0,"victory":false,"max_hp_per_floor":[80,80,80,80,80,80,80,80,80,80,80],"card_choices":[{"not_picked":["Reckless Charge","ReplayReversal"],"picked":"Armaments","floor":1},{"not_picked":["Thunderclap","Bloodletting"],"picked":"Armaments","floor":2},{"not_picked":["Warcry","Blood for Blood"],"picked":"Armaments","floor":4},{"not_picked":["Wild Strike","Metallicize"],"picked":"infinitespire:OneForAll","floor":5},{"not_picked":["Evolve","Defy Death"],"picked":"Shockwave","floor":6},{"not_picked":["True Grit","conspire:ExplosiveBarrier"],"picked":"Dark Embrace","floor":8}],"player_experience":1206524,"relics_obtained":[{"floor":6,"key":"Regal Pillow"}],"event_choices":[{"damage_healed":0,"gold_gain":0,"player_choice":"1 cards matched","damage_taken":0,"max_hp_gain":0,"max_hp_loss":0,"event_name":"Match and Keep!","floor":3,"gold_loss":0,"cards_obtained":["Bash"]}],"is_beta":false,"boss_relics":[],"items_purged_floors":[],"is_endless":false,"potions_floor_spawned":[2,5,6],"killed_by":"Gremlin Nob","ascension_level":9}}