{"host":"2ulm0pyp8jok7fk5","time":1610520248,"event":{"mods":["Act Like it!","Arknights The Spire","BaseMod","Decade(Õı–°√˜)","Gensokyo","Koishi","Marisa£®ÏF”Í°°ƒß¿Ì…≥£©","Minty Spire (QoL Compilation)","Reimu£®≤©¿ˆ¡È√Œ£©","Remilia£®¿Ÿ√◊¿Ú—«£©","Replay The Spire","Shop Mod","Spicy Shops","StSLib","The Bug Knight","The Hierophant","The Servant 0.9.4","Waifu the Spire","Youmu£®ªÍ∆«—˝√Œ£©","Yuyuko"],"gold_per_floor":[110,125,142,142,160,170,199,199,271,282,294,321,339,355,355,456,456,466,466,477,330,341,341,341],"floor_reached":23,"language":"ZHS","playtime":1554,"items_purged":["CommonCold"],"score":209,"play_id":"0a4af200-26f3-4318-87be-a82df95d4857","local_time":"20210113144408","daily_mods":["SealedDeck","Allstar","Heirloom","Time Dilation"],"is_ascension_mode":false,"campfire_choices":[{"floor":8,"key":"REST"},{"data":"ats:Burning Ground","floor":15,"key":"SMITH"}],"circlet_count":0,"master_deck":["ats:Hammer On","ats:Childhood Dance","ats:Revitalization","ats:Healing Strengthening","ats:Revitalization","ats:Revitalization","ats:Burning Ground+1","ats:Ignite","ats:Charging Defense","ats:Mental Burst","ats:Thorns","ats:Hook Shot","ats:Soul Absorption","ats:Apocalypse","ats:Defend Order","ats:Wolf Pack","CurseOfTheBell","ats:Sunburst","ats:Healing Strengthening+1"],"relics":["ats:Sanity","Replay:PocketPolymizer","ats:Originium","Centennial Puzzle","Garlic","Shovel","Calling Bell","Regal Pillow","ats:Industrial Water Cannon","Bird Faced Urn","Ring of Fury","Chemical X"],"acts_visited":["Exordium","TheCity"],"potions_floor_usage":[],"damage_taken":[{"damage":11,"enemies":"Small Slimes","floor":1,"turns":3},{"damage":18,"enemies":"Jaw Worm","floor":2,"turns":5},{"damage":6,"enemies":"2 Louse","floor":3,"turns":2},{"damage":31,"enemies":"Lots of Slimes","floor":5,"turns":4},{"damage":34,"enemies":"3 Louse","floor":6,"turns":3},{"damage":23,"enemies":"Gremlin Nob","floor":7,"turns":4},{"damage":66,"enemies":"Large Slime","floor":10,"turns":15},{"damage":10,"enemies":"Blue Slaver","floor":11,"turns":3},{"damage":29,"enemies":"3 Sentries","floor":12,"turns":6},{"damage":26,"enemies":"Red Slaver","floor":13,"turns":4},{"damage":19,"enemies":"Exordium Wildlife","floor":14,"turns":5},{"damage":94,"enemies":"Hexaghost","floor":16,"turns":13},{"damage":85,"enemies":"Chosen","floor":18,"turns":9},{"damage":47,"enemies":"2 Thieves","floor":20,"turns":4},{"damage":66,"enemies":"3 Cultists","floor":22,"turns":7},{"damage":84,"enemies":"Book of Stabbing","floor":23,"turns":8}],"seed_played":"3994978162722894620","potions_obtained":[{"floor":2,"key":"AttackPotion"},{"floor":7,"key":"SkillPotion"},{"floor":11,"key":"SteroidPotion"},{"floor":16,"key":"Doom Potion"}],"is_trial":true,"path_per_floor":["M","M","M","$","M","M","E","R","T","M","M","E","M","M","R","B",null,"M","?","M","$","M","E"],"character_chosen":"DOCTOR_CLASS","items_purchased":["Chemical X"],"campfire_rested":1,"item_purchase_floors":[21],"current_hp_per_floor":[64,62,56,56,38,21,8,29,29,72,66,66,58,62,62,60,72,34,34,10,10,5,0,0],"gold":341,"neow_bonus":"","is_daily":false,"chose_seed":false,"campfire_upgraded":1,"win_rate":0.0,"timestamp":1610520248,"path_taken":["M","M","M","$","M","M","E","R","T","M","M","E","M","M","R","BOSS","M","?","M","$","M","E"],"items_purchased_type":["Relic"],"build_version":"2020-12-22","purchased_purges":1,"victory":false,"max_hp_per_floor":[72,72,72,72,72,72,72,72,72,72,72,72,72,72,72,72,72,72,72,72,72,72,72,72],"card_choices":[{"not_picked":["ats:Defend Order","ats:Flexible Camouflage"],"picked":"ats:Charging Defense","floor":1},{"not_picked":["ats:Cat Scratch","ats:Beaten Up"],"picked":"ats:Mental Burst","floor":2},{"not_picked":["ats:Spore Proliferation","ats:Explosion Area Strengthen"],"picked":"ats:Thorns","floor":3},{"not_picked":["ats:Durian","ats:Childhood Dance","ats:Leaping Hammer"],"picked":"SKIP","floor":5},{"not_picked":["ats:Poison Spread","ats:Collapsing Strike","ats:Explosion Area Strengthen"],"picked":"SKIP","floor":6},{"not_picked":["ats:True Silver Slash","ats:Red Shift","ats:Childhood Dance"],"picked":"SKIP","floor":7},{"not_picked":["ats:Steam Pump","ats:Powerful Strike"],"picked":"ats:Soul Absorption","floor":10},{"not_picked":["ats:Cat Scratch","ats:Poison Spread"],"picked":"ats:Apocalypse","floor":11},{"not_picked":["ats:Collapsing Strike","ats:Poison Spread","ats:Neurotoxin"],"picked":"SKIP","floor":12},{"not_picked":["ats:Shell Defense","ats:Part Time Job","ats:Curse Doll"],"picked":"SKIP","floor":13},{"not_picked":["ats:Explosion Area Strengthen","ats:Assault Order","ats:Apocalypse"],"picked":"SKIP","floor":14},{"not_picked":["ats:Dogmatic Field","ats:Durian"],"picked":"ats:Wolf Pack","floor":16},{"not_picked":["ats:Assault Order","ats:Apocalypse"],"picked":"ats:Sunburst","floor":18},{"not_picked":["ats:Wolf Pack","ats:Collapsing Strike+1"],"picked":"ats:Healing Strengthening+1","floor":20},{"not_picked":["ats:Collapsing Strike","ats:Ignite","ats:Childhood Dance"],"picked":"SKIP","floor":22}],"player_experience":89415,"relics_obtained":[{"floor":7,"key":"ats:Originium"},{"floor":7,"key":"Centennial Puzzle"},{"floor":9,"key":"Garlic"},{"floor":12,"key":"ats:Originium"},{"floor":12,"key":"Shovel"},{"floor":17,"key":"Regal Pillow"},{"floor":17,"key":"ats:Industrial Water Cannon"},{"floor":17,"key":"Bird Faced Urn"},{"floor":19,"key":"Ring of Fury"}],"event_choices":[],"is_beta":false,"boss_relics":[{"not_picked":["Kintsugi","Replay:Wanted Poster"],"picked":"Calling Bell"}],"items_purged_floors":[21],"is_endless":false,"potions_floor_spawned":[2,7,11,12,13,16,18],"killed_by":"Book of Stabbing","ascension_level":0}}