{"host":"st1kg310ms6sytc5","time":1610550276,"event":{"mods":["Act Like it!","BaseMod","CapriCore","Good Game Mod","Minty Spire (QoL Compilation)","Robot Space Explorer","StSLib","SuperFastMode"],"gold_per_floor":[111,111,121,46,121,148,4,29,29,29,44,71,90,103,103,202,202,221,237,237,256,58,87,87,87,163,195,205,205,205,223,223,324,324,341,355,405,405,420,420,420,433,433,459,479,479,512,527,527,527,527,527,106,137,137],"floor_reached":56,"language":"ZHS","playtime":6902,"items_purged":["RobotSpaceExplorer:Strike","RobotSpaceExplorer:Strike","Rip and Tear"],"score":1467,"play_id":"165719de-74c4-4eac-8137-2abc9e3cd7b6","local_time":"20210113230436","is_ascension_mode":false,"campfire_choices":[{"data":"RobotSpaceExplorer:PlasmaMissile","floor":10.0,"key":"SMITH"},{"data":"RobotSpaceExplorer:MiniLasers","floor":15.0,"key":"SMITH"},{"data":"RobotSpaceExplorer:ChargingLaser","floor":25.0,"key":"SMITH"},{"data":"RobotSpaceExplorer:Comet","floor":29.0,"key":"SMITH"},{"data":"RobotSpaceExplorer:Pulsar","floor":32.0,"key":"SMITH"},{"data":"RobotSpaceExplorer:Multitool","floor":40.0,"key":"SMITH"},{"data":"RobotSpaceExplorer:FreezingShield","floor":46.0,"key":"SMITH"},{"floor":49.0,"key":"RECALL"},{"data":"RobotSpaceExplorer:Scan","floor":52.0,"key":"SMITH"}],"circlet_count":0,"master_deck":["RobotSpaceExplorer:Defend","RobotSpaceExplorer:Defend","RobotSpaceExplorer:Scan+1","RobotSpaceExplorer:MiniLasers+1","RobotSpaceExplorer:PlasmaMissile+1","RobotSpaceExplorer:MetalStrike","RobotSpaceExplorer:FreezingShield+1","RobotSpaceExplorer:Counterblock+1","RobotSpaceExplorer:Pulsar+1","RobotSpaceExplorer:GearShield","RobotSpaceExplorer:ChargingLaser+1","RobotSpaceExplorer:ScrapToss","RobotSpaceExplorer:Comet+1","RobotSpaceExplorer:FreezingShield+1","RobotSpaceExplorer:Multitool+1","RobotSpaceExplorer:ScrapMissile+1","RobotSpaceExplorer:DualCore+1","RobotSpaceExplorer:TurboDodge+1","RobotSpaceExplorer:SwiftStep+1","RobotSpaceExplorer:FranticSearch+1","RobotSpaceExplorer:JunkDive","RobotSpaceExplorer:Pulsar+1"],"relics":["RobotSpaceExplorer:RoboCore","REME:ComplimentaryCards","NeowsBlessing","Pocketwatch","Medical Kit","Smiling Mask","FossilizedHelix","RobotSpaceExplorer:FoglandsKnife","Coffee Dripper","Letter Opener","Bottled Lightning","Eternal Feather","Astrolabe","Gambling Chip","Strawberry","Regal Pillow","CaptainsWheel","Lantern","DollysMirror","Centennial Puzzle"],"acts_visited":["Exordium","TheCity","TheBeyond","TheEnding"],"potions_floor_usage":[55,55,55],"damage_taken":[{"damage":0.0,"enemies":"2 Louse","floor":1.0,"turns":1.0},{"damage":0.0,"enemies":"Jaw Worm","floor":3.0,"turns":1.0},{"damage":0.0,"enemies":"3 Sentries","floor":6.0,"turns":2.0},{"damage":19.0,"enemies":"Gremlin Nob","floor":8.0,"turns":5.0},{"damage":0.0,"enemies":"Cultist","floor":11.0,"turns":3.0},{"damage":5.0,"enemies":"3 Sentries","floor":12.0,"turns":8.0},{"damage":0.0,"enemies":"Red Slaver","floor":13.0,"turns":4.0},{"damage":0.0,"enemies":"2 Fungi Beasts","floor":14.0,"turns":3.0},{"damage":0.0,"enemies":"Slime Boss","floor":16.0,"turns":5.0},{"damage":0.0,"enemies":"Chosen","floor":18.0,"turns":4.0},{"damage":0.0,"enemies":"Shell Parasite","floor":19.0,"turns":4.0},{"damage":0.0,"enemies":"Snecko","floor":21.0,"turns":5.0},{"damage":0.0,"enemies":"Gremlin Leader","floor":23.0,"turns":7.0},{"damage":7.0,"enemies":"Slavers","floor":27.0,"turns":5.0},{"damage":0.0,"enemies":"Snake Plant","floor":28.0,"turns":4.0},{"damage":0.0,"enemies":"3 Cultists","floor":31.0,"turns":3.0},{"damage":0.0,"enemies":"Collector","floor":33.0,"turns":7.0},{"damage":0.0,"enemies":"3 Darklings","floor":35.0,"turns":4.0},{"damage":0.0,"enemies":"Orb Walker","floor":36.0,"turns":2.0},{"damage":0.0,"enemies":"Mind Bloom Boss Battle","floor":37.0,"turns":6.0},{"damage":0.0,"enemies":"Sphere and 2 Shapes","floor":39.0,"turns":3.0},{"damage":8.0,"enemies":"Jaw Worm Horde","floor":42.0,"turns":5.0},{"damage":10.0,"enemies":"Nemesis","floor":44.0,"turns":7.0},{"damage":0.0,"enemies":"4 Shapes","floor":45.0,"turns":5.0},{"damage":0.0,"enemies":"Reptomancer","floor":47.0,"turns":5.0},{"damage":0.0,"enemies":"Sphere and 2 Shapes","floor":48.0,"turns":4.0},{"damage":0.0,"enemies":"Awakened One","floor":50.0,"turns":16.0},{"damage":40.0,"enemies":"Shield and Spear","floor":54.0,"turns":7.0},{"damage":40,"enemies":"The Heart","floor":55,"turns":11}],"seed_played":"6694222784079754175","potions_obtained":[{"floor":11.0,"key":"Fire Potion"},{"floor":12.0,"key":"RobotSpaceExplorer:RecyclePotion"},{"floor":13.0,"key":"Strength Potion"},{"floor":16.0,"key":"Fire Potion"},{"floor":18.0,"key":"GamblersBrew"},{"floor":23.0,"key":"SpeedPotion"},{"floor":28.0,"key":"SkillPotion"},{"floor":36.0,"key":"Ancient Potion"}],"is_trial":false,"path_per_floor":["M","?","M","$","?","E","$","E","T","R","M","E","M","M","R","B",null,"M","M","?","M","$","E","?","R","T","E","M","R","T","M","R","B",null,"M","M","?","?","M","R","?","M","T","E","M","R","E","M","R","B",null,"R","$","E","B",null],"character_chosen":"RobotSpaceExplorer","items_purchased":["Medical Kit","RobotSpaceExplorer:ChargingLaser","RobotSpaceExplorer:ScrapToss","Lantern","DollysMirror","DuplicationPotion"],"campfire_rested":0,"item_purchase_floors":[7,22,22,53,53,53],"current_hp_per_floor":[75,80,80,80,69,69,69,50,50,50,50,45,45,45,45,45,80,80,80,80,80,80,80,80,80,80,73,73,80,80,80,80,80,80,80,80,80,70,70,80,80,72,79,69,69,81,81,81,87,87,87,87,87,47,7],"gold":137,"neow_bonus":"THREE_ENEMY_KILL","is_daily":false,"chose_seed":false,"campfire_upgraded":8,"win_rate":0.0,"timestamp":1610550276,"path_taken":["M","?","M","$","?","E","?","E","T","R","?","E","M","M","R","BOSS","M","M","?","?","?","E","?","R","T","E","M","R","?","M","R","BOSS","M","M","?","?","M","R","?","M","T","E","?","R","E","M","R","BOSS","R","$","E","BOSS"],"items_purchased_type":["Relic","Card","Card","Relic","Relic","Potion"],"build_version":"2020-12-22","purchased_purges":3,"victory":true,"max_hp_per_floor":[75,80,80,80,80,80,80,80,80,80,80,80,80,80,80,80,80,80,80,80,80,80,80,80,80,80,80,80,80,80,80,80,80,80,80,80,80,80,80,80,80,80,87,87,87,87,87,87,87,87,87,87,87,87,87],"card_choices":[{"not_picked":["RobotSpaceExplorer:PowerCollector","RobotSpaceExplorer:Probe"],"picked":"RobotSpaceExplorer:PlasmaMissile","floor":1.0},{"not_picked":["RobotSpaceExplorer:ScrapMissile","RobotSpaceExplorer:Probe","RobotSpaceExplorer:DualCore"],"picked":"SKIP","floor":3.0},{"not_picked":["RobotSpaceExplorer:HighVoltage","RobotSpaceExplorer:BigMissile"],"picked":"RobotSpaceExplorer:MetalStrike","floor":6.0},{"not_picked":["RobotSpaceExplorer:SurgingStrike","RobotSpaceExplorer:StunGrenade"],"picked":"RobotSpaceExplorer:FreezingShield","floor":8.0},{"not_picked":["RobotSpaceExplorer:MiniDrones","RobotSpaceExplorer:Reload","RobotSpaceExplorer:ExhaustFan"],"picked":"SKIP","floor":11.0},{"not_picked":["RobotSpaceExplorer:SurgingStrike","RobotSpaceExplorer:FranticSearch","RobotSpaceExplorer:ShovelStrike"],"picked":"SKIP","floor":12.0},{"not_picked":["RobotSpaceExplorer:Counterblock","RobotSpaceExplorer:MetalStrike","RobotSpaceExplorer:FranticSearch"],"picked":"SKIP","floor":13.0},{"not_picked":["RobotSpaceExplorer:StunGrenade","RobotSpaceExplorer:SwiftStep","RobotSpaceExplorer:FreezingShield"],"picked":"SKIP","floor":14.0},{"not_picked":["RobotSpaceExplorer:ShockMissile","RobotSpaceExplorer:Blaster"],"picked":"RobotSpaceExplorer:Autoloader","floor":16.0},{"not_picked":["RobotSpaceExplorer:SwiftStep","RobotSpaceExplorer:ShockKick+1","RobotSpaceExplorer:Counterblock+1"],"picked":"SKIP","floor":18.0},{"not_picked":["RobotSpaceExplorer:SwiftStep","RobotSpaceExplorer:ShockKick+1"],"picked":"RobotSpaceExplorer:Counterblock+1","floor":18.0},{"not_picked":["RobotSpaceExplorer:ImprovisedAttack","RobotSpaceExplorer:SelfCleaning"],"picked":"RobotSpaceExplorer:Pulsar","floor":19.0},{"not_picked":["RobotSpaceExplorer:MakeshiftVolley","RobotSpaceExplorer:DoubleBlock+1","RobotSpaceExplorer:SurgingStrike"],"picked":"SKIP","floor":21.0},{"not_picked":["RobotSpaceExplorer:TurboDodge","RobotSpaceExplorer:SlimeMissile+1","RobotSpaceExplorer:LaserBurst+1"],"picked":"SKIP","floor":23.0},{"not_picked":["RobotSpaceExplorer:MetalStrike","RobotSpaceExplorer:TurboDodge+1","RobotSpaceExplorer:SlimeMissile"],"picked":"SKIP","floor":27.0},{"not_picked":["RobotSpaceExplorer:SurgingShield","RobotSpaceExplorer:SlimeMissile","RobotSpaceExplorer:FrostMissile"],"picked":"SKIP","floor":28.0},{"not_picked":["RobotSpaceExplorer:Ammunition+1","RobotSpaceExplorer:MiniDrones+1"],"picked":"RobotSpaceExplorer:FreezingShield+1","floor":31.0},{"not_picked":["RobotSpaceExplorer:Scanner","RobotSpaceExplorer:ChargingLaser"],"picked":"RobotSpaceExplorer:Multitool","floor":33.0},{"not_picked":["RobotSpaceExplorer:DoubleFind","RobotSpaceExplorer:GlueShot+1","RobotSpaceExplorer:Counterblock"],"picked":"SKIP","floor":35.0},{"not_picked":["RobotSpaceExplorer:Probe","RobotSpaceExplorer:RigExplosive","RobotSpaceExplorer:SwiftStep"],"picked":"SKIP","floor":36.0},{"not_picked":["RobotSpaceExplorer:ScrapMissile+1","RobotSpaceExplorer:Discharger"],"picked":"RobotSpaceExplorer:SwiftStep+1","floor":37.0},{"not_picked":["RobotSpaceExplorer:FrostMissile","RobotSpaceExplorer:Pulsar","RobotSpaceExplorer:Reload+1"],"picked":"SKIP","floor":39.0},{"not_picked":["RobotSpaceExplorer:ExhaustFan","RobotSpaceExplorer:Pulsar"],"picked":"RobotSpaceExplorer:FranticSearch+1","floor":42.0},{"not_picked":["RobotSpaceExplorer:GearShield+1","RobotSpaceExplorer:ShockKick"],"picked":"RobotSpaceExplorer:Wormhole","floor":44.0},{"not_picked":["RobotSpaceExplorer:SwiftStep","RobotSpaceExplorer:FreezingShield+1"],"picked":"RobotSpaceExplorer:JunkDive","floor":45.0},{"not_picked":["RobotSpaceExplorer:MiniDrones+1","RobotSpaceExplorer:MetalStrike","RobotSpaceExplorer:SwiftStep"],"picked":"SKIP","floor":47.0},{"not_picked":["RobotSpaceExplorer:BigMissile+1","RobotSpaceExplorer:SurgingStrike","RobotSpaceExplorer:FrostMissile"],"picked":"SKIP","floor":48.0},{"not_picked":["RobotSpaceExplorer:Discharger","RobotSpaceExplorer:DualCore","RobotSpaceExplorer:Counterblock"],"picked":"SKIP","floor":54.0}],"player_experience":1375853,"relics_obtained":[{"floor":6.0,"key":"Pocketwatch"},{"floor":8.0,"key":"Smiling Mask"},{"floor":9.0,"key":"FossilizedHelix"},{"floor":12.0,"key":"RobotSpaceExplorer:FoglandsKnife"},{"floor":23.0,"key":"Letter Opener"},{"floor":26.0,"key":"Bottled Lightning"},{"floor":27.0,"key":"Eternal Feather"},{"floor":37.0,"key":"Gambling Chip"},{"floor":43.0,"key":"Strawberry"},{"floor":44.0,"key":"Regal Pillow"},{"floor":47.0,"key":"CaptainsWheel"},{"floor":54.0,"key":"Centennial Puzzle"}],"event_choices":[{"damage_healed":0.0,"max_hp_gain":5.0,"max_hp_loss":0.0,"gold_gain":0.0,"event_name":"Big Fish","player_choice":"Donut","floor":2.0,"gold_loss":0.0,"damage_taken":0.0},{"damage_healed":0.0,"max_hp_gain":0.0,"max_hp_loss":0.0,"gold_gain":75.0,"event_name":"World of Goop","player_choice":"Gather Gold","floor":5.0,"gold_loss":0.0,"damage_taken":11.0},{"damage_healed":0.0,"max_hp_gain":0.0,"max_hp_loss":0.0,"gold_gain":0.0,"cards_transformed":["RobotSpaceExplorer:Strike"],"event_name":"Transmorgrifier","player_choice":"Transformed","floor":20.0,"gold_loss":0.0,"damage_taken":0.0,"cards_obtained":["RobotSpaceExplorer:GearShield"]},{"damage_healed":0.0,"max_hp_gain":0.0,"max_hp_loss":0.0,"gold_gain":0.0,"event_name":"The Library","player_choice":"Read","floor":24.0,"gold_loss":0.0,"damage_taken":0.0,"cards_obtained":["RobotSpaceExplorer:Comet"]},{"damage_healed":0.0,"max_hp_gain":0.0,"max_hp_loss":0.0,"gold_gain":0.0,"event_name":"MindBloom","player_choice":"Fight","floor":37.0,"gold_loss":0.0,"damage_taken":0.0},{"damage_healed":0.0,"max_hp_gain":0.0,"max_hp_loss":0.0,"gold_gain":0.0,"event_name":"SensoryStone","player_choice":"Memory 3","floor":38.0,"gold_loss":0.0,"damage_taken":10.0},{"damage_healed":0.0,"max_hp_gain":0.0,"max_hp_loss":0.0,"gold_gain":0.0,"event_name":"Tomb of Lord Red Mask","player_choice":"Ignored","floor":41.0,"gold_loss":0.0,"damage_taken":0.0}],"is_beta":false,"boss_relics":[{"not_picked":["RobotSpaceExplorer:SearchSpecs","Calling Bell"],"picked":"Coffee Dripper"},{"not_picked":["Cursed Key","SlaversCollar"],"picked":"Astrolabe"}],"items_purged_floors":[4,22,53],"is_endless":false,"potions_floor_spawned":[11,12,13,16,18,23,28,31,33,36,37],"ascension_level":0}}