{"host":"4xbawe663uhw4m9s","time":1610562544,"event":{"mods":["Act Like it!","Bard","BaseMod","Beaked The Cultist","Better Third Choice","BetterRewards","CCEM","Conspire","Downfall","GifTheSpireLib","Halation","Hallownest","Hermit","Hubris","Hunter ??","Infinite Spire","Jedi Mod","Jorbs\u0027s Wanderer Trilogy","Mad Scientist","Marisa????????","Mimic Mod","Minty Spire (QoL Compilation)","Permanent Neow","Replay The Spire","Shade Mod","Shop Mod","Spicy Shops","StSLib","Stuff the Spire","The Administrix","The Animator","The Bug Knight","The Construct","The Cursed","The Disciple","The Gatherer","The Hierophant","The Jungle","The Mystic","The Problem Sleuth","The Runesmith","The Servant 0.9.4","The Spell Scribe","The Witch"],"gold_per_floor":[113,113,133,147,6,32,50,50,50,61,61,11,11,11,11,111,111,121,121,137,137,155,155,155,185,185,185,226,252,252,274,274,377,377,396,165,165,165,195,234,34,68,105,105,105,105,127,0,0,4],"floor_reached":51,"playtime":3696,"items_purged":["Runesmith:Strike_RS","Runesmith:Strike_RS","expansioncontent:PrepareCrush","Madness"],"score":788,"play_id":"8806307b-f79d-4ce2-9c82-ea814e60d42d","local_time":"20210113192903","is_ascension_mode":false,"campfire_choices":[{"floor":8,"key":"REST"},{"floor":11,"key":"REST"},{"data":"Runesmith:LithiumIon","floor":13,"key":"SMITH"},{"data":"Delirium","floor":15,"key":"PURGE"},{"data":"Runesmith:Firestorm","floor":23,"key":"SMITH"},{"data":"Runesmith:OneForEveryone","floor":27,"key":"SMITH"},{"data":"Runesmith:LithiumIon","floor":30,"key":"SMITH"},{"floor":44,"key":"REST"},{"floor":46,"key":"REST"},{"floor":49,"key":"REST"}],"circlet_count":0,"master_deck":["Runesmith:Strike_RS","Runesmith:Defend_RS","Runesmith:Defend_RS","Runesmith:Defend_RS","Runesmith:CraftFirestone","Runesmith:Fortify","Runesmith:BackupBattery","Runesmith:CraftIncendium","Runesmith:CraftMagma+1","Runesmith:LithiumIon+1","Runesmith:CraftProtectio","Runesmith:Firestorm+1","Runesmith:RuneHurl","Runesmith:CraftIndustria","Runesmith:LithiumIon+1","Runesmith:OneForEveryone+1","Runesmith:Empowerment+1","Runesmith:MetallurgicalResearch","Doubt","Runesmith:FissionHammer","infinitespire:Execution","construct:DefenseMode","Runesmith:Permafrost","Madness","Runesmith:CraftObretio+1"],"relics":["Runesmith:BrokenRuby","InkBottle","StuffTheSpire:ForceGauntlet","Ring of Peace","Ring of Hypnosis","construct:WeddingRing","hubris:Icosahedron","jedi:cryingmask","Replay:Bandana","Mummified Hand","ReplayTheSpireMod:SealedPack","infinitespire:Broken Mirror","infinitespire:Joker Card","hubris:Towel","Red Mask"],"acts_visited":["Exordium","TheCity","TheBeyond"],"potions_floor_usage":[35,39,40,42,50],"damage_taken":[{"damage":17,"enemies":"2 Louse","floor":1,"turns":4},{"damage":11,"enemies":"infinitespire:Voidling","floor":3,"turns":4},{"damage":1,"enemies":"Small Slimes","floor":4,"turns":4},{"damage":2,"enemies":"Lagavulin","floor":6,"turns":7},{"damage":15,"enemies":"3 Louse","floor":7,"turns":4},{"damage":6,"enemies":"Looter","floor":10,"turns":4},{"damage":4,"enemies":"Hexaghost","floor":16,"turns":8},{"damage":4,"enemies":"3 Byrds","floor":18,"turns":2},{"damage":0,"enemies":"Spheric Guardian","floor":20,"turns":4},{"damage":0,"enemies":"Shelled Parasite and Fungi","floor":22,"turns":5},{"damage":4,"enemies":"HollowMod:Nosk","floor":25,"turns":7},{"damage":0,"enemies":"conspire:Head Lice","floor":28,"turns":7},{"damage":6,"enemies":"Snake Plant","floor":29,"turns":4},{"damage":12,"enemies":"Snecko","floor":31,"turns":6},{"damage":0,"enemies":"Champ","floor":33,"turns":9},{"damage":2,"enemies":"Orb Walker","floor":35,"turns":5},{"damage":27,"enemies":"3 Shapes","floor":39,"turns":6},{"damage":30,"enemies":"beaked:SuperParasite","floor":40,"turns":7},{"damage":0,"enemies":"Sphere and 2 Shapes","floor":42,"turns":5},{"damage":0,"enemies":"Spire Growth","floor":43,"turns":9},{"damage":0,"enemies":"Spire Growth","floor":47,"turns":5},{"damage":0,"enemies":"Awakened One","floor":50,"turns":9}],"seed_played":"2975677466910190867","potions_obtained":[{"floor":1,"key":"SteroidPotion"},{"floor":7,"key":"Block Potion"},{"floor":22,"key":"BlessingOfTheForge"},{"floor":35,"key":"Block Potion"},{"floor":39,"key":"ColorlessPotion"},{"floor":40,"key":"DistilledChaos"}],"is_trial":false,"path_per_floor":["M","?","M","M","$","E","M","R","T","M","R","?","R","?","R","B",null,"M","?","M","?","M","R","?","E","T","R","E","M","R","M","R","B",null,"M","$","?","?","M","E","$","M","MIM","R","?","R","M","?","R","B",null],"character_chosen":"RUNESMITH_CLASS","items_purchased":["Runesmith:CraftProtectio","Runesmith:Firestorm","Runesmith:Permafrost"],"campfire_rested":5,"item_purchase_floors":[5,5,36],"current_hp_per_floor":[53,53,42,41,41,39,24,45,45,39,60,60,60,60,60,56,70,66,66,66,53,53,53,53,49,49,49,49,43,43,31,53,53,75,73,73,64,64,37,7,7,7,7,29,29,51,51,51,73,73],"gold":4,"neow_bonus":"THREE_CARDS","is_daily":false,"chose_seed":false,"campfire_upgraded":4,"win_rate":0.0,"timestamp":1610562543,"path_taken":["M","?","M","?","$","E","M","R","T","M","R","?","R","?","R","BOSS","M","?","M","?","M","R","?","E","T","R","E","M","R","?","R","BOSS","M","$","?","?","?","E","$","M","MIM","R","?","R","M","?","R","BOSS"],"items_purchased_type":["Card","Card","Card"],"build_version":"2020-12-22","purchased_purges":4,"victory":true,"max_hp_per_floor":[70,70,70,70,70,70,70,70,70,70,70,70,70,70,70,70,70,70,70,70,75,75,75,75,75,75,75,75,75,75,75,75,75,75,75,75,75,75,75,75,75,75,75,75,75,75,75,75,75,75],"card_choices":[{"not_picked":["Runesmith:HammerThrow","Runesmith:ShiftingStrike"],"picked":"Runesmith:BackupBattery","floor":0},{"not_picked":["Runesmith:HeatedChisel","Runesmith:RuneHurl"],"picked":"Runesmith:CraftIncendium","floor":1},{"not_picked":["Runesmith:HeatExchange","Runesmith:RunicBlueprint"],"picked":"Runesmith:CraftMagma","floor":3},{"not_picked":["Runesmith:CraftProtectio","Runesmith:GoWithTheFlow"],"picked":"Runesmith:LithiumIon","floor":4},{"not_picked":["Runesmith:HeatedChisel","Runesmith:MakeshiftArmor","Runesmith:Grindstone"],"picked":"SKIP","floor":6},{"not_picked":["Runesmith:CraftIncendium","Runesmith:Malloc"],"picked":"Runesmith:RuneHurl","floor":7},{"not_picked":["Runesmith:Discharge","Runesmith:HeatExchange","Runesmith:CraftMagma"],"picked":"SKIP","floor":10},{"not_picked":["Runesmith:UnlimitedPower","Runesmith:Duplicate"],"picked":"Runesmith:CraftIndustria","floor":16},{"not_picked":["Runesmith:CraftMagma","Runesmith:UnstableHammer","Runesmith:CraftProtectio"],"picked":"SKIP","floor":18},{"not_picked":["Runesmith:CraftObretio+1","Runesmith:EnergizedChisel"],"picked":"Runesmith:LithiumIon","floor":20},{"not_picked":["Runesmith:ChiselStab","Runesmith:EarthShield","Runesmith:Discharge"],"picked":"SKIP","floor":22},{"not_picked":["Runesmith:WhiteBalance+1","Runesmith:StaticCage"],"picked":"Runesmith:OneForEveryone","floor":25},{"not_picked":["Runesmith:Accelerate","Runesmith:NanitesCloud"],"picked":"Runesmith:Empowerment+1","floor":28},{"not_picked":["Runesmith:ChiselStab","Runesmith:OneForEveryone","Runesmith:Repurpose+1"],"picked":"SKIP","floor":29},{"not_picked":["Runesmith:HeatedChisel+1","Runesmith:HammerThrow+1","Runesmith:CraftProtectio+1"],"picked":"SKIP","floor":31},{"not_picked":["Runesmith:CraftPrismatica","Runesmith:GenerateForcefield"],"picked":"Runesmith:MetallurgicalResearch","floor":33},{"not_picked":["Runesmith:ArcReactor","Runesmith:Supernova"],"picked":"Runesmith:FissionHammer","floor":34},{"not_picked":["expansioncontent:SlimeTackle","Survey Options"],"picked":"expansioncontent:PrepareCrush","floor":34},{"not_picked":["hubris:InfiniteBlow","infinitespire:FutureSight"],"picked":"infinitespire:Execution","floor":34},{"not_picked":["TheCursedMod:CursedWand","stsjorbsmod:SpiritShield_Cull"],"picked":"construct:DefenseMode","floor":34},{"not_picked":["Runesmith:Discharge","Runesmith:Accelerate","Runesmith:Malloc"],"picked":"SKIP","floor":35},{"not_picked":["Runesmith:ShiftingStrike+1","Runesmith:CraftMagma","Runesmith:DoubleUp+1"],"picked":"SKIP","floor":39},{"not_picked":["Runesmith:Overpower","Runesmith:ShiftingStrike","Runesmith:RuneHurl"],"picked":"SKIP","floor":40},{"not_picked":["Runesmith:Refine","Runesmith:HeatedChisel+1","Runesmith:FrozenChisel+1"],"picked":"SKIP","floor":42},{"not_picked":["Runesmith:RuneHurl","Runesmith:PoweredAnvil"],"picked":"Runesmith:CraftObretio+1","floor":47}],"player_experience":15691,"relics_obtained":[{"floor":6,"key":"InkBottle"},{"floor":9,"key":"StuffTheSpire:ForceGauntlet"},{"floor":14,"key":"Ring of Peace"},{"floor":14,"key":"Ring of Hypnosis"},{"floor":25,"key":"jedi:cryingmask"},{"floor":26,"key":"Replay:Bandana"},{"floor":28,"key":"Mummified Hand"},{"floor":40,"key":"infinitespire:Broken Mirror"},{"floor":43,"key":"infinitespire:Joker Card"}],"event_choices":[{"cards_removed":["Runesmith:Defend_RS"],"damage_healed":0,"gold_gain":0,"player_choice":"Card Removal","damage_taken":0,"max_hp_gain":0,"max_hp_loss":0,"event_name":"Wheel of Change","floor":2,"gold_loss":0},{"cards_removed":["Runesmith:Strike_RS"],"damage_healed":0,"gold_gain":0,"player_choice":"Card Removal","damage_taken":0,"max_hp_gain":0,"max_hp_loss":0,"event_name":"The Cleric","floor":12,"gold_loss":50},{"damage_healed":0,"gold_gain":0,"player_choice":"Shed Blood","damage_taken":18,"max_hp_gain":5,"max_hp_loss":0,"event_name":"Forgotten Altar","floor":21,"gold_loss":0},{"damage_healed":0,"gold_gain":0,"player_choice":"Embrace Madness","damage_taken":9,"max_hp_gain":0,"max_hp_loss":0,"event_name":"Winding Halls","floor":37,"gold_loss":0,"cards_obtained":["Madness","Madness"]},{"damage_healed":0,"gold_gain":0,"player_choice":"Memory 1","damage_taken":0,"max_hp_gain":0,"max_hp_loss":0,"event_name":"SensoryStone","floor":38,"gold_loss":0},{"damage_healed":0,"gold_gain":0,"player_choice":"Paid","damage_taken":0,"relics_obtained":["Red Mask"],"max_hp_gain":0,"max_hp_loss":0,"event_name":"Tomb of Lord Red Mask","floor":48,"gold_loss":127}],"is_beta":false,"boss_relics":[{"not_picked":["Tiny House","halation:HeavySnake"],"picked":"construct:WeddingRing"},{"not_picked":["CCEMRelics:TransientCore","halation:LoveArrow"],"picked":"ReplayTheSpireMod:SealedPack"}],"items_purged_floors":[36,36,41,41],"is_endless":false,"potions_floor_spawned":[1,7,22,28,29,35,39,40],"ascension_level":0}}