{"host":"puf131q5awx2h4uh","time":1610532976,"event":{"mods":["BaseMod","Minty Spire (QoL Compilation)","Quick Restart","Shop Mod","StSLib"],"gold_per_floor":[113,125,75,34,34,34,51,51,51,66,66,80,114,132,132,206,256,276,276,276,375,157,157,157,157,157,157,167,167,21,36,36,113,113,128,139,139,64,79,105,105,105,181,181,25,45,45,59,59,59,59],"floor_reached":50,"language":"ZHS","playtime":1127,"items_purged":["Strike_G"],"score":838,"play_id":"15da131a-95d1-4b17-81ed-f8ea2d60d0e8","local_time":"20210113181616","is_ascension_mode":true,"campfire_choices":[{"data":"Bouncing Flask","floor":6.0,"key":"SMITH"},{"data":"Deadly Poison","floor":8.0,"key":"SMITH"},{"data":"Dagger Spray","floor":11.0,"key":"SMITH"},{"data":"Neutralize","floor":15.0,"key":"SMITH"},{"data":"Catalyst","floor":23.0,"key":"SMITH"},{"data":"Noxious Fumes","floor":25.0,"key":"SMITH"},{"data":"Noxious Fumes","floor":27.0,"key":"SMITH"},{"data":"Corpse Explosion","floor":29.0,"key":"SMITH"},{"data":"Footwork","floor":32.0,"key":"SMITH"},{"data":"Concentrate","floor":41.0,"key":"SMITH"},{"floor":44.0,"key":"RECALL"},{"floor":49.0,"key":"REST"}],"circlet_count":0,"master_deck":["AscendersBane","Strike_G","Defend_G","Defend_G+1","Defend_G","Defend_G","Defend_G","Survivor","Neutralize+1","Deadly Poison+1","Bouncing Flask+1","Dagger Spray+1","Corpse Explosion+1","Noxious Fumes+1","Noxious Fumes+1","Slice","Catalyst+1","Footwork+1","Concentrate+1","Acrobatics+1","Setup+1","Burst"],"relics":["Ring of the Snake","NeowsBlessing","Pear","Toy Ornithopter","Tiny House","Tough Bandages","Orrery","Lantern","Runic Pyramid","Paper Crane","Frozen Egg 2"],"acts_visited":["Exordium","TheCity","TheBeyond"],"potions_floor_usage":[],"damage_taken":[{"damage":0.0,"enemies":"Cultist","floor":1.0,"turns":1.0},{"damage":0.0,"enemies":"Jaw Worm","floor":2.0,"turns":1.0},{"damage":0.0,"enemies":"Small Slimes","floor":7.0,"turns":1.0},{"damage":2.0,"enemies":"2 Fungi Beasts","floor":10.0,"turns":5.0},{"damage":8.0,"enemies":"Blue Slaver","floor":12.0,"turns":3.0},{"damage":22.0,"enemies":"Lagavulin","floor":13.0,"turns":5.0},{"damage":0.0,"enemies":"3 Louse","floor":14.0,"turns":1.0},{"damage":4.0,"enemies":"The Guardian","floor":16.0,"turns":8.0},{"damage":0.0,"enemies":"3 Byrds","floor":18.0,"turns":2.0},{"damage":4.0,"enemies":"Shell Parasite","floor":28.0,"turns":2.0},{"damage":0.0,"enemies":"3 Cultists","floor":31.0,"turns":2.0},{"damage":71.0,"enemies":"Automaton","floor":33.0,"turns":10.0},{"damage":0.0,"enemies":"3 Shapes","floor":35.0,"turns":3.0},{"damage":7.0,"enemies":"Orb Walker","floor":36.0,"turns":4.0},{"damage":20.0,"enemies":"3 Darklings","floor":39.0,"turns":3.0},{"damage":40.0,"enemies":"Reptomancer","floor":40.0,"turns":7.0},{"damage":15.0,"enemies":"Spire Growth","floor":46.0,"turns":3.0},{"damage":0.0,"enemies":"Maw","floor":48.0,"turns":4.0},{"damage":36,"enemies":"Donu and Deca","floor":50,"turns":5}],"seed_played":"-9149817831955549576","potions_obtained":[{"floor":2.0,"key":"Poison Potion"},{"floor":10.0,"key":"DuplicationPotion"},{"floor":16.0,"key":"Energy Potion"},{"floor":28.0,"key":"Fire Potion"},{"floor":36.0,"key":"BlessingOfTheForge"},{"floor":39.0,"key":"Poison Potion"},{"floor":40.0,"key":"Poison Potion"},{"floor":48.0,"key":"Strength Potion"}],"is_trial":false,"path_per_floor":["M","M","?","$","?","R","M","R","T","M","R","M","E","M","R","B",null,"M","?","?","?","$","R","?","R","T","R","M","R","$","M","R","B",null,"M","M","?","$","M","E","R","?","T","R","$","M","?","M","R","B"],"character_chosen":"THE_SILENT","items_purchased":["Bouncing Flask","Orrery","Lantern","Concentrate","Burst"],"campfire_rested":1,"item_purchase_floors":[4,22,30,38,45],"current_hp_per_floor":[63,63,63,63,68,68,68,68,78,76,76,68,46,51,51,47,81,86,86,86,86,86,86,86,86,86,86,86,86,86,90,90,19,72,72,65,65,65,50,15,15,15,15,15,15,5,5,5,32,0,0],"gold":59,"neow_bonus":"THREE_ENEMY_KILL","is_daily":false,"chose_seed":false,"campfire_upgraded":10,"win_rate":0.0,"timestamp":1610532976,"path_taken":["M","?","?","$","?","R","M","R","T","M","R","M","E","M","R","BOSS","M","?","?","?","$","R","?","R","T","R","M","R","$","M","R","BOSS","M","M","?","$","M","E","R","?","T","R","?","M","?","M","R","BOSS"],"items_purchased_type":["Card","Relic","Relic","Card","Card"],"build_version":"2020-12-22","purchased_purges":1,"victory":false,"max_hp_per_floor":[70,70,70,70,75,75,75,75,85,85,85,85,85,85,85,85,90,90,90,90,90,90,90,90,90,90,90,90,90,90,90,90,90,90,90,90,90,90,90,90,90,90,90,90,90,90,90,90,90,90,90],"card_choices":[{"not_picked":["Dagger Spray","Cloak And Dagger"],"picked":"Deadly Poison","floor":1.0},{"not_picked":["Caltrops","Blade Dance","Terror"],"picked":"SKIP","floor":2.0},{"not_picked":["Deflect","Dodge and Roll","Slice"],"picked":"SKIP","floor":7.0},{"not_picked":["Concentrate","Slice"],"picked":"Dagger Spray","floor":10.0},{"not_picked":["Flying Knee","Cloak And Dagger"],"picked":"Corpse Explosion","floor":12.0},{"not_picked":["Slice","Prepared"],"picked":"Noxious Fumes","floor":13.0},{"not_picked":["Blade Dance","Cloak And Dagger","Dodge and Roll"],"picked":"SKIP","floor":14.0},{"not_picked":["Deflect","Terror","Finisher+1"],"picked":"SKIP","floor":18.0},{"not_picked":["Acrobatics","Deadly Poison+1"],"picked":"Catalyst","floor":22.0},{"not_picked":["Sucker Punch","Accuracy","Flying Knee"],"picked":"SKIP","floor":28.0},{"not_picked":["Outmaneuver","Venomology"],"picked":"Footwork","floor":31.0},{"not_picked":["Deadly Poison","Dodge and Roll","Dagger Spray"],"picked":"SKIP","floor":35.0},{"not_picked":["Poisoned Stab","Heel Hook","All Out Attack+1"],"picked":"SKIP","floor":36.0},{"not_picked":["Dagger Throw","Deadly Poison+1"],"picked":"Acrobatics+1","floor":39.0},{"not_picked":["Finisher+1","Dodge and Roll"],"picked":"Setup+1","floor":40.0},{"not_picked":["Dagger Throw","Setup","Poisoned Stab+1"],"picked":"SKIP","floor":46.0},{"not_picked":["Endless Agony+1","Dodge and Roll","Poisoned Stab"],"picked":"SKIP","floor":48.0}],"player_experience":312663,"relics_obtained":[{"floor":9.0,"key":"Pear"},{"floor":13.0,"key":"Toy Ornithopter"},{"floor":40.0,"key":"Paper Crane"},{"floor":43.0,"key":"Frozen Egg 2"}],"event_choices":[{"cards_removed":["Strike_G"],"damage_healed":0.0,"max_hp_gain":0.0,"max_hp_loss":0.0,"gold_gain":0.0,"event_name":"The Cleric","player_choice":"Card Removal","floor":3.0,"gold_loss":50.0,"damage_taken":0.0},{"damage_healed":0.0,"max_hp_gain":5.0,"max_hp_loss":0.0,"gold_gain":0.0,"event_name":"Big Fish","player_choice":"Donut","floor":5.0,"gold_loss":0.0,"damage_taken":0.0},{"damage_healed":0.0,"max_hp_gain":0.0,"max_hp_loss":0.0,"gold_gain":0.0,"event_name":"The Mausoleum","player_choice":"Opened","floor":19.0,"gold_loss":0.0,"damage_taken":0.0,"relics_obtained":["Tough Bandages"]},{"damage_healed":0.0,"max_hp_gain":0.0,"max_hp_loss":0.0,"gold_gain":0.0,"cards_transformed":["Strike_G","Strike_G"],"event_name":"Drug Dealer","player_choice":"Became Test Subject","floor":20.0,"gold_loss":0.0,"damage_taken":0.0,"cards_obtained":["Noxious Fumes","Slice"]},{"damage_healed":0.0,"max_hp_gain":0.0,"max_hp_loss":0.0,"gold_gain":99.0,"event_name":"Nest","player_choice":"Stole From Cult","floor":21.0,"gold_loss":0.0,"damage_taken":0.0},{"damage_healed":0.0,"max_hp_gain":0.0,"max_hp_loss":0.0,"gold_gain":0.0,"event_name":"Cursed Tome","player_choice":"Ignored","floor":24.0,"gold_loss":0.0,"damage_taken":0.0},{"damage_healed":0.0,"max_hp_gain":0.0,"max_hp_loss":0.0,"gold_gain":0.0,"event_name":"Tomb of Lord Red Mask","player_choice":"Ignored","floor":37.0,"gold_loss":0.0,"damage_taken":0.0},{"damage_healed":0.0,"max_hp_gain":0.0,"max_hp_loss":0.0,"gold_gain":0.0,"event_name":"Mysterious Sphere","player_choice":"Ignored","floor":42.0,"gold_loss":0.0,"damage_taken":0.0},{"damage_healed":0.0,"max_hp_gain":0.0,"max_hp_loss":0.0,"gold_gain":0.0,"event_name":"SensoryStone","player_choice":"Memory 1","floor":47.0,"gold_loss":0.0,"damage_taken":0.0}],"is_beta":false,"boss_relics":[{"not_picked":["Fusion Hammer","Pandora\u0027s Box"],"picked":"Tiny House"},{"not_picked":["Empty Cage","Ring of the Serpent"],"picked":"Runic Pyramid"}],"items_purged_floors":[22],"is_endless":false,"potions_floor_spawned":[2,10,13,16,28,36,39,40,48],"killed_by":"Donu and Deca","ascension_level":13}}