{"host":"f5gffvlv6a66yqkd","time":1610517712,"event":{"mods":["100% Spire Juice","2.2 Compatiblity","Alarm Clock","BaseMod","Colored Map","Custom Start","DeckTracker","Keyboard Shortcuts","Minty Spire (QoL Compilation)","Permanent Neow","Quick Restart","Relic Stats","StSLib","SuperFastMode"],"gold_per_floor":[422,449,461,484,510,556,568,645,657,669,681,705,729,760,772,889,901,926,1037,1049,15,31,31,76,102,102,102,40,140,159,184,184,282,282,294,311,323,334,352,352,365,381,408,435,435,44,55,71,71,71],"floor_reached":51,"language":"KOR","playtime":1451,"items_purged":[],"score":1196,"play_id":"3c875a28-1856-4a5d-861b-9ab48da00caf","local_time":"20210113150152","is_ascension_mode":false,"campfire_choices":[{"floor":7,"key":"DIG"},{"floor":10,"key":"DIG"},{"floor":15,"key":"DIG"},{"floor":23,"key":"DIG"},{"floor":27,"key":"DIG"},{"floor":32,"key":"DIG"},{"floor":40,"key":"DIG"},{"floor":45,"key":"DIG"},{"floor":49,"key":"DIG"}],"circlet_count":15,"master_deck":["Master of Strategy","Master of Strategy","Master of Strategy","LiveForever","LiveForever","LiveForever","LiveForever","LiveForever","Scrawl+1","Scrawl+1","Footwork","Footwork","Adrenaline","Adrenaline","Adrenaline+1","Adrenaline","Adrenaline","Body Slam+1","Second Wind","Shrug It Off","Second Wind","Power Through","Seeing Red","Entrench","Evolve","Impervious+1","Feel No Pain","Barricade","Creative AI","Uppercut+1","Ghostly+1","Ghostly+1","Ghostly+1","Ghostly+1","Ghostly+1","Madness+1","Madness+1","Blind+1","Transmutation+1","Purity+1"],"relics":["Black Blood","Bag of Preparation","Toxic Egg 2","Medical Kit","Old Coin","Gambling Chip","Lizard Tail","Anchor","Molten Egg 2","Mummified Hand","Omamori","TheAbacus","Sundial","Pen Nib","Letter Opener","Peace Pipe","Happy Flower","TungstenRod","ClockworkSouvenir","FossilizedHelix","Calipers","Frozen Eye","Frozen Egg 2","MealTicket","OrangePellets","Eternal Feather","Membership Card","Smiling Mask","Magic Flower","The Courier","Ginger","Turnip","Girya","Prayer Wheel","Question Card","HornCleat","CaptainsWheel","Singing Bowl","Gremlin Horn","Bag of Marbles","TwistedFunnel","Akabeko","Ice Cream","MawBank","Thread and Needle","InkBottle","CloakClasp","Du-Vu Doll","Ornamental Fan","Toy Ornithopter","Boot","Chemical X","Bronze Scales","Pantograph","Potion Belt","Shuriken","Nuclear Battery","Incense Burner","Regal Pillow","Shovel","Ring of the Snake","Bird Faced Urn","StoneCalendar","SacredBark","WristBlade","Kunai","Mercury Hourglass","PureWater","Nunchaku","Dream Catcher","Oddly Smooth Stone","Unceasing Top","CeramicFish","Torii","White Beast Statue","HandDrill","Blood Vial","Self Forming Clay","Yang","Cables","Toolbox","PreservedInsect","Vajra","SlaversCollar","GoldenEye","Melange","Darkstone Periapt","Pocketwatch","Sling","Orichalcum","Art of War","Centennial Puzzle","Meat on the Bone","Ancient Tea Set","Black Star","Cauldron","Lantern","Champion Belt","Tiny Chest","Matryoshka","Pear","Bottled Lightning","Strawberry","Charon\u0027s Ashes","Blue Candle","Red Skull","Paper Frog","Bottled Flame","War Paint","Whetstone","Bottled Tornado","StrikeDummy","Dead Branch","WingedGreaves","Mango","Circlet","Juzu Bracelet","Orrery","Snecko Eye","Strange Spoon"],"acts_visited":["Exordium","TheCity","TheBeyond"],"potions_floor_usage":[],"damage_taken":[{"damage":0,"enemies":"Jaw Worm","floor":1,"turns":1},{"damage":0,"enemies":"Small Slimes","floor":2,"turns":1},{"damage":0,"enemies":"2 Louse","floor":4,"turns":1},{"damage":0,"enemies":"Blue Slaver","floor":5,"turns":1},{"damage":0,"enemies":"3 Sentries","floor":6,"turns":1},{"damage":0,"enemies":"Gremlin Nob","floor":8,"turns":1},{"damage":0,"enemies":"Lots of Slimes","floor":12,"turns":1},{"damage":0,"enemies":"Large Slime","floor":13,"turns":1},{"damage":0,"enemies":"Looter","floor":14,"turns":1},{"damage":0,"enemies":"Slime Boss","floor":16,"turns":1},{"damage":0,"enemies":"3 Byrds","floor":18,"turns":1},{"damage":0,"enemies":"Spheric Guardian","floor":22,"turns":1},{"damage":0,"enemies":"Book of Stabbing","floor":25,"turns":1},{"damage":0,"enemies":"Colosseum Slavers","floor":29,"turns":1},{"damage":0,"enemies":"Colosseum Nobs","floor":29,"turns":1},{"damage":0,"enemies":"Snecko","floor":30,"turns":1},{"damage":0,"enemies":"Collector","floor":33,"turns":2},{"damage":0,"enemies":"Orb Walker","floor":35,"turns":1},{"damage":0,"enemies":"3 Shapes","floor":36,"turns":1},{"damage":0,"enemies":"Maw","floor":37,"turns":2},{"damage":0,"enemies":"Jaw Worm Horde","floor":38,"turns":1},{"damage":0,"enemies":"Writhing Mass","floor":41,"turns":1},{"damage":0,"enemies":"Transient","floor":42,"turns":2},{"damage":0,"enemies":"Spire Growth","floor":47,"turns":1},{"damage":0,"enemies":"Maw","floor":48,"turns":1},{"damage":0,"enemies":"Awakened One","floor":50,"turns":4}],"seed_played":"-8112277884946096701","potions_obtained":[{"floor":0,"key":"AttackPotion"},{"floor":0,"key":"SteroidPotion"},{"floor":0,"key":"AttackPotion"},{"floor":0,"key":"Dexterity Potion"},{"floor":0,"key":"Swift Potion"},{"floor":35,"key":"EntropicBrew"}],"is_trial":true,"path_per_floor":["M","M","?","M","M","E","R","?","T","R","?","M","M","M","R","B",null,"M","?","T","$","M","R","?","E","T","R","$","?","M","T","R","B",null,"M","M","M","M","?","R","M","M","T","?","R","$","M","M","R","B",null],"character_chosen":"IRONCLAD","items_purchased":["Uppercut+1","Bottled Flame","War Paint","Whetstone","Bottled Tornado","StrikeDummy","Dead Branch","WingedGreaves","Mango","Circlet","Juzu Bracelet","Orrery","Strange Spoon","Circlet","Circlet"],"campfire_rested":0,"item_purchase_floors":[21,21,21,21,21,21,21,21,21,21,21,28,46,46,46],"current_hp_per_floor":[84,88,82,92,96,98,98,100,110,117,117,121,125,129,129,131,131,135,135,135,149,153,153,76,78,78,78,88,90,94,94,94,96,96,100,104,108,112,99,112,116,120,120,111,120,120,124,128,128,128],"gold":71,"neow_bonus":"","is_daily":false,"chose_seed":false,"campfire_upgraded":0,"win_rate":0.0,"timestamp":1610517712,"path_taken":["M","M","?","M","M","E","R","?","T","R","?","M","M","M","R","BOSS","M","?","?","?","M","R","?","E","T","R","$","?","M","?","R","BOSS","M","M","M","M","?","R","M","M","T","?","R","$","M","M","R","BOSS"],"items_purchased_type":["Card","Relic","Relic","Relic","Relic","Relic","Relic","Relic","Relic","Undefined","Relic","Relic","Relic","Undefined","Undefined"],"build_version":"2020-12-22","purchased_purges":0,"victory":true,"max_hp_per_floor":[84,88,88,92,96,98,98,100,110,117,117,121,125,129,129,131,131,135,135,135,149,153,153,76,78,78,78,88,90,94,94,94,96,96,100,104,108,112,112,112,116,120,120,120,120,120,124,128,128,128],"relic_stats":{"Gremlin Horn":[11,13],"CeramicFish":99,"Ginger":[3],"Whetstone":[],"Boot":[0],"Blood Vial":3,"Lizard Tail":0,"Centennial Puzzle":[0],"Sundial":[4],"MealTicket":0,"Prayer Wheel":18,"HandDrill":[12],"Kunai":[11],"Happy Flower":[10],"counters":[26,32],"Blue Candle":[0],"Dead Branch":[188],"Eternal Feather":22,"Pen Nib":[6],"Charon\u0027s Ashes":[771],"Letter Opener":[483],"War Paint":["Impervious","Adrenaline"],"Question Card":51,"Cables":[32,0,0,0,32],"OrangePellets":[18],"Shuriken":[11],"Bronze Scales":[9],"Bird Faced Urn":[3],"Snecko Eye":[29,33,29,21],"Black Star":2,"obtain_stats":[{"TwistedFunnel":0,"Ginger":0,"Whetstone":21,"Bottled Tornado":21,"Boot":0,"Sling":0,"Old Coin":0,"Blood Vial":0,"Sundial":0,"MealTicket":0,"HandDrill":0,"Kunai":0,"Pear":9,"Blue Candle":15,"Eternal Feather":0,"Pen Nib":0,"Akabeko":0,"Cables":0,"SlaversCollar":0,"Bird Faced Urn":0,"Snecko Eye":34,"StrikeDummy":21,"Unceasing Top":0,"Regal Pillow":0,"Lantern":6,"Singing Bowl":0,"Torii":0,"Magic Flower":0,"StoneCalendar":0,"Bag of Preparation":0,"Smiling Mask":0,"Ancient Tea Set":0,"Burning Blood":0,"Shovel":0,"Matryoshka":8,"WristBlade":0,"Toolbox":0,"WingedGreaves":21,"Chemical X":0,"InkBottle":0,"Ring of the Snake":0,"Paper Frog":20,"Potion Belt":0,"Self Forming Clay":0,"Circlet":21,"Thread and Needle":0,"The Courier":0,"PreservedInsect":0,"Omamori":0,"Frozen Egg 2":0,"MawBank":0,"GoldenEye":0,"Nuclear Battery":0,"Ornamental Fan":0,"Orrery":28,"Turnip":0,"Art of War":0,"Champion Belt":6,"Bottled Lightning":9,"Toy Ornithopter":0,"Ice Cream":0,"Calipers":0,"Gremlin Horn":0,"CeramicFish":0,"Vajra":0,"Lizard Tail":0,"Centennial Puzzle":0,"HornCleat":0,"Strawberry":10,"Prayer Wheel":0,"Toxic Egg 2":0,"Girya":0,"Happy Flower":0,"Dead Branch":21,"Oddly Smooth Stone":0,"Charon\u0027s Ashes":11,"Letter Opener":0,"War Paint":21,"Question Card":0,"Du-Vu Doll":0,"OrangePellets":0,"Bottled Flame":21,"Shuriken":0,"Bronze Scales":0,"Molten Egg 2":0,"Black Star":0,"Pocketwatch":0,"Meat on the Bone":0,"Darkstone Periapt":0,"SacredBark":0,"Melange":0,"Black Blood":17,"Yang":0,"Mango":21,"CloakClasp":0,"Incense Burner":0,"Juzu Bracelet":21,"ClockworkSouvenir":0,"Frozen Eye":0,"Nunchaku":0,"Dream Catcher":0,"TheAbacus":0,"Mummified Hand":0,"Gambling Chip":0,"Pantograph":0,"Tiny Chest":7,"Red Skull":20,"Orichalcum":0,"Medical Kit":0,"White Beast Statue":0,"Mercury Hourglass":0,"Peace Pipe":0,"Cauldron":0,"Strange Spoon":46,"Anchor":0,"CaptainsWheel":0,"Bag of Marbles":0,"Membership Card":0,"PureWater":0,"TungstenRod":0,"FossilizedHelix":0},{"TwistedFunnel":0,"Ginger":0,"Whetstone":11,"Bottled Tornado":11,"Boot":0,"Sling":0,"Old Coin":0,"Blood Vial":0,"Sundial":0,"MealTicket":0,"HandDrill":0,"Kunai":0,"Pear":6,"Blue Candle":9,"Eternal Feather":0,"Pen Nib":0,"Akabeko":0,"Cables":0,"SlaversCollar":0,"Bird Faced Urn":0,"Snecko Eye":17,"StrikeDummy":11,"Unceasing Top":0,"Regal Pillow":0,"Lantern":5,"Singing Bowl":0,"Torii":0,"Magic Flower":0,"StoneCalendar":0,"Bag of Preparation":0,"Smiling Mask":0,"Ancient Tea Set":0,"Burning Blood":0,"Shovel":0,"Matryoshka":5,"WristBlade":0,"Toolbox":0,"WingedGreaves":11,"Chemical X":0,"InkBottle":0,"Ring of the Snake":0,"Paper Frog":11,"Potion Belt":0,"Self Forming Clay":0,"Circlet":11,"Thread and Needle":0,"The Courier":0,"PreservedInsect":0,"Omamori":0,"Frozen Egg 2":0,"MawBank":0,"GoldenEye":0,"Nuclear Battery":0,"Ornamental Fan":0,"Orrery":13,"Turnip":0,"Art of War":0,"Champion Belt":5,"Bottled Lightning":6,"Toy Ornithopter":0,"Ice Cream":0,"Calipers":0,"Gremlin Horn":0,"CeramicFish":0,"Vajra":0,"Lizard Tail":0,"Centennial Puzzle":0,"HornCleat":0,"Strawberry":6,"Prayer Wheel":0,"Toxic Egg 2":0,"Girya":0,"Happy Flower":0,"Dead Branch":11,"Oddly Smooth Stone":0,"Charon\u0027s Ashes":6,"Letter Opener":0,"War Paint":11,"Question Card":0,"Du-Vu Doll":0,"OrangePellets":0,"Bottled Flame":11,"Shuriken":0,"Bronze Scales":0,"Molten Egg 2":0,"Black Star":0,"Pocketwatch":0,"Meat on the Bone":0,"Darkstone Periapt":0,"SacredBark":0,"Melange":0,"Black Blood":10,"Yang":0,"Mango":11,"CloakClasp":0,"Incense Burner":0,"Juzu Bracelet":11,"ClockworkSouvenir":0,"Frozen Eye":0,"Nunchaku":0,"Dream Catcher":0,"TheAbacus":0,"Mummified Hand":0,"Gambling Chip":0,"Pantograph":0,"Tiny Chest":5,"Red Skull":11,"Orichalcum":0,"Medical Kit":0,"White Beast Statue":0,"Mercury Hourglass":0,"Peace Pipe":0,"Cauldron":0,"Strange Spoon":23,"Anchor":0,"CaptainsWheel":0,"Bag of Marbles":0,"Membership Card":0,"PureWater":0,"TungstenRod":0,"FossilizedHelix":0},{"TwistedFunnel":0,"Ginger":0,"Whetstone":11,"Bottled Tornado":11,"Boot":0,"Sling":0,"Old Coin":0,"Blood Vial":0,"Sundial":0,"MealTicket":0,"HandDrill":0,"Kunai":0,"Pear":6,"Blue Candle":9,"Eternal Feather":0,"Pen Nib":0,"Akabeko":0,"Cables":0,"SlaversCollar":0,"Bird Faced Urn":0,"Snecko Eye":18,"StrikeDummy":11,"Unceasing Top":0,"Regal Pillow":0,"Lantern":5,"Singing Bowl":0,"Torii":0,"Magic Flower":0,"StoneCalendar":0,"Bag of Preparation":0,"Smiling Mask":0,"Ancient Tea Set":0,"Burning Blood":0,"Shovel":0,"Matryoshka":5,"WristBlade":0,"Toolbox":0,"WingedGreaves":11,"Chemical X":0,"InkBottle":0,"Ring of the Snake":0,"Paper Frog":11,"Potion Belt":0,"Self Forming Clay":0,"Circlet":11,"Thread and Needle":0,"The Courier":0,"PreservedInsect":0,"Omamori":0,"Frozen Egg 2":0,"MawBank":0,"GoldenEye":0,"Nuclear Battery":0,"Ornamental Fan":0,"Orrery":13,"Turnip":0,"Art of War":0,"Champion Belt":5,"Bottled Lightning":6,"Toy Ornithopter":0,"Ice Cream":0,"Calipers":0,"Gremlin Horn":0,"CeramicFish":0,"Vajra":0,"Lizard Tail":0,"Centennial Puzzle":0,"HornCleat":0,"Strawberry":6,"Prayer Wheel":0,"Toxic Egg 2":0,"Girya":0,"Happy Flower":0,"Dead Branch":11,"Oddly Smooth Stone":0,"Charon\u0027s Ashes":6,"Letter Opener":0,"War Paint":11,"Question Card":0,"Du-Vu Doll":0,"OrangePellets":0,"Bottled Flame":11,"Shuriken":0,"Bronze Scales":0,"Molten Egg 2":0,"Black Star":0,"Pocketwatch":0,"Meat on the Bone":0,"Darkstone Periapt":0,"SacredBark":0,"Melange":0,"Black Blood":10,"Yang":0,"Mango":11,"CloakClasp":0,"Incense Burner":0,"Juzu Bracelet":11,"ClockworkSouvenir":0,"Frozen Eye":0,"Nunchaku":0,"Dream Catcher":0,"TheAbacus":0,"Mummified Hand":0,"Gambling Chip":0,"Pantograph":0,"Tiny Chest":5,"Red Skull":11,"Orichalcum":0,"Medical Kit":0,"White Beast Statue":0,"Mercury Hourglass":0,"Peace Pipe":0,"Cauldron":0,"Strange Spoon":26,"Anchor":0,"CaptainsWheel":0,"Bag of Marbles":0,"Membership Card":0,"PureWater":0,"TungstenRod":0,"FossilizedHelix":0}],"Unceasing Top":[8],"Pocketwatch":[0],"Meat on the Bone":0,"Darkstone Periapt":0,"Regal Pillow":0,"Singing Bowl":94,"Torii":0,"Black Blood":0,"Magic Flower":[2],"Melange":[13],"StoneCalendar":[0],"Yang":[62],"Bag of Preparation":[43],"CloakClasp":[46],"Juzu Bracelet":1,"Smiling Mask":0,"Nunchaku":[6],"Dream Catcher":0,"TheAbacus":[42],"Shovel":9,"Mummified Hand":[173],"Gambling Chip":[41],"Pantograph":0,"Tiny Chest":2,"Chemical X":[2],"InkBottle":[40],"Ring of the Snake":[17],"Self Forming Clay":[0],"PreservedInsect":128,"Orichalcum":[0],"Medical Kit":[13],"MawBank":252,"GoldenEye":[6],"Mercury Hourglass":[144],"Peace Pipe":0,"Strange Spoon":[30],"Ornamental Fan":[44],"Turnip":[3],"Art of War":[0],"Champion Belt":[49],"TungstenRod":4,"Toy Ornithopter":0},"card_choices":[{"not_picked":["Anger+1","Clothesline+1","Flex+1","Headbutt+1"],"picked":"Singing Bowl","floor":1},{"not_picked":["Clash+1","Ghostly Armor+1","Clothesline+1","Rampage+1"],"picked":"Singing Bowl","floor":1},{"not_picked":["Havoc+1","Immolate+1","Whirlwind+1","Power Through+1"],"picked":"Singing Bowl","floor":2},{"not_picked":["Spot Weakness+1","Burning Pact+1","Sentinel+1","Uppercut+1"],"picked":"Singing Bowl","floor":2},{"not_picked":["Body Slam+1","Spot Weakness+1","Flex+1","Havoc+1"],"picked":"Singing Bowl","floor":4},{"not_picked":["Twin Strike+1","Combust+1","Wild Strike+1","Hemokinesis+1"],"picked":"Singing Bowl","floor":4},{"not_picked":["Heavy Blade+1","Wild Strike+1","Clothesline+1","Cleave+1"],"picked":"Singing Bowl","floor":5},{"not_picked":["Bludgeon+1","Thunderclap+1","Twin Strike+1","Flex+1"],"picked":"Singing Bowl","floor":5},{"not_picked":["Wild Strike+1","Shrug It Off+1","Iron Wave+1","Warcry+1"],"picked":"Singing Bowl","floor":6},{"not_picked":["Anger+1","Rupture+1","Flame Barrier+1","Havoc+1"],"picked":"Singing Bowl","floor":8},{"not_picked":["Fire Breathing+1","Iron Wave+1","Rage+1","Pommel Strike+1"],"picked":"SKIP","floor":12},{"not_picked":["Dropkick+1","Hemokinesis+1","Second Wind+1","Limit Break+1"],"picked":"SKIP","floor":12},{"not_picked":["Fire Breathing+1","Iron Wave+1","Rage+1","Pommel Strike+1"],"picked":"Singing Bowl","floor":12},{"not_picked":["Dropkick+1","Hemokinesis+1","Second Wind+1","Limit Break+1"],"picked":"Singing Bowl","floor":12},{"not_picked":["True Grit+1","Thunderclap+1","Warcry+1","Anger+1"],"picked":"Singing Bowl","floor":13},{"not_picked":["Juggernaut+1","Inflame+1","Heavy Blade+1","Flex+1"],"picked":"Singing Bowl","floor":13},{"not_picked":["Thunderclap+1","Infernal Blade+1","Flex+1","Searing Blow+1"],"picked":"Singing Bowl","floor":14},{"not_picked":["Twin Strike+1","Metallicize+1","Seeing Red+1","Power Through+1"],"picked":"Singing Bowl","floor":14},{"not_picked":["Double Tap+1","Fiend Fire+1","Limit Break+1","Corruption+1"],"picked":"Singing Bowl","floor":16},{"not_picked":["Clothesline+1","Clash+1","Anger+1","Seeing Red+1"],"picked":"Singing Bowl","floor":18},{"not_picked":["Heavy Blade+1","Iron Wave+1","Cleave+1","Whirlwind+1"],"picked":"Singing Bowl","floor":18},{"not_picked":["Burning Pact+1","Inflame+1","Iron Wave+1","Spot Weakness+1"],"picked":"Singing Bowl","floor":22},{"not_picked":["Battle Trance+1","Armaments+1","Intimidate+1","Sentinel+1"],"picked":"Singing Bowl","floor":22},{"not_picked":["True Grit+1","Hemokinesis+1","Rampage+1","Seeing Red+1"],"picked":"Singing Bowl","floor":25},{"not_picked":["Flex+1","Warcry+1","Inflame+1","Second Wind+1"],"picked":"Singing Bowl","floor":28},{"not_picked":["Twin Strike+1","Offering+1","Barricade+1","Wild Strike+1"],"picked":"Singing Bowl","floor":28},{"not_picked":["Armaments+1","Warcry+1","Cleave+1","Evolve+1"],"picked":"Singing Bowl","floor":28},{"not_picked":["Havoc+1","Entrench+1","Cleave+1","Flex+1"],"picked":"Singing Bowl","floor":28},{"not_picked":["Warcry+1","Entrench+1","Fiend Fire+1","Clash+1"],"picked":"Singing Bowl","floor":28},{"not_picked":["Sword Boomerang+1","Headbutt+1","Pommel Strike+1","Uppercut+1"],"picked":"Singing Bowl","floor":29},{"not_picked":["Thunderclap+1","Dropkick+1","Anger+1","Shockwave+1"],"picked":"Singing Bowl","floor":30},{"not_picked":["Sever Soul+1","Iron Wave+1","Shockwave+1","Evolve+1"],"picked":"Singing Bowl","floor":30},{"not_picked":["Impervious+1","Exhume+1","Limit Break+1","Immolate+1"],"picked":"Singing Bowl","floor":33},{"not_picked":["Warcry+1","Body Slam+1","Armaments+1","Twin Strike+1"],"picked":"Singing Bowl","floor":35},{"not_picked":["Wild Strike+1","Whirlwind+1","Havoc+1","Carnage+1"],"picked":"Singing Bowl","floor":35},{"not_picked":["Body Slam+1","Flex+1","Anger+1","Clothesline+1"],"picked":"Singing Bowl","floor":36},{"not_picked":["Dual Wield+1","Rupture+1","Pummel+1","Havoc+1"],"picked":"Singing Bowl","floor":36},{"not_picked":["Carnage+1","Body Slam+1","Rupture+1","Perfected Strike+1"],"picked":"Singing Bowl","floor":37},{"not_picked":["Ghostly Armor+1","Thunderclap+1","Body Slam+1","Carnage+1"],"picked":"Singing Bowl","floor":37},{"not_picked":["Iron Wave+1","Clash+1","Clothesline+1","Corruption+1"],"picked":"Singing Bowl","floor":38},{"not_picked":["Anger+1","Cleave+1","Rage+1","True Grit+1"],"picked":"Singing Bowl","floor":38},{"not_picked":["Perfected Strike+1","Clash+1","Pummel+1","Battle Trance+1"],"picked":"Singing Bowl","floor":41},{"not_picked":["Heavy Blade+1","Metallicize+1","Iron Wave+1","Headbutt+1"],"picked":"Singing Bowl","floor":41},{"not_picked":["Pommel Strike+1","Rampage+1","Flame Barrier+1","Rupture+1"],"picked":"Singing Bowl","floor":42},{"not_picked":["Dual Wield+1","Wild Strike+1","Sentinel+1","Seeing Red+1"],"picked":"Singing Bowl","floor":42},{"not_picked":["Panacea+1","Forethought+1","Bandage Up+1"],"picked":"Blind+1","floor":44},{"not_picked":["Discovery+1","Blind+1","Trip+1"],"picked":"Transmutation+1","floor":44},{"not_picked":["Finesse+1","Panacea+1","Dramatic Entrance+1"],"picked":"Purity+1","floor":44},{"not_picked":["True Grit+1","Warcry+1","Armaments+1","Combust+1"],"picked":"Singing Bowl","floor":47},{"not_picked":["Battle Trance+1","Heavy Blade+1","Flex+1","Metallicize+1"],"picked":"Singing Bowl","floor":47},{"not_picked":["True Grit+1","Fire Breathing+1","Heavy Blade+1","Body Slam+1"],"picked":"Singing Bowl","floor":48},{"not_picked":["Pommel Strike+1","Heavy Blade+1","Cleave+1","Intimidate+1"],"picked":"Singing Bowl","floor":48}],"player_experience":1552900,"relics_obtained":[{"floor":6,"key":"Lantern"},{"floor":6,"key":"Champion Belt"},{"floor":7,"key":"Tiny Chest"},{"floor":9,"key":"Pear"},{"floor":9,"key":"Bottled Lightning"},{"floor":10,"key":"Strawberry"},{"floor":15,"key":"Blue Candle"},{"floor":20,"key":"Red Skull"},{"floor":20,"key":"Paper Frog"},{"floor":23,"key":"Circlet"},{"floor":25,"key":"Circlet"},{"floor":25,"key":"Circlet"},{"floor":26,"key":"Circlet"},{"floor":27,"key":"Circlet"},{"floor":29,"key":"Circlet"},{"floor":29,"key":"Circlet"},{"floor":31,"key":"Circlet"},{"floor":40,"key":"Circlet"},{"floor":43,"key":"Circlet"},{"floor":45,"key":"Circlet"},{"floor":49,"key":"Circlet"}],"event_choices":[{"cards_removed":["Offering"],"damage_healed":0,"gold_gain":0,"player_choice":"Card Removal","damage_taken":7,"max_hp_gain":0,"max_hp_loss":0,"event_name":"Golden Wing","floor":3,"gold_loss":0},{"damage_healed":0,"gold_gain":0,"player_choice":"Searched \u00273\u0027 times","damage_taken":0,"relics_obtained":["Matryoshka"],"max_hp_gain":0,"max_hp_loss":0,"event_name":"Dead Adventurer","floor":8,"gold_loss":0},{"damage_healed":0,"gold_gain":0,"player_choice":"Box","damage_taken":0,"relics_obtained":["Charon\u0027s Ashes"],"max_hp_gain":0,"max_hp_loss":0,"event_name":"Big Fish","floor":11,"gold_loss":0,"cards_obtained":["Regret"]},{"damage_healed":0,"gold_gain":99,"player_choice":"Stole From Cult","damage_taken":0,"max_hp_gain":0,"max_hp_loss":0,"event_name":"Nest","floor":19,"gold_loss":0},{"damage_healed":0,"gold_gain":0,"player_choice":"Became a Ghost","damage_taken":0,"max_hp_gain":0,"max_hp_loss":77,"event_name":"Ghosts","floor":24,"gold_loss":0,"cards_obtained":["Ghostly","Ghostly","Ghostly","Ghostly","Ghostly"]},{"damage_healed":0,"gold_gain":0,"player_choice":"Fight","damage_taken":0,"max_hp_gain":0,"max_hp_loss":0,"event_name":"Colosseum","floor":29,"gold_loss":0},{"damage_healed":0,"gold_gain":0,"player_choice":"Fled From Nobs","damage_taken":0,"max_hp_gain":0,"max_hp_loss":0,"event_name":"Colosseum","floor":29,"gold_loss":0},{"damage_healed":0,"gold_gain":0,"player_choice":"Fought Nobs","damage_taken":0,"max_hp_gain":0,"max_hp_loss":0,"event_name":"Colosseum","floor":29,"gold_loss":0},{"damage_healed":0,"gold_gain":0,"player_choice":"Embrace Madness","damage_taken":14,"max_hp_gain":0,"max_hp_loss":0,"event_name":"Winding Halls","floor":39,"gold_loss":0,"cards_obtained":["Madness","Madness"]},{"damage_healed":0,"gold_gain":0,"player_choice":"Memory 3","damage_taken":10,"max_hp_gain":0,"max_hp_loss":0,"event_name":"SensoryStone","floor":44,"gold_loss":0}],"is_beta":false,"boss_relics":[{"not_picked":["Fusion Hammer","Calling Bell"],"picked":"Black Blood"},{"not_picked":["SlaversCollar","Black Star"],"picked":"Snecko Eye"}],"items_purged_floors":[],"is_endless":false,"potions_floor_spawned":[1,2,4,5,6,8,12,13,14,16,18,22,25,29,29,30,33,35,36,37,38,41,42,47,48],"ascension_level":0}}