{"host":"l2dnabsh5e0fsksb","time":1610506060,"event":{"mods":["2.2 Compatiblity","BaseMod","Downfall","Minty Spire (QoL Compilation)","Quick Restart","StSLib"],"gold_per_floor":[99,199,199,151,151,151,175,25,39,39,69,79,79,111,121,225,225,225,244,254,271,271,287,287,287,287,314,314,414,103,137,156,252,252,252,272,272,18,32,42,42,58,76,76,107,44,66,178,196,196,196,222,27,27,27],"floor_reached":56,"language":"ENG","playtime":3214,"items_purged":[],"score":1925,"play_id":"9453de3f-853a-486b-a682-a8e459ecd1e8","local_time":"20210113131740","is_ascension_mode":true,"campfire_choices":[{"floor":1.0,"key":"RECALL"},{"data":"champ:TornadoPunch","floor":8.0,"key":"SMITH"},{"data":"champ:Taunt","floor":10.0,"key":"SMITH"},{"data":"champ:Backstep","floor":13.0,"key":"SMITH"},{"data":"champ:VampiricStrike","floor":18.0,"key":"SMITH"},{"data":"champ:AdrenalArmor","floor":26.0,"key":"SMITH"},{"data":"champ:MurderStrike","floor":28,"key":"SMITH"},{"data":"champ:Improvising","floor":35,"key":"SMITH"},{"data":"champ:FanOfKnives","floor":44,"key":"SMITH"},{"data":"champ:RecklessLeap","floor":46,"key":"SMITH"},{"floor":54,"key":"REST"}],"circlet_count":0,"master_deck":["AscendersBane","champ:Strike","champ:Strike","champ:Strike","champ:Strike","champ:Defend","champ:Defend","champ:Defend","champ:Defend","champ:Execute","champ:Taunt+1","champ:BringItOn","champ:TornadoPunch+1","champ:Backstep+1","champ:AdrenalArmor","champ:BringItOn","champ:DefensiveShout","champ:StanceDance","champ:Circumvent","champ:FlashCut","champ:VampiricStrike+1","CurseOfTheBell","champ:AdrenalArmor+1","champ:Control","champ:DefensiveStyle+1","champ:Lariat+1","champ:MurderStrike+1","champ:RecklessLeap+1","champ:CrookedStrike","champ:DefensiveStyle","champ:GladiatorStyle","champ:BerserkerStyle","champ:TornadoPunch","champ:Backstep+1","champ:FanOfKnives+1","champ:Improvising+1","champ:RisingSlash+1","champ:BerserkerStyle+1","champ:GladiatorsShout+1","champ:IronFortress","champ:Encircle","champ:GladiatorStyle","champ:FanOfKnives+1","champ:Backstep+1","champ:FanOfKnives+1","champ:CalledShot","champ:AdrenalArmor","expansioncontent:DefensiveMode"],"relics":["champ:ChampionCrown","downfall:HeartsMalice","downfall:HeartBlessingBlue","downfall:HeartBlessingRed","Meat on the Bone","Calling Bell","champ:DuelingGlove","Matryoshka","Akabeko","Anchor","The Courier","downfall:RedIOU","Thread and Needle","champ:BlackKnightHelmet","Mercury Hourglass","Medical Kit","Prayer Wheel","Busted Crown","ClockworkSouvenir","Darkstone Periapt","Toy Ornithopter","MawBank","downfall:HeartBlessingGreen","champ:DeflectingBracers","InkBottle","Blood Vial"],"acts_visited":["Exordium","TheCity","TheBeyond","TheEnding"],"potions_floor_usage":[27,29,33,33,50,50,50,50],"damage_taken":[{"damage":0.0,"enemies":"Small Slimes","floor":3.0,"turns":1.0},{"damage":0.0,"enemies":"downfall:FleeingMerchant","floor":4.0,"turns":1.0},{"damage":0.0,"enemies":"Jaw Worm","floor":6.0,"turns":1.0},{"damage":2.0,"enemies":"Cultist","floor":9.0,"turns":4.0},{"damage":7.0,"enemies":"3 Sentries","floor":11.0,"turns":4.0},{"damage":2.0,"enemies":"2 Fungi Beasts","floor":12.0,"turns":5.0},{"damage":21.0,"enemies":"Gremlin Nob","floor":14.0,"turns":4.0},{"damage":15.0,"enemies":"Large Slime","floor":15.0,"turns":6.0},{"damage":61.0,"enemies":"downfall:Defect","floor":16.0,"turns":10.0},{"damage":19.0,"enemies":"Chosen","floor":19.0,"turns":5.0},{"damage":5.0,"enemies":"Spheric Guardian","floor":20.0,"turns":4.0},{"damage":58.0,"enemies":"Cultist and Chosen","floor":21.0,"turns":9.0},{"damage":23.0,"enemies":"Centurion and Healer","floor":23.0,"turns":10.0},{"damage":16,"enemies":"Slavers","floor":27,"turns":6},{"damage":34,"enemies":"Slavers","floor":29,"turns":9},{"damage":10,"enemies":"downfall:FleeingMerchant","floor":30,"turns":4},{"damage":27,"enemies":"Book of Stabbing","floor":31,"turns":6},{"damage":22,"enemies":"Snake Plant","floor":32,"turns":3},{"damage":141,"enemies":"downfall:Watcher","floor":33,"turns":15},{"damage":7,"enemies":"3 Darklings","floor":36,"turns":5},{"damage":23,"enemies":"downfall:FleeingMerchant","floor":38,"turns":4},{"damage":6,"enemies":"3 Shapes","floor":39,"turns":3},{"damage":15,"enemies":"Jaw Worm Horde","floor":40,"turns":4},{"damage":0,"enemies":"3 Darklings","floor":42,"turns":3},{"damage":36,"enemies":"Transient","floor":43,"turns":5},{"damage":35,"enemies":"Nemesis","floor":45,"turns":7},{"damage":46,"enemies":"4 Shapes","floor":47,"turns":5},{"damage":13,"enemies":"downfall:FleeingMerchant","floor":48,"turns":4},{"damage":8,"enemies":"Sphere and 2 Shapes","floor":49,"turns":3},{"damage":112,"enemies":"downfall:Silent","floor":50,"turns":7},{"damage":85,"enemies":"downfall:CharBossMerchant","floor":52,"turns":8},{"damage":159,"enemies":"downfall:NeowBoss","floor":55,"turns":21}],"seed_played":"8160266769927445808","potions_obtained":[{"floor":5.0,"key":"champ:OpenerPotion"},{"floor":5.0,"key":"AttackPotion"},{"floor":9.0,"key":"hexamod:EctoCoolerPotion"},{"floor":11.0,"key":"PowerPotion"},{"floor":14.0,"key":"FearPotion"},{"floor":16.0,"key":"champ:OpenerPotion"},{"floor":20.0,"key":"Guardian:BlockOnCardUsePotion"},{"floor":23.0,"key":"ColorlessPotion"},{"floor":27,"key":"Swift Potion"},{"floor":32,"key":"SpeedPotion"},{"floor":33,"key":"sneckomod:MuddlingPotion"},{"floor":39,"key":"champ:OpenerPotion"},{"floor":42,"key":"EntropicBrew"},{"floor":47,"key":"SkillPotion"},{"floor":52,"key":"Fire Potion"}],"is_trial":false,"path_per_floor":["R","?","M","$","?","M","T","R","M","R","E","M","R","E","M","B",null,"R","M","M","M","?","M","T","?","R","E","R","?","$","E","M","B",null,"R","M","?","$","M","M","T","M","M","R","E","R","M","$","M","B",null,"E","$","R","B",null],"character_chosen":"THE_CHAMP","items_purchased":["champ:Backstep","champ:DefensiveStyle","champ:GladiatorStyle","champ:BerserkerStyle","Medical Kit","ClockworkSouvenir","champ:IronFortress","champ:Encircle","champ:DeflectingBracers","Blood Vial","expansioncontent:DefensiveMode"],"campfire_rested":1,"item_purchase_floors":[4,30,30,30,30,38,38,38,48,53,53],"current_hp_per_floor":[81,81,81,81,81,81,81,91,91,91,91,91,91,82,80,64,91,91,86,86,55,55,58,58,58,58,65,65,58,78,73,87,17,79,79,100,100,100,100,100,100,100,89,89,93,93,90,90,90,99,100,64,64,94,97],"gold":27,"neow_bonus":"THREE_ENEMY_KILL","is_daily":false,"chose_seed":false,"campfire_upgraded":9,"win_rate":0.0,"timestamp":1610506060,"path_taken":["R","?","M","$","?","M","T","R","M","R","E","M","R","E","M","BOSS","R","M","M","M","?","M","T","?","R","E","R","?","?","E","M","BOSS","R","M","?","$","M","M","T","M","?","R","E","R","M","$","M","BOSS","E","$","R","BOSS"],"items_purchased_type":["Card","Card","Card","Card","Relic","Relic","Card","Card","Relic","Relic","Card"],"build_version":"2020-12-22","purchased_purges":0,"victory":true,"max_hp_per_floor":[90,90,90,90,90,90,90,100,100,100,100,100,100,100,100,100,100,100,100,100,100,100,100,100,100,100,100,100,100,100,100,100,100,100,100,100,100,100,100,100,100,100,100,100,100,100,100,100,100,100,100,100,100,100,100],"card_choices":[{"not_picked":["champ:ShieldWall","champ:Haymaker"],"picked":"champ:BringItOn","floor":3.0},{"not_picked":["champ:Circumvent","champ:RapidStrikes"],"picked":"champ:TornadoPunch","floor":4.0},{"not_picked":["champ:ShieldSigil","champ:FlashCut"],"picked":"champ:AdrenalArmor","floor":6.0},{"not_picked":["champ:BerserkersShout","champ:Riposte"],"picked":"champ:BringItOn","floor":9.0},{"not_picked":["champ:GladiatorsShout","champ:ShieldThrow"],"picked":"champ:DefensiveShout","floor":11.0},{"not_picked":["champ:BringItOn","champ:RageSigil"],"picked":"champ:StanceDance","floor":12.0},{"not_picked":["champ:FalseCounter","champ:EndlessRage"],"picked":"champ:Circumvent","floor":14.0},{"not_picked":["champ:Riposte","champ:CrookedStrike"],"picked":"champ:FlashCut","floor":15.0},{"not_picked":["champ:EnchantSword","champ:Devastate"],"picked":"champ:VampiricStrike","floor":16.0},{"not_picked":["champ:BerserkersShout","champ:FocusedDefense"],"picked":"champ:AdrenalArmor","floor":19.0},{"not_picked":["champ:Balance","champ:Haymaker"],"picked":"champ:Control","floor":20.0},{"not_picked":["champ:PreciseThrust","champ:Aggression+1"],"picked":"champ:DefensiveStyle+1","floor":21.0},{"not_picked":["champ:Control","champ:RageSigil"],"picked":"champ:Lariat+1","floor":23.0},{"not_picked":["champ:GladiatorsShout","champ:GutPunch"],"picked":"champ:MurderStrike","floor":27},{"not_picked":["champ:CalledShot","champ:DefensiveShout"],"picked":"champ:RecklessLeap","floor":29},{"not_picked":["champ:FightOn","champ:GladiatorsShout"],"picked":"champ:CrookedStrike","floor":30},{"not_picked":["champ:DefensiveStyle","champ:ShieldSigil"],"picked":"champ:TornadoPunch","floor":31},{"not_picked":["champ:Circumvent","champ:DefensiveStyle"],"picked":"champ:Backstep+1","floor":32},{"not_picked":["champ:FalseCounter","champ:PerfectedStrike"],"picked":"champ:FanOfKnives","floor":32},{"not_picked":["champ:PerfectForm","champ:HoldFirm"],"picked":"champ:Improvising","floor":33},{"not_picked":[],"picked":"champ:RisingSlash+1","floor":36},{"not_picked":[],"picked":"champ:BerserkerStyle+1","floor":36},{"not_picked":[],"picked":"champ:GladiatorsShout+1","floor":38},{"not_picked":["champ:EndlessRage+1"],"picked":"SKIP","floor":39},{"not_picked":["champ:FlashCut"],"picked":"SKIP","floor":39},{"not_picked":[],"picked":"champ:GladiatorStyle","floor":40},{"not_picked":["champ:DeathBlow+1"],"picked":"SKIP","floor":40},{"not_picked":[],"picked":"champ:FanOfKnives+1","floor":42},{"not_picked":["champ:Haymaker"],"picked":"SKIP","floor":42},{"not_picked":[],"picked":"champ:Backstep+1","floor":43},{"not_picked":["champ:CrookedStrike"],"picked":"SKIP","floor":43},{"not_picked":[],"picked":"champ:FanOfKnives+1","floor":45},{"not_picked":[],"picked":"champ:CalledShot","floor":47},{"not_picked":["champ:PerfectedStrike+1"],"picked":"SKIP","floor":47},{"not_picked":["champ:FalseCounter+1"],"picked":"SKIP","floor":48},{"not_picked":[],"picked":"champ:AdrenalArmor","floor":49},{"not_picked":["champ:RecklessLeap"],"picked":"SKIP","floor":49},{"not_picked":["champ:FanOfKnives"],"picked":"SKIP","floor":52}],"player_experience":1775953,"relics_obtained":[{"floor":11.0,"key":"Meat on the Bone"},{"floor":14.0,"key":"champ:FightingForDummies"},{"floor":17.0,"key":"champ:DuelingGlove"},{"floor":17.0,"key":"Matryoshka"},{"floor":17.0,"key":"Akabeko"},{"floor":24.0,"key":"Anchor"},{"floor":24.0,"key":"The Courier"},{"floor":27,"key":"Thread and Needle"},{"floor":29,"key":"champ:BlackKnightHelmet"},{"floor":29,"key":"Mercury Hourglass"},{"floor":31,"key":"Prayer Wheel"},{"floor":41,"key":"Darkstone Periapt"},{"floor":41,"key":"Toy Ornithopter"},{"floor":45,"key":"MawBank"},{"floor":52,"key":"InkBottle"}],"event_choices":[{"damage_healed":0.0,"max_hp_gain":0.0,"max_hp_loss":0.0,"gold_gain":0.0,"event_name":"Lab","player_choice":"Got Potions","floor":5.0,"gold_loss":0.0,"damage_taken":0.0},{"damage_healed":0.0,"max_hp_gain":0.0,"max_hp_loss":0.0,"gold_gain":0.0,"event_name":"Ghosts","player_choice":"Ignored","floor":22.0,"gold_loss":0.0,"damage_taken":0.0}],"is_beta":false,"boss_relics":[{"not_picked":["Snecko Eye","Runic Pyramid"],"picked":"Calling Bell"},{"not_picked":["Sozu","champ:ChampionCrownUpgraded"],"picked":"Busted Crown"}],"items_purged_floors":[],"is_endless":false,"potions_floor_spawned":[9,11,12,14,16,20,23,27,32,33,39,42,47,49,52],"ascension_level":11}}