{"host":"vlqejv0notyktumz","time":1610568087,"event":{"mods":["AchievementEnabler","BaseMod","Googly Eyes","Minty Spire (QoL Compilation)"],"gold_per_floor":[118,19,38,38,3,3,47,47,92,15,40,40,40,79,79,204,204,144,169,184,57,71,71,71,71],"floor_reached":24,"language":"ENG","playtime":550,"items_purged":["Defend_B","Strike_B"],"score":270,"play_id":"2e3493f3-f7b6-4b71-9f7c-b3df4ef4dcf7","local_time":"20210113140127","is_ascension_mode":true,"campfire_choices":[{"data":"Zap","floor":6,"key":"SMITH"},{"data":"Loop","floor":8,"key":"SMITH"},{"data":"Redo","floor":13,"key":"SMITH"},{"floor":15,"key":"REST"},{"data":"Reinforced Body","floor":23,"key":"SMITH"}],"circlet_count":0,"master_deck":["Strike_B","Defend_B","Defend_B","Defend_B","Zap+1","Dualcast","Leap","Loop+1","Redo+1","Gash","Conserve Battery","Reinforced Body+1","Ball Lightning","Seek","Thunder Strike","Rebound","Undo","Coolheaded","Thunder Strike"],"relics":["Cracked Core","Golden Idol","Sundial","Tiny Chest","MealTicket","Empty Cage","Centennial Puzzle"],"acts_visited":["Exordium","TheCity"],"potions_floor_usage":[7,16,24],"damage_taken":[{"damage":0,"enemies":"Jaw Worm","floor":1,"turns":3},{"damage":1,"enemies":"Small Slimes","floor":3,"turns":3},{"damage":29,"enemies":"Lagavulin","floor":7,"turns":6},{"damage":0,"enemies":"Cultist","floor":11,"turns":3},{"damage":18,"enemies":"3 Sentries","floor":14,"turns":6},{"damage":23,"enemies":"Slime Boss","floor":16,"turns":9},{"damage":16,"enemies":"2 Thieves","floor":18,"turns":4},{"damage":7,"enemies":"Chosen","floor":20,"turns":3},{"damage":20,"enemies":"Centurion and Healer","floor":22,"turns":9},{"damage":31,"enemies":"Snake Plant","floor":24,"turns":4}],"seed_played":"-9173551060509202262","potions_obtained":[{"floor":3,"key":"DistilledChaos"},{"floor":14,"key":"EntropicBrew"}],"is_trial":false,"path_per_floor":["M","$","M","?","?","R","E","R","T","$","M","?","R","E","R","B",null,"M","T","M","$","M","R","M"],"character_chosen":"DEFECT","items_purchased":["Redo","Reinforced Body","Coolheaded"],"campfire_rested":1,"item_purchase_floors":[2,10,21],"current_hp_per_floor":[68,68,67,67,69,69,40,40,40,40,40,40,40,22,42,19,57,41,41,34,49,29,29,0,0],"gold":71,"neow_bonus":"THREE_CARDS","is_daily":false,"chose_seed":false,"campfire_upgraded":4,"win_rate":0.0,"timestamp":1610568087,"path_taken":["M","$","M","?","?","R","E","R","T","?","?","?","R","E","R","BOSS","M","?","M","$","M","R","M"],"items_purchased_type":["Card","Card","Card"],"build_version":"2020-12-22","purchased_purges":2,"victory":false,"max_hp_per_floor":[75,75,75,69,69,69,69,69,69,69,69,69,69,69,69,69,69,69,69,69,69,69,69,69,69],"card_choices":[{"not_picked":["Chill","Consume"],"picked":"Leap","floor":0},{"not_picked":["Ball Lightning","White Noise"],"picked":"Loop","floor":1},{"not_picked":["Sweeping Beam","Stack"],"picked":"Gash","floor":3},{"not_picked":["Tempest","Reboot"],"picked":"Conserve Battery","floor":7},{"not_picked":["Rebound","Rip and Tear"],"picked":"Ball Lightning","floor":11},{"not_picked":["Hyperbeam","Turbo"],"picked":"Seek","floor":14},{"not_picked":["Core Surge","Creative AI"],"picked":"Thunder Strike","floor":16},{"not_picked":["Steam+1","Capacitor"],"picked":"Rebound","floor":18},{"not_picked":["Barrage","Hologram"],"picked":"Undo","floor":20},{"not_picked":["Beam Cell","Sunder"],"picked":"Thunder Strike","floor":22}],"player_experience":333713,"relics_obtained":[{"floor":7,"key":"Sundial"},{"floor":9,"key":"Tiny Chest"},{"floor":14,"key":"MealTicket"},{"floor":19,"key":"Centennial Puzzle"}],"event_choices":[{"damage_healed":0,"gold_gain":0,"player_choice":"Lose Max HP","damage_taken":0,"relics_obtained":["Golden Idol"],"max_hp_gain":0,"max_hp_loss":6,"event_name":"Golden Idol","floor":4,"gold_loss":0},{"damage_healed":17,"gold_gain":0,"player_choice":"Healed","damage_taken":0,"max_hp_gain":0,"max_hp_loss":0,"event_name":"The Cleric","floor":5,"gold_loss":35},{"damage_healed":0,"gold_gain":0,"player_choice":"Ignored","damage_taken":0,"max_hp_gain":0,"max_hp_loss":0,"event_name":"WeMeetAgain","floor":12,"gold_loss":0}],"is_beta":false,"boss_relics":[{"not_picked":["Coffee Dripper","Fusion Hammer"],"picked":"Empty Cage"}],"items_purged_floors":[2,21],"is_endless":false,"potions_floor_spawned":[3,14,20],"killed_by":"Snake Plant","ascension_level":7}}