{"host":"h4390p13uu6iw1q5","time":1610576714,"event":{"mods":["BaseMod","Colored Map","Minty Spire (QoL Compilation)"],"gold_per_floor":[365,100,111,11,22,55,55,71,95,109,109,139,139,139,139,238,238,248,266,6,17,17,17,47,59,59,59,75,75,95,128,128,226,226,238,256,256,267,317,317,317,317],"floor_reached":41,"language":"ENG","playtime":4000,"items_purged":["Strike_B","Defend_B"],"score":690,"play_id":"31e4dc76-e99a-4566-a473-92dfd54b5ec8","local_time":"20210113172514","is_ascension_mode":true,"campfire_choices":[{"data":"Creative AI","floor":7,"key":"SMITH"},{"data":"Fusion","floor":11,"key":"SMITH"},{"floor":13,"key":"REST"},{"data":"Zap","floor":15,"key":"SMITH"},{"floor":23,"key":"REST"},{"data":"Chill","floor":27,"key":"SMITH"},{"floor":32,"key":"REST"},{"floor":40,"key":"REST"}],"circlet_count":0,"master_deck":["AscendersBane","Defend_B","Defend_B+1","Defend_B","Zap+1","Dualcast","Fusion+1","Coolheaded","Conserve Battery+1","Machine Learning","Cold Snap","Glacier","Stack","Conserve Battery","Chill+1","Creative AI+1","Coolheaded","Hyperbeam","Sunder+1","Storm+1","Sunder+1","Undo+1","Recycle","Conserve Battery","Cold Snap","Scrape+1","J.A.X.","Beam Cell+1","Compile Driver","Auto Shields+1","BootSequence+1"],"relics":["Cracked Core","Orrery","Ancient Tea Set","Art of War","Bronze Scales","Astrolabe","Cables","War Paint","Strawberry","Matryoshka","Sozu","Torii"],"acts_visited":["Exordium","TheCity","TheBeyond"],"potions_floor_usage":[18,24,24,24,31,31],"damage_taken":[{"damage":1,"enemies":"Cultist","floor":1,"turns":4},{"damage":8,"enemies":"2 Louse","floor":3,"turns":3},{"damage":0,"enemies":"Small Slimes","floor":5,"turns":5},{"damage":12,"enemies":"Lagavulin","floor":6,"turns":12},{"damage":3,"enemies":"3 Louse","floor":8,"turns":4},{"damage":0,"enemies":"Large Slime","floor":10,"turns":11},{"damage":11,"enemies":"3 Sentries","floor":12,"turns":3},{"damage":17,"enemies":"The Guardian","floor":16,"turns":11},{"damage":19,"enemies":"2 Thieves","floor":18,"turns":4},{"damage":3,"enemies":"Shell Parasite","floor":19,"turns":7},{"damage":27,"enemies":"Cultist and Chosen","floor":21,"turns":7},{"damage":15,"enemies":"Gremlin Leader","floor":24,"turns":6},{"damage":2,"enemies":"Centurion and Healer","floor":25,"turns":8},{"damage":0,"enemies":"Shelled Parasite and Fungi","floor":28,"turns":6},{"damage":15,"enemies":"Cultist and Chosen","floor":30,"turns":6},{"damage":18,"enemies":"Slavers","floor":31,"turns":7},{"damage":39,"enemies":"Collector","floor":33,"turns":12},{"damage":11,"enemies":"3 Shapes","floor":35,"turns":5},{"damage":3,"enemies":"Orb Walker","floor":36,"turns":5},{"damage":54,"enemies":"Writhing Mass","floor":38,"turns":6},{"damage":0,"enemies":"Mind Bloom Boss Battle","floor":39,"turns":9},{"damage":33,"enemies":"Giant Head","floor":41,"turns":7}],"seed_played":"1440267382472336600","potions_obtained":[{"floor":1,"key":"PotionOfCapacity"},{"floor":12,"key":"Strength Potion"},{"floor":16,"key":"Ancient Potion"},{"floor":18,"key":"Regen Potion"},{"floor":21,"key":"AttackPotion"},{"floor":24,"key":"BlessingOfTheForge"},{"floor":30,"key":"SkillPotion"}],"is_trial":false,"path_per_floor":["M","$","M","$","M","E","R","M","T","M","R","E","R","?","R","B",null,"M","M","$","M","$","R","E","M","T","R","M","?","M","E","R","B",null,"M","M","?","M","?","R","E"],"character_chosen":"DEFECT","items_purchased":["Coolheaded","Orrery","Cables"],"campfire_rested":4,"item_purchase_floors":[2,2,20],"current_hp_per_floor":[49,49,41,41,41,29,29,26,26,26,26,15,37,85,85,68,81,62,59,59,32,32,57,57,55,62,62,62,62,47,29,56,17,73,62,59,59,5,5,32,0,0],"gold":317,"neow_bonus":"TWO_FIFTY_GOLD","is_daily":false,"chose_seed":false,"campfire_upgraded":4,"win_rate":0.0,"timestamp":1610576714,"path_taken":["M","$","M","$","M","E","R","M","T","M","R","E","R","?","R","BOSS","M","M","$","M","?","R","E","?","T","R","M","?","M","E","R","BOSS","M","M","?","M","?","R","E"],"items_purchased_type":["Card","Relic","Relic"],"build_version":"2020-12-22","purchased_purges":2,"victory":false,"max_hp_per_floor":[75,75,75,75,75,75,75,75,75,75,75,75,75,85,85,85,85,85,85,85,85,85,85,85,85,92,92,92,92,92,92,92,92,92,92,92,92,92,92,92,92,92],"card_choices":[{"not_picked":["Turbo","Gash"],"picked":"Fusion","floor":1},{"not_picked":["Gash","Stack"],"picked":"Conserve Battery","floor":2},{"not_picked":["Turbo","Storm"],"picked":"Machine Learning","floor":2},{"not_picked":["Thunder Strike","Consume"],"picked":"Cold Snap","floor":2},{"not_picked":["Tempest","Steam"],"picked":"Glacier","floor":2},{"not_picked":["Beam Cell","Darkness"],"picked":"Stack","floor":2},{"not_picked":["Ball Lightning","Hologram"],"picked":"Conserve Battery","floor":3},{"not_picked":["Leap","Hologram"],"picked":"Chill","floor":5},{"not_picked":["Reinforced Body","Consume"],"picked":"Creative AI","floor":6},{"not_picked":["Go for the Eyes","Gash"],"picked":"Coolheaded","floor":8},{"not_picked":["Rebound","Ball Lightning","Hello World"],"picked":"SKIP","floor":10},{"not_picked":["Rebound","Ball Lightning"],"picked":"Multi-Cast","floor":12},{"not_picked":["All For One","Reboot"],"picked":"Hyperbeam","floor":16},{"not_picked":["Cold Snap","Leap"],"picked":"Undo+1","floor":18},{"not_picked":["Consume","Barrage"],"picked":"Recycle","floor":19},{"not_picked":["Compile Driver","Ball Lightning"],"picked":"Conserve Battery","floor":21},{"not_picked":["Gash","Turbo+1","Steam"],"picked":"SKIP","floor":24},{"not_picked":["Go for the Eyes","Barrage"],"picked":"Cold Snap","floor":25},{"not_picked":["Steam","Barrage"],"picked":"Scrape+1","floor":28},{"not_picked":["Scrape","Reprogram","Doom and Gloom"],"picked":"SKIP","floor":30},{"not_picked":["Leap","Genetic Algorithm"],"picked":"Beam Cell+1","floor":31},{"not_picked":["Machine Learning","Fission"],"picked":"Thunder Strike","floor":33},{"not_picked":["Barrage","Rebound"],"picked":"Compile Driver","floor":35},{"not_picked":["Stack","Barrage+1","Beam Cell"],"picked":"SKIP","floor":36},{"not_picked":["Rebound+1","Sweeping Beam+1"],"picked":"Auto Shields+1","floor":38},{"not_picked":["Hologram","Ball Lightning+1"],"picked":"BootSequence+1","floor":39}],"player_experience":2446122,"relics_obtained":[{"floor":6,"key":"Ancient Tea Set"},{"floor":9,"key":"Art of War"},{"floor":12,"key":"Bronze Scales"},{"floor":24,"key":"War Paint"},{"floor":26,"key":"Strawberry"},{"floor":31,"key":"Matryoshka"},{"floor":39,"key":"Torii"}],"event_choices":[{"cards_removed":["Multi-Cast"],"damage_healed":38,"gold_gain":0,"player_choice":"Offered Rare","damage_taken":0,"max_hp_gain":10,"max_hp_loss":0,"event_name":"Bonfire Elementals","floor":14,"gold_loss":0},{"damage_healed":0,"gold_gain":0,"player_choice":"Obtain J.A.X.","damage_taken":0,"max_hp_gain":0,"max_hp_loss":0,"event_name":"Drug Dealer","floor":29,"gold_loss":0,"cards_obtained":["J.A.X."]},{"cards_removed":["Thunder Strike"],"damage_healed":0,"gold_gain":0,"player_choice":"Removed Attack","damage_taken":0,"max_hp_gain":0,"max_hp_loss":0,"event_name":"Falling","floor":37,"gold_loss":0},{"damage_healed":0,"gold_gain":0,"player_choice":"Fight","damage_taken":0,"max_hp_gain":0,"max_hp_loss":0,"event_name":"MindBloom","floor":39,"gold_loss":0}],"is_beta":false,"boss_relics":[{"not_picked":["Runic Pyramid","Philosopher\u0027s Stone"],"picked":"Astrolabe"},{"not_picked":["Busted Crown","SacredBark"],"picked":"Sozu"}],"items_purged_floors":[2,4],"is_endless":false,"potions_floor_spawned":[1,12,16,18,21,24,30,38,39],"killed_by":"Giant Head","ascension_level":10}}