{"host":"cjhtzh7tp54jdfyv","time":1610542478,"event":{"mods":["AchievementEnabler","BaseMod","Colored Map","Colored Powertips","Curses Come First","DeckTracker","Filter the Spire","Minty Spire (QoL Compilation)","RNG Fix","Relic Sorter","Relic Stats","StSLib","UnlockEverythingMod","ojb\u0027s Better Paths Mod","ojb\u0027s Info Mod"],"gold_per_floor":[112,128,53,71,84,111,111,111,135,151,182,182,208,228,228,302,302,314,214,232,248,262,262,293,293,316,316,341,361,387,132,132,207,207,217,234,5,24,74,108,124,159,159,190,212,212,232,243,243,243,243,243,243,142,183,183],"floor_reached":57,"language":"ENG","playtime":5076,"items_purged":["Defend_P","Defend_P","Defend_P","Defend_P"],"score":3352,"play_id":"8db5d698-e1cd-457f-ac0f-47d585a4b4c1","local_time":"20210113075438","is_ascension_mode":true,"campfire_choices":[{"floor":7.0,"key":"DIG"},{"floor":12.0,"key":"DIG"},{"floor":15.0,"key":"DIG"},{"floor":23.0,"key":"DIG"},{"floor":25.0,"key":"DIG"},{"floor":27.0,"key":"DIG"},{"floor":32,"key":"DIG"},{"floor":49,"key":"RECALL"},{"floor":53,"key":"DIG"}],"circlet_count":0,"master_deck":["AscendersBane","Strike_P","Strike_P","Strike_P","Strike_P","Eruption+1","Vigilance","Tantrum","CutThroughFate+1","DevaForm","EmptyFist","Vault","EmptyMind","Sanctity","TalkToTheHand+1","Swivel","WheelKick","MentalFortress+1","SpiritShield","Indignation","MentalFortress+1","SashWhip+1","FearNoEvil","Adaptation+1","TalkToTheHand","Ragnarok"],"relics":["Snecko Eye","Kunai","Shuriken","Shovel","Meat on the Bone","Whetstone","Blood Vial","Yang","Gremlin Horn","Fusion Hammer","Torii","TeardropLocket","Bag of Preparation","Tiny Chest","Pear","Mummified Hand","Frozen Egg 2","Centennial Puzzle","Coffee Dripper","StrikeDummy","White Beast Statue","CeramicFish","Orichalcum"],"acts_visited":["Exordium","TheCity","TheBeyond","TheEnding"],"potions_floor_usage":[56,56],"damage_taken":[{"damage":3.0,"enemies":"Small Slimes","floor":1.0,"turns":5.0},{"damage":0.0,"enemies":"Jaw Worm","floor":2.0,"turns":2.0},{"damage":0.0,"enemies":"2 Louse","floor":4.0,"turns":2.0},{"damage":0.0,"enemies":"Large Slime","floor":5.0,"turns":2.0},{"damage":1.0,"enemies":"Gremlin Nob","floor":6.0,"turns":3.0},{"damage":4.0,"enemies":"Red Slaver","floor":10.0,"turns":4.0},{"damage":10.0,"enemies":"3 Sentries","floor":11.0,"turns":7.0},{"damage":16.0,"enemies":"Gremlin Nob","floor":13.0,"turns":3.0},{"damage":0.0,"enemies":"Blue Slaver","floor":14.0,"turns":2.0},{"damage":0.0,"enemies":"Slime Boss","floor":16.0,"turns":4.0},{"damage":0.0,"enemies":"Chosen","floor":18.0,"turns":3.0},{"damage":11.0,"enemies":"Spheric Guardian","floor":20.0,"turns":4.0},{"damage":10.0,"enemies":"Snake Plant","floor":21.0,"turns":4.0},{"damage":0.0,"enemies":"Cultist and Chosen","floor":22.0,"turns":4.0},{"damage":1.0,"enemies":"Book of Stabbing","floor":24.0,"turns":4.0},{"damage":44,"enemies":"Gremlin Leader","floor":28,"turns":4},{"damage":1,"enemies":"Snecko","floor":29,"turns":5},{"damage":1,"enemies":"Book of Stabbing","floor":30,"turns":5},{"damage":0,"enemies":"Champ","floor":33,"turns":6},{"damage":10,"enemies":"3 Shapes","floor":35,"turns":2},{"damage":0,"enemies":"Orb Walker","floor":36,"turns":3},{"damage":0,"enemies":"3 Darklings","floor":38,"turns":3},{"damage":0,"enemies":"Nemesis","floor":40,"turns":4},{"damage":0,"enemies":"Sphere and 2 Shapes","floor":41,"turns":2},{"damage":0,"enemies":"Giant Head","floor":42,"turns":4},{"damage":0,"enemies":"Nemesis","floor":44,"turns":6},{"damage":0,"enemies":"Maw","floor":45,"turns":4},{"damage":0,"enemies":"Transient","floor":47,"turns":6},{"damage":0,"enemies":"3 Darklings","floor":48,"turns":3},{"damage":0,"enemies":"Donu and Deca","floor":50,"turns":7},{"damage":6,"enemies":"Time Eater","floor":51,"turns":9},{"damage":0,"enemies":"Shield and Spear","floor":55,"turns":3},{"damage":2,"enemies":"The Heart","floor":56,"turns":7}],"seed_played":"2546526841937232385","potions_obtained":[{"floor":4.0,"key":"PowerPotion"},{"floor":6.0,"key":"StancePotion"},{"floor":16.0,"key":"Fire Potion"},{"floor":30,"key":"Energy Potion"},{"floor":42,"key":"GamblersBrew"},{"floor":48,"key":"CultistPotion"}],"is_trial":false,"path_per_floor":["M","M","$","M","M","E","R","?","T","M","E","R","E","M","R","B",null,"M","$","M","M","M","R","E","R","T","R","E","M","E","$","R","B",null,"M","M","$","M","?","E","M","E","T","E","M","?","M","M","R","B","B",null,"R","$","E","B",null],"character_chosen":"WATCHER","items_purchased":["WheelKick","MentalFortress+1","MentalFortress+1","Adaptation+1","TalkToTheHand"],"campfire_rested":0,"item_purchase_floors":[31,31,37,54,54],"current_hp_per_floor":[58,58,58,58,58,57,57,62,62,58,48,48,46,48,48,50,67,69,69,60,52,54,54,55,55,55,65,35,48,49,49,49,51,75,67,69,69,71,71,73,75,77,77,79,81,76,78,80,80,82,77,82,82,82,83,81],"gold":183,"neow_bonus":"BOSS_RELIC","is_daily":false,"chose_seed":false,"campfire_upgraded":0,"win_rate":0.0,"timestamp":1610542478,"path_taken":["M","M","$","M","M","E","R","?","T","?","E","R","E","M","R","BOSS","M","$","M","M","M","R","E","R","T","R","E","M","E","$","R","BOSS","M","M","$","M","?","E","M","E","T","E","M","?","M","M","R","BOSS","BOSS","R","$","E","BOSS"],"items_purchased_type":["Card","Card","Card","Card","Card"],"build_version":"2020-12-22","purchased_purges":4,"victory":true,"max_hp_per_floor":[68,68,68,68,68,68,68,73,73,73,73,73,73,73,73,73,73,73,73,73,73,73,73,73,73,73,83,83,83,83,83,83,83,83,83,83,83,83,83,83,83,83,83,83,83,83,83,83,83,83,83,83,83,83,83,83],"relic_stats":{"Gremlin Horn":[14,14],"Torii":9,"counters":[33,136],"CeramicFish":36,"Yang":[403],"Bag of Preparation":[36],"Whetstone":["CutThroughFate","Eruption"],"Orichalcum":[0],"Blood Vial":48,"Centennial Puzzle":[9],"Shovel":8,"Shuriken":[14],"Mummified Hand":[100],"Snecko Eye":[301,285,304,261],"Tiny Chest":0,"Kunai":[51],"obtain_stats":[{"Pear":27,"Gremlin Horn":15,"Torii":23,"CeramicFish":44,"Yang":13,"Bag of Preparation":25,"Whetstone":11,"TeardropLocket":24,"Frozen Egg 2":30,"Orichalcum":55,"White Beast Statue":42,"Blood Vial":12,"Centennial Puzzle":32,"Shovel":6,"Mummified Hand":28,"Shuriken":53,"Snecko Eye":0,"Tiny Chest":26,"Fusion Hammer":17,"Coffee Dripper":34,"Kunai":43,"PureWater":0,"StrikeDummy":40,"Meat on the Bone":7},{"Pear":15,"Gremlin Horn":9,"Torii":14,"CeramicFish":26,"Yang":8,"Bag of Preparation":15,"Whetstone":7,"TeardropLocket":15,"Frozen Egg 2":18,"Orichalcum":32,"White Beast Statue":25,"Blood Vial":7,"Centennial Puzzle":18,"Shovel":5,"Mummified Hand":16,"Shuriken":31,"Snecko Eye":0,"Tiny Chest":15,"Fusion Hammer":10,"Coffee Dripper":19,"Kunai":25,"PureWater":0,"StrikeDummy":23,"Meat on the Bone":5},{"Pear":53,"Gremlin Horn":30,"Torii":49,"CeramicFish":97,"Yang":28,"Bag of Preparation":53,"Whetstone":25,"TeardropLocket":53,"Frozen Egg 2":67,"Orichalcum":129,"White Beast Statue":91,"Blood Vial":25,"Centennial Puzzle":67,"Shovel":14,"Mummified Hand":57,"Shuriken":126,"Snecko Eye":0,"Tiny Chest":53,"Fusion Hammer":34,"Coffee Dripper":73,"Kunai":91,"PureWater":0,"StrikeDummy":85,"Meat on the Bone":14}],"Meat on the Bone":36},"card_choices":[{"not_picked":["CutThroughFate","LikeWater"],"picked":"Tantrum","floor":1.0},{"not_picked":["FollowUp","JustLucky","ReachHeaven"],"picked":"SKIP","floor":2.0},{"not_picked":["Prostrate","WreathOfFlame","EmptyBody"],"picked":"SKIP","floor":4.0},{"not_picked":["FlyingSleeves","CarveReality","Pray"],"picked":"SKIP","floor":5.0},{"not_picked":["ReachHeaven","Halt","EmptyBody"],"picked":"SKIP","floor":6.0},{"not_picked":["FlyingSleeves","Vengeance","ClearTheMind"],"picked":"SKIP","floor":10.0},{"not_picked":["DeceiveReality","WreathOfFlame"],"picked":"CutThroughFate","floor":11.0},{"not_picked":["FearNoEvil","EmptyBody"],"picked":"DevaForm","floor":13.0},{"not_picked":["MentalFortress","FlurryOfBlows"],"picked":"EmptyFist","floor":14.0},{"not_picked":["DevaForm","Brilliance"],"picked":"Vault","floor":16.0},{"not_picked":["SashWhip","Halt"],"picked":"EmptyMind","floor":18.0},{"not_picked":["Evaluate","Wireheading"],"picked":"Sanctity","floor":20.0},{"not_picked":["Protect","FlurryOfBlows","FollowUp"],"picked":"SKIP","floor":21.0},{"not_picked":["Protect","FlurryOfBlows","FollowUp"],"picked":"SKIP","floor":21.0},{"not_picked":["ThirdEye","FlyingSleeves","Consecrate"],"picked":"SKIP","floor":22.0},{"not_picked":["WindmillStrike","WreathOfFlame","JustLucky"],"picked":"SKIP","floor":24.0},{"not_picked":["Evaluate","EmptyBody","Judgement"],"picked":"SKIP","floor":28},{"not_picked":["CrushJoints","Halt"],"picked":"TalkToTheHand+1","floor":29},{"not_picked":["Halt","WindmillStrike"],"picked":"Swivel","floor":30},{"not_picked":["Brilliance","Establishment+1"],"picked":"SpiritShield","floor":33},{"not_picked":["JustLucky","Prostrate","WindmillStrike"],"picked":"SKIP","floor":35},{"not_picked":["Swivel","EmptyFist"],"picked":"Indignation","floor":36},{"not_picked":["CrushJoints","ForeignInfluence","Collect"],"picked":"SKIP","floor":38},{"not_picked":["EmptyFist","ThirdEye+1","Conclude+1"],"picked":"SKIP","floor":40},{"not_picked":["WheelKick","MasterReality+1"],"picked":"SashWhip+1","floor":41},{"not_picked":["SashWhip","FlyingSleeves","PathToVictory"],"picked":"SKIP","floor":42},{"not_picked":["WreathOfFlame","FlyingSleeves","Nirvana+1"],"picked":"SKIP","floor":44},{"not_picked":["Indignation","Wireheading+1"],"picked":"FearNoEvil","floor":45},{"not_picked":["DeceiveReality+1","Consecrate","CrushJoints"],"picked":"SKIP","floor":47},{"not_picked":["Protect","PathToVictory","Conclude"],"picked":"SKIP","floor":48},{"not_picked":["Protect","Halt"],"picked":"Ragnarok","floor":55}],"player_experience":4497021,"relics_obtained":[{"floor":6.0,"key":"Shovel"},{"floor":7.0,"key":"Meat on the Bone"},{"floor":11.0,"key":"Whetstone"},{"floor":12.0,"key":"Blood Vial"},{"floor":13.0,"key":"Yang"},{"floor":15.0,"key":"Gremlin Horn"},{"floor":23.0,"key":"Torii"},{"floor":24.0,"key":"TeardropLocket"},{"floor":25.0,"key":"Bag of Preparation"},{"floor":26.0,"key":"Tiny Chest"},{"floor":27.0,"key":"Pear"},{"floor":28,"key":"Mummified Hand"},{"floor":30,"key":"Frozen Egg 2"},{"floor":32,"key":"Centennial Puzzle"},{"floor":40,"key":"StrikeDummy"},{"floor":42,"key":"White Beast Statue"},{"floor":43,"key":"Kunai"},{"floor":44,"key":"CeramicFish"},{"floor":53,"key":"Shuriken"},{"floor":55,"key":"Orichalcum"}],"event_choices":[{"damage_healed":0.0,"max_hp_gain":5.0,"max_hp_loss":0.0,"gold_gain":0.0,"event_name":"Big Fish","player_choice":"Donut","floor":8.0,"gold_loss":0.0,"damage_taken":0.0},{"damage_healed":0,"gold_gain":50,"player_choice":"Pray","damage_taken":0,"max_hp_gain":0,"max_hp_loss":0,"event_name":"Golden Shrine","floor":39,"gold_loss":0},{"damage_healed":0,"gold_gain":0,"player_choice":"Bought 0 Potions","damage_taken":0,"max_hp_gain":0,"max_hp_loss":0,"event_name":"The Woman in Blue","floor":46,"gold_loss":0}],"is_beta":false,"boss_relics":[{"not_picked":["Velvet Choker","SlaversCollar"],"picked":"Fusion Hammer"},{"not_picked":["Tiny House","Sozu"],"picked":"Coffee Dripper"}],"items_purged_floors":[3,19,31,37],"is_endless":false,"potions_floor_spawned":[4,6,13,14,16,20,29,30,33,42,44,45,47,48,55],"ascension_level":20}}