{"host":"3po7ngt2j61s4rmj","time":1610510856,"event":{"mods":["Act Like it!","BaseMod","Hermit","JesterMod","Minty Spire (QoL Compilation)","Relic Stats","Shade Mod","StSLib"],"gold_per_floor":[14,25,100,118,144,179,179,195,195,160,185,197,222,242,242,341,341,357,357,52,62,79,79,112,132,156,168,168,196,196,224,224,224,224],"floor_reached":33,"language":"ENG","playtime":3538,"items_purged":[],"score":591,"play_id":"b6b0491e-3d5a-481c-8c5b-bfbb5567d7a1","local_time":"20210112210736","is_ascension_mode":true,"campfire_choices":[{"data":"Shade:Asphyxiate","floor":7.0,"key":"SMITH"},{"data":"Shade:GreaterAnimation","floor":15.0,"key":"SMITH"},{"data":"Shade:CallOfTheGrave","floor":23.0,"key":"SMITH"},{"data":"Shade:SkeletonArmy","floor":30,"key":"SMITH"},{"floor":32,"key":"REST"}],"circlet_count":0,"master_deck":["AscendersBane","Shade:Defend_Shade","Shade:Defend_Shade+1","Shade:Defend_Shade+1","Shade:Defend_Shade","Shade:AnimateDead","Shade:CarefulCut","Shade:Asphyxiate+1","Shade:Bite_Shade","Shade:CallOfTheGrave+1","Shade:GraveStillness","Shade:Carnophage","Shade:GreaterAnimation+1","Shade:GreyBargain","Shade:SkeletonArmy+1","Shade:StitchTogether","Shade:UnbarTheGrave","Shade:PotionOfRestlessness","Shade:Asphyxiate+1","Shade:PoundOfFlesh","Shade:DarkOfNight","Shade:AncientSpear","Bite","Bite","Bite","Bite","Bite","Shade:Excise","Shade:WallOfFlesh+1"],"relics":["Shade:YorickSkull","Thread and Needle","Omamori","Centennial Puzzle","Anchor","Pocketwatch","Bottled Flame","Velvet Choker","DollysMirror","Orichalcum","Strawberry","War Paint","Mummified Hand","Juzu Bracelet"],"acts_visited":["Exordium","TheCity"],"potions_floor_usage":[29,29,31],"damage_taken":[{"damage":0.0,"enemies":"2 Louse","floor":1.0,"turns":3.0},{"damage":0.0,"enemies":"Cultist","floor":2.0,"turns":3.0},{"damage":0.0,"enemies":"Small Slimes","floor":4.0,"turns":3.0},{"damage":29.0,"enemies":"3 Sentries","floor":6.0,"turns":8.0},{"damage":0.0,"enemies":"3 Louse","floor":8.0,"turns":6.0},{"damage":0.0,"enemies":"Gremlin Nob","floor":11.0,"turns":4.0},{"damage":0.0,"enemies":"2 Fungi Beasts","floor":12.0,"turns":2.0},{"damage":0.0,"enemies":"3 Sentries","floor":13.0,"turns":5.0},{"damage":0.0,"enemies":"Blue Slaver","floor":14.0,"turns":3.0},{"damage":11.0,"enemies":"Slime Boss","floor":16.0,"turns":8.0},{"damage":0.0,"enemies":"3 Byrds","floor":18.0,"turns":3.0},{"damage":14.0,"enemies":"Spheric Guardian","floor":21.0,"turns":5.0},{"damage":0.0,"enemies":"Centurion and Healer","floor":22.0,"turns":5.0},{"damage":16.0,"enemies":"Slavers","floor":24.0,"turns":5.0},{"damage":0.0,"enemies":"Snecko","floor":25.0,"turns":4.0},{"damage":0,"enemies":"Snake Plant","floor":27,"turns":2},{"damage":8,"enemies":"Book of Stabbing","floor":29,"turns":5},{"damage":37,"enemies":"Gremlin Leader","floor":31,"turns":6},{"damage":56,"enemies":"Automaton","floor":33,"turns":12}],"seed_played":"3060411682049105411","potions_obtained":[{"floor":1.0,"key":"EntropicBrew"},{"floor":2.0,"key":"Ancient Potion"},{"floor":4.0,"key":"LiquidBronze"},{"floor":8.0,"key":"Dexterity Potion"},{"floor":12.0,"key":"BlessingOfTheForge"},{"floor":18.0,"key":"Energy Potion"},{"floor":21.0,"key":"SneckoOil"},{"floor":27,"key":"Weak Potion"},{"floor":29,"key":"Strength Potion"},{"floor":31,"key":"Energy Potion"}],"is_trial":false,"path_per_floor":["M","M","?","M","T","E","R","M","T","?","E","M","E","M","R","B",null,"M","?","$","M","M","R","E","M","T","M","?","E","R","E","R","B"],"character_chosen":"SHADE","items_purchased":["DollysMirror","Orichalcum"],"campfire_rested":1,"item_purchase_floors":[20,20],"current_hp_per_floor":[59,59,53,55,55,32,32,36,36,52,54,54,54,56,56,54,62,62,51,51,39,43,43,36,38,38,38,38,47,47,20,35,0,0],"gold":224,"neow_bonus":"ONE_RARE_RELIC","is_daily":false,"chose_seed":false,"campfire_upgraded":4,"win_rate":0.0,"timestamp":1610510856,"path_taken":["M","M","?","?","?","E","R","M","T","?","E","M","E","M","R","BOSS","M","?","$","M","M","R","E","M","T","M","?","E","R","E","R","BOSS"],"items_purchased_type":["Relic","Relic"],"build_version":"2020-12-22","purchased_purges":0,"victory":false,"max_hp_per_floor":[65,65,65,65,65,65,65,65,65,65,65,65,65,65,65,65,65,65,70,70,70,70,70,77,77,77,77,53,53,53,53,53,53,53],"relic_stats":{"Centennial Puzzle":[18],"counters":[19,88],"Mummified Hand":[10],"Juzu Bracelet":0,"Orichalcum":[126],"War Paint":["Shade:Defend_Shade","Shade:Defend_Shade"],"obtain_stats":[{"Shade:YorickSkull":0,"Velvet Choker":17,"Thread and Needle":0,"Omamori":5,"Juzu Bracelet":31,"Orichalcum":20,"War Paint":26,"Centennial Puzzle":6,"Anchor":9,"Bottled Flame":13,"DollysMirror":20,"Mummified Hand":29,"Strawberry":24,"Pocketwatch":11},{"Shade:YorickSkull":0,"Velvet Choker":10,"Thread and Needle":0,"Omamori":3,"Juzu Bracelet":18,"Orichalcum":11,"War Paint":15,"Centennial Puzzle":4,"Anchor":5,"Bottled Flame":8,"DollysMirror":11,"Mummified Hand":17,"Strawberry":14,"Pocketwatch":6},{"Shade:YorickSkull":0,"Velvet Choker":43,"Thread and Needle":0,"Omamori":9,"Juzu Bracelet":76,"Orichalcum":46,"War Paint":64,"Centennial Puzzle":17,"Anchor":23,"Bottled Flame":33,"DollysMirror":46,"Mummified Hand":71,"Strawberry":60,"Pocketwatch":27}],"Pocketwatch":[93]},"card_choices":[{"not_picked":["Shade:FeralStrike","Shade:Doomsay"],"picked":"Shade:Asphyxiate","floor":1.0},{"not_picked":["Shade:BoneShards","Shade:PressTheAttack"],"picked":"Shade:Bite_Shade","floor":2.0},{"not_picked":["Shade:AncientSpear","Shade:FeralStrike"],"picked":"Shade:CallOfTheGrave","floor":4.0},{"not_picked":["Shade:SpectralStrikes","Shade:ClawBack"],"picked":"Shade:GraveStillness","floor":6.0},{"not_picked":["Shade:FreshBones","Shade:Premonition"],"picked":"Shade:Carnophage","floor":8.0},{"not_picked":["Shade:DangerousRitual","Shade:PotionOfRestlessness"],"picked":"Shade:GreaterAnimation","floor":11.0},{"not_picked":["Shade:SkeletonHug","Shade:FuneraryArmor"],"picked":"Shade:GreyBargain","floor":12.0},{"not_picked":["Shade:FleshToFlesh","Shade:WallOfFlesh"],"picked":"Shade:SkeletonArmy","floor":13.0},{"not_picked":["Shade:FuneraryArmor","Shade:OpenGraves"],"picked":"Shade:StitchTogether","floor":14.0},{"not_picked":["Shade:Consume","Shade:SoulPierce"],"picked":"Shade:UnbarTheGrave","floor":16.0},{"not_picked":["Shade:CommandSoldier","Shade:FuneraryArmor"],"picked":"Shade:PotionOfRestlessness","floor":18.0},{"not_picked":["Shade:CoffinDance+1","Shade:WallOfFlesh","Shade:SkeletonHug"],"picked":"SKIP","floor":21.0},{"not_picked":["Shade:SkeletonHug","Shade:SensePrey"],"picked":"Shade:PoundOfFlesh","floor":22.0},{"not_picked":["Shade:RavenousHorde","Shade:FingerOfDeath"],"picked":"Shade:DarkOfNight","floor":24.0},{"not_picked":["Shade:FingerOfDeath","Shade:FreshBones+1"],"picked":"Shade:AncientSpear","floor":25.0},{"not_picked":["Shade:GoDigging+1","Shade:OpenGraves","Shade:Consume"],"picked":"SKIP","floor":27},{"not_picked":["Shade:SensePrey","Shade:AuraOfUnlife"],"picked":"Shade:Excise","floor":29},{"not_picked":["Shade:ClawBack","Shade:Excise"],"picked":"Shade:WallOfFlesh+1","floor":31}],"player_experience":1134104,"relics_obtained":[{"floor":5.0,"key":"Omamori"},{"floor":6.0,"key":"Centennial Puzzle"},{"floor":9.0,"key":"Anchor"},{"floor":11.0,"key":"Pocketwatch"},{"floor":13.0,"key":"Bottled Flame"},{"floor":24.0,"key":"Strawberry"},{"floor":26,"key":"War Paint"},{"floor":29,"key":"Mummified Hand"},{"floor":31,"key":"Juzu Bracelet"}],"event_choices":[{"damage_healed":0.0,"max_hp_gain":0.0,"max_hp_loss":0.0,"gold_gain":75.0,"event_name":"FaceTrader","player_choice":"Touch","floor":3.0,"gold_loss":0.0,"damage_taken":6.0},{"damage_healed":16.0,"max_hp_gain":0.0,"max_hp_loss":0.0,"gold_gain":0.0,"event_name":"The Cleric","player_choice":"Healed","floor":10.0,"gold_loss":35.0,"damage_taken":0.0},{"damage_healed":0.0,"max_hp_gain":5.0,"max_hp_loss":0.0,"gold_gain":0.0,"event_name":"Forgotten Altar","player_choice":"Shed Blood","floor":19.0,"gold_loss":0.0,"damage_taken":16.0},{"damage_healed":0,"gold_gain":0,"player_choice":"Became a vampire","damage_taken":0,"max_hp_gain":0,"max_hp_loss":24,"event_name":"Vampires","floor":28,"gold_loss":0,"cards_obtained":["Bite","Bite","Bite","Bite","Bite"]}],"is_beta":false,"boss_relics":[{"not_picked":["Empty Cage","Runic Dome"],"picked":"Velvet Choker"}],"items_purged_floors":[],"is_endless":false,"potions_floor_spawned":[1,2,4,8,12,18,21,27,29,31],"killed_by":"Automaton","ascension_level":10}}