{"host":"aj6dldabq8s02zuz","time":1610581075,"event":{"mods":["BaseMod","Block Reminder","Colored Map","Custom Start","Downfall","Hermit","Highlight Path","Hubris","Minty Spire (QoL Compilation)","Permanent Neow","Quick Restart","Relic Sorter","Replay The Spire","StSLib","The Blue Laboratory","The Jungle","TheArtist","Wandering Minibosses"],"gold_per_floor":[99,114,127,197,216,141,141,158,158,168,168,184,109,120,133,236,236,236,248,263,263,39,99,99,99,99,99],"floor_reached":25,"language":"ENG","playtime":1368,"items_purged":[],"score":222,"play_id":"24b43279-1a60-4d5d-a86a-1115343235dd","local_time":"20210113173755","is_ascension_mode":false,"campfire_choices":[{"floor":1,"key":"RECALL"},{"data":"Slimebound:SlimeSpikes","floor":6,"key":"SMITH"},{"data":"Slimebound:LivingWall","floor":13,"key":"SMITH"},{"data":"Slimebound:OozeBath","floor":18,"key":"SMITH"},{"data":"Slimebound:Gluttony","floor":18,"key":"SMITH"}],"circlet_count":0,"master_deck":["Slimebound:Strike_Slimebound","Slimebound:Strike_Slimebound","Slimebound:Strike_Slimebound","Slimebound:Tackle","Slimebound:Defend_Slimebound","Slimebound:Defend_Slimebound","Slimebound:Defend_Slimebound","Slimebound:Defend_Slimebound","Slimebound:Split","Slimebound:CorrosiveSpit","Slimebound:SplitMire","Slimebound:SamplingLick","Slimebound:SlimeSpikes+1","Slimebound:LeechingTouch","Slimebound:ItLooksTasty","Slimebound:SplitMire","Regret","Slimebound:LivingWall+1","Slimebound:Gluttony+1","Slimebound:PressTheAttack","Slimebound:OozeBath+1","Injury","Injury","Doubt","Slimebound:GoopSpray","Slimebound:FormOfPuddle","Slimebound:SlimeBarrage+1"],"relics":["Slimebound:AbsorbEndCombat","downfall:HeartBlessingRed","Pen Nib","downfall:HeartBlessingBlue","Replay:Ancient Bell","hubris:TenFootPole","ReplayTheSpireMod:Ninjato","Replay:Arrowhead","downfall:KnowingSkull","Mercury Hourglass","Bottled Flame"],"acts_visited":["Exordium","TheCity"],"potions_floor_usage":[4],"damage_taken":[{"damage":4,"enemies":"2 Louse","floor":2,"turns":3},{"damage":15,"enemies":"Jaw Worm","floor":3,"turns":3},{"damage":12,"enemies":"Cultist","floor":5,"turns":3},{"damage":26,"enemies":"2 Fungi Beasts","floor":8,"turns":3},{"damage":11,"enemies":"Large Slime","floor":10,"turns":4},{"damage":15,"enemies":"Blue Slaver","floor":12,"turns":3},{"damage":30,"enemies":"2 Fungi Beasts","floor":14,"turns":3},{"damage":8,"enemies":"Blue Slaver","floor":15,"turns":3},{"damage":61,"enemies":"downfall:Ironclad","floor":16,"turns":9},{"damage":55,"enemies":"3 Byrds","floor":19,"turns":6},{"damage":45,"enemies":"Centurion and Healer","floor":20,"turns":5},{"damage":18,"enemies":"downfall:FleeingMerchant","floor":22,"turns":4},{"damage":22,"enemies":"3 Cultists","floor":23,"turns":4},{"damage":45,"enemies":"Book of Stabbing","floor":25,"turns":4}],"seed_played":"439702863723572726","potions_obtained":[{"floor":0,"key":"blueLaboratory:StoneskinPotion"},{"floor":0,"key":"hexamod:EctoCoolerPotion"},{"floor":0,"key":"SkillPotion"},{"floor":4,"key":"Fruit Juice"},{"floor":4,"key":"Toxic Potion"}],"is_trial":false,"path_per_floor":["R_BF","M","M","?","M","R","T","M","?","M","?","M","R","M","M","B",null,"R","M","M","?","$","M","T","E"],"character_chosen":"SLIMEBOUND","items_purchased":["Mercury Hourglass"],"campfire_rested":0,"item_purchase_floors":[22],"current_hp_per_floor":[60,60,57,62,65,65,65,49,49,65,65,58,68,62,74,58,75,75,49,36,33,27,33,33,0,0,0],"gold":99,"neow_bonus":"THREE_SMALL_POTIONS","is_daily":false,"chose_seed":false,"campfire_upgraded":4,"win_rate":0.0,"timestamp":1610581075,"path_taken":["R_BF","M","M","?","M","R","T","M","?","M","?","M","R","?","M","BOSS","R","M","M","?","$","?","T","E"],"items_purchased_type":["Relic"],"build_version":"2020-12-22","purchased_purges":0,"victory":false,"max_hp_per_floor":[60,60,60,65,65,65,65,65,65,65,65,65,75,75,75,75,75,75,75,75,75,75,75,75,75,75,75],"card_choices":[{"not_picked":["Slimebound:LeechEnergy","Slimebound:ComboTackle"],"picked":"Slimebound:SplitMire","floor":2},{"not_picked":["Slimebound:GrowthPunch","Slimebound:Replication"],"picked":"Slimebound:SamplingLick","floor":3},{"not_picked":["Slimebound:GoopSpray","Slimebound:SplitBruiser"],"picked":"Slimebound:SlimeSpikes","floor":4},{"not_picked":["Slimebound:RallyTheTroops","Slimebound:SlimeSpikes"],"picked":"Slimebound:LeechingTouch","floor":5},{"not_picked":["Slimebound:FinishingTackle","Slimebound:Repurpose"],"picked":"Slimebound:ItLooksTasty","floor":8},{"not_picked":["Slimebound:GrowthPunch","Slimebound:PressTheAttack"],"picked":"Slimebound:SplitMire","floor":10},{"not_picked":["Slimebound:SlimeBrawl","Slimebound:SlimeTap"],"picked":"Slimebound:LivingWall","floor":12},{"not_picked":["Slimebound:SplitBruiser","Slimebound:LeechingTouch"],"picked":"Slimebound:Gluttony","floor":14},{"not_picked":["Slimebound:LivingWall","Slimebound:BestDefense"],"picked":"Slimebound:PressTheAttack","floor":15},{"not_picked":["Slimebound:Teamwork","Slimebound:LeechLife"],"picked":"Slimebound:OozeBath","floor":16},{"not_picked":["Decay","sneckomod:Bewildered"],"picked":"Injury","floor":17},{"not_picked":["Clumsy","Hallucinations"],"picked":"Injury","floor":17},{"not_picked":["Normality","Pain"],"picked":"Doubt","floor":17},{"not_picked":["Slimebound:FlameTackle","Slimebound:PressTheAttack"],"picked":"Slimebound:GoopSpray","floor":19},{"not_picked":["Slimebound:LeechingTouch","Slimebound:Nibble+1"],"picked":"Slimebound:FormOfPuddle","floor":20},{"not_picked":["Slimebound:FormOfPuddle","Slimebound:OneTwoCombo"],"picked":"Slimebound:SlimeBarrage+1","floor":22},{"not_picked":["Slimebound:Equalize","Slimebound:SplitBruiser","Slimebound:RainOfGoop+1"],"picked":"SKIP","floor":23}],"player_experience":7704,"relics_obtained":[{"floor":24,"key":"Bottled Flame"}],"event_choices":[{"damage_healed":0,"gold_gain":0,"player_choice":"Box","damage_taken":0,"relics_obtained":["Pen Nib"],"max_hp_gain":0,"max_hp_loss":0,"event_name":"Big Fish","floor":11,"gold_loss":0,"cards_obtained":["Regret"]}],"is_beta":false,"boss_relics":[{"not_picked":["hubris:VirtuousBlindfold","SlaversCollar"],"picked":"Replay:Ancient Bell"},{"not_picked":["ReplayFunnel","Toy Ornithopter"],"picked":"hubris:TenFootPole"},{"not_picked":["hubris:BottledRain","White Beast Statue"],"picked":"ReplayTheSpireMod:Ninjato"},{"not_picked":["Replay:Multitool","hubris:BundleOfHerbs"],"picked":"Replay:Arrowhead"}],"items_purged_floors":[],"is_endless":false,"potions_floor_spawned":[2,5,12,20,23],"killed_by":"Book of Stabbing","ascension_level":0}}