{"host":"sxnl403xm2xmiyj1","time":1610528987,"event":{"mods":["AchievementEnabler","BaseMod","Colored Map","Keyboard Shortcuts","Minty Spire (QoL Compilation)","Quick Restart","StSLib","SuperFastMode"],"gold_per_floor":[117,117,137,0,17,43,43,43,43],"floor_reached":8,"language":"KOR","playtime":115,"items_purged":[],"score":109,"play_id":"11ab6b78-4b04-44c5-9a47-8f12decdf5d7","local_time":"20210113180947","is_ascension_mode":true,"campfire_choices":[{"data":"Coolheaded","floor":7,"key":"SMITH"}],"circlet_count":0,"master_deck":["AscendersBane","Strike_B","Strike_B","Strike_B","Strike_B","Defend_B","Defend_B","Defend_B","Zap","Dualcast","Genetic Algorithm","Coolheaded+1","Capacitor","Leap","Echo Form"],"relics":["Cracked Core","NeowsBlessing","Darkstone Periapt"],"acts_visited":["Exordium"],"potions_floor_usage":[6,6],"damage_taken":[{"damage":0,"enemies":"Small Slimes","floor":1,"turns":1},{"damage":0,"enemies":"Cultist","floor":3,"turns":1},{"damage":0,"enemies":"Jaw Worm","floor":5,"turns":1},{"damage":37,"enemies":"Gremlin Nob","floor":6,"turns":4},{"damage":20,"enemies":"3 Sentries","floor":8,"turns":4}],"seed_played":"-1281028168760835107","potions_obtained":[{"floor":1,"key":"Fire Potion"},{"floor":5,"key":"DuplicationPotion"}],"is_trial":false,"path_per_floor":["M","?","M","$","M","E","R","E"],"character_chosen":"DEFECT","items_purchased":["Capacitor","Leap"],"campfire_rested":0,"item_purchase_floors":[4,4],"current_hp_per_floor":[64,64,64,64,64,27,27,7,7],"gold":43,"neow_bonus":"THREE_ENEMY_KILL","is_daily":false,"chose_seed":false,"campfire_upgraded":1,"win_rate":0.0,"timestamp":1610528987,"path_taken":["M","?","M","$","?","E","R","E"],"items_purchased_type":["Card","Card"],"build_version":"2020-12-22","purchased_purges":0,"victory":false,"max_hp_per_floor":[71,71,71,71,71,71,71,71,71],"card_choices":[{"not_picked":["Recycle","Compile Driver"],"picked":"Genetic Algorithm","floor":1},{"not_picked":["Steam","Darkness"],"picked":"Coolheaded","floor":3},{"not_picked":["Darkness","Sweeping Beam","Leap"],"picked":"SKIP","floor":5},{"not_picked":["Static Discharge","Turbo"],"picked":"Echo Form","floor":6}],"player_experience":163714,"relics_obtained":[{"floor":6,"key":"Darkstone Periapt"}],"event_choices":[{"cards_removed":["Defend_B"],"damage_healed":0,"gold_gain":0,"player_choice":"Offered Basic","damage_taken":0,"max_hp_gain":0,"max_hp_loss":0,"event_name":"Bonfire Elementals","floor":2,"gold_loss":0}],"is_beta":false,"boss_relics":[],"items_purged_floors":[],"is_endless":false,"potions_floor_spawned":[1,5],"killed_by":"3 Sentries","ascension_level":19}}