{"host":"3oax8yz66k5njorr","time":1610544476,"event":{"mods":["AchievementEnabler","BaseMod","Colored Map","Colored Powertips","DeckTracker","Minty Spire (QoL Compilation)","Rare Cards Sparkle"],"gold_per_floor":[112,131,147,167,178,213,213,213,265,291,304,316,336,353,353,457,457,467,448,5,5,104,104,104],"floor_reached":23,"language":"KOR","playtime":1260,"items_purged":["Strike_G"],"score":207,"play_id":"5f338894-1a27-4f1a-a73f-f33e538572a6","local_time":"20210113222756","is_ascension_mode":false,"campfire_choices":[{"floor":8,"key":"REST"},{"floor":15,"key":"REST"}],"circlet_count":0,"master_deck":["Strike_G+1","Strike_G+1","Strike_G+1","Defend_G+1","Defend_G+1","Defend_G+1","Defend_G+1","Defend_G+1","Survivor","Neutralize","Footwork","Blade Dance","Skewer","Blur","Tactician","Burst","Bouncing Flask","Blur","Tools of the Trade","Dagger Spray","Bane","Corpse Explosion","Outmaneuver+1","Prepared+1","After Image","Blade Dance"],"relics":["Ring of the Snake","Gremlin Horn","Oddly Smooth Stone","Eternal Feather","SlaversCollar","Ornamental Fan"],"acts_visited":["Exordium","TheCity"],"potions_floor_usage":[10,14,16,16,19],"damage_taken":[{"damage":0,"enemies":"Small Slimes","floor":1,"turns":3},{"damage":0,"enemies":"Cultist","floor":2,"turns":3},{"damage":3,"enemies":"Jaw Worm","floor":3,"turns":2},{"damage":14,"enemies":"Large Slime","floor":4,"turns":8},{"damage":3,"enemies":"Exordium Wildlife","floor":5,"turns":4},{"damage":29,"enemies":"Lagavulin","floor":6,"turns":9},{"damage":27,"enemies":"Gremlin Nob","floor":10,"turns":5},{"damage":0,"enemies":"3 Louse","floor":11,"turns":5},{"damage":0,"enemies":"Large Slime","floor":12,"turns":6},{"damage":6,"enemies":"Gremlin Gang","floor":13,"turns":6},{"damage":4,"enemies":"Exordium Thugs","floor":14,"turns":6},{"damage":35,"enemies":"The Guardian","floor":16,"turns":11},{"damage":24,"enemies":"Shell Parasite","floor":18,"turns":6},{"damage":26,"enemies":"2 Thieves","floor":19,"turns":4},{"damage":23,"enemies":"Slavers","floor":23,"turns":3}],"seed_played":"8536734410643279441","potions_obtained":[{"floor":3,"key":"SneckoOil"},{"floor":5,"key":"SmokeBomb"},{"floor":6,"key":"EssenceOfSteel"},{"floor":11,"key":"BlessingOfTheForge"},{"floor":12,"key":"DuplicationPotion"},{"floor":13,"key":"SkillPotion"},{"floor":16,"key":"Swift Potion"},{"floor":19,"key":"Swift Potion"}],"is_trial":false,"path_per_floor":["M","M","M","M","M","E","?","R","T","E","M","M","M","M","R","B",null,"M","M","$","?","?","E"],"character_chosen":"THE_SILENT","items_purchased":["After Image","Ornamental Fan","Blade Dance"],"campfire_rested":2,"item_purchase_floors":[20,20,20],"current_hp_per_floor":[70,70,67,53,50,21,21,42,42,15,15,15,9,5,38,3,70,46,20,20,20,20,0,0],"gold":104,"neow_bonus":"THREE_CARDS","is_daily":false,"chose_seed":false,"campfire_upgraded":0,"win_rate":0.0,"timestamp":1610544476,"path_taken":["M","M","M","M","M","E","?","R","T","E","M","M","M","?","R","BOSS","M","M","$","?","?","E"],"items_purchased_type":["Card","Relic","Card"],"build_version":"2020-12-22","purchased_purges":1,"victory":false,"max_hp_per_floor":[70,70,70,70,70,70,70,70,70,70,70,70,70,70,70,70,70,70,70,70,70,70,70,70],"card_choices":[{"not_picked":["Deadly Poison","Flechettes"],"picked":"Footwork","floor":0},{"not_picked":["Slice","Dagger Throw"],"picked":"Blade Dance","floor":1},{"not_picked":["Blade Dance","Calculated Gamble"],"picked":"Skewer","floor":2},{"not_picked":["Skewer","Sucker Punch"],"picked":"Blur","floor":3},{"not_picked":["Sucker Punch","Acrobatics"],"picked":"Tactician","floor":4},{"not_picked":["Crippling Poison","Slice"],"picked":"Burst","floor":5},{"not_picked":["Skewer","Dagger Throw"],"picked":"Bouncing Flask","floor":6},{"not_picked":["Blur","Cloak And Dagger"],"picked":"Tools of the Trade","floor":10},{"not_picked":["All Out Attack","Slice","Well Laid Plans"],"picked":"SKIP","floor":11},{"not_picked":["Acrobatics","Outmaneuver"],"picked":"Dagger Spray","floor":12},{"not_picked":["Dagger Throw","Crippling Poison","Backflip"],"picked":"SKIP","floor":13},{"not_picked":["Slice","Riddle With Holes"],"picked":"Bane","floor":14},{"not_picked":["Die Die Die","Venomology"],"picked":"Corpse Explosion","floor":16},{"not_picked":["Backstab","Acrobatics"],"picked":"Outmaneuver+1","floor":18},{"not_picked":["Backstab","Slice"],"picked":"Prepared+1","floor":19}],"player_experience":42190,"relics_obtained":[{"floor":6,"key":"Gremlin Horn"},{"floor":9,"key":"Oddly Smooth Stone"},{"floor":10,"key":"Eternal Feather"}],"event_choices":[{"damage_healed":0,"gold_gain":0,"cards_transformed":["Strike_G"],"player_choice":"Transformed","damage_taken":0,"max_hp_gain":0,"max_hp_loss":0,"event_name":"Transmorgrifier","floor":7,"gold_loss":0,"cards_obtained":["Blur"]},{"damage_healed":0,"gold_gain":0,"player_choice":"Simplicity","damage_taken":0,"max_hp_gain":0,"max_hp_loss":0,"event_name":"Back to Basics","floor":21,"gold_loss":0,"cards_upgraded":["Strike_G","Strike_G","Strike_G","Defend_G","Defend_G","Defend_G","Defend_G","Defend_G"]},{"damage_healed":0,"gold_gain":99,"player_choice":"Stole From Cult","damage_taken":0,"max_hp_gain":0,"max_hp_loss":0,"event_name":"Nest","floor":22,"gold_loss":0}],"is_beta":false,"boss_relics":[{"not_picked":["Empty Cage","Black Star"],"picked":"SlaversCollar"}],"items_purged_floors":[20],"is_endless":false,"potions_floor_spawned":[3,5,6,11,12,13,16,19],"killed_by":"Slavers","ascension_level":0}}