{"host":"daa8jqyg4gqfaysm","time":1610522139,"event":{"mods":["BaseMod","Colored Powertips","Minty Spire (QoL Compilation)","StSLib"],"gold_per_floor":[115,165,36,111,124,124,141,141,167,15,41,41,52,86,86,86,86],"floor_reached":16,"language":"ENG","playtime":600,"items_purged":["Shame"],"score":216,"play_id":"b28ca7ee-9f20-49af-adac-11cbef82e527","local_time":"20210113151539","is_ascension_mode":true,"campfire_choices":[{"data":"Sucker Punch","floor":6.0,"key":"SMITH"},{"data":"Terror","floor":8.0,"key":"SMITH"},{"data":"A Thousand Cuts","floor":12.0,"key":"SMITH"},{"data":"Glass Knife","floor":15.0,"key":"SMITH"}],"circlet_count":0,"master_deck":["AscendersBane","Strike_G","Strike_G","Strike_G","Strike_G","Strike_G","Defend_G","Defend_G","Defend_G","Defend_G","Defend_G","Survivor","Neutralize","Sucker Punch+1","Flying Knee","Terror+1","Glass Knife+1","A Thousand Cuts+1","Backflip"],"relics":["Ring of the Snake","Calipers","Happy Flower","Matryoshka","Blood Vial"],"acts_visited":["Exordium"],"potions_floor_usage":[16],"damage_taken":[{"damage":4.0,"enemies":"Small Slimes","floor":1.0,"turns":5.0},{"damage":0.0,"enemies":"Cultist","floor":5.0,"turns":4.0},{"damage":5.0,"enemies":"Jaw Worm","floor":7.0,"turns":4.0},{"damage":5.0,"enemies":"Gremlin Nob","floor":11.0,"turns":3.0},{"damage":0.0,"enemies":"3 Louse","floor":13.0,"turns":1.0},{"damage":9.0,"enemies":"3 Sentries","floor":14.0,"turns":6.0},{"damage":18,"enemies":"The Guardian","floor":16,"turns":9}],"seed_played":"4935107051364783708","potions_obtained":[{"floor":5.0,"key":"Explosive Potion"},{"floor":11.0,"key":"SpeedPotion"},{"floor":13.0,"key":"Weak Potion"},{"floor":14.0,"key":"Weak Potion"}],"is_trial":false,"path_per_floor":["M","?","$","?","M","R","M","R","T","$","E","R","M","E","R","B"],"character_chosen":"THE_SILENT","items_purchased":["Strength Potion","Glass Knife"],"campfire_rested":0,"item_purchase_floors":[3,10],"current_hp_per_floor":[55,49,49,38,38,38,33,33,33,33,28,28,28,19,19,3,3],"gold":86,"neow_bonus":"ONE_RARE_RELIC","is_daily":false,"chose_seed":false,"campfire_upgraded":4,"win_rate":0.0,"timestamp":1610522139,"path_taken":["M","?","$","?","?","R","M","R","T","$","E","R","M","E","R","BOSS"],"items_purchased_type":["Potion","Card"],"build_version":"2020-12-22","purchased_purges":1,"victory":false,"max_hp_per_floor":[66,66,66,66,66,66,66,66,66,66,66,66,66,66,66,66,66],"card_choices":[{"not_picked":["PiercingWail","Acrobatics"],"picked":"Sucker Punch","floor":1.0},{"not_picked":["Deadly Poison","Expertise"],"picked":"Flying Knee","floor":5.0},{"not_picked":["Footwork","Concentrate"],"picked":"Terror","floor":7.0},{"not_picked":["Tactician","Masterful Stab"],"picked":"A Thousand Cuts","floor":11.0},{"not_picked":["Flying Knee","Prepared","Bane"],"picked":"SKIP","floor":13.0},{"not_picked":["Quick Slash","Glass Knife"],"picked":"Backflip","floor":14.0}],"player_experience":808882,"relics_obtained":[{"floor":9.0,"key":"Happy Flower"},{"floor":11.0,"key":"Matryoshka"},{"floor":14.0,"key":"Blood Vial"}],"event_choices":[{"damage_healed":0.0,"max_hp_gain":0.0,"max_hp_loss":0.0,"gold_gain":50.0,"event_name":"FaceTrader","player_choice":"Touch","floor":2.0,"gold_loss":0.0,"damage_taken":6.0},{"damage_healed":0.0,"max_hp_gain":0.0,"max_hp_loss":0.0,"gold_gain":75.0,"event_name":"World of Goop","player_choice":"Gather Gold","floor":4.0,"gold_loss":0.0,"damage_taken":11.0}],"is_beta":false,"boss_relics":[],"items_purged_floors":[3],"is_endless":false,"potions_floor_spawned":[5,11,13,14],"killed_by":"The Guardian","ascension_level":20}}