{"host":"mai03x2ekbjy4059","time":1610521134,"event":{"mods":["2.2 Compatiblity","BaseMod","DeckTracker","Highlight Path","Keyboard Shortcuts","Minty Spire (QoL Compilation)","Permanent Neow","Quick Restart","SuperFastMode","everything is the same but u backflip on backflip"],"gold_per_floor":[20,32,32,32,47,47,47],"floor_reached":6,"language":"KOR","playtime":182,"items_purged":[],"score":63,"play_id":"973afbe4-c3be-4086-a9a9-511e3b7e91bb","local_time":"20210113155854","is_ascension_mode":true,"campfire_choices":[],"circlet_count":0,"master_deck":["AscendersBane","Strike_P","Strike_P","Defend_P","Defend_P","Defend_P","Eruption+1","Vigilance+1","Omniscience","Brilliance"],"relics":["PureWater"],"acts_visited":["Exordium"],"potions_floor_usage":[],"damage_taken":[{"damage":5.0,"enemies":"2 Louse","floor":1.0,"turns":3.0},{"damage":7.0,"enemies":"Jaw Worm","floor":2.0,"turns":3.0},{"damage":0.0,"enemies":"Small Slimes","floor":5.0,"turns":2.0},{"damage":23,"enemies":"Gremlin Nob","floor":6,"turns":4}],"seed_played":"5959059058136645859","potions_obtained":[{"floor":2.0,"key":"SmokeBomb"}],"is_trial":false,"path_per_floor":["M","M","?","?","M","E"],"character_chosen":"WATCHER","items_purchased":[],"campfire_rested":0,"item_purchase_floors":[],"current_hp_per_floor":[56,49,49,29,29,6,6],"gold":47,"neow_bonus":"TRANSFORM_TWO_CARDS","is_daily":false,"chose_seed":false,"campfire_upgraded":0,"win_rate":0.0,"timestamp":1610521134,"path_taken":["M","M","?","?","?","E"],"items_purchased_type":[],"build_version":"2020-12-22","purchased_purges":0,"victory":false,"max_hp_per_floor":[68,68,68,68,68,68,68],"card_choices":[{"not_picked":["EmptyBody","Halt","ClearTheMind"],"picked":"SKIP","floor":1.0},{"not_picked":["FlurryOfBlows","Tantrum","WreathOfFlame"],"picked":"SKIP","floor":2.0},{"not_picked":["FlyingSleeves","CrushJoints","ThirdEye"],"picked":"SKIP","floor":5.0}],"player_experience":1078520,"relics_obtained":[],"event_choices":[{"cards_removed":["Strike_P"],"damage_healed":0.0,"max_hp_gain":0.0,"max_hp_loss":0.0,"gold_gain":0.0,"event_name":"Living Wall","player_choice":"Forget","floor":3.0,"gold_loss":0.0,"damage_taken":0.0},{"damage_healed":0.0,"max_hp_gain":0.0,"max_hp_loss":0.0,"gold_gain":0.0,"event_name":"Shining Light","player_choice":"Entered Light","floor":4.0,"gold_loss":0.0,"damage_taken":20.0,"cards_upgraded":["Eruption","Vigilance"]}],"is_beta":false,"boss_relics":[],"items_purged_floors":[],"is_endless":false,"potions_floor_spawned":[2],"killed_by":"Gremlin Nob","ascension_level":15}}