{"host":"fmwbmnqnrup981we","time":1610575753,"event":{"mods":["AchievementEnabler","Act Like it!","BaseMod","Better Match","Better Note","Better Skull","Better Synergies","Better Third Choice","Better Vampires","Block Reminder","Curses Come First","Downfall","Duelist Mod","Elementarium","GungeonMod","HexUI Lib","HornydragonMod","Marked Mod","Minty Spire (QoL Compilation)","Pikachu Mod","Quick Restart","Relic Stats","SIMod","StSLib","The Bug Knight","The Death Knight","The Forsaken","The Marked","The Necromancer","The Runesmith","The Servant 0.9.4","The Wild Card","TheHero","TheVacant","TheVelvet","Transform Curses","Waifu the Spire","Yuri Mod","everything is the same but u backflip on backflip"],"gold_per_floor":[114,114,133,143,154,182,195,221,266,266,299,90,101,101,101,206,206,217,217,263,278,278,278,306,316,316,316,316,345,345,373,373,373,373],"floor_reached":33,"language":"ENG","playtime":1398,"items_purged":["Defend_P"],"score":392,"play_id":"ad7b008c-5ab7-4877-b31f-7278e4203346","local_time":"20210113220913","is_ascension_mode":true,"campfire_choices":[{"floor":10,"key":"REST"},{"floor":15,"key":"RECALL"},{"floor":23,"key":"REST"},{"floor":28,"key":"REST"},{"floor":32,"key":"REST"}],"circlet_count":0,"master_deck":["Strike_P","Strike_P","Strike_P","Defend_P","Defend_P","Defend_P","Eruption","Vigilance","Evaluate","FlurryOfBlows+1","EmptyBody","DeceiveReality","InnerPeace","Halt","SashWhip","Good Instincts","EmptyFist","JustLucky","DevaForm","BowlingBash","Slimebound:CheckThePlaybook","Prostrate","BattleHymn","Consecrate"],"relics":["PureWater","DemoMod:Metronome","Regal Pillow","Bronze Scales","Black Star","Oddly Smooth Stone","Blue Candle","TeardropLocket","DemoMod:OrangeGuonStone","Ginger","Bottled Lightning","Lantern","Vajra","StrikeDummy"],"acts_visited":["Exordium","TheCity"],"potions_floor_usage":[6,8,16,16,31,33,33],"damage_taken":[{"damage":3,"enemies":"Jaw Worm","floor":1,"turns":4},{"damage":0,"enemies":"Cultist","floor":3,"turns":2},{"damage":4,"enemies":"Small Slimes","floor":4,"turns":6},{"damage":5,"enemies":"Looter","floor":5,"turns":3},{"damage":11,"enemies":"3 Sentries","floor":6,"turns":9},{"damage":3,"enemies":"Exordium Thugs","floor":7,"turns":6},{"damage":32,"enemies":"Lagavulin","floor":8,"turns":9},{"damage":0,"enemies":"3 Sentries","floor":11,"turns":8},{"damage":0,"enemies":"Large Slime","floor":13,"turns":5},{"damage":2,"enemies":"Hexaghost","floor":16,"turns":9},{"damage":42,"enemies":"Chosen","floor":18,"turns":6},{"damage":1,"enemies":"3 Byrds","floor":21,"turns":3},{"damage":26,"enemies":"theDuelist:KaibaA2","floor":24,"turns":8},{"damage":11,"enemies":"Shelled Parasite and Fungi","floor":25,"turns":6},{"damage":1,"enemies":"Gremlin Leader","floor":29,"turns":5},{"damage":25,"enemies":"Slavers","floor":31,"turns":6},{"damage":83,"enemies":"Champ","floor":33,"turns":7}],"seed_played":"-2743452941805500834","potions_obtained":[{"floor":3,"key":"Strength Potion"},{"floor":4,"key":"Fire Potion"},{"floor":8,"key":"champ:CounterPotion"},{"floor":11,"key":"champ:CounterPotion"},{"floor":16,"key":"champ:CounterPotion"},{"floor":25,"key":"sneckomod:MuddlingPotion"},{"floor":31,"key":"Fire Potion"}],"is_trial":false,"path_per_floor":["M","?","M","M","M","E","M","E","T","R","E","$","M","?","R","B",null,"M","?","T","M","?","R","E","M","T","?","R","E","?","E","R","B"],"character_chosen":"WATCHER","items_purchased":["Good Instincts","EmptyFist"],"campfire_rested":4,"item_purchase_floors":[12,12],"current_hp_per_floor":[69,72,72,68,63,52,49,17,17,53,53,53,53,53,53,51,72,30,30,30,29,29,65,39,28,28,28,64,63,63,38,72,0,0],"gold":373,"neow_bonus":"REMOVE_CARD","is_daily":false,"chose_seed":false,"campfire_upgraded":0,"win_rate":0.0,"timestamp":1610575753,"path_taken":["M","?","M","M","?","E","M","E","T","R","E","?","M","?","R","BOSS","M","?","?","M","?","R","E","M","T","?","R","E","?","E","R","BOSS"],"items_purchased_type":["Card","Card"],"build_version":"2020-12-22","purchased_purges":1,"victory":false,"max_hp_per_floor":[72,72,72,72,72,72,72,72,72,72,72,72,72,72,72,72,72,72,72,72,72,72,72,72,72,72,72,72,72,72,72,72,72,72],"relic_stats":{"Regal Pillow":58,"counters":[17,102],"Bronze Scales":[166],"Blue Candle":[2],"Black Star":3,"Ginger":[2],"obtain_stats":[{"Regal Pillow":8,"Lantern":29,"Blue Candle":22,"DemoMod:OrangeGuonStone":24,"Oddly Smooth Stone":20,"Vajra":31,"DemoMod:GlassGuonStoneRelic":4,"TeardropLocket":24,"Ginger":26,"DemoMod:Metronome":6,"Bronze Scales":11,"Black Star":17,"Bottled Lightning":29,"PureWater":0,"StrikeDummy":31},{"Regal Pillow":7,"Lantern":15,"Blue Candle":12,"DemoMod:OrangeGuonStone":13,"Oddly Smooth Stone":11,"Vajra":16,"DemoMod:GlassGuonStoneRelic":3,"TeardropLocket":13,"Ginger":14,"DemoMod:Metronome":5,"Bronze Scales":8,"Black Star":10,"Bottled Lightning":15,"PureWater":0,"StrikeDummy":16},{"Regal Pillow":39,"Lantern":89,"Blue Candle":70,"DemoMod:OrangeGuonStone":78,"Oddly Smooth Stone":67,"Vajra":95,"DemoMod:GlassGuonStoneRelic":12,"TeardropLocket":78,"Ginger":84,"DemoMod:Metronome":24,"Bronze Scales":47,"Black Star":61,"Bottled Lightning":89,"PureWater":0,"StrikeDummy":95}]},"card_choices":[{"not_picked":["BowlingBash","MarkedMod:GentlePulse","Indignation"],"picked":"SKIP","floor":1},{"not_picked":["PathToVictory","MarkedMod:FirstStrike"],"picked":"Evaluate","floor":3},{"not_picked":["ConjureBlade","Nirvana"],"picked":"FlurryOfBlows","floor":4},{"not_picked":["WindmillStrike","Sanctity"],"picked":"EmptyBody","floor":5},{"not_picked":["Swivel","MarkedMod:OneThousandNeedles"],"picked":"DeceiveReality","floor":6},{"not_picked":["MarkedMod:FirstStrike","WindmillStrike"],"picked":"InnerPeace","floor":7},{"not_picked":["Wireheading","Crescendo"],"picked":"Halt","floor":8},{"not_picked":["Pray","Wireheading"],"picked":"SashWhip","floor":11},{"not_picked":["Tantrum","MarkedMod:GentlePulse"],"picked":"JustLucky","floor":13},{"not_picked":["Establishment","MarkedMod:SlowDance"],"picked":"DevaForm","floor":16},{"not_picked":["ThirdEye","ClearTheMind"],"picked":"BowlingBash","floor":18},{"not_picked":["ClearTheMind","Protect+1"],"picked":"Prostrate","floor":21},{"not_picked":["WindmillStrike","ThirdEye"],"picked":"BattleHymn","floor":24},{"not_picked":["MarkedMod:FirstStrike","CutThroughFate","WreathOfFlame"],"picked":"SKIP","floor":25},{"not_picked":["EmptyFist","Crescendo"],"picked":"Consecrate","floor":29},{"not_picked":["Judgement","SandsOfTime","EmptyMind"],"picked":"SKIP","floor":31}],"player_experience":441805,"relics_obtained":[{"floor":6,"key":"DemoMod:Metronome"},{"floor":8,"key":"Regal Pillow"},{"floor":11,"key":"Bronze Scales"},{"floor":20,"key":"Oddly Smooth Stone"},{"floor":24,"key":"TeardropLocket"},{"floor":24,"key":"DemoMod:OrangeGuonStone"},{"floor":26,"key":"Ginger"},{"floor":29,"key":"Bottled Lightning"},{"floor":29,"key":"Lantern"},{"floor":31,"key":"Vajra"},{"floor":31,"key":"StrikeDummy"}],"event_choices":[{"damage_healed":3,"gold_gain":0,"player_choice":"Full Heal","damage_taken":0,"max_hp_gain":0,"max_hp_loss":0,"event_name":"Wheel of Change","floor":2,"gold_loss":0},{"damage_healed":0,"gold_gain":0,"player_choice":"Grow","damage_taken":0,"max_hp_gain":0,"max_hp_loss":0,"event_name":"Living Wall","floor":14,"gold_loss":0,"cards_upgraded":["FlurryOfBlows"]},{"damage_healed":0,"gold_gain":0,"player_choice":"Opened","damage_taken":0,"relics_obtained":["Blue Candle"],"max_hp_gain":0,"max_hp_loss":0,"event_name":"The Mausoleum","floor":22,"gold_loss":0},{"cards_removed":["Slimebound:Icky"],"damage_healed":0,"gold_gain":0,"player_choice":"Purged","damage_taken":0,"max_hp_gain":0,"max_hp_loss":0,"event_name":"Purifier","floor":30,"gold_loss":0}],"is_beta":false,"boss_relics":[{"not_picked":["Runic Pyramid","Velvet Choker"],"picked":"Black Star"}],"items_purged_floors":[12],"is_endless":false,"potions_floor_spawned":[3,4,8,11,16,25,31],"killed_by":"Champ","ascension_level":1}}