{"host":"z8galgznf6llawpn","time":1610562654,"event":{"mods":["AchievementEnabler","Act Like it!","Aspiration","BaseMod","Colored Map","Conspire","Defuse TimeMaze Blight","Friendly Minions","GifTheSpireLib","Hubris","Infinite Spire","Minty Spire (QoL Compilation)","Permanent Neow","Replay The Spire","Somnambulant","StSLib","Stuff the Spire","SuperFastMode","Unceasing Turn Reminder"],"gold_per_floor":[119,95,111,131,146,174,174,199,199,215,235,235,235,268,268,366,366,377,389,407,425,436,469,469,485,485,495,495,495,529,549,549,648,648,658,671,102,102,102,135,135,145,145,173,186,196,224,269,269,269,269,269,36,66,76],"floor_reached":56,"language":"ENG","playtime":6321,"items_purged":[],"score":1403,"play_id":"b1e5e43b-b5e2-4627-a806-f6d18e10c2bc","local_time":"20210113133054","is_ascension_mode":false,"campfire_choices":[{"floor":7,"key":"REST"},{"floor":13,"key":"REST"},{"floor":15,"key":"REST"},{"floor":24,"key":"REST"},{"floor":29,"key":"REST"},{"floor":32,"key":"REST"},{"floor":41,"key":"RECALL"},{"floor":49,"key":"DIG"},{"floor":52,"key":"DIG"}],"circlet_count":0,"master_deck":["somnambulantmod: SomnambulantStrike","somnambulantmod: SomnambulantStrike","somnambulantmod: SomnambulantStrike","somnambulantmod: SomnambulantStrike","somnambulantmod: SomnambulantStrike","somnambulantmod: Defend_Somnambulant","somnambulantmod: Defend_Somnambulant","somnambulantmod: Defend_Somnambulant","somnambulantmod: Defend_Somnambulant+1","somnambulantmod: Defend_Somnambulant+1","somnambulantmod: QuickNap+1","somnambulantmod: PrimingPunch+1","somnambulantmod: Unknow","somnambulantmod: HorrificThought+1","somnambulantmod: HeadSmack+1","somnambulantmod: NightmareFuel+1","somnambulantmod: Pinch+1","somnambulantmod: MuscleMemory","somnambulantmod: Trauma","somnambulantmod: Unburden+1","somnambulantmod: SleepParalysis","somnambulantmod: MindWave","somnambulantmod: DarkeningMind+1","somnambulantmod: HorrificThought+1","somnambulantmod: BrainFeeder+1","somnambulantmod: Unknow+1","somnambulantmod: Narcolepsy","somnambulantmod: SleepingBody","Master of Strategy","somnambulantmod: Remember+1","somnambulantmod: SleepingBody+1","somnambulantmod: Unburden","somnambulantmod: DeeperSleep","somnambulantmod: DarkeningMind"],"relics":["somnambulantmod: DreamJournal","NeowsBlessing","Quantum Egg","Snack Pack","The Courier","conspire:DecoderRing","Replay:Grab Bag","conspire:SlowCooker","Philosopher\u0027s Stone","conspire:SpecialSausage","Pet Ghost","StuffTheSpire:GrapeVine","War Paint","conspire:RunicOctahedron","aspiration:Nostalgia","Sizzling Blood","Bag of Marbles","Vajra","Replay:Baseball","Ancient Tea Set","Shovel","Gambling Chip","StuffTheSpire:NeowsTribute","StuffTheSpire:Wildfire","infinitespire:EmpoweringShard","aspiration:FrozenJewel","infinitespire:Midas Blood"],"acts_visited":["Exordium","TheCity","TheBeyond","TheEnding"],"potions_floor_usage":[20,23,23,47,47,48,54],"damage_taken":[{"damage":0,"enemies":"Cultist","floor":1,"turns":1},{"damage":0,"enemies":"Jaw Worm","floor":3,"turns":1},{"damage":0,"enemies":"2 Louse","floor":4,"turns":1},{"damage":13,"enemies":"Exordium Thugs","floor":5,"turns":5},{"damage":24,"enemies":"Lagavulin","floor":6,"turns":6},{"damage":25,"enemies":"Replay:BlueRogue","floor":8,"turns":5},{"damage":0,"enemies":"Gremlin Gang","floor":10,"turns":1},{"damage":3,"enemies":"Blue Slaver","floor":11,"turns":3},{"damage":25,"enemies":"Lagavulin","floor":14,"turns":5},{"damage":28,"enemies":"Slime Boss","floor":16,"turns":9},{"damage":33,"enemies":"2 Thieves","floor":18,"turns":3},{"damage":24,"enemies":"Spheric Guardian","floor":19,"turns":2},{"damage":12,"enemies":"Cultist and Chosen","floor":20,"turns":3},{"damage":1,"enemies":"conspire:HollyBat","floor":21,"turns":4},{"damage":43,"enemies":"3 Cultists","floor":22,"turns":4},{"damage":1,"enemies":"conspire:Head Lice","floor":23,"turns":8},{"damage":28,"enemies":"Snake Plant","floor":25,"turns":3},{"damage":0,"enemies":"Cultist and Chosen","floor":27,"turns":4},{"damage":6,"enemies":"Book of Stabbing","floor":30,"turns":5},{"damage":0,"enemies":"Snecko","floor":31,"turns":4},{"damage":19,"enemies":"hubris:MusketHawk","floor":33,"turns":6},{"damage":22,"enemies":"3 Darklings","floor":35,"turns":4},{"damage":18,"enemies":"3 Shapes","floor":36,"turns":4},{"damage":6,"enemies":"R_Hoarder","floor":40,"turns":5},{"damage":4,"enemies":"Transient","floor":42,"turns":5},{"damage":0,"enemies":"Nemesis","floor":44,"turns":7},{"damage":12,"enemies":"3 Darklings","floor":45,"turns":4},{"damage":0,"enemies":"Writhing Mass","floor":46,"turns":4},{"damage":14,"enemies":"Reptomancer","floor":47,"turns":5},{"damage":23,"enemies":"2 Orb Walkers","floor":48,"turns":7},{"damage":0,"enemies":"Time Eater","floor":50,"turns":8},{"damage":19,"enemies":"Shield and Spear","floor":54,"turns":6},{"damage":59,"enemies":"The Heart","floor":55,"turns":7}],"seed_played":"6681209219454933830","potions_obtained":[{"floor":3,"key":"Ancient Potion"},{"floor":8,"key":"Reflective Coating"},{"floor":10,"key":"PowerPotion"},{"floor":14,"key":"Regen Potion"},{"floor":21,"key":"Energy Potion"},{"floor":23,"key":"Strength Potion"},{"floor":31,"key":"SteroidPotion"},{"floor":46,"key":"Energy Potion"},{"floor":47,"key":"AttackPotion"},{"floor":48,"key":"Weak Potion"}],"is_trial":false,"path_per_floor":["M","$","M","M","M","E","R","E","T","M","M","?","R","E","R","B",null,"M","M","M","M","M","E","R","M","T","M","?","R","E","M","R","B",null,"M","M","$","?","?","E","R","M","T","E","M","M","E","?","R","B",null,"R","$","E","B",null],"character_chosen":"THE_SOMNAMBULANT","items_purchased":["somnambulantmod: HorrificThought","aspiration:Nostalgia","Bag of Marbles","Vajra","somnambulantmod: SleepingBody","Master of Strategy","somnambulantmod: DarkeningMind","aspiration:FrozenJewel"],"campfire_rested":6,"item_purchase_floors":[2,37,37,37,37,37,53,53],"current_hp_per_floor":[70,70,70,70,57,33,56,31,31,31,28,28,51,26,50,28,76,47,49,48,49,8,7,31,33,33,37,37,62,58,60,82,73,82,66,50,54,34,34,86,86,86,86,86,82,86,86,69,69,77,86,86,86,71,22],"gold":76,"neow_bonus":"THREE_ENEMY_KILL","is_daily":false,"chose_seed":false,"campfire_upgraded":0,"win_rate":0.0,"timestamp":1610562654,"path_taken":["M","?","M","M","M","E","R","E","T","M","M","?","R","E","R","BOSS","M","M","M","M","M","E","R","M","T","M","?","R","E","M","R","BOSS","M","M","$","?","?","E","R","M","T","E","?","M","E","?","R","BOSS","R","$","E","BOSS"],"items_purchased_type":["Card","Relic","Relic","Relic","Card","Card","Card","Relic"],"build_version":"2020-12-22","purchased_purges":0,"victory":true,"max_hp_per_floor":[70,70,70,70,70,70,72,72,72,72,72,72,74,74,76,76,76,76,76,76,76,76,76,78,78,78,78,78,80,80,80,82,82,82,82,82,86,86,86,86,86,86,86,86,86,86,86,86,86,86,86,86,86,86,86],"card_choices":[{"not_picked":["somnambulantmod: Cower","somnambulantmod: Stumble"],"picked":"somnambulantmod: Unknow","floor":1},{"not_picked":["somnambulantmod: ShimmeringVeil","somnambulantmod: PourItOut"],"picked":"somnambulantmod: HeadSmack","floor":3},{"not_picked":["somnambulantmod: HeadSmack","somnambulantmod: HeavyLids"],"picked":"somnambulantmod: NightmareFuel","floor":4},{"not_picked":["somnambulantmod: Unmake","somnambulantmod: Unknow"],"picked":"somnambulantmod: Pinch","floor":5},{"not_picked":["somnambulantmod: TrepanningBlow","somnambulantmod: HeadSmack"],"picked":"somnambulantmod: MuscleMemory","floor":6},{"not_picked":["somnambulantmod: TrepanningBlow","somnambulantmod: Unknow"],"picked":"somnambulantmod: Trauma","floor":8},{"not_picked":["somnambulantmod: Relive","somnambulantmod: SickeningSwathe"],"picked":"somnambulantmod: Unburden","floor":10},{"not_picked":["somnambulantmod: Bruise","somnambulantmod: Unmake","somnambulantmod: Extract"],"picked":"SKIP","floor":11},{"not_picked":["somnambulantmod: Unmake","somnambulantmod: UnthoughtKnown","somnambulantmod: Sleepyhead"],"picked":"SKIP","floor":14},{"not_picked":["somnambulantmod: GalaxyBrain","somnambulantmod: RuthlessStudy"],"picked":"somnambulantmod: SleepParalysis","floor":16},{"not_picked":["somnambulantmod: Wake+1","somnambulantmod: RecurringDream"],"picked":"somnambulantmod: MindWave","floor":18},{"not_picked":["somnambulantmod: Cower+1","somnambulantmod: TrepanningBlow","somnambulantmod: Bloom"],"picked":"SKIP","floor":19},{"not_picked":["somnambulantmod: UnthoughtKnown","somnambulantmod: Harden+1","somnambulantmod: PourItOut+1"],"picked":"SKIP","floor":20},{"not_picked":["somnambulantmod: UnthoughtKnown","somnambulantmod: PourItOut"],"picked":"somnambulantmod: DarkeningMind+1","floor":21},{"not_picked":["somnambulantmod: Remember","somnambulantmod: Unmake"],"picked":"somnambulantmod: HorrificThought+1","floor":22},{"not_picked":["somnambulantmod: Relive","somnambulantmod: Harden"],"picked":"somnambulantmod: BrainFeeder+1","floor":23},{"not_picked":["somnambulantmod: TimeCompression+1","somnambulantmod: Nosebleed"],"picked":"somnambulantmod: Unknow","floor":25},{"not_picked":["somnambulantmod: NightHaunts","somnambulantmod: Remember","somnambulantmod: ShowerThought+1"],"picked":"SKIP","floor":27},{"not_picked":["somnambulantmod: LayeredDefense","somnambulantmod: Cower","somnambulantmod: Harden"],"picked":"SKIP","floor":30},{"not_picked":["somnambulantmod: Cower","somnambulantmod: Extract+1","somnambulantmod: Overshare"],"picked":"SKIP","floor":31},{"not_picked":["somnambulantmod: Ignorance","somnambulantmod: Unburden"],"picked":"somnambulantmod: Narcolepsy","floor":33},{"not_picked":["somnambulantmod: Harden","somnambulantmod: Extract","somnambulantmod: MindWave+1"],"picked":"SKIP","floor":35},{"not_picked":["somnambulantmod: Relive+1","somnambulantmod: PillowFort+1","somnambulantmod: Harden"],"picked":"SKIP","floor":36},{"not_picked":["somnambulantmod: AllForNothing","somnambulantmod: Unknow"],"picked":"somnambulantmod: Remember+1","floor":40},{"not_picked":["somnambulantmod: Cower+1","somnambulantmod: BadIdea","somnambulantmod: Pinch"],"picked":"SKIP","floor":42},{"not_picked":["somnambulantmod: Remember+1","somnambulantmod: LeechFears","somnambulantmod: AllForNothing+1"],"picked":"SKIP","floor":44},{"not_picked":["somnambulantmod: Sleepyhead+1","somnambulantmod: Unmake","somnambulantmod: Withdraw"],"picked":"SKIP","floor":45},{"not_picked":["somnambulantmod: Trauma","somnambulantmod: Unknow"],"picked":"somnambulantmod: SleepingBody+1","floor":46},{"not_picked":["somnambulantmod: Sleepyhead+1","somnambulantmod: MindWave"],"picked":"somnambulantmod: Unburden","floor":47},{"not_picked":["somnambulantmod: HorrificThought","somnambulantmod: Unmake+1"],"picked":"somnambulantmod: DeeperSleep","floor":48},{"not_picked":["somnambulantmod: TrepanningBlow","somnambulantmod: Unknow","somnambulantmod: BrainFeeder"],"picked":"SKIP","floor":54}],"player_experience":383059,"relics_obtained":[{"floor":6,"key":"Quantum Egg"},{"floor":8,"key":"Snack Pack"},{"floor":9,"key":"The Courier"},{"floor":14,"key":"conspire:DecoderRing"},{"floor":23,"key":"Pet Ghost"},{"floor":26,"key":"StuffTheSpire:GrapeVine"},{"floor":30,"key":"War Paint"},{"floor":40,"key":"Ancient Tea Set"},{"floor":44,"key":"Shovel"},{"floor":47,"key":"Gambling Chip"},{"floor":48,"key":"StuffTheSpire:NeowsTribute"},{"floor":49,"key":"StuffTheSpire:Wildfire"},{"floor":52,"key":"infinitespire:EmpoweringShard"},{"floor":54,"key":"infinitespire:Midas Blood"}],"event_choices":[{"damage_healed":0,"gold_gain":0,"player_choice":"Upgraded","damage_taken":0,"max_hp_gain":0,"max_hp_loss":0,"event_name":"Upgrade Shrine","floor":28,"gold_loss":0,"cards_upgraded":["somnambulantmod: PrimingPunch"]},{"damage_healed":0,"gold_gain":0,"player_choice":"Gave Potion","damage_taken":0,"relics_obtained":["Replay:Baseball"],"max_hp_gain":0,"max_hp_loss":0,"event_name":"WeMeetAgain","floor":39,"gold_loss":0},{"damage_healed":0,"gold_gain":0,"player_choice":"Fight","damage_taken":0,"max_hp_gain":0,"max_hp_loss":0,"event_name":"Mysterious Sphere","floor":48,"gold_loss":0}],"is_beta":false,"boss_relics":[{"not_picked":["Runic Dome","aspiration:RandomNobGenerator"],"picked":"Replay:Grab Bag"},{"not_picked":["conspire:RoyalGoblet","aspiration:FutureDiary"],"picked":"conspire:SlowCooker"},{"not_picked":["Painkiller Herb","Replay:Wanted Poster"],"picked":"Philosopher\u0027s Stone"},{"not_picked":["aspiration:RunicSpoon","somnambulantmod: BrokenTimepiece"],"picked":"conspire:SpecialSausage"},{"not_picked":["SacredBark","aspiration:PoetsPen_weak"],"picked":"conspire:RunicOctahedron"}],"items_purged_floors":[],"is_endless":false,"potions_floor_spawned":[3,8,10,14,16,18,21,23,31,35,46,47,48],"ascension_level":0}}