{"host":"ao4lxi9bhtts409i","time":1610575836,"event":{"mods":["AchievementEnabler","BaseMod","Colored Map","Colored Powertips","Minty Spire (QoL Compilation)","SuperFastMode"],"gold_per_floor":[114,114,126,59,59,59,85,101,101,114,126,126,158,171,171,266,266,280,291,302,318,337,337,351,381,381,381,410,410,437,450,450,554,554,573,265,280,299,314,314,146,171,225,235,252,252,265,0,0,0,0],"floor_reached":50,"language":"ENG","playtime":2712,"items_purged":["Strike_B","Strike_B"],"score":578,"play_id":"587b61da-596b-46d6-8751-896d897ce8a9","local_time":"20210113231036","is_ascension_mode":true,"campfire_choices":[{"data":"Core Surge","floor":6,"key":"SMITH"},{"floor":12,"key":"REST"},{"floor":15,"key":"REST"},{"data":"Machine Learning","floor":23,"key":"SMITH"},{"floor":29,"key":"REST"},{"floor":32,"key":"REST"},{"data":"Defragment","floor":40,"key":"SMITH"},{"floor":46,"key":"REST"},{"floor":49,"key":"RECALL"}],"circlet_count":0,"master_deck":["Strike_B+1","Strike_B+1","Defend_B","Defend_B","Defend_B","Defend_B","Zap","Dualcast","Rainbow","Beam Cell","Conserve Battery","Defragment+1","Core Surge+1","Capacitor","Sweeping Beam","Self Repair","White Noise","Cold Snap","Electrodynamics","Machine Learning+1","Skim","Tempest","Static Discharge","Core Surge","Creative AI","Conserve Battery+1","Reboot","BootSequence+1","Defragment","White Noise+1","Turbo","Storm","Buffer","Stack"],"relics":["Cracked Core","Mummified Hand","Centennial Puzzle","HornCleat","Sozu","Whetstone","Mercury Hourglass","Boot","Bag of Marbles","Nuclear Battery","Chemical X","Vajra","Red Mask"],"acts_visited":["Exordium","TheCity","TheBeyond"],"potions_floor_usage":[16,25],"damage_taken":[{"damage":0,"enemies":"Cultist","floor":1,"turns":4},{"damage":4,"enemies":"Jaw Worm","floor":3,"turns":3},{"damage":32,"enemies":"3 Sentries","floor":7,"turns":7},{"damage":3,"enemies":"Small Slimes","floor":8,"turns":4},{"damage":7,"enemies":"3 Louse","floor":10,"turns":2},{"damage":31,"enemies":"Exordium Thugs","floor":11,"turns":5},{"damage":9,"enemies":"Lagavulin","floor":13,"turns":7},{"damage":0,"enemies":"Exordium Wildlife","floor":14,"turns":2},{"damage":9,"enemies":"The Guardian","floor":16,"turns":9},{"damage":6,"enemies":"Shell Parasite","floor":18,"turns":3},{"damage":0,"enemies":"3 Byrds","floor":19,"turns":1},{"damage":0,"enemies":"Centurion and Healer","floor":20,"turns":5},{"damage":12,"enemies":"Snecko","floor":21,"turns":4},{"damage":21,"enemies":"Snake Plant","floor":22,"turns":3},{"damage":12,"enemies":"Cultist and Chosen","floor":24,"turns":4},{"damage":26,"enemies":"Slavers","floor":25,"turns":4},{"damage":12,"enemies":"Book of Stabbing","floor":28,"turns":4},{"damage":33,"enemies":"Slavers","floor":30,"turns":3},{"damage":15,"enemies":"Centurion and Healer","floor":31,"turns":3},{"damage":16,"enemies":"Champ","floor":33,"turns":9},{"damage":11,"enemies":"3 Shapes","floor":35,"turns":2},{"damage":15,"enemies":"3 Darklings","floor":37,"turns":4},{"damage":17,"enemies":"Jaw Worm Horde","floor":38,"turns":4},{"damage":0,"enemies":"Transient","floor":39,"turns":5},{"damage":24,"enemies":"Giant Head","floor":42,"turns":7},{"damage":3,"enemies":"3 Darklings","floor":44,"turns":3},{"damage":14,"enemies":"Writhing Mass","floor":45,"turns":4},{"damage":0,"enemies":"Transient","floor":47,"turns":5},{"damage":79,"enemies":"Time Eater","floor":50,"turns":10}],"seed_played":"-3497305119939157542","potions_obtained":[{"floor":7,"key":"CultistPotion"},{"floor":16,"key":"SteroidPotion"}],"is_trial":false,"path_per_floor":["M","?","M","$","?","R","E","M","T","M","M","R","E","M","R","B",null,"M","M","M","M","M","R","M","E","T","?","E","R","E","M","R","B",null,"M","$","M","M","M","R","$","E","T","M","M","R","M","?","R","B"],"character_chosen":"DEFECT","items_purchased":["Defragment","Defragment","Chemical X","Storm"],"campfire_rested":5,"item_purchase_floors":[4,36,36,41],"current_hp_per_floor":[75,80,76,76,76,76,44,41,41,34,10,34,32,32,56,54,80,80,80,80,75,61,61,56,37,37,37,32,56,30,22,46,44,80,69,69,61,51,58,58,58,41,41,45,38,62,69,69,69,0,0],"gold":0,"neow_bonus":"ONE_RANDOM_RARE_CARD","is_daily":false,"chose_seed":false,"campfire_upgraded":3,"win_rate":0.0,"timestamp":1610575836,"path_taken":["M","?","M","$","?","R","E","M","T","M","M","R","E","M","R","BOSS","M","M","M","M","M","R","M","E","T","?","E","R","E","M","R","BOSS","M","$","M","?","M","R","$","E","T","M","?","R","M","?","R","BOSS"],"items_purchased_type":["Card","Card","Relic","Card"],"build_version":"2020-12-22","purchased_purges":2,"victory":false,"max_hp_per_floor":[75,80,80,80,80,80,80,80,80,80,80,80,80,80,80,80,80,80,80,80,80,80,80,80,80,80,80,80,80,80,80,80,80,80,80,80,80,80,80,80,80,80,80,80,80,80,80,80,80,80,80],"card_choices":[{"not_picked":["Storm","Chaos"],"picked":"Beam Cell","floor":1},{"not_picked":["Ball Lightning","Chill"],"picked":"Conserve Battery","floor":3},{"not_picked":["Chill","Loop"],"picked":"Capacitor","floor":7},{"not_picked":["Beam Cell","Chill"],"picked":"Sweeping Beam","floor":8},{"not_picked":["Stack","Tempest"],"picked":"Self Repair","floor":10},{"not_picked":["Compile Driver","Cold Snap"],"picked":"White Noise","floor":11},{"not_picked":["Sweeping Beam","Beam Cell"],"picked":"Cold Snap","floor":13},{"not_picked":["Go for the Eyes","Coolheaded"],"picked":"Electrodynamics","floor":14},{"not_picked":["Electrodynamics","Rainbow"],"picked":"Machine Learning","floor":16},{"not_picked":["Reprogram","Leap","Barrage"],"picked":"SKIP","floor":18},{"not_picked":["Steam+1","Aggregate"],"picked":"Skim","floor":19},{"not_picked":["Stack+1","Fusion"],"picked":"Tempest","floor":20},{"not_picked":["Stack","Tempest","Beam Cell"],"picked":"SKIP","floor":21},{"not_picked":["Go for the Eyes","Conserve Battery"],"picked":"Static Discharge","floor":22},{"not_picked":["Redo","Force Field","Coolheaded"],"picked":"SKIP","floor":24},{"not_picked":["Ball Lightning+1","Stack","Force Field"],"picked":"SKIP","floor":25},{"not_picked":["Hologram","Steam Power"],"picked":"Core Surge","floor":28},{"not_picked":["Thunder Strike","Stack"],"picked":"Creative AI","floor":30},{"not_picked":["Barrage+1","Go for the Eyes"],"picked":"Conserve Battery+1","floor":31},{"not_picked":["Creative AI","All For One"],"picked":"Reboot","floor":33},{"not_picked":["Glacier+1","Force Field+1"],"picked":"BootSequence+1","floor":35},{"not_picked":["Conserve Battery","Chaos+1"],"picked":"White Noise+1","floor":37},{"not_picked":["Compile Driver+1","Hologram","Turbo+1"],"picked":"SKIP","floor":38},{"not_picked":["Ball Lightning+1","Sweeping Beam+1"],"picked":"Turbo","floor":39},{"not_picked":["Rebound+1","Ball Lightning","Skim+1"],"picked":"SKIP","floor":42},{"not_picked":["Stack","Static Discharge+1"],"picked":"Buffer","floor":44},{"not_picked":["Rip and Tear","Genetic Algorithm+1"],"picked":"Stack","floor":45},{"not_picked":["Go for the Eyes","Turbo","Streamline+1"],"picked":"SKIP","floor":47}],"player_experience":198090,"relics_obtained":[{"floor":7,"key":"Mummified Hand"},{"floor":9,"key":"Centennial Puzzle"},{"floor":13,"key":"HornCleat"},{"floor":25,"key":"Whetstone"},{"floor":26,"key":"Mercury Hourglass"},{"floor":28,"key":"Boot"},{"floor":30,"key":"Bag of Marbles"},{"floor":42,"key":"Vajra"}],"event_choices":[{"damage_healed":0,"gold_gain":0,"player_choice":"Donut","damage_taken":0,"max_hp_gain":5,"max_hp_loss":0,"event_name":"Big Fish","floor":2,"gold_loss":0},{"damage_healed":0,"gold_gain":0,"player_choice":"1 cards matched","damage_taken":0,"max_hp_gain":0,"max_hp_loss":0,"event_name":"Match and Keep!","floor":5,"gold_loss":0,"cards_obtained":["Core Surge"]},{"damage_healed":0,"gold_gain":0,"player_choice":"Got Potions","damage_taken":0,"max_hp_gain":0,"max_hp_loss":0,"event_name":"Lab","floor":27,"gold_loss":0},{"damage_healed":0,"gold_gain":0,"player_choice":"Paid","damage_taken":0,"relics_obtained":["Red Mask"],"max_hp_gain":0,"max_hp_loss":0,"event_name":"Tomb of Lord Red Mask","floor":48,"gold_loss":265}],"is_beta":false,"boss_relics":[{"not_picked":["Cursed Key","Busted Crown"],"picked":"Sozu"},{"not_picked":["FrozenCore","Black Star"],"picked":"Nuclear Battery"}],"items_purged_floors":[36,41],"is_endless":false,"potions_floor_spawned":[7,16,20,25,28,31,33,35,37,39,47],"killed_by":"Time Eater","ascension_level":1}}