{"host":"95i1gxnztdrdyvhi","time":1610499556,"event":{"mods":["AchievementEnabler","Act Like it!","BaseMod","Minty Spire (QoL Compilation)","Quick Restart","StSLib","Yakumo Yukari mod"],"gold_per_floor":[132,55,75,75,94,124,141,175,198,228,242,257,182,182,182,277,327,346,358,37,136,136,136,170,170,222,275,275,309,320,338,338,463,463,494,494,594,630,540,404,450,450,450,464,464,489,489,559,559,559,559,559,157,187,187],"floor_reached":56,"language":"ENG","playtime":3186,"items_purged":["AT_purpleEX","AT_purpleEX","Defend_purpleEX","HandOfGreed"],"score":1438,"play_id":"0f0b57fc-e656-40aa-898b-3ed628991b43","local_time":"20210113005916","is_ascension_mode":false,"campfire_choices":[{"data":"StretchesForeverDream_purple","floor":15,"key":"SMITH"},{"data":"SharpContractionReality_purple","floor":23,"key":"SMITH"},{"data":"SharpContractionReality_purple","floor":32,"key":"SMITH"},{"floor":42,"key":"RECALL"},{"data":"ContainerChange_purple","floor":49,"key":"SMITH"},{"data":"Observe_purple_1","floor":52,"key":"SMITH"}],"circlet_count":0,"master_deck":["AT_purpleEX+1","AT_purpleEX+1","Defend_purpleEX+1","Observe_purple_1+1","Observe_purple_2+1","AdvanceAttack_purple","StretchesForeverDream_purple+1","Line_surface_state_purple","WorldDissolvedintheRealm_purple","WorldDissolvedintheRealm_purple","SharpContractionReality_purple+1","SharpContractionReality_purple+1","CommonSense_AntiCommonSense_purple","StretchesForeverDream_purple+1","ContainerChange_purple+1","Line_surface_state_purple+1","Finesse","WeekHit_purple+1"],"relics":["Boundary_crack","Memoryfragments_purpleEX","NeowsBlessing","StoneCalendar","Regal Pillow","Bronze Scales","Juzu Bracelet","Tiny House","Membership Card","Kunai","War Paint","Ginger","Shuriken","Seventeenyearold_girl_Forever","Anchor","Molten Egg 2","Pen Nib","Du-Vu Doll","CaptainsWheel","Sling","Thread and Needle","Bag of Marbles"],"acts_visited":["Exordium","TheCity","TheBeyond","TheEnding"],"potions_floor_usage":[6,6,27,33,55,55],"damage_taken":[{"damage":0,"enemies":"Small Slimes","floor":1,"turns":1},{"damage":0,"enemies":"2 Louse","floor":3,"turns":2},{"damage":0,"enemies":"Cultist","floor":5,"turns":1},{"damage":29,"enemies":"3 Sentries","floor":6,"turns":10},{"damage":2,"enemies":"Looter","floor":7,"turns":3},{"damage":29,"enemies":"Lagavulin","floor":8,"turns":7},{"damage":5,"enemies":"3 Sentries","floor":10,"turns":4},{"damage":0,"enemies":"Gremlin Gang","floor":11,"turns":3},{"damage":0,"enemies":"Exordium Thugs","floor":12,"turns":3},{"damage":3,"enemies":"Hexaghost","floor":16,"turns":7},{"damage":0,"enemies":"Spheric Guardian","floor":18,"turns":3},{"damage":7,"enemies":"Shell Parasite","floor":19,"turns":5},{"damage":32,"enemies":"Snake Plant","floor":24,"turns":4},{"damage":13,"enemies":"Book of Stabbing","floor":27,"turns":5},{"damage":13,"enemies":"Gremlin Leader","floor":29,"turns":5},{"damage":0,"enemies":"Cultist and Chosen","floor":30,"turns":3},{"damage":0,"enemies":"Sentry and Sphere","floor":31,"turns":1},{"damage":0,"enemies":"Automaton","floor":33,"turns":5},{"damage":0,"enemies":"3 Shapes","floor":35,"turns":3},{"damage":0,"enemies":"Orb Walker","floor":38,"turns":4},{"damage":0,"enemies":"Nemesis","floor":41,"turns":7},{"damage":0,"enemies":"3 Darklings","floor":44,"turns":3},{"damage":0,"enemies":"Reptomancer","floor":46,"turns":5},{"damage":0,"enemies":"Mind Bloom Boss Battle","floor":48,"turns":4},{"damage":6,"enemies":"Awakened One","floor":50,"turns":7},{"damage":0,"enemies":"Shield and Spear","floor":54,"turns":4},{"damage":10,"enemies":"The Heart","floor":55,"turns":6}],"seed_played":"7550312988578702445","potions_obtained":[{"floor":1,"key":"Swift Potion"},{"floor":6,"key":"Fruit Juice"},{"floor":11,"key":"DuplicationPotion"},{"floor":17,"key":"Explosive Potion"},{"floor":18,"key":"Block Potion"},{"floor":27,"key":"Dexterity Potion"},{"floor":38,"key":"LiquidBronze"}],"is_trial":false,"path_per_floor":["M","$","M","?","M","E","M","E","T","E","M","M","$","?","R","B",null,"M","M","$","?","?","R","M","?","T","E","T","E","M","M","R","B",null,"M","?","?","M","?","$","E","R","T","M","?","E","?","?","R","B",null,"R","$","E","B",null],"character_chosen":"Youkari","items_purchased":["StretchesForeverDream_purple","Membership Card","CommonSense_AntiCommonSense_purple","HandOfGreed","Anchor","Sling","Thread and Needle","CultistPotion","Finesse"],"campfire_rested":0,"item_purchase_floors":[2,20,20,20,40,53,53,53,53],"current_hp_per_floor":[70,70,70,70,70,47,46,17,17,12,12,13,13,13,13,11,80,80,73,73,73,73,73,42,42,42,34,34,21,24,26,26,27,80,80,80,80,80,80,80,82,82,82,82,82,84,84,86,86,83,86,86,86,86,83],"gold":187,"neow_bonus":"THREE_ENEMY_KILL","is_daily":false,"chose_seed":false,"campfire_upgraded":5,"win_rate":0.0,"timestamp":1610499556,"path_taken":["M","$","M","?","M","E","M","E","T","E","M","M","$","?","R","BOSS","M","M","$","?","?","R","M","?","T","E","?","E","M","M","R","BOSS","M","?","?","M","?","?","E","R","T","M","?","E","?","?","R","BOSS","R","$","E","BOSS"],"items_purchased_type":["Card","Relic","Card","Card","Relic","Relic","Relic","Potion","Card"],"build_version":"2020-12-22","purchased_purges":4,"victory":true,"max_hp_per_floor":[70,70,70,70,70,75,75,75,75,75,75,75,75,75,75,75,80,80,80,80,80,80,80,80,80,80,80,80,80,80,80,80,80,80,80,80,80,80,80,80,82,82,82,82,82,84,84,86,86,86,86,86,86,86,88],"card_choices":[{"not_picked":["PositiveMatter_Antimatter_Universe_purple","OmniscientAndOmnipotent_Monster_purple"],"picked":"AdvanceAttack_purple","floor":1},{"not_picked":["OmniscientAndOmnipotent_Monster_purple","StateDuplicate_purple"],"picked":"Line_surface_state_purple","floor":3},{"not_picked":["WatchEChange_purple","Fantasy_PerpetualMotionMachine_purple"],"picked":"WorldDissolvedintheRealm_purple","floor":5},{"not_picked":["SfantasyHide_purple","Boundary_DreamRealityDamnation_purple","Worldmountain_purple"],"picked":"SKIP","floor":6},{"not_picked":["DarkRealmRedLine_purple","StateDuplicate_purple"],"picked":"WorldDissolvedintheRealm_purple","floor":7},{"not_picked":["Line_surface_state_purple","Price_of_realm_purpleEX","Extrememeaning_purpleEX"],"picked":"SKIP","floor":8},{"not_picked":["StateDuplicate_purple","Worldmountain_purple","AdvanceAttack_purple"],"picked":"SKIP","floor":10},{"not_picked":["Shallow_ocean_purpleEX","PositiveMatter_Antimatter_Universe_purple","MeetDecomposer_purple"],"picked":"SKIP","floor":11},{"not_picked":["Shallow_ocean_purpleEX","PositiveMatter_Antimatter_Universe_purple","MeetDecomposer_purple"],"picked":"SKIP","floor":11},{"not_picked":["Bait_Toxicbait_purple","DarkRealmRedLine_purple","MeetDecomposer_purple"],"picked":"SKIP","floor":12},{"not_picked":["Shallow_ocean_purpleEX","Realm_recovery_purpleEX"],"picked":"SharpContractionReality_purple","floor":18},{"not_picked":["OmniscientAndOmnipotent_Monster_purple","Mirror_WaveAndshot_purple+1"],"picked":"SharpContractionReality_purple","floor":19},{"not_picked":["OmniscientAndOmnipotent_Monster_purple","OpenedBox_purple","Shallow_ocean_purpleEX+1"],"picked":"SKIP","floor":24},{"not_picked":["Shallow_ocean_purpleEX","WangLiang_OokamiKakushi_purple","DimensionStaggered_purple"],"picked":"SKIP","floor":27},{"not_picked":["Boundary_DreamRealityDamnation_purple","Boundary_of_Extermination_purpleEX+1"],"picked":"StretchesForeverDream_purple+1","floor":29},{"not_picked":["MeetDecomposer_purple","Mirror_FormAndEmptin_purple+1","DimensionStaggered_purple"],"picked":"SKIP","floor":30},{"not_picked":["MeetDecomposer_purple","Worldmountain_purple+1","Fantasy_PerpetualMotionMachine_purple"],"picked":"SKIP","floor":31},{"not_picked":["WasteWire_Metro_purple","Human_Monster_Realm_purple"],"picked":"ContainerChange_purple","floor":33},{"not_picked":["PositiveMatter_Antimatter_Universe_purple+1","Realm_recovery_purpleEX"],"picked":"Line_surface_state_purple+1","floor":35},{"not_picked":["Charmbait_purple","Line_surface_state_purple+1","StateErode_purple"],"picked":"SKIP","floor":38},{"not_picked":["Boundary_of_Extermination_purpleEX","ContainerChange_purple","DimensionStaggered_purple"],"picked":"SKIP","floor":41},{"not_picked":["DarkRealmRedLine_purple+1","ExistenceContinue_purple+1"],"picked":"CommonSense_AntiCommonSense_purple","floor":44},{"not_picked":["DimensionStaggered_purple+1","SfantasyHide_purple+1","Umbrella_purple+1"],"picked":"SKIP","floor":46},{"not_picked":["Human_Monster_Realm_purple","AdvanceAttack_purple+1"],"picked":"WeekHit_purple+1","floor":54}],"player_experience":644690,"relics_obtained":[{"floor":6,"key":"StoneCalendar"},{"floor":8,"key":"Regal Pillow"},{"floor":9,"key":"Bronze Scales"},{"floor":10,"key":"Juzu Bracelet"},{"floor":27,"key":"War Paint"},{"floor":28,"key":"Ginger"},{"floor":29,"key":"Shuriken"},{"floor":41,"key":"Molten Egg 2"},{"floor":43,"key":"Pen Nib"},{"floor":46,"key":"Du-Vu Doll"},{"floor":48,"key":"CaptainsWheel"},{"floor":54,"key":"Bag of Marbles"}],"event_choices":[{"cards_removed":["Defend_purpleEX"],"damage_healed":0,"gold_gain":0,"player_choice":"Forget","damage_taken":0,"max_hp_gain":0,"max_hp_loss":0,"event_name":"Living Wall","floor":4,"gold_loss":0},{"damage_healed":0,"gold_gain":0,"player_choice":"Ignored","damage_taken":0,"max_hp_gain":0,"max_hp_loss":0,"event_name":"Liars Game","floor":14,"gold_loss":0},{"damage_healed":0,"gold_gain":99,"player_choice":"Stole From Cult","damage_taken":0,"max_hp_gain":0,"max_hp_loss":0,"event_name":"Nest","floor":21,"gold_loss":0},{"damage_healed":0,"gold_gain":0,"player_choice":"Opened","damage_taken":0,"relics_obtained":["Kunai"],"max_hp_gain":0,"max_hp_loss":0,"event_name":"The Mausoleum","floor":22,"gold_loss":0,"cards_obtained":["Writhe"]},{"damage_healed":0,"gold_gain":0,"player_choice":"Ignored","damage_taken":0,"max_hp_gain":0,"max_hp_loss":0,"event_name":"Vampires","floor":25,"gold_loss":0},{"damage_healed":0,"gold_gain":0,"player_choice":"Ignored","damage_taken":0,"max_hp_gain":0,"max_hp_loss":0,"event_name":"Tomb of Lord Red Mask","floor":36,"gold_loss":0},{"damage_healed":0,"gold_gain":100,"player_choice":"Pray","damage_taken":0,"max_hp_gain":0,"max_hp_loss":0,"event_name":"Golden Shrine","floor":37,"gold_loss":0},{"cards_removed":["Writhe"],"damage_healed":0,"gold_gain":0,"player_choice":"Upgrade and Remove","damage_taken":0,"max_hp_gain":0,"max_hp_loss":0,"event_name":"Designer","floor":39,"gold_loss":90,"cards_upgraded":["AT_purpleEX"]},{"cards_removed":["CommonSense_AntiCommonSense_purple"],"damage_healed":0,"gold_gain":0,"player_choice":"Removed Power","damage_taken":0,"max_hp_gain":0,"max_hp_loss":0,"event_name":"Falling","floor":45,"gold_loss":0},{"cards_removed":["Defend_purpleEX"],"damage_healed":0,"gold_gain":0,"player_choice":"Purged","damage_taken":0,"max_hp_gain":0,"max_hp_loss":0,"event_name":"Purifier","floor":47,"gold_loss":0},{"damage_healed":0,"gold_gain":0,"player_choice":"Fight","damage_taken":0,"max_hp_gain":0,"max_hp_loss":0,"event_name":"MindBloom","floor":48,"gold_loss":0}],"is_beta":false,"boss_relics":[{"not_picked":["Runic Dome","SacredBark"],"picked":"Tiny House"},{"not_picked":["Snecko Eye","Coffee Dripper"],"picked":"Seventeenyearold_girl_Forever"}],"items_purged_floors":[13,20,40,53],"is_endless":false,"potions_floor_spawned":[1,6,11,18,27,29,30,38,41],"ascension_level":0}}