{"host":"2xjkbrmvrd7iq7pu","time":1610520565,"event":{"mods":["AchievementEnabler","Act Like it!","Arknights The Spire","BaseMod","Downfall","Gensokyo","Gremlin Mod","GungeonMod","KinomotoSakuraMod(ƒæ÷Æ±æ”£)","Lobotomy","Minty Spire (QoL Compilation)","Reimu£®≤©¿ˆ¡È√Œ£©","Replay The Spire","StSLib","The Alterego","The Bug Knight","The Cursed","Yakumo Yukari mod"],"gold_per_floor":[116,41,55,67,83,83,109,109,109,129,129,129,149,149,149,149,149],"floor_reached":16,"language":"ZHS","playtime":569,"items_purged":["ats:Strike V"],"score":107,"play_id":"f19ee970-363b-43d8-a989-a37f17556e1f","local_time":"20210113144925","is_ascension_mode":true,"campfire_choices":[{"data":"ats:Burning Ground","floor":6.0,"key":"SMITH"},{"floor":8.0,"key":"REST"},{"data":"ats:Emotion Absorption","floor":11.0,"key":"SMITH"},{"floor":15,"key":"REST"}],"circlet_count":0,"master_deck":["ats:Strike C+1","ats:Strike G","ats:Strike S","ats:Armor Crushing Shot","ats:Defend+1","ats:Defend","ats:Defend","ats:Emotion Absorption+1","ats:Burning Ground+1","ats:Disruption Kick","ats:Ignite","ats:Apocalypse","ats:Composite Medical Shells"],"relics":["ats:Sanity","ats:Originium","ReplayTheSpireMod:Lightbulb"],"acts_visited":["Exordium"],"potions_floor_usage":[13],"damage_taken":[{"damage":1.0,"enemies":"Cultist","floor":1.0,"turns":3.0},{"damage":4.0,"enemies":"Jaw Worm","floor":3.0,"turns":4.0},{"damage":0.0,"enemies":"2 Louse","floor":4.0,"turns":2.0},{"damage":19.0,"enemies":"Gremlin Gang","floor":5.0,"turns":5.0},{"damage":38.0,"enemies":"Gremlin Nob","floor":7.0,"turns":5.0},{"damage":5.0,"enemies":"Looter","floor":10.0,"turns":4.0},{"damage":5,"enemies":"Lots of Slimes","floor":13,"turns":2},{"damage":40,"enemies":"The Guardian","floor":16,"turns":7}],"seed_played":"1043238563154541490","potions_obtained":[{"floor":1.0,"key":"Dexterity Potion"},{"floor":5.0,"key":"Energy Potion"},{"floor":10.0,"key":"Swift Potion"},{"floor":13,"key":"FearPotion"}],"is_trial":false,"path_per_floor":["M","$","M","M","M","R","E","R","T","M","R","?","M","?","R","B"],"character_chosen":"DOCTOR_CLASS","items_purchased":[],"campfire_rested":2,"item_purchase_floors":[],"current_hp_per_floor":[71,71,67,67,48,48,10,31,31,26,26,12,7,7,28,0,0],"gold":149,"neow_bonus":"THREE_CARDS","is_daily":false,"chose_seed":false,"campfire_upgraded":2,"win_rate":0.0,"timestamp":1610520565,"path_taken":["M","?","M","M","M","R","E","R","T","M","R","?","M","?","R","BOSS"],"items_purchased_type":[],"build_version":"2020-12-22","purchased_purges":1,"victory":false,"max_hp_per_floor":[72,72,72,72,72,72,72,72,72,72,72,72,72,72,72,72,72],"card_choices":[{"not_picked":["ats:Revitalization","ats:Shell Defense"],"picked":"ats:Burning Ground","floor":0.0},{"not_picked":["ats:Flexible Camouflage","ats:Powerful Strike","ats:Assault Order"],"picked":"SKIP","floor":1.0},{"not_picked":["ats:Thorns","ats:Curse Doll"],"picked":"ats:Disruption Kick","floor":3.0},{"not_picked":["ats:Beaten Up","ats:Consecutive Shot Auto"],"picked":"ats:Ignite","floor":4.0},{"not_picked":["ats:Assault Order","ats:Poison Spread","ats:Curse Doll"],"picked":"SKIP","floor":5.0},{"not_picked":["ats:Shadow Raid","ats:Revitalization","ats:Hammer On"],"picked":"SKIP","floor":7.0},{"not_picked":["ats:Rapid Magazine","ats:Poison Spread"],"picked":"ats:Apocalypse","floor":10.0},{"not_picked":["ats:Ignite","ats:Explosion Area Strengthen","ats:Thermite Blade"],"picked":"SKIP","floor":13}],"player_experience":691098,"relics_obtained":[{"floor":7.0,"key":"ats:Originium"},{"floor":7.0,"key":"ReplayTheSpireMod:Lightbulb"}],"event_choices":[{"damage_healed":0,"gold_gain":0,"player_choice":"Entered Light","damage_taken":14,"max_hp_gain":0,"max_hp_loss":0,"event_name":"Shining Light","floor":12,"gold_loss":0,"cards_upgraded":["ats:Defend","ats:Strike C"]},{"damage_healed":0,"gold_gain":0,"cards_transformed":["ats:Defend"],"player_choice":"Transformed","damage_taken":0,"max_hp_gain":0,"max_hp_loss":0,"event_name":"Transmorgrifier","floor":14,"gold_loss":0,"cards_obtained":["ats:Composite Medical Shells"]}],"is_beta":false,"boss_relics":[],"items_purged_floors":[2],"is_endless":false,"potions_floor_spawned":[1,5,10,13],"killed_by":"The Guardian","ascension_level":1}}