{"host":"y76x98twjnyyxs83","time":1610537770,"event":{"mods":["BaseMod","Colored Powertips","Minty Spire (QoL Compilation)","Permanent Neow","Quick Restart","Rare Cards Sparkle","Relic Stats","StSLib"],"gold_per_floor":[111,130,4,4,14,14,39,39,39,39,39,73,73,92,92,183,183,201,251,267,290,306,306,342,342,342,257,312,337,349,381,393,503,515,551,67,90,158,158,158,196,196,196,211,230,270,270,270,270,270,270,270,43,43,43],"floor_reached":54,"language":"ENG","playtime":2965,"items_purged":["Venomology","Regret"],"score":1407,"play_id":"ab894f13-53fe-4cec-b75b-543f212586bc","local_time":"20210113193610","is_ascension_mode":true,"campfire_choices":[{"data":"Bane","floor":6.0,"key":"SMITH"},{"data":"Crippling Poison","floor":11.0,"key":"SMITH"},{"floor":13.0,"key":"REST"},{"data":"Noxious Fumes","floor":15.0,"key":"SMITH"},{"data":"Cloak And Dagger","floor":23.0,"key":"SMITH"},{"data":"Cloak And Dagger","floor":25.0,"key":"SMITH"},{"data":"After Image","floor":30.0,"key":"SMITH"},{"floor":32.0,"key":"REST"},{"data":"Burst","floor":40.0,"key":"SMITH"},{"data":"Blade Dance","floor":42.0,"key":"SMITH"},{"data":"Well Laid Plans","floor":47,"key":"SMITH"},{"floor":49,"key":"RECALL"},{"data":"Reflex","floor":52,"key":"SMITH"}],"circlet_count":0,"master_deck":["AscendersBane","Survivor","Poisoned Stab","Blade Dance+1","Crippling Poison+1","Noxious Fumes+1","Bane+1","Backstab","After Image+1","Dagger Throw","Acrobatics+1","Cloak And Dagger+1","Cloak And Dagger+1","Tactician","Tools of the Trade","Backflip+1","Corpse Explosion","Burst+1","Escape Plan","Endless Agony","Choke","Slice","Venomology","Tactician","Unload","Blade Dance+1","Reflex+1","Predator","Well Laid Plans+1","Dash+1","Backflip+1","Reflex+1","PiercingWail","Acrobatics","Caltrops"],"relics":["Ring of the Snake","Shuriken","Ornamental Fan","Golden Idol","Sundial","Cursed Key","War Paint","MawBank","Lizard Tail","Pandora\u0027s Box","Snake Skull","Girya","Molten Egg 2","Anchor"],"acts_visited":["Exordium","TheCity","TheBeyond","TheEnding"],"potions_floor_usage":[50,50],"damage_taken":[{"damage":0.0,"enemies":"2 Louse","floor":1.0,"turns":3.0},{"damage":3.0,"enemies":"Jaw Worm","floor":2.0,"turns":5.0},{"damage":0.0,"enemies":"Small Slimes","floor":5.0,"turns":2.0},{"damage":22.0,"enemies":"Lagavulin","floor":7.0,"turns":7.0},{"damage":11.0,"enemies":"3 Sentries","floor":12.0,"turns":4.0},{"damage":0.0,"enemies":"2 Fungi Beasts","floor":14.0,"turns":4.0},{"damage":19.0,"enemies":"The Guardian","floor":16.0,"turns":10.0},{"damage":8.0,"enemies":"Shell Parasite","floor":18.0,"turns":4.0},{"damage":3.0,"enemies":"Spheric Guardian","floor":20.0,"turns":4.0},{"damage":0.0,"enemies":"Chosen and Byrds","floor":21.0,"turns":4.0},{"damage":0.0,"enemies":"Centurion and Healer","floor":22.0,"turns":5.0},{"damage":0.0,"enemies":"Gremlin Leader","floor":24.0,"turns":6.0},{"damage":6.0,"enemies":"Slavers","floor":28.0,"turns":5.0},{"damage":2.0,"enemies":"Snecko","floor":29.0,"turns":4.0},{"damage":0.0,"enemies":"3 Cultists","floor":31.0,"turns":4.0},{"damage":6.0,"enemies":"Collector","floor":33.0,"turns":8.0},{"damage":0.0,"enemies":"3 Shapes","floor":35.0,"turns":6.0},{"damage":18.0,"enemies":"3 Darklings","floor":37.0,"turns":3.0},{"damage":5.0,"enemies":"2 Orb Walkers","floor":38.0,"turns":3.0},{"damage":1.0,"enemies":"Giant Head","floor":41.0,"turns":6.0},{"damage":25.0,"enemies":"Spire Growth","floor":44.0,"turns":5.0},{"damage":11.0,"enemies":"Jaw Worm Horde","floor":45.0,"turns":3.0},{"damage":1.0,"enemies":"Reptomancer","floor":46.0,"turns":6.0},{"damage":51,"enemies":"Donu and Deca","floor":50,"turns":7},{"damage":57,"enemies":"Shield and Spear","floor":54,"turns":6}],"seed_played":"911258325526627272","potions_obtained":[{"floor":2.0,"key":"DuplicationPotion"},{"floor":5.0,"key":"GhostInAJar"},{"floor":38.0,"key":"Regen Potion"},{"floor":45.0,"key":"Regen Potion"}],"is_trial":false,"path_per_floor":["M","M","$","?","M","R","E","?","T","?","R","E","R","M","R","B",null,"M","?","M","M","M","R","E","R","T","?","E","M","R","M","R","B",null,"M","$","M","?","?","R","E","R","T","M","M","E","R","?","R","B",null,"R","$","E"],"character_chosen":"THE_SILENT","items_purchased":["Crippling Poison","Noxious Fumes","Snake Skull","Reflex","Predator","Well Laid Plans","Acrobatics","Caltrops"],"campfire_rested":2,"item_purchase_floors":[3,3,36,36,36,36,53,53],"current_hp_per_floor":[59,56,56,56,56,56,34,27,27,27,27,16,34,34,34,15,49,41,41,38,38,38,38,38,38,38,38,32,30,30,30,48,42,56,56,56,38,33,33,33,46,46,46,21,10,23,23,23,23,9,47,47,47,0,0],"gold":43,"neow_bonus":"UPGRADE_CARD","is_daily":false,"chose_seed":false,"campfire_upgraded":10,"win_rate":0.0,"timestamp":1610537770,"path_taken":["M","M","$","?","M","R","E","?","T","?","R","E","R","M","R","BOSS","M","?","M","M","M","R","E","R","T","?","E","M","R","M","R","BOSS","M","$","M","?","?","R","E","R","T","M","M","E","R","?","R","BOSS","R","$","E"],"items_purchased_type":["Card","Card","Relic","Card","Card","Card","Card","Card"],"build_version":"2020-12-22","purchased_purges":2,"victory":false,"max_hp_per_floor":[66,66,66,66,66,66,66,66,66,60,60,60,60,60,60,60,60,60,60,60,60,60,60,60,60,60,60,60,60,60,60,60,60,60,60,60,60,60,60,60,60,60,60,60,60,60,60,60,60,60,60,60,60,60,60],"relic_stats":{"counters":[25,124],"Golden Idol":154,"Snake Skull":[52],"War Paint":["Defend_G","Blade Dance"],"Cursed Key":1,"MawBank":108,"Lizard Tail":30,"Shuriken":[96],"Ornamental Fan":[384],"Sundial":[14],"Pandora\u0027s Box":["Burst","Escape Plan","Endless Agony","Choke","Slice","Venomology","Venomology","Tactician","Unload"],"obtain_stats":[{"Girya":38,"Golden Idol":10,"Snake Skull":36,"War Paint":24,"Cursed Key":17,"MawBank":27,"Lizard Tail":28,"Anchor":46,"Shuriken":7,"Ornamental Fan":9,"Sundial":12,"Pandora\u0027s Box":34,"Molten Egg 2":41,"Ring of the Snake":0},{"Girya":19,"Golden Idol":4,"Snake Skull":17,"War Paint":12,"Cursed Key":7,"MawBank":12,"Lizard Tail":13,"Anchor":23,"Shuriken":4,"Ornamental Fan":4,"Sundial":5,"Pandora\u0027s Box":16,"Molten Egg 2":20,"Ring of the Snake":0},{"Girya":91,"Golden Idol":17,"Snake Skull":85,"War Paint":58,"Cursed Key":35,"MawBank":58,"Lizard Tail":63,"Anchor":111,"Shuriken":17,"Ornamental Fan":17,"Sundial":21,"Pandora\u0027s Box":79,"Molten Egg 2":97,"Ring of the Snake":0}],"Ring of the Snake":[50]},"card_choices":[{"not_picked":["Blade Dance","Deadly Poison"],"picked":"Poisoned Stab","floor":1.0},{"not_picked":["Expertise","Slice"],"picked":"Blade Dance","floor":2.0},{"not_picked":["Dagger Throw","Dodge and Roll"],"picked":"Bane","floor":5.0},{"not_picked":["PiercingWail","Flechettes"],"picked":"Backstab","floor":7.0},{"not_picked":["Underhanded Strike","Setup","Dodge and Roll"],"picked":"SKIP","floor":12.0},{"not_picked":["Acrobatics","Flechettes","Outmaneuver"],"picked":"SKIP","floor":14.0},{"not_picked":["Corpse Explosion","A Thousand Cuts"],"picked":"After Image","floor":16.0},{"not_picked":["Underhanded Strike","Poisoned Stab"],"picked":"Dagger Throw","floor":18.0},{"not_picked":["Underhanded Strike","Cloak And Dagger"],"picked":"Acrobatics+1","floor":20.0},{"not_picked":["Outmaneuver","Deadly Poison"],"picked":"Cloak And Dagger","floor":21.0},{"not_picked":["Expertise","Outmaneuver"],"picked":"Cloak And Dagger","floor":22.0},{"not_picked":["Dodge and Roll","Deadly Poison","All Out Attack"],"picked":"SKIP","floor":24.0},{"not_picked":["Cloak And Dagger","Outmaneuver"],"picked":"Tactician","floor":28.0},{"not_picked":["Deflect","Dagger Throw"],"picked":"Tools of the Trade","floor":29.0},{"not_picked":["Poisoned Stab","Terror"],"picked":"Backflip+1","floor":31.0},{"not_picked":["Grand Finale","Doppelganger"],"picked":"Corpse Explosion","floor":33.0},{"not_picked":["Flying Knee","Prepared"],"picked":"Blade Dance","floor":35.0},{"not_picked":["Blade Dance","Caltrops"],"picked":"Dash+1","floor":37.0},{"not_picked":["Choke+1","Calculated Gamble"],"picked":"Backflip+1","floor":38.0},{"not_picked":["Dodge and Roll","All Out Attack+1"],"picked":"Reflex+1","floor":41.0},{"not_picked":["Deflect","Masterful Stab+1","Blade Dance"],"picked":"SKIP","floor":44.0},{"not_picked":["Caltrops+1","Dagger Throw+1","Terror"],"picked":"SKIP","floor":45.0},{"not_picked":["Bane+1","Concentrate"],"picked":"PiercingWail","floor":46.0}],"player_experience":1126128,"relics_obtained":[{"floor":7.0,"key":"Shuriken"},{"floor":9.0,"key":"Ornamental Fan"},{"floor":12.0,"key":"Sundial"},{"floor":24.0,"key":"War Paint"},{"floor":28.0,"key":"Lizard Tail"},{"floor":38.0,"key":"Girya"},{"floor":41.0,"key":"Molten Egg 2"},{"floor":46.0,"key":"Anchor"}],"event_choices":[{"damage_healed":0.0,"max_hp_gain":0.0,"max_hp_loss":0.0,"gold_gain":0.0,"event_name":"Liars Game","player_choice":"Ignored","floor":4.0,"gold_loss":0.0,"damage_taken":0.0},{"cards_removed":["Strike_G"],"damage_healed":0.0,"max_hp_gain":0.0,"max_hp_loss":0.0,"gold_gain":0.0,"event_name":"Golden Wing","player_choice":"Card Removal","floor":8.0,"gold_loss":0.0,"damage_taken":7.0},{"damage_healed":0.0,"max_hp_gain":0.0,"max_hp_loss":6.0,"gold_gain":0.0,"event_name":"Golden Idol","player_choice":"Lose Max HP","floor":10.0,"gold_loss":0.0,"damage_taken":0.0,"relics_obtained":["Golden Idol"]},{"damage_healed":0.0,"max_hp_gain":0.0,"max_hp_loss":0.0,"gold_gain":50.0,"event_name":"Nest","player_choice":"Stole From Cult","floor":19.0,"gold_loss":0.0,"damage_taken":0.0},{"damage_healed":0.0,"max_hp_gain":0.0,"max_hp_loss":0.0,"gold_gain":0.0,"event_name":"Addict","player_choice":"Obtained Relic","floor":27.0,"gold_loss":85.0,"damage_taken":0.0,"relics_obtained":["MawBank"]},{"damage_healed":0.0,"max_hp_gain":0.0,"max_hp_loss":0.0,"gold_gain":0.0,"event_name":"Mysterious Sphere","player_choice":"Fight","floor":38.0,"gold_loss":0.0,"damage_taken":0.0},{"damage_healed":0.0,"max_hp_gain":0.0,"max_hp_loss":0.0,"gold_gain":0.0,"event_name":"Tomb of Lord Red Mask","player_choice":"Ignored","floor":39.0,"gold_loss":0.0,"damage_taken":0.0},{"cards_removed":["Neutralize"],"damage_healed":0,"gold_gain":0,"player_choice":"Removed Attack","damage_taken":0,"max_hp_gain":0,"max_hp_loss":0,"event_name":"Falling","floor":48,"gold_loss":0}],"is_beta":false,"boss_relics":[{"not_picked":["Tiny House","Busted Crown"],"picked":"Cursed Key"},{"not_picked":["Black Star","Runic Dome"],"picked":"Pandora\u0027s Box"}],"items_purged_floors":[36,53],"is_endless":false,"potions_floor_spawned":[2,5,12,18,28,29,33,35,38,45],"killed_by":"Shield and Spear","ascension_level":16}}