{"host":"3rixevx6n8b56xaj","time":1610552504,"event":{"mods":["2.2 Compatiblity","AchievementEnabler","Arknights The Spire","BaseMod","Colored Map","DeckTracker","Friendly Minions","Minty Spire (QoL Compilation)","Poor People Problems","StSLib","SuperFastMode"],"gold_per_floor":[14,24,42,52,127,127,127,160,160,160,188,202,221,221,221,316,316,327,345,357,369,386,386,386],"floor_reached":23,"language":"KOR","playtime":621,"items_purged":[],"score":207,"play_id":"2b5c22f5-7400-42fc-9415-1019e499d441","local_time":"20210114004144","is_ascension_mode":false,"campfire_choices":[{"data":"Eruption","floor":6,"key":"SMITH"},{"data":"TalkToTheHand","floor":10,"key":"SMITH"},{"floor":15,"key":"REST"}],"circlet_count":0,"master_deck":["Strike_P","Strike_P","Strike_P","Defend_P","Defend_P","Defend_P","Eruption+1","Vigilance","DevaForm","MentalFortress+1","FollowUp","TalkToTheHand+1","EmptyFist+1","Vault","CrushJoints"],"relics":["PureWater","Oddly Smooth Stone","Pear","Empty Cage"],"acts_visited":["Exordium","TheCity"],"potions_floor_usage":[16,21,22],"damage_taken":[{"damage":0,"enemies":"Jaw Worm","floor":1,"turns":5},{"damage":3,"enemies":"Cultist","floor":2,"turns":6},{"damage":1,"enemies":"2 Louse","floor":3,"turns":2},{"damage":0,"enemies":"Large Slime","floor":4,"turns":5},{"damage":24,"enemies":"Gremlin Nob","floor":8,"turns":4},{"damage":18,"enemies":"3 Sentries","floor":11,"turns":6},{"damage":1,"enemies":"Red Slaver","floor":12,"turns":4},{"damage":7,"enemies":"Blue Slaver","floor":13,"turns":3},{"damage":24,"enemies":"Hexaghost","floor":16,"turns":11},{"damage":9,"enemies":"3 Byrds","floor":18,"turns":7},{"damage":14,"enemies":"2 Thieves","floor":19,"turns":5},{"damage":19,"enemies":"Centurion and Healer","floor":20,"turns":6},{"damage":16,"enemies":"Snake Plant","floor":21,"turns":6},{"damage":0,"enemies":"3 Cultists","floor":22,"turns":4},{"damage":28,"enemies":"Gremlin Leader","floor":23,"turns":2}],"seed_played":"-6499706370170760159","potions_obtained":[{"floor":2,"key":"GamblersBrew"},{"floor":11,"key":"Strength Potion"},{"floor":12,"key":"Fire Potion"},{"floor":13,"key":"Energy Potion"},{"floor":18,"key":"Ancient Potion"},{"floor":21,"key":"Energy Potion"}],"is_trial":false,"path_per_floor":["M","M","M","M","?","R","?","E","T","R","E","M","M","?","R","B",null,"M","M","M","M","M","E"],"character_chosen":"WATCHER","items_purchased":[],"campfire_rested":1,"item_purchase_floors":[],"current_hp_per_floor":[72,69,68,68,57,57,57,33,33,33,25,24,17,17,41,17,82,73,59,40,24,24,0,0],"gold":386,"neow_bonus":"THREE_RARE_CARDS","is_daily":false,"chose_seed":false,"campfire_upgraded":2,"win_rate":0.0,"timestamp":1610552504,"path_taken":["M","M","M","M","?","R","?","E","T","R","E","M","?","?","R","BOSS","M","M","M","?","M","E"],"items_purchased_type":[],"build_version":"2020-12-22","purchased_purges":0,"victory":false,"max_hp_per_floor":[72,72,72,72,72,72,72,72,72,72,82,82,82,82,82,82,82,82,82,82,82,82,82,82],"card_choices":[{"not_picked":["Brilliance","MasterReality"],"picked":"DevaForm","floor":0},{"not_picked":["BowlingBash","FlyingSleeves","Protect"],"picked":"SKIP","floor":1},{"not_picked":["Study","Weave","Consecrate"],"picked":"SKIP","floor":2},{"not_picked":["Sanctity","CrushJoints"],"picked":"MentalFortress","floor":3},{"not_picked":["Nirvana","SignatureMove"],"picked":"FollowUp","floor":4},{"not_picked":["Prostrate","PathToVictory"],"picked":"TalkToTheHand","floor":8},{"not_picked":["CarveReality","Swivel"],"picked":"EmptyFist","floor":11},{"not_picked":["Wireheading","DeceiveReality","MasterReality"],"picked":"SKIP","floor":12},{"not_picked":["JustLucky","WreathOfFlame","SignatureMove"],"picked":"SKIP","floor":13},{"not_picked":["Establishment","Scrawl"],"picked":"Vault","floor":16},{"not_picked":["Crescendo","Prostrate","Consecrate"],"picked":"SKIP","floor":18},{"not_picked":["ClearTheMind+1","ThirdEye","BowlingBash"],"picked":"SKIP","floor":19},{"not_picked":["EmptyBody","Evaluate"],"picked":"CrushJoints","floor":20},{"not_picked":["Protect","SashWhip+1","Indignation"],"picked":"SKIP","floor":21},{"not_picked":["JustLucky","Halt","EmptyFist+1"],"picked":"SKIP","floor":22}],"player_experience":612087,"relics_obtained":[{"floor":8,"key":"Oddly Smooth Stone"},{"floor":11,"key":"Pear"}],"event_choices":[{"damage_healed":0,"gold_gain":75,"player_choice":"Gather Gold","damage_taken":11,"max_hp_gain":0,"max_hp_loss":0,"event_name":"World of Goop","floor":5,"gold_loss":0},{"damage_healed":0,"gold_gain":0,"player_choice":"Forge","damage_taken":0,"max_hp_gain":0,"max_hp_loss":0,"event_name":"Accursed Blacksmith","floor":7,"gold_loss":0,"cards_upgraded":["MentalFortress"]},{"damage_healed":0,"gold_gain":0,"player_choice":"Upgraded","damage_taken":0,"max_hp_gain":0,"max_hp_loss":0,"event_name":"Upgrade Shrine","floor":14,"gold_loss":0,"cards_upgraded":["EmptyFist"]}],"is_beta":false,"boss_relics":[{"not_picked":["Velvet Choker","Black Star"],"picked":"Empty Cage"}],"items_purged_floors":[],"is_endless":false,"potions_floor_spawned":[2,11,12,13,18,21],"killed_by":"Gremlin Leader","ascension_level":0}}