{"host":"utcbn1j9ebmpc40m","time":1610578026,"event":{"mods":["BaseMod","Better Match","GifTheSpireLib","Minty Spire (QoL Compilation)","Poor People Problems","StSLib","SuperFastMode","The IronCluck"],"gold_per_floor":[115,65,65,140,140,174,21,21,95,110,110,143,160,176,176,176,176],"floor_reached":16,"language":"ENG","playtime":288,"items_purged":[],"score":193,"play_id":"5bb523c2-f9d5-47f3-bada-217c6bdef5c5","local_time":"20210113174706","is_ascension_mode":true,"campfire_choices":[{"data":"Body Slam","floor":8,"key":"SMITH"},{"data":"Entrench","floor":11,"key":"SMITH"},{"floor":15,"key":"REST"}],"circlet_count":0,"master_deck":["Strike_R","Strike_R","Strike_R","Strike_R","Defend_R","Defend_R","Defend_R","Bash","Uppercut","Regret","Body Slam+1","Entrench+1","Flame Barrier","Second Wind+1","Armaments+1","Flame Barrier+1","Searing Blow"],"relics":["Burning Blood","NeowsBlessing","PreservedInsect","Omamori","Toxic Egg 2","Bronze Scales"],"acts_visited":["Exordium"],"potions_floor_usage":[12,14,16],"damage_taken":[{"damage":0,"enemies":"2 Louse","floor":1,"turns":1},{"damage":0,"enemies":"Lagavulin","floor":6,"turns":1},{"damage":0,"enemies":"Small Slimes","floor":10,"turns":1},{"damage":37,"enemies":"3 Sentries","floor":12,"turns":8},{"damage":4,"enemies":"Jaw Worm","floor":13,"turns":3},{"damage":6,"enemies":"Exordium Thugs","floor":14,"turns":5},{"damage":79,"enemies":"Slime Boss","floor":16,"turns":10}],"seed_played":"2912192020740887975","potions_obtained":[{"floor":1,"key":"SkillPotion"},{"floor":6,"key":"SpeedPotion"},{"floor":12,"key":"SkillPotion"},{"floor":13,"key":"AttackPotion"}],"is_trial":false,"path_per_floor":["M","?","?","?","?","E","$","R","T","M","R","E","M","M","R","B"],"character_chosen":"IRONCLAD","items_purchased":["Entrench","Flame Barrier"],"campfire_rested":1,"item_purchase_floors":[7,7],"current_hp_per_floor":[78,78,78,67,67,73,73,73,73,79,79,48,50,50,74,0,0],"gold":176,"neow_bonus":"THREE_ENEMY_KILL","is_daily":false,"chose_seed":false,"campfire_upgraded":2,"win_rate":0.0,"timestamp":1610578026,"path_taken":["M","?","?","?","?","E","$","R","T","M","R","E","M","?","R","BOSS"],"items_purchased_type":["Card","Card"],"build_version":"2020-12-22","purchased_purges":0,"victory":false,"max_hp_per_floor":[80,80,80,80,80,80,80,80,80,80,80,80,80,80,80,80,80],"card_choices":[{"not_picked":["Heavy Blade","Iron Wave"],"picked":"Uppercut","floor":1},{"not_picked":["Pommel Strike","Reckless Charge"],"picked":"Body Slam","floor":6},{"not_picked":["Rampage","Flex+1"],"picked":"Second Wind+1","floor":10},{"not_picked":["Heavy Blade","Fire Breathing"],"picked":"Armaments+1","floor":12},{"not_picked":["Clothesline","Pommel Strike"],"picked":"Flame Barrier+1","floor":13},{"not_picked":["Second Wind+1","Heavy Blade"],"picked":"Searing Blow","floor":14}],"player_experience":477430,"relics_obtained":[{"floor":6,"key":"Omamori"},{"floor":9,"key":"Toxic Egg 2"},{"floor":12,"key":"Bronze Scales"}],"event_choices":[{"cards_removed":["Defend_R"],"damage_healed":0,"gold_gain":0,"player_choice":"Card Removal","damage_taken":0,"max_hp_gain":0,"max_hp_loss":0,"event_name":"The Cleric","floor":2,"gold_loss":50},{"cards_removed":["Strike_R"],"damage_healed":0,"gold_gain":0,"player_choice":"Forget","damage_taken":0,"max_hp_gain":0,"max_hp_loss":0,"event_name":"Living Wall","floor":3,"gold_loss":0},{"damage_healed":0,"gold_gain":75,"player_choice":"Gather Gold","damage_taken":11,"max_hp_gain":0,"max_hp_loss":0,"event_name":"World of Goop","floor":4,"gold_loss":0},{"damage_healed":0,"gold_gain":0,"player_choice":"Box","damage_taken":0,"relics_obtained":["PreservedInsect"],"max_hp_gain":0,"max_hp_loss":0,"event_name":"Big Fish","floor":5,"gold_loss":0,"cards_obtained":["Regret"]}],"is_beta":false,"boss_relics":[],"items_purged_floors":[],"is_endless":false,"potions_floor_spawned":[1,6,12,13],"killed_by":"Slime Boss","ascension_level":9}}