{"host":"bxdue9bkfm2khp2x","time":1610510005,"event":{"mods":["ATMod(阿瑾Mod)","Arknights The Spire","Aspiration","BaseMod","Better Vampires","Challenge The Spire","Colored Map","Colored Powertips","Conspire","Decade(王小明)","Dota2Spire","Highlight Path","Minty Spire (QoL Compilation)","MostiFishMod","Remilia（蕾米莉亚）","Replay The Spire","RumiaBox-露米娅的神秘盒子","Ryuuou龙王","Spicy Shops","StSLib","Td1madao Mod","The Alterego","The Bug Knight","The Cursed","The Servant 0.9.4","WarShipGirlsR/战舰少女R mod","noobMod","vexMod","【功能Mod】混沌之环修复补丁","【遗物卡牌】REMEMod","篝火指南"],"gold_per_floor":[117,117,128,141,160,160,172,172,172,172,172,188,188,206,206,331,331,342,267,156,175,188,188,203,103,129,141,153,153,153,153,153,252,252,269,289,289,289,289,289,316,115,115,133,152,2,2,15,15,15],"floor_reached":51,"language":"ZHS","playtime":6072,"items_purged":["ats:Strike S","ats:Defend","ats:Dogmatic Field+1","ats:Defend"],"score":702,"play_id":"afbf886a-22e2-48e5-8b0c-2cd66bc66d81","local_time":"20210113115325","is_ascension_mode":true,"campfire_choices":[{"data":"AT_Dispersion","floor":6.0,"key":"SMITH"},{"data":"ats:Dogmatic Field","floor":8.0,"key":"SMITH"},{"data":"ats:Part Time Job","floor":10.0,"key":"SMITH"},{"data":"ats:Closed Bolt Burst Fire","floor":13.0,"key":"SMITH"},{"data":"ats:Thorns","floor":15.0,"key":"SMITH"},{"data":"ats:Shell Defense","floor":23.0,"key":"SMITH"},{"data":"ats:Emotion Absorption","floor":29.0,"key":"SMITH"},{"data":"ats:Healing Strengthening","floor":32,"key":"SMITH"},{"data":"ats:Calcification","floor":40,"key":"SMITH"},{"data":"ats:Rat Pack","floor":47,"key":"SMITH"},{"data":"ats:Armor Crushing Shot","floor":49,"key":"SMITH"}],"circlet_count":0,"master_deck":["ats:Strike G","ats:Strike V","ats:Armor Crushing Shot+1","ats:Defend","ats:Emotion Absorption+1","AT_Dispersion+1","ats:Hammer On","ats:Part Time Job+1","ats:Thorns+1","ats:Closed Bolt Burst Fire+1","ats:Shell Defense+1","ats:Shell Defense+1","ats:Healing Strengthening+1","ats:Leaping Hammer","ats:Calcification+1","ats:Rat Pack+1","Finesse","ats:Part Time Job+1","ats:Thorns+1","ats:Composite Medical Shells+1"],"relics":["ats:Sanity","DaveBox","REME_ComplimentaryCards","ice","AT_ATBox","RhineSuit","SynthV:TestCard","Potion Belt","Black Star","Dota2Spire:LotusOrb","JellyFishMachine","ats:Originium","Toxic Egg 2","Civilization","MoreBug"],"acts_visited":["Exordium","TheCity","TheBeyond"],"potions_floor_usage":[41,41,50],"damage_taken":[{"damage":16.0,"enemies":"Jaw Worm","floor":1.0,"turns":4.0},{"damage":6.0,"enemies":"Cultist","floor":3.0,"turns":3.0},{"damage":12.0,"enemies":"conspire:RoseBush","floor":4.0,"turns":3.0},{"damage":16.0,"enemies":"2 Fungi Beasts","floor":5.0,"turns":4.0},{"damage":5.0,"enemies":"Exordium Wildlife","floor":7.0,"turns":3.0},{"damage":6.0,"enemies":"3 Louse","floor":12.0,"turns":4.0},{"damage":4.0,"enemies":"2 Fungi Beasts","floor":14.0,"turns":3.0},{"damage":34.0,"enemies":"Hexaghost","floor":16.0,"turns":8.0},{"damage":19.0,"enemies":"Spheric Guardian","floor":18.0,"turns":4.0},{"damage":0.0,"enemies":"2 Thieves","floor":21.0,"turns":5.0},{"damage":31.0,"enemies":"3 Cultists","floor":22.0,"turns":6.0},{"damage":45.0,"enemies":"Sentry and Sphere","floor":24.0,"turns":6.0},{"damage":44.0,"enemies":"Snake Plant","floor":27.0,"turns":4.0},{"damage":48.0,"enemies":"Shelled Parasite and Fungi","floor":28.0,"turns":5.0},{"damage":53,"enemies":"Automaton","floor":33,"turns":11},{"damage":22,"enemies":"3 Shapes","floor":35,"turns":5},{"damage":6,"enemies":"Orb Walker","floor":36,"turns":4},{"damage":29,"enemies":"Reptomancer","floor":41,"turns":8},{"damage":4,"enemies":"3 Darklings","floor":44,"turns":8},{"damage":0,"enemies":"Maw","floor":45,"turns":6},{"damage":1,"enemies":"HollowMod:SlobberingHusk","floor":48,"turns":5},{"damage":32,"enemies":"Time Eater","floor":50,"turns":6}],"seed_played":"-907944970612336291","potions_obtained":[{"floor":0.0,"key":"GamblersBrew"},{"floor":0.0,"key":"Swift Potion"},{"floor":0.0,"key":"DuplicationPotion"},{"floor":2.0,"key":"Flashbang"},{"floor":14.0,"key":"REME_GoldPotion"},{"floor":21.0,"key":"LiquidMemories"},{"floor":22.0,"key":"Milkshake"},{"floor":28.0,"key":"Explosive Potion"},{"floor":31,"key":"BlessingOfTheForge"},{"floor":36,"key":"ats:Emergency Sanity Potion"},{"floor":45,"key":"Weak Potion"}],"is_trial":false,"path_per_floor":["M","?","M","M","M","R","M","R","T","R","?","M","R","M","R","B",null,"M","?","$","M","M","R","M","$","T","M","M","R","?","?","R","B",null,"M","M","?","?","?","R","E","R","T","M","M","$","R","M","R","B",null],"character_chosen":"DOCTOR_CLASS","items_purchased":["ats:Healing Strengthening","ats:Thorns+1"],"campfire_rested":0,"item_purchase_floors":[20,42],"current_hp_per_floor":[72,72,72,69,70,70,69,69,69,69,69,72,72,71,71,72,72,69,69,69,72,72,72,72,72,72,64,59,59,59,59,59,67,72,59,72,72,72,72,72,72,72,72,81,91,91,91,103,103,107],"gold":15,"neow_bonus":"THREE_SMALL_POTIONS","is_daily":false,"chose_seed":false,"campfire_upgraded":11,"win_rate":0.0,"timestamp":1610510005,"path_taken":["M","?","?","M","M","R","M","R","T","R","?","M","R","M","R","BOSS","M","?","$","M","M","R","M","$","T","M","M","R","?","?","R","BOSS","M","M","?","?","?","R","E","R","T","?","M","$","R","M","R","BOSS"],"items_purchased_type":["Card","Card"],"build_version":"2020-12-22","purchased_purges":4,"victory":true,"max_hp_per_floor":[72,72,72,72,72,72,72,72,72,72,72,72,72,72,72,72,72,72,72,72,72,72,72,72,72,72,72,72,72,72,72,72,72,72,72,72,72,72,72,72,72,72,72,81,91,91,91,103,103,116],"card_choices":[{"not_picked":["ats:Consecutive Shot Auto","ats:Revitalization"],"picked":"ats:Hammer On","floor":1.0},{"not_picked":["ats:Soul Absorption","ats:Powerful Strike","ats:Apocalypse","ats:Red Shift","ats:Flexible Camouflage"],"picked":"SKIP","floor":3.0},{"not_picked":["ats:Powerful Strike","ats:Guardian Obelisk","ats:Apocalypse","ats:Nebulous Foxfire"],"picked":"ats:Part Time Job","floor":4.0},{"not_picked":["ats:Very Hot Blade","ats:Cat Scratch","ats:Explosion Area Strengthen","ats:Curse Doll"],"picked":"ats:Thorns","floor":5.0},{"not_picked":["ats:Ignite","ats:Revitalization","ats:Durian","ats:Leaping Hammer"],"picked":"ats:Blood Oath","floor":7.0},{"not_picked":["ats:Hook Shot","ats:Defend Order","ats:Chain Hook","ats:Explosion Area Strengthen"],"picked":"ats:Closed Bolt Burst Fire","floor":12.0},{"not_picked":["ats:Leaping Hammer","ats:Red Shift","ats:Apocalypse","ats:Powerful Strike"],"picked":"ats:Shell Defense","floor":14.0},{"not_picked":["ats:Powerful Strike+1","ats:Assault Order","ats:Charging Defense","ats:Ignite"],"picked":"ats:Shell Defense+1","floor":18.0},{"not_picked":["ats:Hammer On+1","ats:Childhood Dance","ats:Charging Defense","ats:Rapid Magazine"],"picked":"ats:Leaping Hammer","floor":21.0},{"not_picked":["ats:Consecutive Shot Auto","ats:Demon Strength+1","ats:Shadow Raid+1","ats:Hammer On","ats:Volcano"],"picked":"SKIP","floor":22.0},{"not_picked":["ats:Powerful Strike","ats:Support Order","ats:Explosion Area Strengthen","ats:Assault Order","ats:Charging Defense+1"],"picked":"SKIP","floor":24.0},{"not_picked":["ats:Apocalypse","ats:Hammer On","ats:LN2 Cannon","ats:Directed Diagnosis","ats:Cat Scratch"],"picked":"SKIP","floor":27.0},{"not_picked":["ats:Curse Doll","ats:Poison Spread+1","ats:Hammer On","ats:Demon Strength","ats:Revitalization"],"picked":"SKIP","floor":28.0},{"not_picked":["ats:Volcano","ats:Dogmatic Field","ats:True Silver Slash","ats:Wolf Pack"],"picked":"ats:Rat Pack","floor":33},{"not_picked":["ats:Chain Hook+1","ats:Curse Doll+1","ats:Apocalypse","ats:Automatic Cover","ats:Directed Diagnosis"],"picked":"SKIP","floor":35},{"not_picked":["ats:Consecutive Shot Auto+1","ats:Ignite","ats:Hammer On+1","ats:Support Order+1","ats:Revitalization"],"picked":"SKIP","floor":36},{"not_picked":["Replay:Parry","Magnetism","Purity","REME_MawOfCthun"],"picked":"Finesse","floor":37},{"not_picked":["ats:Revitalization+1","ats:Assault Order+1","ats:Neurotoxin+1","ats:Demon Strength"],"picked":"ats:Part Time Job+1","floor":41},{"not_picked":["ats:Childhood Dance+1","ats:Consecutive Shot Auto","ats:Healing Drone+1","ats:Poison Spread+1"],"picked":"ats:Composite Medical Shells+1","floor":44},{"not_picked":["ats:Counter Healing Mode","ats:Revitalization+1","ats:LN2 Cannon+1","ats:Shell Defense+1","ats:Steam Pump+1"],"picked":"SKIP","floor":45},{"not_picked":["ats:Dogmatic Field","ats:Leaping Hammer","ats:Hammer On+1","ats:Explosion Area Strengthen","ats:Cat Scratch"],"picked":"SKIP","floor":48}],"player_experience":1231378,"relics_obtained":[{"floor":1.0,"key":"SynthV:TestCard"},{"floor":9.0,"key":"Potion Belt"},{"floor":26.0,"key":"Dota2Spire:LotusOrb"},{"floor":41,"key":"ats:Originium"},{"floor":41,"key":"Toxic Egg 2"},{"floor":41,"key":"Civilization"},{"floor":43,"key":"MoreBug"}],"event_choices":[{"damage_healed":0.0,"max_hp_gain":0.0,"max_hp_loss":0.0,"gold_gain":0.0,"event_name":"Lab","player_choice":"Got Potions","floor":2.0,"gold_loss":0.0,"damage_taken":0.0},{"cards_removed":["ats:Strike C"],"damage_healed":0.0,"max_hp_gain":0.0,"max_hp_loss":0.0,"gold_gain":0.0,"event_name":"Beggar","player_choice":"Gave Gold","floor":19.0,"gold_loss":75.0,"damage_taken":0.0},{"damage_healed":0.0,"max_hp_gain":0.0,"max_hp_loss":0.0,"gold_gain":0.0,"event_name":"The Library","player_choice":"Read","floor":30.0,"gold_loss":0.0,"damage_taken":0.0,"cards_obtained":["ats:Calcification"]},{"damage_healed":0,"gold_gain":0,"player_choice":"Memory 1","damage_taken":0,"max_hp_gain":0,"max_hp_loss":0,"event_name":"SensoryStone","floor":37,"gold_loss":0},{"cards_removed":["ats:Blood Oath"],"damage_healed":0,"gold_gain":0,"player_choice":"Removed Attack","damage_taken":0,"max_hp_gain":0,"max_hp_loss":0,"event_name":"Falling","floor":38,"gold_loss":0}],"is_beta":false,"boss_relics":[{"not_picked":["AddBug","TimeKeys"],"picked":"Black Star"},{"not_picked":["Busted Crown","conspire:SlowCooker"],"picked":"JellyFishMachine"}],"items_purged_floors":[20,25,42,46],"is_endless":false,"potions_floor_spawned":[3,7,14,21,22,28,36,45],"ascension_level":1}}