{"host":"kw4o7b3ro2ktmmbe","time":1610540180,"event":{"mods":["BaseMod","Evolution","Minty Spire (QoL Compilation)","StSLib","The Blackbeard"],"gold_per_floor":[110,185,185,31,31,31,45,66,66,66,82,82,100,114,114,245,245,258,258,108,121,121,121,156,156,156,177,452,470,470,490,490,613,613,632,652,125,125,150,183,183,73,73,73,107,123,136,58,58,58],"floor_reached":51,"language":"ENG","playtime":4943,"items_purged":["Pain"],"score":741,"play_id":"4cf3b463-5210-4b23-8a6d-79df060eb002","local_time":"20210114011620","is_ascension_mode":false,"campfire_choices":[{"data":"blackbeard:Cutlass","floor":6.0,"key":"SMITH"},{"data":"blackbeard:InfiniteBarrage","floor":12.0,"key":"SMITH"},{"data":"blackbeard:WeaponProficiency","floor":15.0,"key":"SMITH"},{"data":"blackbeard:Toast","floor":23.0,"key":"SMITH"},{"data":"blackbeard:Anchor","floor":25.0,"key":"SMITH"},{"floor":32.0,"key":"REST"},{"floor":41,"key":"REST"},{"data":"blackbeard:Intoxication","floor":44,"key":"SMITH"},{"floor":49,"key":"REST"}],"circlet_count":0,"master_deck":["blackbeard:Shrapnel","blackbeard:Shrapnel","blackbeard:Shrapnel","blackbeard:BlackbeardStrike+1","blackbeard:IntimidatingStrike+1","blackbeard:BlackbeardDefend","blackbeard:BlackbeardDefend","blackbeard:BlackbeardDefend","blackbeard:BlackbeardDefend","blackbeard:Cutlass+1","blackbeard:InfiniteBarrage+1","blackbeard:WeaponProficiency+1","blackbeard:RearmingStrike","blackbeard:Toast+1","blackbeard:Salvager","blackbeard:Anchor+1","blackbeard:Toast+1","blackbeard:PiratesWill+1","blackbeard:PiratesWill+1","blackbeard:Intoxication+1","blackbeard:Upgrade+1","blackbeard:SmithingHammer+1","blackbeard:Toast+1","blackbeard:CatONineTails+1","blackbeard:UndeadForm","blackbeard:Upgrade+1","blackbeard:FieryDefense+1","blackbeard:Toast+1"],"relics":["blackbeard:LoadTheCannons","EVO:Axolotl","Golden Idol","Blood Vial","Ancient Tea Set","Philosopher\u0027s Stone","OrangePellets","Toxic Egg 2","Darkstone Periapt","Spirit Poop","Runic Pyramid","Lantern","Chemical X","Art of War","WarpedTongs","Sundial","Mercury Hourglass","Pen Nib"],"acts_visited":["Exordium","TheCity","TheBeyond"],"potions_floor_usage":[40,40,46,50],"damage_taken":[{"damage":0.0,"enemies":"2 Louse","floor":1.0,"turns":3.0},{"damage":0.0,"enemies":"Small Slimes","floor":7.0,"turns":2.0},{"damage":6.0,"enemies":"Jaw Worm","floor":8.0,"turns":3.0},{"damage":0.0,"enemies":"Large Slime","floor":11.0,"turns":4.0},{"damage":0.0,"enemies":"Blue Slaver","floor":13.0,"turns":3.0},{"damage":0.0,"enemies":"Exordium Thugs","floor":14.0,"turns":1.0},{"damage":34.0,"enemies":"Hexaghost","floor":16.0,"turns":10.0},{"damage":14.0,"enemies":"Spheric Guardian","floor":18.0,"turns":4.0},{"damage":12.0,"enemies":"2 Thieves","floor":21.0,"turns":4.0},{"damage":29.0,"enemies":"Slavers","floor":24.0,"turns":4.0},{"damage":13.0,"enemies":"Snecko","floor":27.0,"turns":5.0},{"damage":2.0,"enemies":"Centurion and Healer","floor":29.0,"turns":6.0},{"damage":3.0,"enemies":"Snake Plant","floor":31.0,"turns":5.0},{"damage":44.0,"enemies":"Champ","floor":33.0,"turns":17.0},{"damage":0.0,"enemies":"3 Darklings","floor":35.0,"turns":6.0},{"damage":7.0,"enemies":"Orb Walker","floor":36.0,"turns":4.0},{"damage":32,"enemies":"Writhing Mass","floor":39,"turns":8},{"damage":49,"enemies":"Giant Head","floor":40,"turns":9},{"damage":2,"enemies":"Reptomancer","floor":45,"turns":8},{"damage":0,"enemies":"4 Shapes","floor":46,"turns":3},{"damage":0,"enemies":"Maw","floor":47,"turns":8},{"damage":2,"enemies":"Time Eater","floor":50,"turns":11}],"seed_played":"-3688647378031059171","potions_obtained":[{"floor":8.0,"key":"AttackPotion"},{"floor":13.0,"key":"SteroidPotion"},{"floor":18.0,"key":"PowerPotion"},{"floor":21.0,"key":"Strength Potion"},{"floor":33.0,"key":"ColorlessPotion"},{"floor":36.0,"key":"Fire Potion"},{"floor":40,"key":"Fruit Juice"},{"floor":45,"key":"BlessingOfTheForge"}],"is_trial":false,"path_per_floor":["M","?","?","$","?","R","M","M","T","?","M","R","M","M","R","B",null,"M","?","$","M","?","R","E","R","T","M","?","M","?","M","R","B",null,"M","M","$","?","M","E","R","$","T","R","E","M","M","$","R","B",null],"character_chosen":"BLACKBEARD_CLASS","items_purchased":["Blood Vial","OrangePellets","blackbeard:SmithingHammer+1","Lantern","blackbeard:Toast+1","Chemical X","Art of War","blackbeard:Upgrade+1","blackbeard:RumPotion"],"campfire_rested":3,"item_purchase_floors":[4,20,37,37,37,37,37,42,48],"current_hp_per_floor":[82,71,51,51,35,35,37,33,33,33,35,35,37,39,39,7,82,68,68,68,58,58,58,31,31,31,20,26,26,26,25,51,9,88,88,81,81,87,57,15,44,44,44,44,44,46,48,48,77,77],"gold":58,"neow_bonus":"TEN_PERCENT_HP_BONUS","is_daily":false,"chose_seed":false,"campfire_upgraded":6,"win_rate":0.0,"timestamp":1610540180,"path_taken":["M","?","?","$","?","R","M","M","T","?","M","R","M","?","R","BOSS","M","?","$","M","?","R","E","R","T","M","?","?","?","M","R","BOSS","M","M","$","?","M","E","R","$","T","R","E","M","?","?","R","BOSS"],"items_purchased_type":["Relic","Relic","Card","Relic","Card","Relic","Relic","Card","Potion"],"build_version":"2020-12-22","purchased_purges":1,"victory":true,"max_hp_per_floor":[82,82,82,82,82,82,82,82,82,82,82,82,82,82,82,82,82,82,82,82,82,82,82,82,82,82,82,88,88,88,88,88,88,88,88,88,88,94,94,99,99,99,99,99,99,99,99,99,99,99],"card_choices":[{"not_picked":["blackbeard:Fencing","blackbeard:FieryDefense","blackbeard:BeatUp"],"picked":"SKIP","floor":1.0},{"not_picked":["blackbeard:DangerousBlow","blackbeard:GhostInTheRum"],"picked":"blackbeard:InfiniteBarrage","floor":7.0},{"not_picked":["blackbeard:RearmingStrike","blackbeard:Spear"],"picked":"blackbeard:WeaponProficiency","floor":8.0},{"not_picked":["blackbeard:CannonBarrage","blackbeard:CannonballSupply","blackbeard:Sharpening"],"picked":"SKIP","floor":11.0},{"not_picked":["blackbeard:BlindAttacks","blackbeard:Sword"],"picked":"blackbeard:RearmingStrike","floor":13.0},{"not_picked":["blackbeard:CannonballSupply","blackbeard:CatONineTails"],"picked":"blackbeard:Toast","floor":14.0},{"not_picked":["blackbeard:Lifeboat","blackbeard:BoostMorale"],"picked":"blackbeard:Salvager","floor":16.0},{"not_picked":["blackbeard:ChaoticDefense","blackbeard:DoubleCannonball"],"picked":"blackbeard:Anchor","floor":18.0},{"not_picked":["blackbeard:BeatUp","blackbeard:GhostInTheRum","blackbeard:Fencing"],"picked":"SKIP","floor":21.0},{"not_picked":["blackbeard:GhostInTheRum+1","blackbeard:ChaoticDefense+1","blackbeard:WiseDefense+1"],"picked":"SKIP","floor":24.0},{"not_picked":["blackbeard:Upgrade+1","blackbeard:SwordDance+1"],"picked":"blackbeard:Toast+1","floor":27.0},{"not_picked":["blackbeard:TacticalRetreat+1","blackbeard:InfiniteBarrage"],"picked":"blackbeard:PiratesWill+1","floor":29.0},{"not_picked":["blackbeard:Shrapnel+1","blackbeard:JollyRoger+1"],"picked":"blackbeard:PiratesWill+1","floor":31.0},{"not_picked":["blackbeard:GoldenGuillotine","blackbeard:Lifeboat+1"],"picked":"blackbeard:Intoxication","floor":33.0},{"not_picked":["blackbeard:BlindAttacks","blackbeard:WiseDefense+1","blackbeard:Shrapnel"],"picked":"SKIP","floor":35.0},{"not_picked":["blackbeard:WeaponProficiency","blackbeard:AgileStrike"],"picked":"blackbeard:Upgrade+1","floor":36.0},{"not_picked":["blackbeard:BlindAttacks","blackbeard:Shrapnel+1"],"picked":"blackbeard:CatONineTails+1","floor":39},{"not_picked":["blackbeard:CloakAndCannonball+1","blackbeard:Spear+1"],"picked":"blackbeard:UndeadForm","floor":40},{"not_picked":["blackbeard:PiratesWill+1","blackbeard:GoldenDefense+1"],"picked":"blackbeard:FieryDefense+1","floor":45},{"not_picked":["blackbeard:PiratesWill+1","blackbeard:TacticalRetreat+1"],"picked":"blackbeard:Toast+1","floor":46},{"not_picked":["blackbeard:TacticalRetreat+1","blackbeard:WiseDefense+1","blackbeard:FieryDefense+1"],"picked":"SKIP","floor":47}],"player_experience":1839697,"relics_obtained":[{"floor":9.0,"key":"Ancient Tea Set"},{"floor":24.0,"key":"Toxic Egg 2"},{"floor":26.0,"key":"Darkstone Periapt"},{"floor":40,"key":"Sundial"},{"floor":43,"key":"Mercury Hourglass"},{"floor":45,"key":"Pen Nib"}],"event_choices":[{"damage_healed":0.0,"max_hp_gain":0.0,"max_hp_loss":0.0,"gold_gain":75.0,"event_name":"World of Goop","player_choice":"Gather Gold","floor":2.0,"gold_loss":0.0,"damage_taken":11.0},{"damage_healed":0.0,"max_hp_gain":0.0,"max_hp_loss":0.0,"gold_gain":0.0,"event_name":"Golden Idol","player_choice":"Take Damage","floor":3.0,"gold_loss":0.0,"damage_taken":20.0,"relics_obtained":["Golden Idol"]},{"damage_healed":0.0,"max_hp_gain":0.0,"max_hp_loss":0.0,"gold_gain":0.0,"event_name":"Shining Light","player_choice":"Entered Light","floor":5.0,"gold_loss":0.0,"damage_taken":16.0,"cards_upgraded":["blackbeard:IntimidatingStrike","blackbeard:BlackbeardStrike"]},{"damage_healed":0.0,"max_hp_gain":0.0,"max_hp_loss":0.0,"gold_gain":0.0,"event_name":"Dead Adventurer","player_choice":"Searched \u00270\u0027 times","floor":10.0,"gold_loss":0.0,"damage_taken":0.0},{"damage_healed":0.0,"max_hp_gain":0.0,"max_hp_loss":0.0,"gold_gain":0.0,"event_name":"Vampires","player_choice":"Ignored","floor":19.0,"gold_loss":0.0,"damage_taken":0.0},{"damage_healed":0.0,"max_hp_gain":0.0,"max_hp_loss":0.0,"gold_gain":0.0,"event_name":"Ghosts","player_choice":"Ignored","floor":22.0,"gold_loss":0.0,"damage_taken":0.0},{"damage_healed":0.0,"max_hp_gain":0.0,"max_hp_loss":0.0,"gold_gain":275.0,"event_name":"Golden Shrine","player_choice":"Desecrate","floor":28.0,"gold_loss":0.0,"damage_taken":0.0,"cards_obtained":["Regret"]},{"cards_removed":["Regret"],"damage_healed":0.0,"max_hp_gain":0.0,"max_hp_loss":0.0,"gold_gain":0.0,"event_name":"Bonfire Elementals","player_choice":"Offered Curse","floor":30.0,"gold_loss":0.0,"damage_taken":0.0,"relics_obtained":["Spirit Poop"]},{"damage_healed":0.0,"max_hp_gain":0.0,"max_hp_loss":0.0,"gold_gain":0.0,"event_name":"Accursed Blacksmith","player_choice":"Rummage","floor":38.0,"gold_loss":0.0,"damage_taken":0.0,"relics_obtained":["WarpedTongs"],"cards_obtained":["Pain"]}],"is_beta":false,"boss_relics":[{"not_picked":["blackbeard:SoberMinded","blackbeard:Karategi"],"picked":"Philosopher\u0027s Stone"},{"not_picked":["Busted Crown","Runic Dome"],"picked":"Runic Pyramid"}],"items_purged_floors":[42],"is_endless":false,"potions_floor_spawned":[8,13,18,21,33,36,40,45],"ascension_level":0}}