{"host":"2xe1naorbvdtp4t7","time":1610533469,"event":{"mods":["BaseMod","Colored Map","Colored Powertips","Dark Map","Minty Spire (QoL Compilation)","Random Character Button","Rare Cards Sparkle","Spire Birthday Party"],"gold_per_floor":[117,130,150,196,161,161,70,102,128,128,141,155,174,4,4,106,106,119,119,129,141,141,141],"floor_reached":22,"language":"ENG","playtime":1081,"items_purged":[],"score":188,"play_id":"a77190e5-8dc8-4cfd-ae18-4bd8bd0b3c7a","local_time":"20210113112429","is_ascension_mode":false,"campfire_choices":[{"data":"All Out Attack","floor":6,"key":"SMITH"},{"floor":10,"key":"REST"},{"floor":15,"key":"REST"}],"circlet_count":0,"master_deck":["Strike_G","Strike_G","Strike_G","Strike_G","Strike_G","Defend_G","Defend_G","Defend_G","Defend_G","Defend_G","Survivor","Neutralize","Bullet Time","PiercingWail","Catalyst","All Out Attack+1","Bane","Backflip","Dagger Spray","Poisoned Stab","Underhanded Strike","Outmaneuver+1","Poisoned Stab","PiercingWail"],"relics":["Ring of the Snake","Lantern","Smiling Mask","PreservedInsect","Bag of Preparation","Sling","WristBlade"],"acts_visited":["Exordium","TheCity"],"potions_floor_usage":[16,16,20,22],"damage_taken":[{"damage":0,"enemies":"Cultist","floor":1,"turns":6},{"damage":1,"enemies":"2 Louse","floor":2,"turns":3},{"damage":3,"enemies":"Small Slimes","floor":3,"turns":4},{"damage":28,"enemies":"Gremlin Nob","floor":8,"turns":5},{"damage":1,"enemies":"Gremlin Gang","floor":11,"turns":5},{"damage":0,"enemies":"3 Louse","floor":12,"turns":4},{"damage":0,"enemies":"Lots of Slimes","floor":13,"turns":1},{"damage":16,"enemies":"Hexaghost","floor":16,"turns":9},{"damage":33,"enemies":"Shell Parasite","floor":18,"turns":7},{"damage":22,"enemies":"3 Byrds","floor":20,"turns":7},{"damage":2,"enemies":"Snake Plant","floor":21,"turns":3},{"damage":13,"enemies":"Shelled Parasite and Fungi","floor":22,"turns":4}],"seed_played":"-8314544360903529278","potions_obtained":[{"floor":11,"key":"BlessingOfTheForge"},{"floor":12,"key":"Dexterity Potion"},{"floor":13,"key":"PowerPotion"},{"floor":20,"key":"PowerPotion"}],"is_trial":false,"path_per_floor":["M","M","M","T","?","R","?","E","T","R","M","M","M","$","R","B",null,"M","?","M","M","M"],"character_chosen":"THE_SILENT","items_purchased":["Underhanded Strike","Sling"],"campfire_rested":2,"item_purchase_floors":[14,14],"current_hp_per_floor":[70,69,66,66,70,70,70,42,42,63,62,62,62,62,70,54,70,37,37,15,13,0,0],"gold":141,"neow_bonus":"ONE_RANDOM_RARE_CARD","is_daily":false,"chose_seed":false,"campfire_upgraded":1,"win_rate":0.0,"timestamp":1610533469,"path_taken":["M","M","M","?","?","R","?","E","T","R","?","M","M","$","R","BOSS","M","?","M","M","M"],"items_purchased_type":["Card","Relic"],"build_version":"2020-12-22","purchased_purges":0,"victory":false,"max_hp_per_floor":[70,70,70,70,70,70,70,70,70,70,70,70,70,70,70,70,70,70,70,70,70,70,70],"card_choices":[{"not_picked":["Prepared","Bouncing Flask"],"picked":"PiercingWail","floor":1},{"not_picked":["Bane","Caltrops"],"picked":"Catalyst","floor":2},{"not_picked":["Tactician","Sucker Punch"],"picked":"All Out Attack","floor":3},{"not_picked":["PiercingWail","Predator"],"picked":"Bane","floor":8},{"not_picked":["Quick Slash","Dodge and Roll"],"picked":"Backflip","floor":11},{"not_picked":["Flying Knee","Slice"],"picked":"Dagger Spray","floor":12},{"not_picked":["Venomology","Outmaneuver"],"picked":"Poisoned Stab","floor":13},{"not_picked":["Bullet Time","Malaise"],"picked":"After Image","floor":16},{"not_picked":["Acrobatics","Underhanded Strike"],"picked":"Outmaneuver+1","floor":18},{"not_picked":["Cloak And Dagger","Sucker Punch"],"picked":"Poisoned Stab","floor":20},{"not_picked":["Dagger Throw","Calculated Gamble+1"],"picked":"PiercingWail","floor":21}],"player_experience":60782,"relics_obtained":[{"floor":4,"key":"Lantern"},{"floor":8,"key":"PreservedInsect"},{"floor":9,"key":"Bag of Preparation"}],"event_choices":[{"damage_healed":17,"gold_gain":0,"player_choice":"Healed","damage_taken":0,"max_hp_gain":0,"max_hp_loss":0,"event_name":"The Cleric","floor":5,"gold_loss":35},{"damage_healed":0,"gold_gain":0,"player_choice":"Paid Gold","damage_taken":0,"relics_obtained":["Smiling Mask"],"max_hp_gain":0,"max_hp_loss":0,"event_name":"WeMeetAgain","floor":7,"gold_loss":91},{"cards_removed":["After Image"],"damage_healed":0,"gold_gain":0,"player_choice":"Purged","damage_taken":0,"max_hp_gain":0,"max_hp_loss":0,"event_name":"Purifier","floor":19,"gold_loss":0}],"is_beta":false,"boss_relics":[{"not_picked":["Velvet Choker","Busted Crown"],"picked":"WristBlade"}],"items_purged_floors":[],"is_endless":false,"potions_floor_spawned":[11,12,13,20],"killed_by":"Shelled Parasite and Fungi","ascension_level":0}}