{"host":"5x08nt64u3vxxcfi","time":1610534168,"event":{"mods":["BaseMod","Minty Spire (QoL Compilation)","StSLib","SuperFastMode"],"gold_per_floor":[112,127,127,144,74,403,420,420,420,440,450,484,3,16,16,90,90,103,122,8,8,8],"floor_reached":21,"language":"KOR","playtime":615,"items_purged":["Strike_G"],"score":328,"play_id":"6dce5f12-1a75-46c1-8965-7ccc5a61e83a","local_time":"20210113193608","is_ascension_mode":true,"campfire_choices":[{"floor":8.0,"key":"REST"},{"floor":15.0,"key":"REST"}],"circlet_count":0,"master_deck":["AscendersBane","Strike_G","Strike_G","Strike_G","Strike_G","Defend_G","Defend_G","Defend_G","Defend_G","Defend_G","Survivor","Neutralize","Poisoned Stab","Flying Knee","Blur","Backstab","Quick Slash","Slice","Cloak And Dagger","Dagger Spray","Die Die Die","Predator","Envenom","Blade Dance","Masterful Stab","Accuracy","Dagger Throw"],"relics":["Ring of the Serpent","Ancient Tea Set","Pear","Old Coin","Lizard Tail","Paper Crane","Blue Candle","Medical Kit"],"acts_visited":["Exordium","TheCity"],"potions_floor_usage":[],"damage_taken":[{"damage":3.0,"enemies":"2 Louse","floor":1.0,"turns":6.0},{"damage":0.0,"enemies":"Cultist","floor":2.0,"turns":4.0},{"damage":7.0,"enemies":"Jaw Worm","floor":4.0,"turns":3.0},{"damage":36.0,"enemies":"Lagavulin","floor":6.0,"turns":7.0},{"damage":10.0,"enemies":"Large Slime","floor":7.0,"turns":8.0},{"damage":0.0,"enemies":"3 Louse","floor":10.0,"turns":3.0},{"damage":7.0,"enemies":"Exordium Wildlife","floor":11.0,"turns":4.0},{"damage":11.0,"enemies":"3 Sentries","floor":12.0,"turns":8.0},{"damage":0.0,"enemies":"Large Slime","floor":14.0,"turns":5.0},{"damage":77.0,"enemies":"The Guardian","floor":16.0,"turns":15.0},{"damage":10,"enemies":"Chosen","floor":18,"turns":5},{"damage":24,"enemies":"Spheric Guardian","floor":19,"turns":4},{"damage":31,"enemies":"Centurion and Healer","floor":21,"turns":7}],"seed_played":"-8037707831463980965","potions_obtained":[{"floor":2.0,"key":"Dexterity Potion"},{"floor":4.0,"key":"GamblersBrew"},{"floor":7.0,"key":"FearPotion"}],"is_trial":false,"path_per_floor":["M","M","?","M","$","E","M","R","T","M","M","E","$","M","R","B",null,"M","M","$","M"],"character_chosen":"THE_SILENT","items_purchased":["Backstab","Blue Candle","Medical Kit","Accuracy","Dagger Throw"],"campfire_rested":2,"item_purchase_floors":[5,13,13,20,20],"current_hp_per_floor":[56,56,66,59,59,23,13,35,35,35,28,17,17,17,39,4,58,48,24,24,0,0],"gold":8,"neow_bonus":"RANDOM_COMMON_RELIC","is_daily":false,"chose_seed":false,"campfire_upgraded":0,"win_rate":0.0,"timestamp":1610534168,"path_taken":["M","M","?","M","$","E","?","R","T","M","M","E","$","M","R","BOSS","M","M","$","?"],"items_purchased_type":["Card","Relic","Relic","Card","Card"],"build_version":"2020-12-22","purchased_purges":1,"victory":false,"max_hp_per_floor":[66,66,76,76,76,76,76,76,76,76,76,76,76,76,76,76,76,76,76,76,76,76],"card_choices":[{"not_picked":["Deadly Poison","Backstab"],"picked":"Poisoned Stab","floor":1.0},{"not_picked":["Underhanded Strike","All Out Attack"],"picked":"Flying Knee","floor":2.0},{"not_picked":["Slice","Prepared"],"picked":"Blur","floor":4.0},{"not_picked":["Sucker Punch","Blur"],"picked":"Quick Slash","floor":6.0},{"not_picked":["Setup","Flying Knee"],"picked":"Slice","floor":7.0},{"not_picked":["Bouncing Flask","Heel Hook"],"picked":"Cloak And Dagger","floor":10.0},{"not_picked":["Slice","PiercingWail"],"picked":"Dagger Spray","floor":11.0},{"not_picked":["Heel Hook","Infinite Blades"],"picked":"Die Die Die","floor":12.0},{"not_picked":["PiercingWail","Dodge and Roll"],"picked":"Predator","floor":14.0},{"not_picked":["Storm of Steel","Bullet Time"],"picked":"Envenom","floor":16.0},{"not_picked":["Quick Slash","PiercingWail"],"picked":"Blade Dance","floor":18},{"not_picked":["Noxious Fumes","Bouncing Flask"],"picked":"Masterful Stab","floor":19}],"player_experience":100407,"relics_obtained":[{"floor":6.0,"key":"Old Coin"},{"floor":9.0,"key":"Lizard Tail"},{"floor":12.0,"key":"Paper Crane"}],"event_choices":[{"damage_healed":0.0,"max_hp_gain":0.0,"max_hp_loss":0.0,"gold_gain":0.0,"event_name":"WeMeetAgain","player_choice":"Gave Potion","floor":3.0,"gold_loss":0.0,"damage_taken":0.0,"relics_obtained":["Pear"]}],"is_beta":false,"boss_relics":[{"not_picked":["Pandora\u0027s Box","Busted Crown"],"picked":"Ring of the Serpent"}],"items_purged_floors":[13],"is_endless":false,"potions_floor_spawned":[2,4,7,12,14],"killed_by":"Centurion and Healer","ascension_level":14}}