{"host":"jggt5i9rbuoqvque","time":1610562712,"event":{"mods":["BaseMod","Colored Map","Minty Spire (QoL Compilation)","StSLib"],"gold_per_floor":[111,122,122,122,134,160,135,154,154,185,185,110,130,143,143,244,244,260,260,260,359,359,359,377,377,459,459,459],"floor_reached":27,"language":"KOR","playtime":589,"items_purged":["Regret"],"score":298,"play_id":"c8e50cc6-8b4d-4991-be30-e624bf9a6f2a","local_time":"20210114033152","is_ascension_mode":true,"campfire_choices":[{"floor":11,"key":"REST"},{"data":"Rampage","floor":15,"key":"SMITH"},{"data":"Searing Blow","floor":23,"key":"SMITH"},{"data":"Heavy Blade","floor":25,"key":"SMITH"}],"circlet_count":0,"master_deck":["Strike_R","Strike_R","Strike_R","Strike_R","Strike_R","Defend_R","Defend_R","Defend_R","Defend_R","Bash","Rampage+1","Spot Weakness","Heavy Blade+1","Searing Blow+1"],"relics":["Burning Blood","NeowsBlessing","Pantograph","Incense Burner","Turnip","Du-Vu Doll","Regal Pillow","SlaversCollar","MutagenicStrength","Bottled Lightning"],"acts_visited":["Exordium","TheCity"],"potions_floor_usage":[6,8,10,14,16,27],"damage_taken":[{"damage":0,"enemies":"Small Slimes","floor":1,"turns":1},{"damage":0,"enemies":"2 Louse","floor":2,"turns":1},{"damage":0,"enemies":"Jaw Worm","floor":5,"turns":1},{"damage":44,"enemies":"3 Sentries","floor":6,"turns":7},{"damage":6,"enemies":"Large Slime","floor":8,"turns":6},{"damage":43,"enemies":"Lagavulin","floor":10,"turns":6},{"damage":12,"enemies":"2 Fungi Beasts","floor":13,"turns":3},{"damage":13,"enemies":"Gremlin Gang","floor":14,"turns":3},{"damage":48,"enemies":"Slime Boss","floor":16,"turns":11},{"damage":39,"enemies":"Spheric Guardian","floor":18,"turns":6},{"damage":12,"enemies":"Chosen","floor":24,"turns":4},{"damage":32,"enemies":"3 Cultists","floor":27,"turns":4}],"seed_played":"4268675334492066401","potions_obtained":[{"floor":5,"key":"Weak Potion"},{"floor":6,"key":"BloodPotion"},{"floor":8,"key":"PowerPotion"},{"floor":10,"key":"EssenceOfSteel"},{"floor":13,"key":"AttackPotion"},{"floor":14,"key":"Energy Potion"},{"floor":18,"key":"HeartOfIron"},{"floor":24,"key":"ColorlessPotion"}],"is_trial":false,"path_per_floor":["M","M","?","?","M","E","?","M","T","E","R","$","M","M","R","B",null,"M","?","?","?","?","R","M","R","T","M"],"character_chosen":"IRONCLAD","items_purchased":[],"campfire_rested":1,"item_purchase_floors":[],"current_hp_per_floor":[78,80,80,73,79,57,57,57,57,20,59,59,53,46,46,29,67,34,60,60,60,60,60,54,54,54,22,22],"gold":459,"neow_bonus":"THREE_ENEMY_KILL","is_daily":false,"chose_seed":false,"campfire_upgraded":3,"win_rate":0.0,"timestamp":1610562712,"path_taken":["M","M","?","?","M","E","?","M","T","E","R","$","M","M","R","BOSS","M","?","?","?","?","R","M","R","T","M"],"items_purchased_type":[],"build_version":"2020-12-22","purchased_purges":1,"victory":false,"max_hp_per_floor":[80,80,80,80,80,80,80,80,80,80,80,80,80,80,80,80,80,80,80,80,80,80,80,80,80,80,80,80],"card_choices":[{"not_picked":["Anger","Cleave"],"picked":"Rampage","floor":1},{"not_picked":["Sever Soul","Perfected Strike","Second Wind"],"picked":"SKIP","floor":2},{"not_picked":["Thunderclap","Dual Wield"],"picked":"Spot Weakness","floor":5},{"not_picked":["Corruption","Anger","Sever Soul"],"picked":"SKIP","floor":6},{"not_picked":["Fire Breathing","Spot Weakness","Anger"],"picked":"SKIP","floor":8},{"not_picked":["Cleave","Clash","Rupture"],"picked":"SKIP","floor":10},{"not_picked":["Rampage","Headbutt"],"picked":"Heavy Blade","floor":13},{"not_picked":["Shrug It Off","Thunderclap"],"picked":"Searing Blow","floor":14},{"not_picked":["Headbutt","Heavy Blade+1","Body Slam+1"],"picked":"SKIP","floor":18},{"not_picked":["Ghostly Armor","Wild Strike","Corruption"],"picked":"SKIP","floor":24}],"player_experience":327409,"relics_obtained":[{"floor":6,"key":"Turnip"},{"floor":9,"key":"Du-Vu Doll"},{"floor":10,"key":"Regal Pillow"},{"floor":26,"key":"Bottled Lightning"}],"event_choices":[{"damage_healed":0,"gold_gain":0,"player_choice":"Box","damage_taken":0,"relics_obtained":["Pantograph"],"max_hp_gain":0,"max_hp_loss":0,"event_name":"Big Fish","floor":3,"gold_loss":0,"cards_obtained":["Regret"]},{"damage_healed":0,"gold_gain":0,"player_choice":"Success","damage_taken":7,"relics_obtained":["Incense Burner"],"max_hp_gain":0,"max_hp_loss":0,"event_name":"Scrap Ooze","floor":4,"gold_loss":0},{"damage_healed":0,"gold_gain":0,"player_choice":"Left Gold","damage_taken":0,"max_hp_gain":0,"max_hp_loss":0,"event_name":"World of Goop","floor":7,"gold_loss":25},{"damage_healed":26,"gold_gain":0,"player_choice":"Heal","damage_taken":0,"max_hp_gain":0,"max_hp_loss":0,"event_name":"The Library","floor":19,"gold_loss":0},{"damage_healed":0,"gold_gain":0,"player_choice":"Inject Mutagens","damage_taken":0,"relics_obtained":["MutagenicStrength"],"max_hp_gain":0,"max_hp_loss":0,"event_name":"Drug Dealer","floor":20,"gold_loss":0},{"damage_healed":0,"gold_gain":99,"player_choice":"Stole From Cult","damage_taken":0,"max_hp_gain":0,"max_hp_loss":0,"event_name":"Nest","floor":21,"gold_loss":0},{"damage_healed":0,"gold_gain":0,"player_choice":"0 cards matched","damage_taken":0,"max_hp_gain":0,"max_hp_loss":0,"event_name":"Match and Keep!","floor":22,"gold_loss":0,"cards_obtained":[]}],"is_beta":false,"boss_relics":[{"not_picked":["Runic Dome","Sozu"],"picked":"SlaversCollar"}],"items_purged_floors":[12],"is_endless":false,"potions_floor_spawned":[5,6,8,10,13,14,18,24],"killed_by":"3 Cultists","ascension_level":7}}