{"host":"yxwl91n21ge0donf","time":1610504417,"event":{"mods":["Arknights The Spire","BaseMod","Decade(王小明)","Gold Saver","HololiveMod","Minty Spire (QoL Compilation)","Relic Filter","Remove Card Discount Mod","StSLib","Swap Starting Deck Mod","The Alterego","The Dragon Tamer","The Marked","【遗物卡牌】REMEMod","篝火指南"],"gold_per_floor":[120,85,85,109,124,160,160,181,229,229,229,194,225,239,239,397,397,422,422,441,465,465,465,481,494,494,509,509,522,299,311,311,406,406,419,432,193,213,223,223,234,234,234,234,10,10,26,26,26],"floor_reached":48,"language":"ZHS","playtime":2563,"items_purged":["alterego_mod:Strike","alterego_mod:Defend","alterego_mod:Defend","alterego_mod:Strike","alterego_mod:Strike","alterego_mod:Defend"],"score":548,"play_id":"890dbb21-0395-4977-a19a-048729b3d079","local_time":"20210113102017","is_ascension_mode":false,"campfire_choices":[{"data":"DTMod:SealedStrike","floor":10,"key":"SMITH"},{"data":"DTMod:SealedStrike+1","floor":15,"key":"SMITH"},{"data":"DTMod:SealedStrike+2","floor":23,"key":"SMITH"},{"data":"DTMod:SealedStrike+3","floor":28,"key":"SMITH"},{"data":"DTMod:SealedStrike+4","floor":32,"key":"SMITH"},{"data":"alterego_mod:Cushion","floor":40,"key":"SMITH"},{"data":"alterego_mod:ClassAdvantage","floor":42,"key":"SMITH"}],"circlet_count":0,"master_deck":["alterego_mod:Strike+1","alterego_mod:Defend+1","alterego_mod:Impale+1","alterego_mod:BigMeatyClaws+1","alterego_mod:BrynhildrsRune+1","DTMod:SealedStrike+5","alterego_mod:Exercise+1","alterego_mod:Bounce+1","alterego_mod:HighServant+1","alterego_mod:Rip+1","alterego_mod:AlterEgo+1","alterego_mod:BeGentle+1","alterego_mod:BeGentle+1","alterego_mod:Bounce+1","alterego_mod:MaintainEyeContact+1","alterego_mod:1TonWallop+1","alterego_mod:Undulate+1","alterego_mod:Bounce+1","alterego_mod:Rake+1","alterego_mod:Bounce+1","alterego_mod:Cycle+1","alterego_mod:Mirror+1","alterego_mod:RidiculouslyBig+1","alterego_mod:STier+1","alterego_mod:Pet+1","alterego_mod:Bloomers+1","alterego_mod:IndependentAction+1","alterego_mod:Bounce+1","alterego_mod:ClassAdvantage+1","alterego_mod:MagicResistance+1","alterego_mod:Cushion+1","alterego_mod:SuperDuperMasochism+1","alterego_mod:Cooking","alterego_mod:Santa"],"relics":["alterego_mod:MasochisticConstitution","REME_ComplimentaryCards","NeowsBlessing","Bloody Idol","Meat on the Bone","Toy Ornithopter","Bag of Marbles","Dream Catcher","REME_DuelDisc","Regal Pillow","Pen Nib","Coffee Dripper","Bottled Tornado","Sundial","alterego_mod:SistersRibbon"],"acts_visited":["Exordium","TheCity","TheBeyond"],"potions_floor_usage":[6,16,29,29,48,48],"damage_taken":[{"damage":0,"enemies":"Cultist","floor":1,"turns":1},{"damage":0,"enemies":"Jaw Worm","floor":4,"turns":1},{"damage":0,"enemies":"Small Slimes","floor":5,"turns":1},{"damage":6,"enemies":"Gremlin Nob","floor":6,"turns":3},{"damage":13,"enemies":"Blue Slaver","floor":8,"turns":3},{"damage":27,"enemies":"Lagavulin","floor":13,"turns":5},{"damage":9,"enemies":"Red Slaver","floor":14,"turns":2},{"damage":44,"enemies":"Hexaghost","floor":16,"turns":6},{"damage":0,"enemies":"Spheric Guardian","floor":18,"turns":3},{"damage":14,"enemies":"3 Byrds","floor":20,"turns":4},{"damage":13,"enemies":"Centurion and Healer","floor":21,"turns":6},{"damage":23,"enemies":"Shelled Parasite and Fungi","floor":24,"turns":3},{"damage":51,"enemies":"Cultist and Chosen","floor":25,"turns":9},{"damage":4,"enemies":"Snake Plant","floor":27,"turns":3},{"damage":13,"enemies":"Chosen and Byrds","floor":29,"turns":5},{"damage":6,"enemies":"Shelled Parasite and Fungi","floor":31,"turns":4},{"damage":16,"enemies":"Collector","floor":33,"turns":7},{"damage":31,"enemies":"3 Darklings","floor":35,"turns":4},{"damage":7,"enemies":"Orb Walker","floor":36,"turns":2},{"damage":12,"enemies":"Spire Growth","floor":38,"turns":2},{"damage":15,"enemies":"Writhing Mass","floor":39,"turns":5},{"damage":5,"enemies":"Jaw Worm Horde","floor":41,"turns":6},{"damage":0,"enemies":"Sphere and 2 Shapes","floor":47,"turns":2},{"damage":99999,"enemies":"Giant Head","floor":48,"turns":3}],"seed_played":"-7660898857475557486","potions_obtained":[{"floor":1,"key":"Energy Potion"},{"floor":5,"key":"DistilledChaos"},{"floor":8,"key":"REME_GoldPotion"},{"floor":13,"key":"Explosive Potion"},{"floor":25,"key":"SteroidPotion"},{"floor":31,"key":"Weak Potion"},{"floor":35,"key":"LiquidMemories"},{"floor":41,"key":"Energy Potion"}],"is_trial":false,"path_per_floor":["M","$","?","M","M","E","T","M","T","R","?","?","E","M","R","B",null,"M","?","M","M","?","R","M","M","T","M","R","M","$","M","R","B",null,"M","M","$","M","M","R","M","R","T","?","R","?","M","E"],"character_chosen":"The_Alterego","items_purchased":["alterego_mod:Bounce","alterego_mod:IndependentAction","Pen Nib","Bottled Tornado","alterego_mod:SistersRibbon","alterego_mod:Santa"],"campfire_rested":0,"item_purchase_floors":[2,30,30,37,45,45],"current_hp_per_floor":[70,70,53,53,53,48,48,48,48,48,48,66,40,44,44,18,75,75,75,62,50,50,50,45,19,19,33,33,48,48,48,48,50,83,58,57,57,51,54,54,58,58,58,58,58,58,63,0,0],"gold":26,"neow_bonus":"THREE_ENEMY_KILL","is_daily":false,"chose_seed":false,"campfire_upgraded":7,"win_rate":0.0,"timestamp":1610504417,"path_taken":["M","$","?","M","M","E","?","M","T","R","?","?","E","?","R","BOSS","M","?","M","?","?","R","M","M","T","M","R","M","$","M","R","BOSS","M","M","$","M","M","R","M","R","T","?","R","?","M","E"],"items_purchased_type":["Card","Card","Relic","Relic","Relic","Card"],"build_version":"2020-12-22","purchased_purges":6,"victory":false,"max_hp_per_floor":[70,70,70,70,70,71,71,72,72,72,72,72,73,74,74,75,75,75,75,76,77,77,77,78,79,79,80,80,81,81,82,82,83,83,84,85,85,86,87,87,91,91,91,91,91,91,91,91,91],"card_choices":[{"not_picked":["alterego_mod:Punishment","alterego_mod:DiscoLights"],"picked":"alterego_mod:Exercise","floor":1},{"not_picked":["alterego_mod:Cycle","alterego_mod:BiFurious"],"picked":"alterego_mod:HighServant","floor":4},{"not_picked":["alterego_mod:Jiggle","alterego_mod:Undulate"],"picked":"alterego_mod:Rip","floor":5},{"not_picked":["alterego_mod:1TonWallop","alterego_mod:DiscoLights"],"picked":"alterego_mod:AlterEgo","floor":6},{"not_picked":["alterego_mod:Crossover","alterego_mod:GoddessCore"],"picked":"alterego_mod:BeGentle","floor":8},{"not_picked":["alterego_mod:Birthday","alterego_mod:Cooking"],"picked":"alterego_mod:Bounce","floor":13},{"not_picked":["alterego_mod:PurpleHair","alterego_mod:BiFurious","alterego_mod:Punishment"],"picked":"SKIP","floor":14},{"not_picked":["alterego_mod:Lift","alterego_mod:IdEs"],"picked":"alterego_mod:Rake","floor":16},{"not_picked":["alterego_mod:Undulate","alterego_mod:BiFurious+1"],"picked":"alterego_mod:Bounce","floor":18},{"not_picked":["alterego_mod:PresenceConcealment","alterego_mod:1TonWallop"],"picked":"alterego_mod:Cycle+1","floor":20},{"not_picked":["alterego_mod:Smother","alterego_mod:Pet+1"],"picked":"alterego_mod:Mirror","floor":21},{"not_picked":["alterego_mod:Skirt+1","alterego_mod:DiscoLights"],"picked":"alterego_mod:RidiculouslyBig","floor":24},{"not_picked":["alterego_mod:Bounce","alterego_mod:Support"],"picked":"alterego_mod:STier","floor":25},{"not_picked":["alterego_mod:Jiggle","alterego_mod:Mirror"],"picked":"alterego_mod:Pet+1","floor":27},{"not_picked":["alterego_mod:MagicResistance","alterego_mod:Rip"],"picked":"alterego_mod:Bloomers","floor":29},{"not_picked":["alterego_mod:Belle","alterego_mod:SakuraLabyrinth+1"],"picked":"alterego_mod:Bounce","floor":31},{"not_picked":["alterego_mod:InsideBaseball","alterego_mod:Venus"],"picked":"alterego_mod:ClassAdvantage","floor":33},{"not_picked":["alterego_mod:Lingerie+1","alterego_mod:Rip+1"],"picked":"alterego_mod:MagicResistance+1","floor":35},{"not_picked":["alterego_mod:Maid","alterego_mod:BiFurious","alterego_mod:HighServant+1"],"picked":"SKIP","floor":36},{"not_picked":["alterego_mod:Belle+1","alterego_mod:SakuraLabyrinth+1"],"picked":"alterego_mod:Cushion","floor":38},{"not_picked":["alterego_mod:Undulate+1","alterego_mod:Rip+1"],"picked":"alterego_mod:SuperDuperMasochism+1","floor":39},{"not_picked":["alterego_mod:DeftHands","alterego_mod:RidiculouslyBig+1"],"picked":"alterego_mod:Cooking","floor":41},{"not_picked":["alterego_mod:STier","alterego_mod:Complex","alterego_mod:Maid+1"],"picked":"SKIP","floor":47}],"player_experience":118537,"relics_obtained":[{"floor":6,"key":"Meat on the Bone"},{"floor":7,"key":"Toy Ornithopter"},{"floor":9,"key":"Bag of Marbles"},{"floor":13,"key":"Dream Catcher"},{"floor":26,"key":"Regal Pillow"},{"floor":43,"key":"Sundial"}],"event_choices":[{"damage_healed":0,"gold_gain":0,"player_choice":"Take Damage","damage_taken":17,"relics_obtained":["Golden Idol"],"max_hp_gain":0,"max_hp_loss":0,"event_name":"Golden Idol","floor":3,"gold_loss":0},{"damage_healed":18,"gold_gain":0,"player_choice":"Healed","damage_taken":0,"max_hp_gain":0,"max_hp_loss":0,"event_name":"The Cleric","floor":12,"gold_loss":35},{"damage_healed":0,"gold_gain":0,"player_choice":"Bought 0 Potions","damage_taken":0,"max_hp_gain":0,"max_hp_loss":0,"event_name":"The Woman in Blue","floor":19,"gold_loss":0},{"damage_healed":0,"gold_gain":0,"player_choice":"Gave Idol","damage_taken":0,"relics_obtained":["Bloody Idol"],"max_hp_gain":0,"max_hp_loss":0,"event_name":"Forgotten Altar","floor":22,"relics_lost":["Golden Idol"],"gold_loss":0},{"damage_healed":0,"gold_gain":0,"player_choice":"Ignored","damage_taken":0,"max_hp_gain":0,"max_hp_loss":0,"event_name":"Tomb of Lord Red Mask","floor":44,"gold_loss":0},{"damage_healed":0,"gold_gain":0,"player_choice":"Memory 1","damage_taken":0,"max_hp_gain":0,"max_hp_loss":0,"event_name":"SensoryStone","floor":46,"gold_loss":0}],"is_beta":false,"boss_relics":[{"not_picked":["Busted Crown","Astrolabe"],"picked":"REME_DuelDisc"},{"not_picked":["Runic Dome","Fusion Hammer"],"picked":"Coffee Dripper"}],"items_purged_floors":[2,2,2,2,2,2],"is_endless":false,"potions_floor_spawned":[1,5,8,13,25,31,35,36,41],"killed_by":"Giant Head","ascension_level":0}}