{"host":"daa8jqyg4gqfaysm","time":1610542132,"event":{"mods":["BaseMod","Colored Powertips","Minty Spire (QoL Compilation)","StSLib"],"gold_per_floor":[160,180,14,26,26,58,58,93,145,157,14,14,14,50,50,50,50],"floor_reached":16,"language":"ENG","playtime":490,"items_purged":["Strike_G"],"score":232,"play_id":"11a89800-4729-4e09-bf18-8dd80055b3c7","local_time":"20210113204852","is_ascension_mode":true,"campfire_choices":[{"data":"A Thousand Cuts","floor":7,"key":"SMITH"},{"floor":10,"key":"REST"},{"data":"Glass Knife","floor":13,"key":"SMITH"},{"data":"Terror","floor":15,"key":"SMITH"}],"circlet_count":0,"master_deck":["AscendersBane","Strike_G","Strike_G","Strike_G","Defend_G","Defend_G","Defend_G","Defend_G","Defend_G+1","Survivor","Neutralize","Blade Dance","Dash","Caltrops","Terror+1","Blade Dance","A Thousand Cuts+1","Unload","Tactician","Glass Knife+1","Finisher"],"relics":["Tiny House","Ninja Scroll","Happy Flower","MawBank","Golden Idol","Juzu Bracelet"],"acts_visited":["Exordium"],"potions_floor_usage":[8,14,16],"damage_taken":[{"damage":0,"enemies":"Jaw Worm","floor":1,"turns":3},{"damage":1,"enemies":"Cultist","floor":2,"turns":5},{"damage":9,"enemies":"2 Louse","floor":4,"turns":3},{"damage":20,"enemies":"Lagavulin","floor":6,"turns":7},{"damage":12,"enemies":"3 Sentries","floor":8,"turns":3},{"damage":2,"enemies":"Lagavulin","floor":14,"turns":7},{"damage":0,"enemies":"Slime Boss","floor":16,"turns":5}],"seed_played":"8853890553756450056","potions_obtained":[{"floor":0.0,"key":"DuplicationPotion"},{"floor":14,"key":"ColorlessPotion"}],"is_trial":false,"path_per_floor":["M","M","$","M","?","E","R","E","T","R","$","?","R","E","R","B"],"character_chosen":"THE_SILENT","items_purchased":["Terror","LiquidMemories","Glass Knife"],"campfire_rested":1,"item_purchase_floors":[3,3,11],"current_hp_per_floor":[64,63,63,54,54,34,34,22,22,43,43,19,19,17,17,17,17],"gold":50,"neow_bonus":"BOSS_RELIC","is_daily":false,"chose_seed":false,"campfire_upgraded":3,"win_rate":0.0,"timestamp":1610542132,"path_taken":["M","M","$","M","?","E","R","E","T","R","?","?","R","E","R","BOSS"],"items_purchased_type":["Card","Potion","Card"],"build_version":"2020-12-22","purchased_purges":1,"victory":false,"max_hp_per_floor":[71,71,71,71,71,71,71,71,71,71,71,71,71,71,71,71,71],"card_choices":[{"not_picked":["Deflect","Acrobatics"],"picked":"Blade Dance","floor":0.0},{"not_picked":["Heel Hook","Bane"],"picked":"Dash","floor":1},{"not_picked":["Prepared","Outmaneuver"],"picked":"Caltrops","floor":2},{"not_picked":["PiercingWail","Acrobatics"],"picked":"Blade Dance","floor":4},{"not_picked":["Distraction","Terror"],"picked":"Unload","floor":6},{"not_picked":["Catalyst","Deadly Poison"],"picked":"Tactician","floor":8},{"not_picked":["Expertise","Dagger Throw"],"picked":"Finisher","floor":14}],"player_experience":813659,"relics_obtained":[{"floor":6,"key":"Ninja Scroll"},{"floor":8,"key":"Happy Flower"},{"floor":9,"key":"MawBank"},{"floor":14,"key":"Juzu Bracelet"}],"event_choices":[{"damage_healed":0,"gold_gain":0,"cards_transformed":["Strike_G"],"player_choice":"Transformed","damage_taken":0,"max_hp_gain":0,"max_hp_loss":0,"event_name":"Transmorgrifier","floor":5,"gold_loss":0,"cards_obtained":["A Thousand Cuts"]},{"damage_healed":0,"gold_gain":0,"player_choice":"Take Damage","damage_taken":24,"relics_obtained":["Golden Idol"],"max_hp_gain":0,"max_hp_loss":0,"event_name":"Golden Idol","floor":12,"gold_loss":0}],"is_beta":false,"boss_relics":[],"items_purged_floors":[11],"is_endless":false,"potions_floor_spawned":[4,6,14],"killed_by":"Slime Boss","ascension_level":20}}