{"host":"nuce7grnusr8lpe2","time":1610548006,"event":{"mods":["Act Like it!","BaseMod","Better Third Choice","Gensokyo","Marisa????????","Minty Spire (QoL Compilation)","Prisma Mod","Rare Cards Sparkle","StSLib","Td1madao Mod","The Animator","The Servant 0.9.4","The Wild Card"],"gold_per_floor":[114,114,134,145,70,97,97,97,97,123,161,208,32,32,32,56,56],"floor_reached":16,"language":"ENG","playtime":1186,"items_purged":["Strike_MRS"],"score":102,"play_id":"b6aac3cc-de47-46a7-b5fc-9af2321f1f40","local_time":"20210113152646","is_ascension_mode":false,"campfire_choices":[{"floor":8,"key":"REST"},{"floor":15,"key":"REST"}],"circlet_count":0,"master_deck":["Strike_MRS","Strike_MRS","Defend_MRS","Defend_MRS","Defend_MRS","MasterSpark","UpSweep","GalacticHalo","DoubleSpark","MaximisePower","Robbery","6A","ManaConvection","Gensokyo:Shovel","Gensokyo:DepletedGenerator","Gensokyo:MedicineKit"],"relics":["MiniHakkero","Gensokyo:NagashiBinaDoll","Peace Pipe"],"acts_visited":["Gensokyo:Gensokyo"],"potions_floor_usage":[6,16,16],"damage_taken":[{"damage":0,"enemies":"Gensokyo:3_Fairies","floor":1,"turns":3},{"damage":0,"enemies":"Gensokyo:Python","floor":3,"turns":3},{"damage":0,"enemies":"Gensokyo:Gryphon","floor":4,"turns":3},{"damage":46,"enemies":"Gensokyo:Aya","floor":6,"turns":7},{"damage":0,"enemies":"Gensokyo:LivingMonolith","floor":10,"turns":3},{"damage":3,"enemies":"Gensokyo:2_Rabbits","floor":11,"turns":4},{"damage":9,"enemies":"Gensokyo:Gryphon_and_Rabbit","floor":12,"turns":4},{"damage":49,"enemies":"Gensokyo:Yukari","floor":16,"turns":10}],"seed_played":"-1442946336071246245","potions_obtained":[{"floor":3,"key":"Ancient Potion"},{"floor":11,"key":"AttackPotion"},{"floor":12,"key":"Fire Potion"}],"is_trial":false,"path_per_floor":["M","?","M","M","$","E","?","R","T","M","M","M","COS","?","R","B"],"character_chosen":"MARISA","items_purchased":[],"campfire_rested":2,"item_purchase_floors":[],"current_hp_per_floor":[54,54,54,54,54,8,8,30,30,30,27,18,18,18,40,0,0],"gold":56,"neow_bonus":"REMOVE_TWO","is_daily":false,"chose_seed":false,"campfire_upgraded":0,"win_rate":0.0,"timestamp":1610548006,"path_taken":["M","?","M","M","$","E","?","R","T","?","M","?","COS","?","R","BOSS"],"items_purchased_type":[],"build_version":"2020-12-22","purchased_purges":1,"victory":false,"max_hp_per_floor":[75,75,75,75,75,75,75,75,75,75,75,75,75,75,75,75,75],"card_choices":[{"not_picked":["NonDirectionalLaser","EnergyRecoil"],"picked":"GalacticHalo","floor":1},{"not_picked":["MysteriousBeam","DC"],"picked":"DoubleSpark","floor":3},{"not_picked":["MilkyWay","SporeBomb"],"picked":"MaximisePower","floor":4},{"not_picked":["AlicesGift","MilkyWay"],"picked":"Robbery","floor":6},{"not_picked":["OortCloud","WitchOfGreed"],"picked":"6A","floor":10},{"not_picked":["GrandCross","NonDirectionalLaser","EarthLightRay"],"picked":"SKIP","floor":11},{"not_picked":["DragonMeteor","PropBag"],"picked":"ManaConvection","floor":12}],"player_experience":436143,"relics_obtained":[{"floor":6,"key":"Peace Pipe"}],"event_choices":[],"is_beta":false,"boss_relics":[],"items_purged_floors":[5],"is_endless":false,"potions_floor_spawned":[3,11,12],"killed_by":"Gensokyo:Yukari","ascension_level":0}}