{"host":"r6jigiblrojhp6xe","time":1610512637,"event":{"mods":["AchievementEnabler","BaseMod","DeckTracker","Minty Spire (QoL Compilation)","Quick Restart","Rare Cards Sparkle","Relic Stats","StSLib","SuperFastMode","The Cursed","everything is the same but u backflip on backflip"],"gold_per_floor":[111,127,127,142,157,157,157,157],"floor_reached":7,"language":"KOR","playtime":155,"items_purged":[],"score":86,"play_id":"76c06994-213c-4fae-b55b-bfee1b1afcac","local_time":"20210113133717","is_ascension_mode":true,"campfire_choices":[{"data":"Perfected Strike","floor":6,"key":"SMITH"}],"circlet_count":0,"master_deck":["AscendersBane","Strike_R","Strike_R","Strike_R","Strike_R","Strike_R","Defend_R","Defend_R","Defend_R","Defend_R","Bash","Second Wind","Clash","Perfected Strike+1"],"relics":["Burning Blood","Torii"],"acts_visited":["Exordium"],"potions_floor_usage":[5],"damage_taken":[{"damage":7.0,"enemies":"Small Slimes","floor":1.0,"turns":4.0},{"damage":10.0,"enemies":"2 Louse","floor":2.0,"turns":3.0},{"damage":13.0,"enemies":"Jaw Worm","floor":4.0,"turns":5.0},{"damage":30,"enemies":"Exordium Thugs","floor":5,"turns":4},{"damage":32,"enemies":"Gremlin Nob","floor":7,"turns":3}],"seed_played":"-4916681705794277871","potions_obtained":[{"floor":2.0,"key":"SteroidPotion"},{"floor":5,"key":"Explosive Potion"}],"is_trial":false,"path_per_floor":["M","M","?","M","M","R","E"],"character_chosen":"IRONCLAD","items_purchased":[],"campfire_rested":0,"item_purchase_floors":[],"current_hp_per_floor":[67,63,56,49,25,25,0,0],"gold":157,"neow_bonus":"ONE_RARE_RELIC","is_daily":false,"chose_seed":false,"campfire_upgraded":1,"win_rate":0.0,"timestamp":1610512637,"path_taken":["M","M","?","M","M","R","E"],"items_purchased_type":[],"build_version":"2020-12-22","purchased_purges":0,"victory":false,"max_hp_per_floor":[75,75,75,75,75,75,75,75],"relic_stats":{"Torii":5,"counters":[5,19],"obtain_stats":[{"Torii":0,"Burning Blood":0},{"Torii":0,"Burning Blood":0},{"Torii":0,"Burning Blood":0}],"Burning Blood":24},"card_choices":[{"not_picked":["Pommel Strike","Seeing Red"],"picked":"Second Wind","floor":1.0},{"not_picked":["Clash","Pummel","Havoc"],"picked":"SKIP","floor":2.0},{"not_picked":["True Grit","Flex"],"picked":"Clash","floor":4.0},{"not_picked":["Heavy Blade","Rampage"],"picked":"Perfected Strike","floor":5}],"player_experience":572707,"relics_obtained":[],"event_choices":[{"cards_removed":["Shame"],"damage_healed":0.0,"max_hp_gain":0.0,"max_hp_loss":0.0,"gold_gain":0.0,"event_name":"Golden Wing","player_choice":"Card Removal","floor":3.0,"gold_loss":0.0,"damage_taken":7.0}],"is_beta":false,"boss_relics":[],"items_purged_floors":[],"is_endless":false,"potions_floor_spawned":[2,5],"killed_by":"Gremlin Nob","ascension_level":20}}