{"host":"7l2t4psy44vpcd9q","time":1610558235,"event":{"mods":["AchievementEnabler","BaseMod","DeckTracker","Minty Spire (QoL Compilation)","SuperFastMode"],"gold_per_floor":[116,65,35,49,49,75,75,103,126,142,142,171,171,200,200,276,276,289,300,60,78,78,78,89,89,89,106,0,0,16,16,16,16,16],"floor_reached":33,"language":"KOR","playtime":1433,"items_purged":["Strike_G"],"score":596,"play_id":"832b6559-ffa5-415a-8316-6c635729a5b8","local_time":"20210114021715","is_ascension_mode":true,"campfire_choices":[{"data":"Neutralize","floor":7.0,"key":"SMITH"},{"floor":13.0,"key":"REST"},{"floor":15.0,"key":"REST"},{"floor":23,"key":"REST"},{"floor":29,"key":"REST"},{"floor":32,"key":"REST"}],"circlet_count":0,"master_deck":["AscendersBane","Strike_G","Strike_G","Strike_G","Defend_G","Defend_G","Defend_G","Defend_G","Survivor","Neutralize+1","Deadly Poison","Blade Dance","Crippling Poison","Bane","Finisher+1","Noxious Fumes","Footwork","Backflip","Burst","CurseOfTheBell","Cloak And Dagger","Choke","Flechettes+1","Decay","Calculated Gamble","Leg Sweep+1","All Out Attack","Underhanded Strike"],"relics":["Ring of the Snake","NeowsBlessing","Orichalcum","Shovel","Oddly Smooth Stone","Incense Burner","Toy Ornithopter","Calling Bell","Art of War","Frozen Egg 2","Ice Cream","Toolbox","Potion Belt"],"acts_visited":["Exordium","TheCity"],"potions_floor_usage":[16,18,19,24],"damage_taken":[{"damage":0.0,"enemies":"Cultist","floor":1.0,"turns":1.0},{"damage":0.0,"enemies":"2 Louse","floor":4.0,"turns":1.0},{"damage":0.0,"enemies":"Gremlin Nob","floor":6.0,"turns":1.0},{"damage":25.0,"enemies":"3 Sentries","floor":8.0,"turns":11.0},{"damage":3.0,"enemies":"Jaw Worm","floor":10.0,"turns":3.0},{"damage":12.0,"enemies":"Gremlin Nob","floor":12.0,"turns":4.0},{"damage":12.0,"enemies":"3 Sentries","floor":14.0,"turns":8.0},{"damage":30,"enemies":"Slime Boss","floor":16,"turns":8},{"damage":0,"enemies":"3 Byrds","floor":18,"turns":6},{"damage":25,"enemies":"Chosen","floor":19,"turns":4},{"damage":6,"enemies":"Snecko","floor":21,"turns":5},{"damage":40,"enemies":"Snake Plant","floor":24,"turns":5},{"damage":9,"enemies":"Centurion and Healer","floor":27,"turns":9},{"damage":16,"enemies":"Sentry and Sphere","floor":30,"turns":6},{"damage":31,"enemies":"Automaton","floor":33,"turns":6}],"seed_played":"6932694671923678676","potions_obtained":[{"floor":3.0,"key":"CunningPotion"},{"floor":3.0,"key":"Strength Potion"},{"floor":6.0,"key":"Fire Potion"},{"floor":10.0,"key":"Energy Potion"},{"floor":12.0,"key":"LiquidMemories"},{"floor":16,"key":"Poison Potion"},{"floor":18,"key":"LiquidMemories"},{"floor":24,"key":"Fire Potion"}],"is_trial":false,"path_per_floor":["M","$","?","M","?","E","R","E","T","M","?","E","R","E","R","B",null,"M","M","$","M","$","R","M","?","T","M","?","R","M","?","R","B"],"character_chosen":"THE_SILENT","items_purchased":["Blade Dance","Toolbox"],"campfire_rested":5,"item_purchase_floors":[2,20],"current_hp_per_floor":[59,59,59,59,59,59,59,34,34,31,31,19,38,26,45,20,55,60,40,40,34,34,53,18,18,18,9,9,28,12,12,31,0,0],"gold":16,"neow_bonus":"THREE_ENEMY_KILL","is_daily":false,"chose_seed":false,"campfire_upgraded":1,"win_rate":0.0,"timestamp":1610558235,"path_taken":["M","?","?","?","?","E","R","E","T","M","?","E","R","E","R","BOSS","M","?","?","M","$","R","?","?","T","M","?","R","M","?","R","BOSS"],"items_purchased_type":["Card","Relic"],"build_version":"2020-12-22","purchased_purges":1,"victory":false,"max_hp_per_floor":[66,66,66,66,66,66,66,66,66,66,66,66,66,66,66,66,66,66,66,66,66,66,66,66,66,66,66,66,66,66,66,66,66,66],"card_choices":[{"not_picked":["Finisher","Infinite Blades"],"picked":"Deadly Poison","floor":1.0},{"not_picked":["Choke","Terror"],"picked":"Crippling Poison","floor":4.0},{"not_picked":["Eviscerate","Flechettes"],"picked":"Bane","floor":6.0},{"not_picked":["Reflex","Skewer"],"picked":"Finisher","floor":8.0},{"not_picked":["Acrobatics","Masterful Stab"],"picked":"Noxious Fumes","floor":10.0},{"not_picked":["Caltrops","Prepared"],"picked":"Footwork","floor":12.0},{"not_picked":["Endless Agony","Predator"],"picked":"Backflip","floor":14.0},{"not_picked":["Night Terror","A Thousand Cuts"],"picked":"Burst","floor":16},{"not_picked":["Dagger Throw","Flying Knee"],"picked":"Cloak And Dagger","floor":18},{"not_picked":["Prepared","Dash"],"picked":"Choke","floor":19},{"not_picked":["Infinite Blades+1","Dagger Spray","Outmaneuver"],"picked":"SKIP","floor":21},{"not_picked":["Heel Hook","Blade Dance"],"picked":"Flechettes+1","floor":24},{"not_picked":["Sucker Punch","Terror"],"picked":"Calculated Gamble","floor":27},{"not_picked":["Dagger Spray","Deflect"],"picked":"Leg Sweep+1","floor":30}],"player_experience":1234190,"relics_obtained":[{"floor":6.0,"key":"Orichalcum"},{"floor":8.0,"key":"Shovel"},{"floor":9.0,"key":"Oddly Smooth Stone"},{"floor":12.0,"key":"Incense Burner"},{"floor":14.0,"key":"Toy Ornithopter"},{"floor":17,"key":"Art of War"},{"floor":17,"key":"Frozen Egg 2"},{"floor":17,"key":"Ice Cream"},{"floor":26,"key":"Potion Belt"}],"event_choices":[{"damage_healed":0.0,"max_hp_gain":0.0,"max_hp_loss":0.0,"gold_gain":0.0,"event_name":"The Woman in Blue","player_choice":"Bought 2 Potions","floor":3.0,"gold_loss":0.0,"damage_taken":0.0},{"damage_healed":0.0,"max_hp_gain":0.0,"max_hp_loss":0.0,"gold_gain":0.0,"event_name":"The Cleric","player_choice":"Leave","floor":5.0,"gold_loss":0.0,"damage_taken":0.0},{"damage_healed":0.0,"max_hp_gain":0.0,"max_hp_loss":0.0,"gold_gain":0.0,"event_name":"Accursed Blacksmith","player_choice":"Forge","floor":11.0,"gold_loss":0.0,"damage_taken":0.0,"cards_upgraded":["Finisher"]},{"damage_healed":0,"gold_gain":0,"player_choice":"Smashed Altar","damage_taken":0,"max_hp_gain":0,"max_hp_loss":0,"event_name":"Forgotten Altar","floor":25,"gold_loss":0,"cards_obtained":["Decay"]},{"damage_healed":0,"gold_gain":0,"player_choice":"Paid Fearfully","damage_taken":0,"max_hp_gain":0,"max_hp_loss":0,"event_name":"Masked Bandits","floor":28,"gold_loss":106},{"damage_healed":0,"gold_gain":0,"cards_transformed":["Strike_G","Defend_G"],"player_choice":"Became Test Subject","damage_taken":0,"max_hp_gain":0,"max_hp_loss":0,"event_name":"Drug Dealer","floor":31,"gold_loss":0,"cards_obtained":["All Out Attack","Underhanded Strike"]}],"is_beta":false,"boss_relics":[{"not_picked":["Snecko Eye","Busted Crown"],"picked":"Calling Bell"}],"items_purged_floors":[20],"is_endless":false,"potions_floor_spawned":[6,10,12,16,18,24],"killed_by":"Automaton","ascension_level":20}}