{"host":"n605f8gctjc87d7h","time":1610497988,"event":{"mods":["Aspiration","Bard","BaseMod","Better Match","Better Note","Better Skull","Better Third Choice","Conspire","Downfall","Halation","Infinite Spire","Minty Spire (QoL Compilation)","Replay The Spire","Retaliation","Shade Mod","Spicy Shops","StSLib","The IronCluck"],"gold_per_floor":[111,111,131,131,145,145,178,189,189,189,189,201,201,201,201,298,298,310,310,325,325,340,340,340,340,395,418,449,461,493,521,533,645,657,726,798,810,892,760,760,829,829,829,829,918,918,996,996,996,996],"floor_reached":51,"language":"ENG","playtime":5748,"items_purged":["Strike_R"],"score":1351,"play_id":"05864c82-c18b-4a13-ba2b-ee002403a4e9","local_time":"20210112163308","is_ascension_mode":true,"campfire_choices":[{"data":"Rage","floor":6,"key":"SMITH"},{"data":"Battle Trance","floor":10,"key":"SMITH"},{"data":"Caltrops","floor":13,"key":"SMITH"},{"data":"Slice","floor":15,"key":"SMITH"},{"data":"Metallicize","floor":23,"key":"SMITH"},{"data":"Dual Wield","floor":25,"key":"SMITH"},{"floor":29,"key":"REST"},{"floor":32,"key":"REST"},{"floor":40,"key":"REST"},{"floor":42,"key":"REST"},{"floor":44,"key":"REST"},{"data":"Juggernaut","floor":49,"key":"SMITH"}],"circlet_count":0,"master_deck":["AscendersBane","Strike_R+1","Strike_R+1","Defend_R","Defend_R","Defend_R","Metallicize+1","Rage+1","Acrobatics","Slice+1","Caltrops+1","Battle Trance+1","Dual Wield+1","Berserk","Cleave","conspire:Charge","infinitespire:NeuralNetwork","Shrug It Off+1","Warcry+1","Juggernaut+1","Rage+1","Body Slam+1","Shrug It Off+1","Mayhem+1"],"relics":["Black Blood","conspire:DecoderRing","Whetstone","Dream Catcher","aspiration:PoetsPen_weak","Omamori","halation:YellowSoulGem","MawBank","infinitespire:EvilPickle","DollysMirror","Golden Egg","PreservedInsect"],"acts_visited":["Exordium","TheCity","TheBeyond"],"potions_floor_usage":[7,12,20,28,31,41,41],"damage_taken":[{"damage":2,"enemies":"Small Slimes","floor":1,"turns":6},{"damage":10,"enemies":"2 Louse","floor":3,"turns":6},{"damage":5,"enemies":"Jaw Worm","floor":5,"turns":5},{"damage":12,"enemies":"Replay:BlueRogue","floor":7,"turns":8},{"damage":10,"enemies":"Exordium Thugs","floor":8,"turns":5},{"damage":0,"enemies":"Gremlin Gang","floor":12,"turns":4},{"damage":10,"enemies":"The Guardian","floor":16,"turns":9},{"damage":12,"enemies":"3 Byrds","floor":18,"turns":3},{"damage":4,"enemies":"Spheric Guardian","floor":20,"turns":4},{"damage":7,"enemies":"Cultist and Chosen","floor":22,"turns":4},{"damage":16,"enemies":"Snake Plant","floor":27,"turns":5},{"damage":14,"enemies":"Chosen and Byrds","floor":28,"turns":8},{"damage":3,"enemies":"Cultist and Chosen","floor":30,"turns":5},{"damage":37,"enemies":"3 Cultists","floor":31,"turns":5},{"damage":51,"enemies":"Pondfish","floor":33,"turns":11},{"damage":6,"enemies":"Orb Walker","floor":35,"turns":4},{"damage":10,"enemies":"3 Darklings","floor":36,"turns":4},{"damage":48,"enemies":"Jaw Worm Horde","floor":38,"turns":5},{"damage":47,"enemies":"Transient","floor":41,"turns":5},{"damage":32,"enemies":"Nemesis","floor":45,"turns":11},{"damage":0,"enemies":"Sphere and 2 Shapes","floor":47,"turns":3},{"damage":39,"enemies":"conspire:OrnateMirror","floor":50,"turns":9}],"seed_played":"-2152765287841922205","potions_obtained":[{"floor":1,"key":"CultistPotion"},{"floor":3,"key":"DuplicationPotion"},{"floor":7,"key":"Fire Potion"},{"floor":8,"key":"Flashbang"},{"floor":16,"key":"BlessingOfTheForge"},{"floor":18,"key":"Block Potion"},{"floor":28,"key":"Weak Potion"},{"floor":33,"key":"sneckomod:MuddlingPotion"},{"floor":36,"key":"Explosive Potion"},{"floor":38,"key":"LifebloodPotion"}],"is_trial":false,"path_per_floor":["M","?","M","?","M","R","E","M","T","R","T","M","R","$","R","B",null,"M","?","M","AVR","M","R","?","R","T","M","M","R","M","M","R","B",null,"M","M","?","M","$","R","M","R","T","R","E","?","M","?","R","B",null],"character_chosen":"IRONCLAD","items_purchased":["DollysMirror"],"campfire_rested":5,"item_purchase_floors":[39],"current_hp_per_floor":[76,69,65,65,66,66,60,56,56,56,56,62,62,62,62,58,75,69,69,71,71,70,70,70,70,70,60,52,76,79,48,72,27,67,73,75,75,39,39,63,28,52,52,76,56,76,80,80,80,53],"gold":996,"neow_bonus":"ONE_RANDOM_RARE_CARD","is_daily":false,"chose_seed":false,"campfire_upgraded":7,"win_rate":0.0,"timestamp":1610497988,"path_taken":["M","?","M","?","M","R","E","?","T","R","?","?","R","$","R","BOSS","M","?","M","AVR","M","R","?","R","T","M","M","R","M","M","R","BOSS","M","M","?","M","$","R","?","R","T","R","E","?","M","?","R","BOSS"],"items_purchased_type":["Relic"],"build_version":"2020-12-22","purchased_purges":1,"victory":true,"max_hp_per_floor":[80,80,80,80,80,80,80,80,80,80,80,80,80,80,80,80,80,80,80,80,80,80,80,80,80,80,80,80,80,80,80,80,80,80,80,80,80,80,80,80,80,80,80,80,80,80,80,80,80,80],"card_choices":[{"not_picked":["Cleave","Thunderclap"],"picked":"Metallicize","floor":1},{"not_picked":["conspire:ExplosiveBarrier","DDmod:UnstoppableAttack"],"picked":"Rage","floor":3},{"not_picked":["ReplayReversal","ReplayTheSpireMod:Strike From Hell"],"picked":"Battle Trance","floor":5},{"not_picked":["Dropkick","Feed"],"picked":"Dual Wield","floor":7},{"not_picked":["Wild Strike","Thunderclap","Heavy Blade"],"picked":"SKIP","floor":8},{"not_picked":["Searing Blow","Havoc","DDmod:UnstoppableAttack"],"picked":"SKIP","floor":12},{"not_picked":["Immolate","Reaper"],"picked":"Berserk","floor":16},{"not_picked":["DDmod:UnstoppableAttack","Armaments"],"picked":"Cleave","floor":18},{"not_picked":["Pommel Strike","Infernal Blade"],"picked":"conspire:Charge","floor":20},{"not_picked":["Wild Strike","Warcry"],"picked":"Shrug It Off+1","floor":22},{"not_picked":["Clothesline","conspire:ExplosiveBarrier"],"picked":"Warcry+1","floor":27},{"not_picked":["Whirlwind","Power Through+1","ReplayTheSpireMod:Strike From Hell"],"picked":"SKIP","floor":28},{"not_picked":["Clash","Second Wind","Warcry+1"],"picked":"SKIP","floor":30},{"not_picked":["ReplayTheSpireMod:LeadingStrike","Rupture","Perfected Strike"],"picked":"SKIP","floor":31},{"not_picked":["Immolate","Fiend Fire"],"picked":"Juggernaut","floor":33},{"not_picked":["Warcry","DDmod:EasePowerCard+1","Shrug It Off"],"picked":"SKIP","floor":35},{"not_picked":["Anger+1","DDmod:EasePowerCard","Hemokinesis+1"],"picked":"SKIP","floor":36},{"not_picked":["Second Wind","Combust+1","Hemokinesis"],"picked":"SKIP","floor":38},{"not_picked":["Feel No Pain","Inflame"],"picked":"Body Slam+1","floor":40},{"not_picked":["Defy Death","Metallicize"],"picked":"Shrug It Off+1","floor":41},{"not_picked":["DDmod:PokeAttack","Demonic Infusion","Perfected Strike+1"],"picked":"SKIP","floor":45},{"not_picked":["Headbutt","DDmod:SpikeInjectionSkill","Shrug It Off"],"picked":"SKIP","floor":47},{"not_picked":["ReplayTheSpireMod:Necrogeddon","Secret Weapon"],"picked":"Mayhem","floor":48}],"player_experience":658789,"relics_obtained":[{"floor":7,"key":"conspire:DecoderRing"},{"floor":9,"key":"Whetstone"},{"floor":11,"key":"Dream Catcher"},{"floor":26,"key":"MawBank"},{"floor":43,"key":"Golden Egg"},{"floor":45,"key":"PreservedInsect"}],"event_choices":[{"cards_removed":["Strike_R"],"damage_healed":0,"gold_gain":0,"player_choice":"Card Removal","damage_taken":7,"max_hp_gain":0,"max_hp_loss":0,"event_name":"Golden Wing","floor":2,"gold_loss":0},{"cards_removed":["Strike_R"],"damage_healed":0,"gold_gain":0,"player_choice":"Purged","damage_taken":0,"max_hp_gain":0,"max_hp_loss":0,"event_name":"Purifier","floor":37,"gold_loss":0},{"damage_healed":20,"gold_gain":0,"player_choice":"Writhe","damage_taken":0,"max_hp_gain":0,"max_hp_loss":0,"event_name":"Winding Halls","floor":46,"gold_loss":0,"cards_obtained":["Writhe"]},{"damage_healed":0,"gold_gain":0,"player_choice":"Memory 1","damage_taken":0,"max_hp_gain":0,"max_hp_loss":0,"event_name":"SensoryStone","floor":48,"gold_loss":0}],"is_beta":false,"boss_relics":[{"not_picked":["Replay:Wanted Poster","Electric Blood"],"picked":"aspiration:PoetsPen_weak"},{"not_picked":["Empty Cage","halation:HeavySnake"],"picked":"Black Blood"}],"items_purged_floors":[21],"is_endless":false,"potions_floor_spawned":[1,3,7,8,16,18,28,33,36,38],"ascension_level":12}}