{"host":"f5gffvlv6a66yqkd","time":1610511092,"event":{"mods":["100% Spire Juice","2.2 Compatiblity","Alarm Clock","BaseMod","Colored Map","Custom Start","DeckTracker","Keyboard Shortcuts","Minty Spire (QoL Compilation)","Permanent Neow","Quick Restart","Relic Stats","StSLib","SuperFastMode"],"gold_per_floor":[115,115,126,138,156,190,190,30,56,84,84,84,110,125,125,199,199,173,189,189,205,105,136,136,11,34,44,55,55,155,155,155,228,228,247,247,247,247,40,40,65,78,78,108,108,119,139,93,93,93,93,93],"floor_reached":51,"language":"KOR","playtime":2117,"items_purged":["Strike_R","Strike_R+1","Strike_R+1","Bash"],"score":1461,"play_id":"18552251-c0f5-4dda-9b21-ee9e98175b11","local_time":"20210113131132","is_ascension_mode":true,"campfire_choices":[{"data":"Bludgeon","floor":7.0,"key":"SMITH"},{"floor":12.0,"key":"REST"},{"data":"Fire Breathing","floor":15.0,"key":"SMITH"},{"data":"Evolve","floor":24.0,"key":"SMITH"},{"floor":29.0,"key":"REST"},{"floor":32.0,"key":"REST"},{"data":"Offering","floor":40.0,"key":"SMITH"},{"floor":45.0,"key":"REST"},{"floor":49.0,"key":"RECALL"}],"circlet_count":0,"master_deck":["AscendersBane","Defend_R+1","Defend_R+1","Defend_R+1","Defend_R+1","Fiend Fire","Cleave","Shrug It Off","Evolve+1","Bludgeon+1","Fire Breathing+1","Power Through","Headbutt","Power Through","Impervious","Body Slam","Body Slam+1","Offering+1","Deep Breath","Secret Technique","Entrench","Armaments"],"relics":["Burning Blood","Nunchaku","MealTicket","Pen Nib","Dream Catcher","Singing Bowl","Lantern","Black Star","Tiny Chest","Meat on the Bone","StoneCalendar","The Courier","Empty Cage","Self Forming Clay","Charon\u0027s Ashes","Vajra","Du-Vu Doll","Unceasing Top","Bag of Marbles"],"acts_visited":["Exordium","TheCity","TheBeyond"],"potions_floor_usage":[51],"damage_taken":[{"damage":0.0,"enemies":"Small Slimes","floor":1.0,"turns":3.0},{"damage":6.0,"enemies":"Cultist","floor":3.0,"turns":3.0},{"damage":7.0,"enemies":"Jaw Worm","floor":4.0,"turns":3.0},{"damage":8.0,"enemies":"Large Slime","floor":5.0,"turns":6.0},{"damage":22.0,"enemies":"3 Sentries","floor":6.0,"turns":5.0},{"damage":32.0,"enemies":"Gremlin Nob","floor":10.0,"turns":4.0},{"damage":30.0,"enemies":"Lagavulin","floor":13.0,"turns":5.0},{"damage":0.0,"enemies":"3 Louse","floor":14.0,"turns":4.0},{"damage":11.0,"enemies":"Slime Boss","floor":16.0,"turns":5.0},{"damage":7.0,"enemies":"2 Thieves","floor":18.0,"turns":4.0},{"damage":19.0,"enemies":"Spheric Guardian","floor":19.0,"turns":7.0},{"damage":0.0,"enemies":"Centurion and Healer","floor":21.0,"turns":4.0},{"damage":58.0,"enemies":"Book of Stabbing","floor":23.0,"turns":7.0},{"damage":8.0,"enemies":"Snake Plant","floor":27.0,"turns":5.0},{"damage":31.0,"enemies":"3 Cultists","floor":28.0,"turns":7.0},{"damage":13.0,"enemies":"Colosseum Slavers","floor":30.0,"turns":4.0},{"damage":62.0,"enemies":"Colosseum Nobs","floor":30.0,"turns":5.0},{"damage":16.0,"enemies":"Automaton","floor":33.0,"turns":7.0},{"damage":7.0,"enemies":"3 Shapes","floor":35.0,"turns":5.0},{"damage":39.0,"enemies":"Reptomancer","floor":41.0,"turns":5.0},{"damage":6.0,"enemies":"Orb Walker","floor":42.0,"turns":3.0},{"damage":49.0,"enemies":"Giant Head","floor":44.0,"turns":7.0},{"damage":0.0,"enemies":"3 Darklings","floor":46.0,"turns":2.0},{"damage":6.0,"enemies":"4 Shapes","floor":47.0,"turns":3.0},{"damage":62,"enemies":"Donu and Deca","floor":50,"turns":8},{"damage":57,"enemies":"Awakened One","floor":51,"turns":6}],"seed_played":"-4869366973746038355","potions_obtained":[{"floor":3.0,"key":"Strength Potion"},{"floor":5.0,"key":"Dexterity Potion"},{"floor":16.0,"key":"EntropicBrew"},{"floor":27.0,"key":"CultistPotion"},{"floor":30.0,"key":"Strength Potion"},{"floor":41.0,"key":"SteroidPotion"},{"floor":42.0,"key":"SteroidPotion"},{"floor":44.0,"key":"Dexterity Potion"}],"is_trial":false,"path_per_floor":["M","?","M","M","M","E","R","$","T","E","?","R","E","M","R","B",null,"M","M","?","M","$","E","R","$","T","M","M","R","?","?","R","B",null,"M","?","T","?","$","R","E","M","T","E","R","M","M","$","R","B","B"],"character_chosen":"IRONCLAD","items_purchased":["Fire Breathing","PowerPotion","SkillPotion","Armaments"],"campfire_rested":4,"item_purchase_floors":[8,39,39,48],"current_hp_per_floor":[74,74,74,73,71,55,55,70,70,44,26,48,24,30,30,25,63,64,53,53,61,76,26,26,41,41,51,38,64,32,7,36,38,80,81,73,73,73,88,88,67,69,69,40,72,80,82,97,97,53,0,0],"gold":93,"neow_bonus":"ONE_RANDOM_RARE_CARD","is_daily":false,"chose_seed":false,"campfire_upgraded":4,"win_rate":0.0,"timestamp":1610511092,"path_taken":["M","?","?","M","M","E","R","$","T","E","?","R","E","M","R","BOSS","M","M","?","M","$","E","R","$","T","M","M","R","?","?","R","BOSS","M","?","?","?","$","R","E","M","T","E","R","M","M","$","R","BOSS","BOSS"],"items_purchased_type":["Card","Potion","Potion","Card"],"build_version":"2020-12-22","purchased_purges":4,"victory":false,"max_hp_per_floor":[75,75,75,75,75,75,75,75,75,75,75,75,75,75,75,75,75,77,79,79,81,81,83,83,83,83,83,83,85,87,92,94,94,94,96,98,98,98,98,98,98,100,100,102,104,106,108,108,108,108,108,108],"relic_stats":{"Singing Bowl":28,"counters":[26,127],"Self Forming Clay":[69],"StoneCalendar":[95],"Pen Nib":[10],"Charon\u0027s Ashes":[299],"Burning Blood":150,"Nunchaku":[13],"Dream Catcher":4,"MealTicket":75,"Tiny Chest":1,"Black Star":3,"obtain_stats":[{"Lantern":13,"Singing Bowl":11,"Self Forming Clay":37,"Vajra":41,"StoneCalendar":30,"Pen Nib":9,"The Courier":30,"Charon\u0027s Ashes":41,"Empty Cage":34,"Burning Blood":0,"Du-Vu Doll":43,"Nunchaku":2,"Dream Catcher":10,"MealTicket":6,"Tiny Chest":23,"Black Star":17,"Bag of Marbles":44,"Unceasing Top":44,"Meat on the Bone":23},{"Lantern":7,"Singing Bowl":6,"Self Forming Clay":19,"Vajra":20,"StoneCalendar":17,"Pen Nib":5,"The Courier":17,"Charon\u0027s Ashes":20,"Empty Cage":18,"Burning Blood":0,"Du-Vu Doll":21,"Nunchaku":1,"Dream Catcher":6,"MealTicket":5,"Tiny Chest":13,"Black Star":9,"Bag of Marbles":22,"Unceasing Top":22,"Meat on the Bone":13},{"Lantern":29,"Singing Bowl":24,"Self Forming Clay":93,"Vajra":98,"StoneCalendar":81,"Pen Nib":20,"The Courier":81,"Charon\u0027s Ashes":98,"Empty Cage":88,"Burning Blood":0,"Du-Vu Doll":101,"Nunchaku":3,"Dream Catcher":24,"MealTicket":20,"Tiny Chest":60,"Black Star":38,"Bag of Marbles":108,"Unceasing Top":108,"Meat on the Bone":60}],"Unceasing Top":[5],"Meat on the Bone":84},"card_choices":[{"not_picked":["Clash","Sever Soul"],"picked":"Cleave","floor":1.0},{"not_picked":["Flex","Clash"],"picked":"Cleave","floor":3.0},{"not_picked":["Perfected Strike","Sever Soul"],"picked":"Shrug It Off","floor":4.0},{"not_picked":["Armaments","Cleave"],"picked":"Evolve","floor":5.0},{"not_picked":["Cleave","Feel No Pain"],"picked":"Bludgeon","floor":6.0},{"not_picked":["Sword Boomerang","Heavy Blade"],"picked":"Power Through","floor":10.0},{"not_picked":["Sever Soul","Armaments"],"picked":"Headbutt","floor":12.0},{"not_picked":["Armaments","Warcry"],"picked":"Power Through","floor":13.0},{"not_picked":["Warcry","Power Through"],"picked":"True Grit","floor":14.0},{"not_picked":["Berserk","Exhume"],"picked":"Impervious","floor":16.0},{"not_picked":["Armaments+1","Perfected Strike+1","Carnage"],"picked":"Singing Bowl","floor":18.0},{"not_picked":["Flex+1","Rampage+1","Whirlwind"],"picked":"Singing Bowl","floor":19.0},{"not_picked":["Pummel","Uppercut","Whirlwind"],"picked":"Singing Bowl","floor":21.0},{"not_picked":["Rupture","Anger","Clothesline"],"picked":"Singing Bowl","floor":23.0},{"not_picked":["Havoc","Pommel Strike"],"picked":"Body Slam","floor":27.0},{"not_picked":["Intimidate+1","Rage"],"picked":"Body Slam+1","floor":28.0},{"not_picked":["Pommel Strike","Uppercut","Body Slam"],"picked":"Singing Bowl","floor":29.0},{"not_picked":["Armaments","Fiend Fire","Shrug It Off+1"],"picked":"Singing Bowl","floor":30.0},{"not_picked":["Armaments","Warcry","Iron Wave"],"picked":"Singing Bowl","floor":32.0},{"not_picked":["Immolate","Fiend Fire"],"picked":"Offering","floor":33.0},{"not_picked":["Dual Wield","Cleave","Evolve"],"picked":"Singing Bowl","floor":35.0},{"not_picked":["Transmutation","Magnetism"],"picked":"Deep Breath","floor":36.0},{"not_picked":["Chrysalis","Sadistic Nature"],"picked":"Secret Technique","floor":36.0},{"not_picked":["HandOfGreed","Bandage Up","Madness"],"picked":"Singing Bowl","floor":36.0},{"not_picked":["Anger","Seeing Red"],"picked":"Entrench","floor":41.0},{"not_picked":["Combust","Sword Boomerang","Rupture+1"],"picked":"Singing Bowl","floor":42.0},{"not_picked":["Armaments","Flame Barrier","Pommel Strike"],"picked":"Singing Bowl","floor":44.0},{"not_picked":["Whirlwind","Shrug It Off+1","Clash"],"picked":"Singing Bowl","floor":45.0},{"not_picked":["Havoc","Reaper","Twin Strike"],"picked":"Singing Bowl","floor":46.0},{"not_picked":["Havoc","Pommel Strike+1","Rupture+1"],"picked":"Singing Bowl","floor":47.0}],"player_experience":1547987,"relics_obtained":[{"floor":6.0,"key":"MealTicket"},{"floor":9.0,"key":"Pen Nib"},{"floor":10.0,"key":"Dream Catcher"},{"floor":13.0,"key":"Lantern"},{"floor":23.0,"key":"Tiny Chest"},{"floor":23.0,"key":"Meat on the Bone"},{"floor":30.0,"key":"StoneCalendar"},{"floor":30.0,"key":"The Courier"},{"floor":37.0,"key":"Self Forming Clay"},{"floor":41.0,"key":"Charon\u0027s Ashes"},{"floor":41.0,"key":"Vajra"},{"floor":43.0,"key":"Du-Vu Doll"},{"floor":44.0,"key":"Unceasing Top"},{"floor":44.0,"key":"Bag of Marbles"}],"event_choices":[{"cards_removed":["Cleave"],"damage_healed":0.0,"max_hp_gain":0.0,"max_hp_loss":0.0,"gold_gain":0.0,"event_name":"WeMeetAgain","player_choice":"Gave Card","floor":2.0,"gold_loss":0.0,"damage_taken":0.0,"relics_obtained":["Nunchaku"]},{"damage_healed":0.0,"max_hp_gain":0.0,"max_hp_loss":0.0,"gold_gain":0.0,"event_name":"Scrap Ooze","player_choice":"Success","floor":11.0,"gold_loss":0.0,"damage_taken":18.0,"relics_obtained":["Singing Bowl"]},{"damage_healed":0.0,"max_hp_gain":0.0,"max_hp_loss":0.0,"gold_gain":0.0,"event_name":"Back to Basics","player_choice":"Simplicity","floor":20.0,"gold_loss":0.0,"damage_taken":0.0,"cards_upgraded":["Strike_R","Strike_R","Strike_R","Strike_R","Defend_R","Defend_R","Defend_R","Defend_R"]},{"damage_healed":0.0,"max_hp_gain":0.0,"max_hp_loss":0.0,"gold_gain":0.0,"event_name":"Colosseum","player_choice":"Fight","floor":30.0,"gold_loss":0.0,"damage_taken":0.0},{"damage_healed":0.0,"max_hp_gain":0.0,"max_hp_loss":0.0,"gold_gain":0.0,"event_name":"Colosseum","player_choice":"Fought Nobs","floor":30.0,"gold_loss":0.0,"damage_taken":0.0},{"damage_healed":0.0,"max_hp_gain":5.0,"max_hp_loss":0.0,"gold_gain":0.0,"event_name":"Forgotten Altar","player_choice":"Shed Blood","floor":31.0,"gold_loss":0.0,"damage_taken":30.0},{"damage_healed":0.0,"max_hp_gain":0.0,"max_hp_loss":0.0,"gold_gain":0.0,"event_name":"SensoryStone","player_choice":"Memory 3","floor":36.0,"gold_loss":0.0,"damage_taken":10.0},{"cards_removed":["True Grit"],"damage_healed":0.0,"max_hp_gain":0.0,"max_hp_loss":0.0,"gold_gain":0.0,"event_name":"Wheel of Change","player_choice":"Card Removal","floor":38.0,"gold_loss":0.0,"damage_taken":0.0}],"is_beta":false,"boss_relics":[{"not_picked":["Runic Dome","Ectoplasm"],"picked":"Black Star"},{"not_picked":["Runic Pyramid","Runic Cube"],"picked":"Empty Cage"}],"items_purged_floors":[8,22,25,39],"is_endless":false,"potions_floor_spawned":[3,5,13,16,19,27,28,30,41,42,44],"killed_by":"Awakened One","ascension_level":20}}