{"host":"pbf6u3tyx46snqc7","time":1610548726,"event":{"mods":["AchievementEnabler","BaseMod","Colored Map","Minty Spire (QoL Compilation)","Rare Cards Sparkle","SuperFastMode"],"gold_per_floor":[109,122,135,145,145,145,170,200,200,214,214,214,214,214,214,214,214],"floor_reached":16,"language":"KOR","playtime":627,"items_purged":[],"score":140,"play_id":"b5dfd7ff-42bc-4532-936a-0f12743219da","local_time":"20210113233846","is_ascension_mode":true,"campfire_choices":[{"data":"Cloak And Dagger","floor":6.0,"key":"SMITH"},{"floor":11.0,"key":"REST"},{"floor":13,"key":"REST"},{"data":"Cloak And Dagger","floor":15,"key":"SMITH"}],"circlet_count":0,"master_deck":["Strike_G","Strike_G","Strike_G","Strike_G","Strike_G","Defend_G","Defend_G","Defend_G","Defend_G","Defend_G","Survivor","Neutralize","Parasite","Master of Strategy","PiercingWail","Quick Slash","Cloak And Dagger+1","Cloak And Dagger+1","After Image+1","Acrobatics"],"relics":["Ring of the Snake","Question Card","Toy Ornithopter"],"acts_visited":["Exordium"],"potions_floor_usage":[],"damage_taken":[{"damage":3.0,"enemies":"2 Louse","floor":1.0,"turns":4.0},{"damage":1.0,"enemies":"Jaw Worm","floor":2.0,"turns":4.0},{"damage":4.0,"enemies":"Small Slimes","floor":3.0,"turns":5.0},{"damage":0.0,"enemies":"Blue Slaver","floor":4.0,"turns":6.0},{"damage":28.0,"enemies":"3 Sentries","floor":7.0,"turns":17.0},{"damage":13.0,"enemies":"Gremlin Gang","floor":10.0,"turns":6.0},{"damage":51,"enemies":"The Guardian","floor":16,"turns":13}],"seed_played":"-2426763812265576052","potions_obtained":[{"floor":1.0,"key":"Poison Potion"},{"floor":2.0,"key":"ColorlessPotion"},{"floor":3.0,"key":"Explosive Potion"},{"floor":4.0,"key":"FearPotion"}],"is_trial":false,"path_per_floor":["M","M","M","M","?","R","E","?","T","M","R","?","R","?","R","B"],"character_chosen":"THE_SILENT","items_purchased":[],"campfire_rested":2,"item_purchase_floors":[],"current_hp_per_floor":[60,59,55,55,43,43,15,15,15,2,23,23,44,44,44,0,0],"gold":214,"neow_bonus":"RANDOM_COLORLESS_2","is_daily":false,"chose_seed":false,"campfire_upgraded":2,"win_rate":0.0,"timestamp":1610548726,"path_taken":["M","M","M","M","?","R","E","?","T","M","R","?","R","?","R","BOSS"],"items_purchased_type":[],"build_version":"2020-12-22","purchased_purges":0,"victory":false,"max_hp_per_floor":[70,70,70,70,70,70,70,70,70,70,70,70,70,70,70,70,70],"card_choices":[{"not_picked":["Mayhem","Thinking Ahead"],"picked":"Master of Strategy","floor":0.0},{"not_picked":["Bouncing Flask","Caltrops"],"picked":"PiercingWail","floor":1.0},{"not_picked":["Prepared","Choke"],"picked":"Quick Slash","floor":2.0},{"not_picked":["Dagger Throw","Outmaneuver"],"picked":"Cloak And Dagger","floor":3.0},{"not_picked":["Caltrops","Flying Knee"],"picked":"Cloak And Dagger","floor":4.0},{"not_picked":["Deadly Poison","Backflip","Slice"],"picked":"After Image","floor":7.0},{"not_picked":["Skewer","Concentrate","Dodge and Roll"],"picked":"Acrobatics","floor":10.0}],"player_experience":420853,"relics_obtained":[{"floor":7.0,"key":"Toy Ornithopter"}],"event_choices":[{"damage_healed":0.0,"max_hp_gain":0.0,"max_hp_loss":0.0,"gold_gain":0.0,"event_name":"Scrap Ooze","player_choice":"Success","floor":5.0,"gold_loss":0.0,"damage_taken":12.0,"relics_obtained":["Question Card"]},{"damage_healed":0.0,"max_hp_gain":0.0,"max_hp_loss":0.0,"gold_gain":30.0,"event_name":"Dead Adventurer","player_choice":"Searched \u00271\u0027 times","floor":8.0,"gold_loss":0.0,"damage_taken":0.0},{"damage_healed":0,"gold_gain":0,"player_choice":"Ignored","damage_taken":0,"max_hp_gain":0,"max_hp_loss":0,"event_name":"Shining Light","floor":12,"gold_loss":0},{"damage_healed":0,"gold_gain":0,"player_choice":"Grow","damage_taken":0,"max_hp_gain":0,"max_hp_loss":0,"event_name":"Living Wall","floor":14,"gold_loss":0,"cards_upgraded":["After Image"]}],"is_beta":false,"boss_relics":[],"items_purged_floors":[],"is_endless":false,"potions_floor_spawned":[1,2,3,4],"killed_by":"The Guardian","ascension_level":8}}