{"host":"9ndbo4kgsfoemf7y","time":1610533111,"event":{"mods":["AchievementEnabler","BaseMod","Colored Map","DeckTracker","Keyboard Shortcuts","Minty Spire (QoL Compilation)","Permanent Neow","Quick Restart","Relic Stats","StSLib","SuperFastMode"],"gold_per_floor":[360,360,435,161,336,336,376,390,415,449,464,484,44,63,63,189,189,202,202,202,182,200,200,231,231,231,274,274,308,308,308,308],"floor_reached":31,"playtime":1117,"items_purged":["Normality","Doubt"],"score":393,"play_id":"22b9d57e-6030-4da7-82e3-281a86bf8f7b","local_time":"20210113191831","is_ascension_mode":true,"campfire_choices":[{"data":"Zap","floor":6.0,"key":"SMITH"},{"data":"FTL","floor":15.0,"key":"SMITH"},{"data":"Aggregate","floor":23.0,"key":"SMITH"},{"floor":25.0,"key":"REST"},{"data":"Defragment","floor":28,"key":"SMITH"}],"circlet_count":0,"master_deck":["Strike_B","Strike_B","Defend_B","Defend_B","Defend_B","Defend_B","Zap+1","Dualcast","Lockon","Sweeping Beam","Glacier","Genetic Algorithm","FTL+1","Gash","Beam Cell","Conserve Battery","Aggregate+1","Electrodynamics","Blizzard+1","Heatsinks","Self Repair","Streamline","Static Discharge","Undo","Defragment+1","Hologram"],"relics":["Cracked Core","Golden Idol","MealTicket","Anchor","Regal Pillow","FossilizedHelix","Calipers","Nuclear Battery","Blood Vial","Matryoshka","CeramicFish"],"acts_visited":["Exordium","TheCity"],"potions_floor_usage":[],"damage_taken":[{"damage":6.0,"enemies":"Cultist","floor":1.0,"turns":4.0},{"damage":32.0,"enemies":"Lagavulin","floor":7.0,"turns":8.0},{"damage":0.0,"enemies":"Jaw Worm","floor":8.0,"turns":3.0},{"damage":21.0,"enemies":"3 Sentries","floor":10.0,"turns":11.0},{"damage":0.0,"enemies":"Small Slimes","floor":11.0,"turns":3.0},{"damage":0.0,"enemies":"Exordium Wildlife","floor":12.0,"turns":2.0},{"damage":0.0,"enemies":"2 Fungi Beasts","floor":14.0,"turns":2.0},{"damage":32.0,"enemies":"Hexaghost","floor":16.0,"turns":12.0},{"damage":0.0,"enemies":"Chosen","floor":18.0,"turns":4.0},{"damage":20.0,"enemies":"2 Thieves","floor":21.0,"turns":5.0},{"damage":9.0,"enemies":"Centurion and Healer","floor":22.0,"turns":6.0},{"damage":25.0,"enemies":"Slavers","floor":24.0,"turns":4.0},{"damage":29,"enemies":"Gremlin Leader","floor":27,"turns":7},{"damage":35,"enemies":"Sentry and Sphere","floor":29,"turns":5},{"damage":35,"enemies":"Shelled Parasite and Fungi","floor":31,"turns":4}],"seed_played":"-7303390746133645794","potions_obtained":[{"floor":1.0,"key":"ColorlessPotion"},{"floor":7.0,"key":"FairyPotion"},{"floor":10.0,"key":"LiquidBronze"},{"floor":14.0,"key":"FairyPotion"},{"floor":18.0,"key":"FearPotion"},{"floor":21.0,"key":"GamblersBrew"}],"is_trial":false,"path_per_floor":["M","?","?","$","?","R","E","M","T","E","M","M","$","M","R","B",null,"M","?","?","M","M","R","E","R","T","E","R","M","?","M"],"character_chosen":"DEFECT","items_purchased":["Sweeping Beam","MealTicket","Calipers","Conserve Battery"],"campfire_rested":1,"item_purchase_floors":[4,4,13,13],"current_hp_per_floor":[62,62,51,51,51,51,19,19,19,19,19,19,34,34,34,2,52,52,52,52,39,37,37,12,47,47,27,27,27,27,0,0],"gold":308,"neow_bonus":"TWO_FIFTY_GOLD","is_daily":false,"chose_seed":false,"campfire_upgraded":4,"win_rate":0.0,"timestamp":1610533111,"path_taken":["M","?","?","$","?","R","E","M","T","E","?","M","$","M","R","BOSS","M","?","?","M","?","R","E","R","T","E","R","M","?","M"],"items_purchased_type":["Card","Relic","Relic","Card"],"build_version":"2020-12-22","purchased_purges":2,"victory":false,"max_hp_per_floor":[75,69,69,69,69,69,69,69,69,69,69,69,69,69,69,69,69,69,69,69,69,69,69,69,69,69,69,69,69,69,69,69],"relic_stats":{"Blood Vial":6,"Regal Pillow":15,"counters":[15,80],"Golden Idol":84,"CeramicFish":18,"MealTicket":15,"obtain_stats":[{"Blood Vial":24,"Anchor":7,"Regal Pillow":9,"Calipers":13,"Matryoshka":26,"Golden Idol":2,"CeramicFish":27,"MealTicket":4,"Cracked Core":0,"FossilizedHelix":10,"Nuclear Battery":17},{"Blood Vial":12,"Anchor":2,"Regal Pillow":3,"Calipers":6,"Matryoshka":12,"Golden Idol":1,"CeramicFish":13,"MealTicket":1,"Cracked Core":0,"FossilizedHelix":4,"Nuclear Battery":8},{"Blood Vial":64,"Anchor":12,"Regal Pillow":15,"Calipers":31,"Matryoshka":64,"Golden Idol":4,"CeramicFish":71,"MealTicket":4,"Cracked Core":0,"FossilizedHelix":26,"Nuclear Battery":45}]},"card_choices":[{"not_picked":["Steam Power","Hello World"],"picked":"Lockon","floor":1.0},{"not_picked":["Tempest","Coolheaded"],"picked":"Glacier","floor":7.0},{"not_picked":["Leap","Redo"],"picked":"Genetic Algorithm","floor":8.0},{"not_picked":["Meteor Strike","Rebound"],"picked":"FTL","floor":10.0},{"not_picked":["Leap","Rebound"],"picked":"Gash","floor":11.0},{"not_picked":["Chill","Scrape"],"picked":"Beam Cell","floor":12.0},{"not_picked":["Coolheaded","Ball Lightning"],"picked":"Aggregate","floor":14.0},{"not_picked":["Meteor Strike","Creative AI"],"picked":"Electrodynamics","floor":16.0},{"not_picked":["Barrage+1","Glacier"],"picked":"Blizzard+1","floor":18.0},{"not_picked":["Auto Shields","Fusion"],"picked":"Streamline","floor":21.0},{"not_picked":["Auto Shields","Steam"],"picked":"Static Discharge","floor":22.0},{"not_picked":["Compile Driver","Redo+1"],"picked":"Undo","floor":24.0},{"not_picked":["Hello World","Reboot"],"picked":"Defragment","floor":27},{"not_picked":["Coolheaded","Streamline"],"picked":"Hologram","floor":29}],"player_experience":813852,"relics_obtained":[{"floor":7.0,"key":"Anchor"},{"floor":9.0,"key":"Regal Pillow"},{"floor":10.0,"key":"FossilizedHelix"},{"floor":24.0,"key":"Blood Vial"},{"floor":26.0,"key":"Matryoshka"},{"floor":27,"key":"CeramicFish"}],"event_choices":[{"damage_healed":0.0,"max_hp_gain":0.0,"max_hp_loss":6.0,"gold_gain":0.0,"event_name":"Golden Idol","player_choice":"Lose Max HP","floor":2.0,"gold_loss":0.0,"damage_taken":0.0,"relics_obtained":["Golden Idol"]},{"damage_healed":0.0,"max_hp_gain":0.0,"max_hp_loss":0.0,"gold_gain":75.0,"event_name":"World of Goop","player_choice":"Gather Gold","floor":3.0,"gold_loss":0.0,"damage_taken":11.0},{"damage_healed":0.0,"max_hp_gain":0.0,"max_hp_loss":0.0,"gold_gain":175.0,"event_name":"Liars Game","player_choice":"AGREE","floor":5.0,"gold_loss":0.0,"damage_taken":0.0,"cards_obtained":["Doubt"]},{"damage_healed":0.0,"max_hp_gain":0.0,"max_hp_loss":0.0,"gold_gain":0.0,"cards_transformed":["Strike_B","Strike_B"],"event_name":"Drug Dealer","player_choice":"Became Test Subject","floor":19.0,"gold_loss":0.0,"damage_taken":0.0,"cards_obtained":["Heatsinks","Self Repair"]},{"damage_healed":0.0,"max_hp_gain":0.0,"max_hp_loss":0.0,"gold_gain":0.0,"event_name":"The Woman in Blue","player_choice":"Bought 0 Potions","floor":20.0,"gold_loss":0.0,"damage_taken":0.0},{"damage_healed":0,"gold_gain":0,"player_choice":"Ignored","damage_taken":0,"max_hp_gain":0,"max_hp_loss":0,"event_name":"Vampires","floor":30,"gold_loss":0}],"is_beta":false,"boss_relics":[{"not_picked":["SlaversCollar","Empty Cage"],"picked":"Nuclear Battery"}],"items_purged_floors":[4,13],"is_endless":false,"potions_floor_spawned":[1,7,10,14,18,21,24],"killed_by":"Shelled Parasite and Fungi","ascension_level":6}}