{"host":"hig4mmxcip4vq5ai","time":1610537933,"event":{"mods":["Aspiration","BaseMod","Challenge The Spire","Colored Powertips","Conspire","Energized Spire","Friendly Minions","Halation","Hubris","Infinite Spire","Minty Spire (QoL Compilation)","Replay The Spire","Shop Mod","Small Relic Pack","StSLib","vexMod"],"gold_per_floor":[110,124,26,46,46,75,75,108,162,162,174,37,66,66,66,76,76],"floor_reached":16,"language":"RUS","playtime":568,"items_purged":[],"score":168,"play_id":"de0e6e02-f115-4e7b-a16c-22d4351d6867","local_time":"20210113143853","daily_mods":["SealedDeck","Heirloom","DeadlyEvents","Elite Swarm","Lethality","Uncertain Future","Binary"],"is_ascension_mode":false,"campfire_choices":[{"data":"PathToVictory","floor":7,"key":"SMITH"},{"data":"PathToVictory","floor":7,"key":"SMITH"},{"data":"Evaluate","floor":10,"key":"SMITH"},{"data":"ThirdEye","floor":10,"key":"SMITH"},{"data":"Specialist","floor":15,"key":"SMITH"},{"data":"Evaluate","floor":15,"key":"SMITH"}],"circlet_count":0,"master_deck":["hubris:Hubris","WheelKick","Evaluate+1","EmptyMind","Protect","ThirdEye","ThirdEye+1","Consecrate","PathToVictory+1","PathToVictory+1","CutThroughFate","Evaluate+1","Wireheading","Specialist+1"],"relics":["PureWater","Busted Crown","halation:PenCase","StoneCalendar","aspiration:ChemicalBlood","CeramicFish","halation:IllGainedPizza"],"acts_visited":["Exordium"],"potions_floor_usage":[16],"damage_taken":[{"damage":2,"enemies":"conspire:RoseBush","floor":1,"turns":2},{"damage":8,"enemies":"Jaw Worm","floor":2,"turns":2},{"damage":0,"enemies":"2 Louse","floor":4,"turns":1},{"damage":0,"enemies":"Replay:BlueRogue","floor":6,"turns":3},{"damage":0,"enemies":"Lagavulin","floor":8,"turns":2},{"damage":3,"enemies":"Looter","floor":11,"turns":2},{"damage":14,"enemies":"Gremlin Nob","floor":13,"turns":3},{"damage":45,"enemies":"Hexaghost","floor":16,"turns":4}],"seed_played":"-7817168811431452000","potions_obtained":[{"floor":4,"key":"SkillPotion"},{"floor":8,"key":"Languid Potion"},{"floor":13,"key":"BlessingOfTheForge"},{"floor":16,"key":"Adrenaline Potion"}],"is_trial":true,"path_per_floor":["M","M","$","M","?","E","R","E","T","R","M","$","E","?","R","B"],"character_chosen":"WATCHER","items_purchased":["Evaluate","Energy Potion","Wireheading","Specialist"],"campfire_rested":0,"item_purchase_floors":[3,3,12,12],"current_hp_per_floor":[70,62,62,62,62,62,62,62,62,62,59,59,45,45,45,0,0],"gold":76,"neow_bonus":"","is_daily":false,"chose_seed":false,"campfire_upgraded":6,"win_rate":0.0,"timestamp":1610537933,"path_taken":["M","M","$","M","?","E","R","E","T","R","M","?","E","?","R","BOSS"],"items_purchased_type":["Card","Potion","Card","Card"],"build_version":"2020-12-22","purchased_purges":0,"victory":false,"max_hp_per_floor":[72,72,72,72,72,72,72,72,72,72,72,72,72,72,72,72,72],"card_choices":[],"player_experience":432587,"relics_obtained":[{"floor":6,"key":"StoneCalendar"},{"floor":8,"key":"aspiration:ChemicalBlood"},{"floor":9,"key":"CeramicFish"},{"floor":13,"key":"halation:IllGainedPizza"}],"event_choices":[],"is_beta":false,"boss_relics":[],"items_purged_floors":[],"is_endless":false,"potions_floor_spawned":[4,8,13],"killed_by":"Hexaghost","ascension_level":0}}