{"host":"7t8rqoeeopyy0nh0","time":1610500948,"event":{"mods":["AchievementEnabler","Aspiration","Bard","BaseMod","Better Third Choice","BetterRewards","Colored Map","Colored Powertips","Conspire","Downfall","Hermit","Hubris","Infinite Spire","Koishi","Minty Spire (QoL Compilation)","Permanent Neow","Quick Restart","Rare Cards Sparkle","Reimu??????","Replay The Spire","StSLib","Td1madao Mod","The Administrix","The Blackbeard","The Bug Knight","The Gatherer","The Hayseed","The Jungle","The Marked","The Servant 0.9.4","The Wild Card","TheBandit"],"gold_per_floor":[117,137,149,149,165,199,26,38,61,90,90,102,102,117,117,238,238,252,279,279,35,54,54,86,86,86,86,97,116,42,42,42,146,146,161,179,199,216,60,104,104,131,131,101,119,119,119,119,119,119],"floor_reached":51,"language":"ENG","playtime":2159,"items_purged":["blackbeard:BlackbeardStrike","blackbeard:BlackbeardStrike"],"score":762,"play_id":"85c0d6a0-750c-47b9-980a-96b91ab23da7","local_time":"20210112202228","is_ascension_mode":false,"campfire_choices":[{"floor":11.0,"key":"REST"},{"data":"blackbeard:MegaUpgrade","floor":13.0,"key":"SMITH"},{"data":"blackbeard:Upgrade","floor":15.0,"key":"SMITH"},{"data":"blackbeard:Cutlass","floor":23.0,"key":"SMITH"},{"data":"blackbeard:Dagger","floor":25.0,"key":"SMITH"},{"data":"blackbeard:CloakAndCannonball","floor":27.0,"key":"SMITH"},{"data":"blackbeard:CannonballSupply","floor":41.0,"key":"SMITH"},{"floor":49,"key":"REST"}],"circlet_count":0,"master_deck":["blackbeard:BlackbeardStrike","blackbeard:BlackbeardStrike","blackbeard:IntimidatingStrike","blackbeard:BlackbeardDefend","blackbeard:BlackbeardDefend","blackbeard:BlackbeardDefend","blackbeard:BlackbeardDefend","blackbeard:Cutlass+1","blackbeard:DoubleBottom","blackbeard:Spear","blackbeard:Upgrade+1","DeceiveReality+1","Glass Knife+1","blackbeard:Sharpening","blackbeard:MegaUpgrade+1","blackbeard:RearmingStrike","blackbeard:CloakAndCannonball+1","blackbeard:CannonballSupply+1","Pot Of Greed","Pot Of Greed","blackbeard:Shrapnel","blackbeard:WeaponMastery+1","blackbeard:DeadlyArsenal","blackbeard:Spear+1","blackbeard:Dagger+1","Pot Of Greed+1","blackbeard:PirateEarring+1","blackbeard:Rum","Parasite","blackbeard:BlindAttacks+1","blackbeard:BrownPants+1","blackbeard:SwordDance+1"],"relics":["blackbeard:LoadTheCannons","infinitespire:Lucky Rock","blackbeard:CannonballsOfSteel","Oddly Smooth Stone","aspiration:HatOfInfinitePower","Bronze Scales","Grinning Jar","hubris:ScarierMask","Red Mask","TentaclePot:ReiMu","hubris:SlimyHat","Boot","Kunai","conspire:RoyalGoblet","Guide Book","Blue Candle","aspiration:ChemicalBlood","Mirror"],"acts_visited":["Exordium","TheCity","TheBeyond"],"potions_floor_usage":[50,50,50,50,50,50],"damage_taken":[{"damage":0.0,"enemies":"Small Slimes","floor":1.0,"turns":2.0},{"damage":1.0,"enemies":"Cultist","floor":2.0,"turns":4.0},{"damage":0.0,"enemies":"conspire:RoseBush","floor":3.0,"turns":4.0},{"damage":9.0,"enemies":"Red Slaver","floor":5.0,"turns":2.0},{"damage":10.0,"enemies":"Lagavulin","floor":6.0,"turns":7.0},{"damage":0.0,"enemies":"Looter","floor":8.0,"turns":2.0},{"damage":4.0,"enemies":"3 Sentries","floor":10.0,"turns":6.0},{"damage":0.0,"enemies":"Exordium Wildlife","floor":12.0,"turns":2.0},{"damage":3.0,"enemies":"2 Fungi Beasts","floor":14.0,"turns":2.0},{"damage":27.0,"enemies":"Fading Forest","floor":16.0,"turns":11.0},{"damage":2.0,"enemies":"2 Thieves","floor":18.0,"turns":2.0},{"damage":14.0,"enemies":"Masked Bandits","floor":19.0,"turns":5.0},{"damage":6.0,"enemies":"Chosen","floor":22.0,"turns":5.0},{"damage":14.0,"enemies":"Book of Stabbing","floor":24.0,"turns":5.0},{"damage":1.0,"enemies":"Centurion and Healer","floor":28.0,"turns":2.0},{"damage":0.0,"enemies":"Snake Plant","floor":29.0,"turns":4.0},{"damage":2.0,"enemies":"conspire:MysteriousRune","floor":33.0,"turns":8.0},{"damage":12.0,"enemies":"Orb Walker","floor":35.0,"turns":3.0},{"damage":4.0,"enemies":"3 Darklings","floor":36.0,"turns":3.0},{"damage":6.0,"enemies":"Spire Growth","floor":37.0,"turns":4.0},{"damage":5.0,"enemies":"Writhing Mass","floor":38.0,"turns":6.0},{"damage":0.0,"enemies":"R_Hoarder","floor":40.0,"turns":9.0},{"damage":22.0,"enemies":"Nemesis","floor":42.0,"turns":7.0},{"damage":15.0,"enemies":"Spire Growth","floor":45.0,"turns":5.0},{"damage":35,"enemies":"Time Eater","floor":50,"turns":11}],"seed_played":"5662152806953812987","potions_obtained":[{"floor":1.0,"key":"Ancient Potion"},{"floor":2.0,"key":"Slimebound:ThreeZeroPotion"},{"floor":3.0,"key":"Explosive Potion"},{"floor":6.0,"key":"AttackPotion"},{"floor":12.0,"key":"DuplicationPotion"},{"floor":18.0,"key":"Flashbang"},{"floor":29.0,"key":"SteroidPotion"},{"floor":33.0,"key":"Guardian:BlockOnCardUsePotion"},{"floor":40.0,"key":"Guardian:BlockOnCardUsePotion"},{"floor":44.0,"key":"GrandPatriotsElixir:ReiMu"},{"floor":44.0,"key":"EntropicBrew"}],"is_trial":false,"path_per_floor":["M","M","M","?","M","E","$","M","T","E","R","M","R","M","R","B",null,"M","?","?","$","M","R","E","R","T","R","M","M","$","T","R_BF","B",null,"M","M","M","M","$","E","R","E","T","?","M","$","?","?","R","B",null],"character_chosen":"BLACKBEARD_CLASS","items_purchased":["blackbeard:RearmingStrike","blackbeard:CloakAndCannonball","TentaclePot:ReiMu","blackbeard:Rum","Guide Book"],"campfire_rested":2,"item_purchase_floors":[7,7,21,30,39],"current_hp_per_floor":[75,74,74,46,37,27,27,27,27,23,45,45,45,42,42,25,75,73,59,59,59,53,53,39,39,39,39,38,38,38,38,60,58,75,63,59,53,48,48,48,48,26,26,26,11,11,11,19,41,6],"gold":119,"neow_bonus":"RANDOM_COMMON_RELIC","is_daily":false,"chose_seed":false,"campfire_upgraded":6,"win_rate":0.0,"timestamp":1610500948,"path_taken":["M","M","M","?","M","E","?","?","T","E","R","M","R","M","R","BOSS","M","?","?","$","M","R","E","R","T","R","M","M","$","?","R_BF","BOSS","M","M","M","M","$","E","R","E","T","?","?","$","?","?","R","BOSS"],"items_purchased_type":["Card","Card","Relic","Card","Relic"],"build_version":"2020-12-22","purchased_purges":2,"victory":true,"max_hp_per_floor":[75,75,75,75,75,75,75,75,75,75,75,75,75,75,75,75,75,75,75,75,75,75,75,75,75,75,75,75,75,75,75,75,75,75,75,75,75,75,75,75,75,75,75,75,75,75,75,75,75,75],"card_choices":[{"not_picked":["blackbeard:GhostInTheRum","blackbeard:Provisioning"],"picked":"blackbeard:DoubleBottom","floor":1.0},{"not_picked":["blackbeard:PiratesWill","blackbeard:DoubleBottom"],"picked":"blackbeard:Spear","floor":2.0},{"not_picked":["blackbeard:PirateEarring","blackbeard:Toast"],"picked":"blackbeard:Upgrade","floor":3.0},{"not_picked":["blackbeard:GoldenDefense","blackbeard:Toast"],"picked":"blackbeard:Sharpening","floor":5.0},{"not_picked":["blackbeard:FieryDefense","blackbeard:Toast"],"picked":"blackbeard:MegaUpgrade","floor":6.0},{"not_picked":["blackbeard:TacticalRetreat","blackbeard:RearmingStrike"],"picked":"blackbeard:CannonballSupply","floor":8.0},{"not_picked":["blackbeard:BlindAttacks","blackbeard:CloakAndCannonball","blackbeard:FieryDefense"],"picked":"SKIP","floor":10.0},{"not_picked":["blackbeard:PowderKeg","blackbeard:FieryDefense"],"picked":"blackbeard:Shrapnel","floor":12.0},{"not_picked":["blackbeard:Toast","blackbeard:Shrapnel","blackbeard:GoldenStrike"],"picked":"SKIP","floor":14.0},{"not_picked":["blackbeard:Salvager","blackbeard:TheDrunkenSailor"],"picked":"blackbeard:WeaponMastery","floor":16.0},{"not_picked":["blackbeard:CloakAndCannonball","blackbeard:Recklessness"],"picked":"blackbeard:DeadlyArsenal","floor":18.0},{"not_picked":["blackbeard:Provisioning","blackbeard:VengefulSpirit"],"picked":"blackbeard:Spear+1","floor":22.0},{"not_picked":["blackbeard:WiseDefense","blackbeard:Bandana"],"picked":"blackbeard:Dagger","floor":24.0},{"not_picked":["blackbeard:PirateStrength","blackbeard:BuriedTreasure"],"picked":"blackbeard:PirateEarring+1","floor":28.0},{"not_picked":["blackbeard:BrownPants","blackbeard:Fencing","blackbeard:FishingNets"],"picked":"SKIP","floor":29.0},{"not_picked":["blackbeard:DeadlyArsenal+1","blackbeard:GoldenDefense+1","blackbeard:RearmingStrike"],"picked":"SKIP","floor":35.0},{"not_picked":["blackbeard:Dagger+1","blackbeard:Fencing","blackbeard:GoldenDefense"],"picked":"SKIP","floor":36.0},{"not_picked":["blackbeard:Sword","blackbeard:Toast+1","blackbeard:SwordDance+1"],"picked":"SKIP","floor":37.0},{"not_picked":["blackbeard:PirateEarring","blackbeard:BrownPants+1"],"picked":"blackbeard:BlindAttacks+1","floor":38.0},{"not_picked":["blackbeard:Shrapnel","blackbeard:Anchor"],"picked":"blackbeard:BrownPants+1","floor":40.0},{"not_picked":["blackbeard:Sharpening","blackbeard:Rum","blackbeard:Toast"],"picked":"SKIP","floor":42.0},{"not_picked":["blackbeard:GoldenStrike+1","blackbeard:Dagger"],"picked":"blackbeard:SwordDance+1","floor":45.0}],"player_experience":400403,"relics_obtained":[{"floor":6.0,"key":"aspiration:HatOfInfinitePower"},{"floor":9.0,"key":"Bronze Scales"},{"floor":10.0,"key":"Grinning Jar"},{"floor":19.0,"key":"Red Mask"},{"floor":24.0,"key":"hubris:SlimyHat"},{"floor":26.0,"key":"Boot"},{"floor":31.0,"key":"Kunai"},{"floor":40.0,"key":"Blue Candle"},{"floor":42.0,"key":"aspiration:ChemicalBlood"},{"floor":43.0,"key":"Mirror"}],"event_choices":[{"damage_healed":0.0,"max_hp_gain":0.0,"max_hp_loss":0.0,"gold_gain":0.0,"event_name":"Masked Bandits","player_choice":"Fought Bandits","floor":19.0,"gold_loss":0.0,"damage_taken":0.0},{"damage_healed":0.0,"max_hp_gain":0.0,"max_hp_loss":0.0,"gold_gain":0.0,"event_name":"conspire:Investor","player_choice":"Leave","floor":20.0,"gold_loss":0.0,"damage_taken":0.0},{"damage_healed":0.0,"max_hp_gain":0.0,"max_hp_loss":0.0,"gold_gain":0.0,"event_name":"The Woman in Blue","player_choice":"Bought 2 Potions","floor":44.0,"gold_loss":0.0,"damage_taken":0.0}],"is_beta":false,"boss_relics":[{"not_picked":["blackbeard:SoberMinded","infinitespire:Cupcake"],"picked":"hubris:ScarierMask"},{"not_picked":["hubris:TerracottaHorce","hubris:Backtick"],"picked":"conspire:RoyalGoblet"}],"items_purged_floors":[7,21],"is_endless":false,"potions_floor_spawned":[1,2,3,6,12,18,29,33,37,40],"ascension_level":0}}