{"host":"u6jirsjme6gm26s9","time":1610576521,"event":{"mods":["BaseMod","Downfall","GifTheSpireLib","Minty Spire (QoL Compilation)","StSLib","The Servant 0.9.4"],"gold_per_floor":[99,113,127,127,139,139,162,147,72,90,120,138,167,187,202,303,303,303,303,303,303,303,303,303,303,303,303,303,213,213,213,213,213,213,213,213,213,54,54,54,54,54,54,54,54,54,54,54,54,54,54,54,54,54,54,54,54],"floor_reached":55,"language":"ENG","playtime":3320,"items_purged":["champ:Strike"],"score":706,"play_id":"4b98b55d-32d3-44af-a69f-094b00c24dea","local_time":"20210113162201","is_ascension_mode":false,"campfire_choices":[{"floor":1.0,"key":"RECALL"},{"floor":9.0,"key":"REST"},{"data":"champ:FanOfKnives","floor":18.0,"key":"SMITH"},{"floor":25.0,"key":"REST"},{"floor":30.0,"key":"REST"},{"data":"champ:PerfectForm","floor":35.0,"key":"SMITH"},{"floor":42.0,"key":"REST"},{"floor":44.0,"key":"REST"},{"floor":54,"key":"REST"}],"circlet_count":0,"master_deck":["champ:Strike","champ:Strike","champ:Strike","champ:Defend","champ:Defend","champ:Defend","champ:Defend","champ:Execute","champ:Taunt+1","champ:LastStand","champ:FanOfKnives+1","champ:RapidStrikes","champ:ViciousMockery","champ:ShieldWall","champ:IronFortress","champ:ShieldSlam","champ:Backstep","champ:PerfectForm+1","champ:StanceDance","champ:EnGarde+1","champ:PreciseThrust+1","RitualDagger+1","champ:CrookedStrike","CurseOfTheBell","champ:GladiatorsShout+1","Parasite","champ:StanceDance+1"],"relics":["champ:ChampionCrown","downfall:ShatteredFragment","Blood Vial","downfall:HeartBlessingRed","MealTicket","Happy Flower","downfall:Hecktoplasm","downfall:HeartBlessingGreen","PreservedInsect","champ:BlackKnightHelmet","HornCleat","downfall:HeartBlessingBlue","Calling Bell","Bag of Preparation","Shuriken","Lizard Tail","Bronze Scales","Torii","Mango","Oddly Smooth Stone"],"acts_visited":["Exordium","TheCity","TheBeyond","TheEnding"],"potions_floor_usage":[50,50,55],"damage_taken":[{"damage":21.0,"enemies":"Jaw Worm","floor":2.0,"turns":5.0},{"damage":11.0,"enemies":"Cultist","floor":3.0,"turns":4.0},{"damage":7.0,"enemies":"2 Louse","floor":5.0,"turns":3.0},{"damage":0.0,"enemies":"downfall:FleeingMerchant","floor":8.0,"turns":4.0},{"damage":9.0,"enemies":"Exordium Wildlife","floor":10.0,"turns":3.0},{"damage":37.0,"enemies":"3 Sentries","floor":11.0,"turns":6.0},{"damage":0.0,"enemies":"Large Slime","floor":12.0,"turns":2.0},{"damage":6.0,"enemies":"Gremlin Nob","floor":13.0,"turns":4.0},{"damage":0.0,"enemies":"Exordium Wildlife","floor":14.0,"turns":2.0},{"damage":7.0,"enemies":"3 Louse","floor":15.0,"turns":3.0},{"damage":25.0,"enemies":"downfall:Silent","floor":16.0,"turns":6.0},{"damage":16.0,"enemies":"3 Byrds","floor":19.0,"turns":6.0},{"damage":18.0,"enemies":"Shell Parasite","floor":22.0,"turns":6.0},{"damage":51.0,"enemies":"Shell Parasite","floor":23.0,"turns":7.0},{"damage":28.0,"enemies":"3 Cultists","floor":27.0,"turns":5.0},{"damage":34.0,"enemies":"Cultist and Chosen","floor":28.0,"turns":6.0},{"damage":4.0,"enemies":"downfall:FleeingMerchant","floor":29.0,"turns":4.0},{"damage":15.0,"enemies":"Centurion and Healer","floor":31.0,"turns":5.0},{"damage":5.0,"enemies":"Sentry and Sphere","floor":32.0,"turns":2.0},{"damage":9.0,"enemies":"downfall:Defect","floor":33.0,"turns":6.0},{"damage":17.0,"enemies":"3 Darklings","floor":37.0,"turns":5.0},{"damage":11.0,"enemies":"downfall:FleeingMerchant","floor":38.0,"turns":4.0},{"damage":75.0,"enemies":"2 Orb Walkers","floor":39.0,"turns":6.0},{"damage":3.0,"enemies":"downfall:FleeingMerchant","floor":43.0,"turns":2.0},{"damage":0,"enemies":"Orb Walker","floor":45,"turns":3},{"damage":24,"enemies":"Writhing Mass","floor":46,"turns":4},{"damage":24,"enemies":"Jaw Worm Horde","floor":48,"turns":3},{"damage":42,"enemies":"4 Shapes","floor":49,"turns":4},{"damage":43,"enemies":"downfall:Ironclad","floor":50,"turns":9},{"damage":93,"enemies":"downfall:CharBossMerchant","floor":52,"turns":7},{"damage":137,"enemies":"downfall:NeowBoss","floor":55,"turns":11}],"seed_played":"6243714801709190784","potions_obtained":[{"floor":3.0,"key":"Dexterity Potion"},{"floor":5.0,"key":"BlessingOfTheForge"},{"floor":11.0,"key":"Ancient Potion"},{"floor":12.0,"key":"Guardian:BlockOnCardUsePotion"},{"floor":16.0,"key":"GamblersBrew"},{"floor":19.0,"key":"Explosive Potion"},{"floor":22.0,"key":"sneckomod:MuddlingPotion"},{"floor":23.0,"key":"GamblersBrew"},{"floor":26.0,"key":"CultistPotion"},{"floor":37.0,"key":"champ:TechniquePotion"},{"floor":45,"key":"BlessingOfTheForge"}],"is_trial":false,"path_per_floor":["R","M","M","?","M","?","T","$","R","M","E","M","E","M","M","B",null,"R","M","?","T","M","?","T","R","?","M","M","$","R","M","M","B",null,"R","?","M","?","?","?","T","R","$","R","M","M","$","M","M","B",null,"E","$","R","B"],"character_chosen":"THE_CHAMP","items_purchased":["Bronze Scales"],"campfire_rested":6,"item_purchase_floors":[38],"current_hp_per_floor":[81,65,59,59,52,25,25,27,51,49,22,24,26,28,26,6,81,81,76,76,76,69,20,20,57,57,39,7,23,50,40,42,43,91,91,91,83,85,20,20,34,65,82,105,105,84,99,77,37,26,105,24,39,70,0,0,0],"gold":54,"neow_bonus":"THREE_RARE_CARDS","is_daily":false,"chose_seed":false,"campfire_upgraded":2,"win_rate":0.0,"timestamp":1610576521,"path_taken":["R","M","M","?","?","?","T","?","R","M","E","?","E","M","M","BOSS","R","?","?","?","M","?","T","R","?","M","?","$","R","M","M","BOSS","R","?","M","?","?","?","T","R","$","R","M","?","?","M","M","BOSS","E","$","R","BOSS"],"items_purchased_type":["Relic"],"build_version":"2020-12-22","purchased_purges":1,"victory":false,"max_hp_per_floor":[81,81,81,81,81,81,81,81,81,81,81,81,81,81,81,81,81,81,81,81,81,81,81,81,91,91,91,91,91,91,91,91,91,91,91,91,91,91,91,91,105,105,105,105,105,105,105,105,105,105,105,105,105,105,105,105,105],"card_choices":[{"not_picked":["champ:DancingMaster","champ:CrownThrow"],"picked":"champ:LastStand","floor":0.0},{"not_picked":["champ:Backstep","champ:FaceSlap"],"picked":"champ:FanOfKnives","floor":2.0},{"not_picked":["champ:BerserkerStyle","champ:BladeFlurry"],"picked":"champ:RapidStrikes","floor":3.0},{"not_picked":["champ:GladiatorsShout","champ:FlashCut"],"picked":"champ:ViciousMockery","floor":5.0},{"not_picked":["champ:BerserkersShout","champ:StanceDance"],"picked":"champ:ShieldWall","floor":8.0},{"not_picked":["champ:StanceDance","champ:DefensiveShout"],"picked":"champ:IronFortress","floor":10.0},{"not_picked":["champ:StanceDance","champ:GutPunch"],"picked":"champ:ShieldSlam","floor":11.0},{"not_picked":["champ:FaceSlap","champ:GladiatorsShout"],"picked":"champ:Backstep","floor":12.0},{"not_picked":["champ:Riposte","champ:BringItOn","champ:RecklessLeap"],"picked":"SKIP","floor":13.0},{"not_picked":["champ:GutPunch","champ:Circumvent","champ:BerserkersShout"],"picked":"SKIP","floor":14.0},{"not_picked":["champ:FalseCounter","champ:Shatter","champ:Circumvent"],"picked":"SKIP","floor":15.0},{"not_picked":["champ:StrikeOfGenius","champ:HeavySlash"],"picked":"champ:PerfectForm","floor":16.0},{"not_picked":["champ:Haymaker","champ:ViciousMockery+1"],"picked":"champ:StanceDance","floor":19.0},{"not_picked":["champ:FocusedBerserking","champ:IronFortress"],"picked":"champ:EnGarde+1","floor":22.0},{"not_picked":["champ:Encircle","champ:FanOfKnives"],"picked":"champ:PreciseThrust+1","floor":23.0},{"not_picked":["champ:FaceSlap","champ:Backstep","champ:BladeFlurry"],"picked":"SKIP","floor":27.0},{"not_picked":["champ:FanOfKnives","champ:FocusedGladiator","champ:BringItOn+1"],"picked":"SKIP","floor":28.0},{"not_picked":["champ:AdrenalArmor+1","champ:Shatter+1","champ:StanceDance+1"],"picked":"SKIP","floor":29.0},{"not_picked":["champ:ViciousMockery","champ:AdrenalArmor"],"picked":"champ:CrookedStrike","floor":31.0},{"not_picked":["champ:Circumvent","champ:BerserkerStyle","champ:Haymaker"],"picked":"SKIP","floor":32.0},{"not_picked":["champ:Circumvent+1","champ:Backstep+1","champ:BladeFlurry+1"],"picked":"SKIP","floor":37.0},{"not_picked":["champ:Haymaker+1","champ:BerserkersShout+1","champ:TornadoPunch"],"picked":"SKIP","floor":38.0},{"not_picked":["champ:DefensiveShout","champ:FlashCut"],"picked":"champ:GladiatorsShout+1","floor":43.0},{"not_picked":["champ:AdrenalArmor","champ:FlashCut","champ:DefensiveShout+1"],"picked":"SKIP","floor":45},{"not_picked":["champ:SwordThrow","champ:Backstep","champ:AdrenalArmor+1"],"picked":"SKIP","floor":46},{"not_picked":["champ:FocusedGladiator","champ:GladiatorsShout+1"],"picked":"champ:StanceDance+1","floor":48},{"not_picked":["champ:FocusedGladiator","champ:LastStand","champ:FlashCut+1"],"picked":"SKIP","floor":49},{"not_picked":["champ:Circumvent+1","champ:TornadoPunch+1","champ:RecklessLeap+1"],"picked":"SKIP","floor":52}],"player_experience":341464,"relics_obtained":[{"floor":7.0,"key":"Blood Vial"},{"floor":11.0,"key":"MealTicket"},{"floor":13.0,"key":"Happy Flower"},{"floor":21.0,"key":"PreservedInsect"},{"floor":23.0,"key":"champ:BlackKnightHelmet"},{"floor":23.0,"key":"HornCleat"},{"floor":34.0,"key":"Bag of Preparation"},{"floor":34.0,"key":"Shuriken"},{"floor":34.0,"key":"Lizard Tail"},{"floor":39.0,"key":"Torii"},{"floor":41.0,"key":"Mango"},{"floor":52,"key":"Oddly Smooth Stone"}],"event_choices":[{"damage_healed":0.0,"max_hp_gain":0.0,"max_hp_loss":0.0,"gold_gain":0.0,"event_name":"Accursed Blacksmith","player_choice":"Forge","floor":4.0,"gold_loss":0.0,"damage_taken":0.0,"cards_upgraded":["champ:Taunt"]},{"damage_healed":0.0,"max_hp_gain":0.0,"max_hp_loss":0.0,"gold_gain":0.0,"event_name":"Mysterious Sphere","player_choice":"Fight","floor":39.0,"gold_loss":0.0,"damage_taken":0.0}],"is_beta":false,"boss_relics":[{"not_picked":["Runic Pyramid","Astrolabe"],"picked":"downfall:Hecktoplasm"},{"not_picked":["Snecko Eye","Cursed Key"],"picked":"Calling Bell"}],"items_purged_floors":[29],"is_endless":false,"potions_floor_spawned":[3,5,11,12,16,19,22,23,37,45,46,49],"killed_by":"downfall:NeowBoss","ascension_level":0}}