{"host":"4udtejx3ummmwg8f","time":1610543346,"event":{"mods":["BaseMod","Minty Spire (QoL Compilation)"],"gold_per_floor":[109,119,119,43,63,63,88,88,113,145,160,187,222,248,248,351,351,366,378,378,391,306,336,364,397,397,397,450,450,476,491,491,587,587,606,606,606,623,623,651,681,681,708,742,758,792,804,256,256,256],"floor_reached":51,"language":"ENG","playtime":5088,"items_purged":[],"score":1104,"play_id":"10f6f56f-def8-4b0f-8f11-87062c59216d","local_time":"20210113233906","daily_mods":["SealedDeck","Allstar","Colorless Cards","Heirloom","Time Dilation","Flight"],"is_ascension_mode":false,"campfire_choices":[{"data":"Echo Form","floor":6,"key":"SMITH"},{"floor":8,"key":"REST"},{"floor":15,"key":"REST"},{"floor":27,"key":"REST"},{"data":"1","floor":29,"key":"LIFT"},{"data":"Aggregate","floor":32,"key":"SMITH"},{"data":"2","floor":42,"key":"LIFT"},{"data":"3","floor":49,"key":"LIFT"}],"circlet_count":0,"master_deck":["Demon Form","Wraith Form v2","Echo Form+1","DevaForm","Hologram","Streamline","Coolheaded","Leap+1","Ball Lightning","Genetic Algorithm","Ball Lightning","Beam Cell","Go for the Eyes","Double Energy","Glacier+1","Aggregate+1","Defragment","Lockon","Tempest","Core Surge","Conserve Battery","Leap","Metamorphosis","Conserve Battery","Mayhem","Loop","Coolheaded+1","Darkness+1","Lockon+1","Madness","Leap+1","Ball Lightning+1","Heatsinks","Amplify","Steam+1","Mind Blast","Good Instincts","Blind","Barrage","Echo Form","Flash of Steel","Leap+1","Recycle+1","Coolheaded+1","Defragment"],"relics":["Cracked Core","Ice Cream","Bag of Marbles","Centennial Puzzle","Juzu Bracelet","Incense Burner","Pear","Girya","Black Star","Art of War","Toy Ornithopter","StoneCalendar","War Paint","Orichalcum","Meat on the Bone","Bronze Scales","HornCleat","Red Mask","Blue Candle","Smiling Mask","Busted Crown","Ginger","Letter Opener","Singing Bowl","Shuriken","Anchor","Eternal Feather","Regal Pillow","Nunchaku","MealTicket","Pen Nib","Ancient Tea Set","Frozen Eye"],"acts_visited":["Exordium","TheCity","TheBeyond"],"potions_floor_usage":[7,16,21,25,41,41,46,50,50,50],"damage_taken":[{"damage":1,"enemies":"2 Louse","floor":1,"turns":2},{"damage":0,"enemies":"Cultist","floor":2,"turns":4},{"damage":12,"enemies":"Small Slimes","floor":5,"turns":4},{"damage":24,"enemies":"Gremlin Nob","floor":7,"turns":4},{"damage":0,"enemies":"Lagavulin","floor":10,"turns":4},{"damage":0,"enemies":"3 Louse","floor":11,"turns":2},{"damage":19,"enemies":"Gremlin Nob","floor":12,"turns":4},{"damage":0,"enemies":"Lagavulin","floor":13,"turns":5},{"damage":18,"enemies":"3 Sentries","floor":14,"turns":5},{"damage":0,"enemies":"Slime Boss","floor":16,"turns":6},{"damage":2,"enemies":"Shell Parasite","floor":18,"turns":4},{"damage":6,"enemies":"Chosen","floor":19,"turns":4},{"damage":8,"enemies":"Centurion and Healer","floor":21,"turns":5},{"damage":12,"enemies":"Gremlin Leader","floor":23,"turns":5},{"damage":8,"enemies":"Book of Stabbing","floor":24,"turns":5},{"damage":0,"enemies":"Gremlin Leader","floor":25,"turns":6},{"damage":0,"enemies":"Masked Bandits","floor":28,"turns":4},{"damage":6,"enemies":"Book of Stabbing","floor":30,"turns":5},{"damage":0,"enemies":"3 Cultists","floor":31,"turns":4},{"damage":5,"enemies":"Collector","floor":33,"turns":7},{"damage":0,"enemies":"Orb Walker","floor":35,"turns":3},{"damage":0,"enemies":"3 Shapes","floor":38,"turns":2},{"damage":0,"enemies":"Nemesis","floor":40,"turns":3},{"damage":19,"enemies":"Reptomancer","floor":41,"turns":6},{"damage":6,"enemies":"Nemesis","floor":44,"turns":5},{"damage":0,"enemies":"Spire Growth","floor":45,"turns":5},{"damage":41,"enemies":"Reptomancer","floor":46,"turns":6},{"damage":0,"enemies":"Writhing Mass","floor":47,"turns":4},{"damage":20,"enemies":"Donu and Deca","floor":50,"turns":9}],"seed_played":"4781063372330786102","potions_obtained":[{"floor":1,"key":"Weak Potion"},{"floor":10,"key":"AttackPotion"},{"floor":13,"key":"Energy Potion"},{"floor":14,"key":"Swift Potion"},{"floor":19,"key":"DistilledChaos"},{"floor":24,"key":"FearPotion"},{"floor":30,"key":"Block Potion"},{"floor":33,"key":"Fire Potion"},{"floor":44,"key":"SpeedPotion"},{"floor":45,"key":"GamblersBrew"},{"floor":46,"key":"Explosive Potion"}],"is_trial":true,"path_per_floor":["M","M","?","$","M","R","E","R","T","E","M","E","E","E","R","B",null,"M","M","$","M","?","E","E","E","T","R","?","R","E","M","R","B",null,"M","?","?","M","?","E","E","R","T","E","M","E","M","$","R","B",null],"character_chosen":"DEFECT","items_purchased":["Defragment","Pen Nib","Defragment","Ancient Tea Set","Frozen Eye"],"campfire_rested":3,"item_purchase_floors":[4,48,48,48,48],"current_hp_per_floor":[74,74,74,74,62,62,38,60,60,60,60,41,51,33,58,58,85,83,77,77,69,69,57,49,54,54,79,79,79,73,73,73,68,85,85,95,85,85,85,85,76,76,76,72,72,50,52,67,94,81],"gold":256,"neow_bonus":"","is_daily":false,"chose_seed":false,"campfire_upgraded":2,"win_rate":0.0,"timestamp":1610543346,"path_taken":["M","M","?","?","M","R","E","R","T","E","M","E","E","E","R","BOSS","M","M","$","M","?","E","E","E","T","R","?","R","E","M","R","BOSS","M","?","?","M","?","E","E","R","T","E","M","E","M","$","R","BOSS"],"items_purchased_type":["Card","Relic","Card","Relic","Relic"],"build_version":"2020-12-22","purchased_purges":0,"victory":true,"max_hp_per_floor":[75,75,75,75,75,75,75,75,75,75,75,75,85,85,85,85,85,85,85,85,85,85,85,85,85,85,85,85,85,85,85,85,85,85,85,95,95,95,95,95,95,95,95,97,97,99,101,101,101,101],"card_choices":[{"not_picked":["Blizzard","Go for the Eyes"],"picked":"Double Energy","floor":1},{"not_picked":["Cold Snap","Melter"],"picked":"Glacier","floor":2},{"not_picked":["Ball Lightning","Scrape"],"picked":"Lockon","floor":5},{"not_picked":["Compile Driver","Jack Of All Trades"],"picked":"Tempest","floor":7},{"not_picked":["Gash","Sweeping Beam"],"picked":"Core Surge","floor":10},{"not_picked":["Leap","Compile Driver"],"picked":"Conserve Battery","floor":11},{"not_picked":["Redo","Gash"],"picked":"Leap","floor":12},{"not_picked":["Steam Power","Streamline"],"picked":"Metamorphosis","floor":13},{"not_picked":["Beam Cell","Steam"],"picked":"Conserve Battery","floor":14},{"not_picked":["Echo Form","Thunder Strike"],"picked":"Mayhem","floor":16},{"not_picked":["Leap","Compile Driver"],"picked":"Loop","floor":18},{"not_picked":["Go for the Eyes","Gash"],"picked":"Coolheaded+1","floor":19},{"not_picked":["Barrage","Blind"],"picked":"Darkness+1","floor":21},{"not_picked":["Blind","Trip"],"picked":"Lockon+1","floor":23},{"not_picked":["Ball Lightning+1","Heatsinks"],"picked":"Madness","floor":24},{"not_picked":["Steam Power","Steam"],"picked":"Leap+1","floor":25},{"not_picked":["Stack","Gash"],"picked":"Ball Lightning+1","floor":28},{"not_picked":["Melter","Coolheaded"],"picked":"Reboot","floor":30},{"not_picked":["Dramatic Entrance","Rebound"],"picked":"Heatsinks","floor":31},{"not_picked":["Violence","Rainbow"],"picked":"Amplify","floor":33},{"not_picked":[],"picked":"Steam+1","floor":35},{"not_picked":[],"picked":"Mind Blast","floor":37},{"not_picked":[],"picked":"Good Instincts","floor":37},{"not_picked":[],"picked":"Blind","floor":37},{"not_picked":[],"picked":"Barrage","floor":38},{"not_picked":[],"picked":"Leap+1","floor":40},{"not_picked":[],"picked":"Recycle+1","floor":41},{"not_picked":["Barrage"],"picked":"Singing Bowl","floor":44},{"not_picked":[],"picked":"Coolheaded+1","floor":45},{"not_picked":["Streamline"],"picked":"Singing Bowl","floor":46},{"not_picked":["Coolheaded+1"],"picked":"Singing Bowl","floor":47}],"player_experience":72216,"relics_obtained":[{"floor":7,"key":"Bag of Marbles"},{"floor":9,"key":"Centennial Puzzle"},{"floor":10,"key":"Juzu Bracelet"},{"floor":12,"key":"Incense Burner"},{"floor":13,"key":"Pear"},{"floor":14,"key":"Girya"},{"floor":23,"key":"Toy Ornithopter"},{"floor":23,"key":"StoneCalendar"},{"floor":24,"key":"War Paint"},{"floor":24,"key":"Orichalcum"},{"floor":25,"key":"Meat on the Bone"},{"floor":25,"key":"Bronze Scales"},{"floor":26,"key":"HornCleat"},{"floor":28,"key":"Red Mask"},{"floor":30,"key":"Blue Candle"},{"floor":30,"key":"Smiling Mask"},{"floor":40,"key":"Ginger"},{"floor":40,"key":"Letter Opener"},{"floor":41,"key":"Singing Bowl"},{"floor":41,"key":"Shuriken"},{"floor":43,"key":"Anchor"},{"floor":44,"key":"Eternal Feather"},{"floor":44,"key":"Regal Pillow"},{"floor":46,"key":"Nunchaku"},{"floor":46,"key":"MealTicket"}],"event_choices":[{"damage_healed":0,"gold_gain":0,"cards_transformed":["Beam Cell"],"player_choice":"Transformed","damage_taken":0,"max_hp_gain":0,"max_hp_loss":0,"event_name":"Transmorgrifier","floor":3,"gold_loss":0,"cards_obtained":["Aggregate"]},{"damage_healed":0,"gold_gain":0,"player_choice":"Obtained Relic","damage_taken":0,"relics_obtained":["Art of War"],"max_hp_gain":0,"max_hp_loss":0,"event_name":"Addict","floor":22,"gold_loss":85},{"damage_healed":0,"gold_gain":0,"player_choice":"Fought Bandits","damage_taken":0,"max_hp_gain":0,"max_hp_loss":0,"event_name":"Masked Bandits","floor":28,"gold_loss":0},{"cards_removed":["Reboot"],"damage_healed":0,"gold_gain":0,"player_choice":"Offered Rare","damage_taken":0,"max_hp_gain":10,"max_hp_loss":0,"event_name":"Bonfire Elementals","floor":36,"gold_loss":0},{"damage_healed":0,"gold_gain":0,"player_choice":"Memory 3","damage_taken":10,"max_hp_gain":0,"max_hp_loss":0,"event_name":"SensoryStone","floor":37,"gold_loss":0},{"damage_healed":0,"gold_gain":0,"player_choice":"2 cards matched","damage_taken":0,"max_hp_gain":0,"max_hp_loss":0,"event_name":"Match and Keep!","floor":39,"gold_loss":0,"cards_obtained":["Echo Form","Flash of Steel"]}],"is_beta":false,"boss_relics":[{"not_picked":["SlaversCollar","Sozu"],"picked":"Black Star"},{"not_picked":["Runic Pyramid","Snecko Eye"],"picked":"Busted Crown"}],"items_purged_floors":[],"is_endless":false,"potions_floor_spawned":[1,10,13,14,19,24,30,31,33,38,44,45,46],"ascension_level":0}}