{"host":"qgrlfjrqk9z96gfi","time":1610505878,"event":{"mods":["BaseMod","Block Reminder","Colored Map","DeckTracker","Minty Spire (QoL Compilation)"],"gold_per_floor":[111,129,129,141,157,157,185,185,185,219,219,231,25,60,60,137,137,157,157,14,14,29,55,55,88,88,22,22,35,51,64,64,140,140,153,153,165,165,30,56,56,66,137,5,24,49,59,77,77,77,77],"floor_reached":52,"language":"ENG","playtime":2715,"items_purged":["Strike_G","Strike_G"],"score":2194,"play_id":"8e132f50-5051-4a8b-a69a-647d1b4ea6b1","local_time":"20210112164438","is_ascension_mode":true,"campfire_choices":[{"data":"Predator","floor":6.0,"key":"SMITH"},{"data":"Wraith Form v2","floor":8.0,"key":"SMITH"},{"data":"Footwork","floor":15.0,"key":"SMITH"},{"data":"Apotheosis","floor":24.0,"key":"SMITH"},{"data":"Wraith Form v2","floor":28.0,"key":"SMITH"},{"data":"Noxious Fumes","floor":32.0,"key":"SMITH"},{"data":"Adrenaline","floor":41,"key":"SMITH"},{"data":"Well Laid Plans","floor":49,"key":"SMITH"}],"circlet_count":0,"master_deck":["AscendersBane","Strike_G","Strike_G","Defend_G+1","Defend_G","Defend_G","Defend_G","Defend_G","Survivor+1","Neutralize+1","Predator+1","PiercingWail","Terror","Wraith Form v2+1","Eviscerate+1","Footwork+1","Tools of the Trade","Unload+1","Footwork","Deadly Poison","Apotheosis+1","Noxious Fumes+1","Prepared","Backstab+1","Wraith Form v2+1","Underhanded Strike+1","Crippling Poison","Skewer+1","Corpse Explosion","Decay","Underhanded Strike+1","Adrenaline+1","Neutralize+1","Well Laid Plans+1","Heel Hook+1","Phantasmal Killer+1","The Bomb+1","Backflip+1","Catalyst+1"],"relics":["Coffee Dripper","FossilizedHelix","Thread and Needle","Molten Egg 2","Membership Card","War Paint","SlaversCollar","Lantern","Orichalcum","MealTicket","Busted Crown","Ancient Tea Set","Toxic Egg 2","Torii"],"acts_visited":["Exordium","TheCity","TheBeyond"],"potions_floor_usage":[50],"damage_taken":[{"damage":1.0,"enemies":"2 Louse","floor":1.0,"turns":3.0},{"damage":2.0,"enemies":"Cultist","floor":2.0,"turns":6.0},{"damage":4.0,"enemies":"Small Slimes","floor":4.0,"turns":3.0},{"damage":3.0,"enemies":"Exordium Thugs","floor":5.0,"turns":6.0},{"damage":21.0,"enemies":"Gremlin Nob","floor":7.0,"turns":4.0},{"damage":27.0,"enemies":"3 Sentries","floor":10.0,"turns":13.0},{"damage":0.0,"enemies":"Looter","floor":12.0,"turns":2.0},{"damage":0.0,"enemies":"Lagavulin","floor":14.0,"turns":6.0},{"damage":0.0,"enemies":"Slime Boss","floor":16.0,"turns":13.0},{"damage":6.0,"enemies":"3 Byrds","floor":18.0,"turns":8.0},{"damage":1.0,"enemies":"Shell Parasite","floor":22.0,"turns":5.0},{"damage":0.0,"enemies":"Gremlin Leader","floor":23.0,"turns":5.0},{"damage":10.0,"enemies":"Book of Stabbing","floor":25.0,"turns":5.0},{"damage":0.0,"enemies":"Sentry and Sphere","floor":29.0,"turns":6.0},{"damage":0.0,"enemies":"Cultist and Chosen","floor":30.0,"turns":6.0},{"damage":0.0,"enemies":"Centurion and Healer","floor":31.0,"turns":5.0},{"damage":34.0,"enemies":"Champ","floor":33.0,"turns":14.0},{"damage":0.0,"enemies":"3 Darklings","floor":35.0,"turns":1.0},{"damage":0.0,"enemies":"Orb Walker","floor":37.0,"turns":3.0},{"damage":1.0,"enemies":"Giant Head","floor":40.0,"turns":8.0},{"damage":17,"enemies":"Jaw Worm Horde","floor":42,"turns":3},{"damage":0,"enemies":"4 Shapes","floor":45,"turns":6},{"damage":0,"enemies":"Reptomancer","floor":46,"turns":3},{"damage":0,"enemies":"Transient","floor":47,"turns":6},{"damage":20,"enemies":"3 Darklings","floor":48,"turns":5},{"damage":30,"enemies":"Awakened One","floor":50,"turns":10},{"damage":33,"enemies":"Donu and Deca","floor":51,"turns":9}],"seed_played":"5752797626927336352","potions_obtained":[{"floor":1.0,"key":"SkillPotion"},{"floor":10.0,"key":"Weak Potion"},{"floor":12.0,"key":"FairyPotion"},{"floor":18.0,"key":"Poison Potion"},{"floor":23.0,"key":"Energy Potion"}],"is_trial":false,"path_per_floor":["M","M","?","M","M","R","E","R","T","E","?","M","$","E","R","B",null,"M","?","$","?","M","E","R","E","T","$","R","M","M","M","R","B",null,"M","?","M","?","$","E","R","M","T","$","M","E","M","M","R","B","B",null],"character_chosen":"THE_SILENT","items_purchased":["Membership Card","Footwork","Apotheosis","Noxious Fumes","Underhanded Strike+1","Well Laid Plans","Heel Hook+1","Phantasmal Killer+1","The Bomb+1"],"campfire_rested":0,"item_purchase_floors":[13,13,20,20,27,39,39,44,44],"current_hp_per_floor":[58,56,56,52,49,49,28,28,28,1,1,1,1,1,1,1,50,44,44,44,44,43,43,43,33,33,48,48,48,48,48,48,14,53,53,53,53,53,66,65,65,48,48,63,63,63,63,43,43,13,4],"gold":77,"neow_bonus":"BOSS_RELIC","is_daily":false,"chose_seed":false,"campfire_upgraded":8,"win_rate":0.0,"timestamp":1610505878,"path_taken":["M","M","?","M","M","R","E","R","T","E","?","?","$","E","R","BOSS","M","?","?","?","M","E","R","E","T","$","R","M","M","M","R","BOSS","M","?","?","?","$","E","R","M","T","$","M","E","M","M","R","BOSS","BOSS"],"items_purchased_type":["Relic","Card","Card","Card","Card","Card","Card","Card","Card"],"build_version":"2020-12-22","purchased_purges":2,"victory":true,"max_hp_per_floor":[66,66,66,66,66,66,66,66,66,66,66,66,66,66,66,66,66,66,66,66,66,66,66,66,66,66,66,66,66,66,66,66,66,66,66,66,66,66,66,66,66,66,66,66,66,66,66,66,66,66,66],"card_choices":[{"not_picked":["Distraction","Caltrops","Dodge and Roll"],"picked":"SKIP","floor":1.0},{"not_picked":["Dagger Throw","Outmaneuver"],"picked":"Predator","floor":2.0},{"not_picked":["Concentrate","Acrobatics"],"picked":"PiercingWail","floor":4.0},{"not_picked":["Backflip","Sucker Punch"],"picked":"Terror","floor":5.0},{"not_picked":["Dagger Throw","Riddle With Holes"],"picked":"Wraith Form v2","floor":7.0},{"not_picked":["Escape Plan","PiercingWail","Deflect"],"picked":"SKIP","floor":10.0},{"not_picked":["Bane+1","Blur"],"picked":"Eviscerate+1","floor":12.0},{"not_picked":["Finisher+1","Catalyst"],"picked":"Tools of the Trade","floor":14.0},{"not_picked":["Venomology","Doppelganger"],"picked":"Unload+1","floor":16.0},{"not_picked":["Deadly Poison","Setup"],"picked":"Footwork","floor":18.0},{"not_picked":["PiercingWail","Expertise"],"picked":"Prepared","floor":22.0},{"not_picked":["PiercingWail","Bane+1"],"picked":"Backstab+1","floor":23.0},{"not_picked":["Endless Agony+1","Bane+1"],"picked":"Wraith Form v2","floor":25.0},{"not_picked":["Dagger Throw+1","PiercingWail+1"],"picked":"Crippling Poison","floor":29.0},{"not_picked":["Dodge and Roll","Cloak And Dagger","Poisoned Stab+1"],"picked":"SKIP","floor":30.0},{"not_picked":["Bane+1","Cloak And Dagger"],"picked":"Skewer+1","floor":31.0},{"not_picked":["Die Die Die+1","Venomology"],"picked":"Corpse Explosion","floor":33.0},{"not_picked":["Terror"],"picked":"SKIP","floor":35.0},{"not_picked":[],"picked":"Underhanded Strike+1","floor":37.0},{"not_picked":["Flying Knee+1"],"picked":"SKIP","floor":40.0},{"not_picked":["Sucker Punch+1"],"picked":"SKIP","floor":42},{"not_picked":[],"picked":"Backflip+1","floor":45},{"not_picked":["Slice+1"],"picked":"SKIP","floor":46},{"not_picked":["PiercingWail+1"],"picked":"SKIP","floor":47},{"not_picked":[],"picked":"Catalyst+1","floor":48}],"player_experience":1002788,"relics_obtained":[{"floor":7.0,"key":"FossilizedHelix"},{"floor":9.0,"key":"Thread and Needle"},{"floor":10.0,"key":"Molten Egg 2"},{"floor":14.0,"key":"War Paint"},{"floor":23.0,"key":"Lantern"},{"floor":25.0,"key":"Orichalcum"},{"floor":26.0,"key":"MealTicket"},{"floor":40.0,"key":"Ancient Tea Set"},{"floor":43,"key":"Toxic Egg 2"},{"floor":46,"key":"Torii"}],"event_choices":[{"damage_healed":0.0,"max_hp_gain":0.0,"max_hp_loss":0.0,"gold_gain":0.0,"event_name":"Scrap Ooze","player_choice":"Fled","floor":3.0,"gold_loss":0.0,"damage_taken":0.0},{"damage_healed":0.0,"max_hp_gain":0.0,"max_hp_loss":0.0,"gold_gain":0.0,"event_name":"Accursed Blacksmith","player_choice":"Forge","floor":11.0,"gold_loss":0.0,"damage_taken":0.0,"cards_upgraded":["Neutralize"]},{"damage_healed":0.0,"max_hp_gain":0.0,"max_hp_loss":0.0,"gold_gain":0.0,"cards_transformed":["Strike_G"],"event_name":"Transmorgrifier","player_choice":"Transformed","floor":19.0,"gold_loss":0.0,"damage_taken":0.0,"cards_obtained":["Deadly Poison"]},{"damage_healed":0.0,"max_hp_gain":0.0,"max_hp_loss":0.0,"gold_gain":0.0,"event_name":"The Mausoleum","player_choice":"Ignored","floor":21.0,"gold_loss":0.0,"damage_taken":0.0},{"damage_healed":0.0,"max_hp_gain":0.0,"max_hp_loss":0.0,"gold_gain":0.0,"event_name":"Wheel of Change","player_choice":"Cursed","floor":36.0,"gold_loss":0.0,"damage_taken":0.0,"cards_obtained":["Decay"]},{"damage_healed":0.0,"max_hp_gain":0.0,"max_hp_loss":0.0,"gold_gain":0.0,"event_name":"Match and Keep!","player_choice":"2 cards matched","floor":38.0,"gold_loss":0.0,"damage_taken":0.0,"cards_obtained":["Adrenaline","Neutralize"]}],"is_beta":false,"boss_relics":[{"not_picked":["Velvet Choker","Fusion Hammer"],"picked":"SlaversCollar"},{"not_picked":["Pandora\u0027s Box","Runic Dome"],"picked":"Busted Crown"}],"items_purged_floors":[27,39],"is_endless":false,"potions_floor_spawned":[1,10,12,18,23,31,35,40,42,48],"ascension_level":20}}