{"host":"f5gffvlv6a66yqkd","time":1610514384,"event":{"mods":["100% Spire Juice","2.2 Compatiblity","Alarm Clock","BaseMod","Colored Map","Custom Start","DeckTracker","Keyboard Shortcuts","Minty Spire (QoL Compilation)","Permanent Neow","Quick Restart","Relic Stats","StSLib","SuperFastMode"],"gold_per_floor":[116,127,139,150,200,200,233,233,284,298,313,238,253,233,233,306,306,324,324,337,337,101,101,20,20,20,20,30,30,130,143,143,221,221,235,235,260,0,0,0,35,35,35,64,64,64,115,34,34,34,34],"floor_reached":52,"language":"KOR","playtime":1882,"items_purged":["Cleave","Dropkick"],"score":1933,"play_id":"25212445-4e04-40c8-89b5-f10312cd7ae2","local_time":"20210113140624","is_ascension_mode":true,"campfire_choices":[{"data":"Bash","floor":6.0,"key":"SMITH"},{"floor":8.0,"key":"REST"},{"data":"Juggernaut","floor":15.0,"key":"SMITH"},{"data":"Dark Embrace","floor":23.0,"key":"SMITH"},{"data":"Feel No Pain","floor":25.0,"key":"SMITH"},{"data":"Rampage","floor":27.0,"key":"SMITH"},{"floor":32.0,"key":"REST"},{"data":"Corruption","floor":40.0,"key":"SMITH"},{"data":"Barricade","floor":42.0,"key":"SMITH"},{"data":"Metallicize","floor":45.0,"key":"SMITH"},{"data":"True Grit","floor":49,"key":"SMITH"}],"circlet_count":0,"master_deck":["AscendersBane","Bash+1","Juggernaut+1","True Grit+1","Pommel Strike","Iron Wave","Shrug It Off","Flex","Shrug It Off","Impervious","Dark Embrace+1","Corruption+1","Second Wind","Rampage+1","Second Wind","Metallicize+1","Shrug It Off","Feel No Pain+1","Sentinel","Ghostly Armor","Barricade+1","Headbutt+1","Ghostly Armor","Flame Barrier","Shrug It Off+1","Madness","Madness","Dual Wield"],"relics":["Burning Blood","Eternal Feather","Juzu Bracelet","Pandora\u0027s Box","Oddly Smooth Stone","WingedGreaves","Bird Faced Urn","Gremlin Horn","Cursed Key","Incense Burner","Bag of Preparation","Nunchaku","MealTicket","StrikeDummy","Charon\u0027s Ashes"],"acts_visited":["Exordium","TheCity","TheBeyond"],"potions_floor_usage":[50],"damage_taken":[{"damage":7.0,"enemies":"Small Slimes","floor":1.0,"turns":4.0},{"damage":6.0,"enemies":"Cultist","floor":2.0,"turns":4.0},{"damage":14.0,"enemies":"Jaw Worm","floor":3.0,"turns":4.0},{"damage":26.0,"enemies":"Lots of Slimes","floor":4.0,"turns":5.0},{"damage":31.0,"enemies":"Lagavulin","floor":7.0,"turns":8.0},{"damage":5.0,"enemies":"Blue Slaver","floor":10.0,"turns":4.0},{"damage":8.0,"enemies":"Exordium Thugs","floor":11.0,"turns":4.0},{"damage":21.0,"enemies":"Exordium Wildlife","floor":13.0,"turns":4.0},{"damage":36.0,"enemies":"The Guardian","floor":16.0,"turns":15.0},{"damage":25.0,"enemies":"3 Byrds","floor":18.0,"turns":6.0},{"damage":23.0,"enemies":"Chosen","floor":20.0,"turns":5.0},{"damage":14.0,"enemies":"Snake Plant","floor":28.0,"turns":7.0},{"damage":23.0,"enemies":"Colosseum Slavers","floor":30.0,"turns":7.0},{"damage":22.0,"enemies":"Colosseum Nobs","floor":30.0,"turns":5.0},{"damage":3.0,"enemies":"Sentry and Sphere","floor":31.0,"turns":6.0},{"damage":69.0,"enemies":"Collector","floor":33.0,"turns":10.0},{"damage":5.0,"enemies":"3 Shapes","floor":35.0,"turns":6.0},{"damage":30.0,"enemies":"Mind Bloom Boss Battle","floor":37.0,"turns":6.0},{"damage":1.0,"enemies":"Giant Head","floor":41.0,"turns":8.0},{"damage":0.0,"enemies":"Nemesis","floor":44.0,"turns":5.0},{"damage":0,"enemies":"2 Orb Walkers","floor":47,"turns":3},{"damage":0,"enemies":"Donu and Deca","floor":50,"turns":8},{"damage":47,"enemies":"Time Eater","floor":51,"turns":14}],"seed_played":"-2492543697618122166","potions_obtained":[{"floor":4.0,"key":"LiquidMemories"},{"floor":7.0,"key":"Strength Potion"},{"floor":10.0,"key":"DuplicationPotion"},{"floor":14.0,"key":"FairyPotion"},{"floor":35.0,"key":"Fire Potion"},{"floor":44.0,"key":"GamblersBrew"}],"is_trial":false,"path_per_floor":["M","M","M","M","?","R","E","R","T","M","M","?","M","?","R","B",null,"M","?","M","?","$","R","$","R","T","R","M","?","?","M","R","B",null,"M","?","?","$","?","R","E","R","T","E","R","?","?","$","R","B","B",null],"character_chosen":"IRONCLAD","items_purchased":["Oddly Smooth Stone","Sentinel","Bag of Preparation","Dual Wield"],"campfire_rested":2,"item_purchase_floors":[22,24,38,48],"current_hp_per_floor":[67,67,59,39,39,39,14,45,45,46,44,44,29,29,38,8,58,39,39,22,22,22,31,31,43,43,55,47,47,14,25,59,28,63,75,75,57,57,57,69,75,75,75,75,75,61,75,75,75,75,46],"gold":34,"neow_bonus":"TRANSFORM_CARD","is_daily":false,"chose_seed":false,"campfire_upgraded":9,"win_rate":0.0,"timestamp":1610514384,"path_taken":["M","M","M","M","?","R","E","R","T","M","M","?","M","?","R","BOSS","M","?","M","?","$","R","?","R","T","R","M","?","?","M","R","BOSS","M","?","?","$","?","R","E","R","T","E","R","?","?","$","R","BOSS","BOSS"],"items_purchased_type":["Relic","Card","Relic","Card"],"build_version":"2020-12-22","purchased_purges":2,"victory":true,"max_hp_per_floor":[75,75,75,75,75,75,75,75,75,75,75,75,75,75,75,75,75,75,75,75,75,75,75,75,75,75,75,75,75,75,75,75,75,75,75,75,75,75,75,75,75,75,75,75,75,75,75,75,75,75,75],"relic_stats":{"Gremlin Horn":[8,9],"counters":[23,148],"Eternal Feather":75,"Charon\u0027s Ashes":[168],"Juzu Bracelet":4,"Bag of Preparation":[10],"Cursed Key":0,"Burning Blood":117,"Nunchaku":[8],"Bird Faced Urn":[65],"Pandora\u0027s Box":["Dark Embrace","Corruption","Second Wind","Rampage","Second Wind","Clothesline","Metallicize"],"MealTicket":0,"obtain_stats":[{"Gremlin Horn":30,"Oddly Smooth Stone":22,"Eternal Feather":7,"Charon\u0027s Ashes":47,"Juzu Bracelet":9,"Incense Burner":37,"Bag of Preparation":38,"Cursed Key":34,"Burning Blood":0,"Nunchaku":39,"Bird Faced Urn":30,"Pandora\u0027s Box":17,"MealTicket":41,"WingedGreaves":26,"StrikeDummy":44},{"Gremlin Horn":14,"Oddly Smooth Stone":11,"Eternal Feather":5,"Charon\u0027s Ashes":21,"Juzu Bracelet":5,"Incense Burner":18,"Bag of Preparation":18,"Cursed Key":16,"Burning Blood":0,"Nunchaku":18,"Bird Faced Urn":14,"Pandora\u0027s Box":9,"MealTicket":19,"WingedGreaves":11,"StrikeDummy":20},{"Gremlin Horn":82,"Oddly Smooth Stone":63,"Eternal Feather":25,"Charon\u0027s Ashes":126,"Juzu Bracelet":25,"Incense Burner":110,"Bag of Preparation":110,"Cursed Key":98,"Burning Blood":0,"Nunchaku":110,"Bird Faced Urn":82,"Pandora\u0027s Box":52,"MealTicket":118,"WingedGreaves":63,"StrikeDummy":123}]},"card_choices":[{"not_picked":["Heavy Blade","Sword Boomerang"],"picked":"True Grit","floor":1.0},{"not_picked":["Sever Soul","Heavy Blade"],"picked":"Pommel Strike","floor":2.0},{"not_picked":["Headbutt","Pummel"],"picked":"Iron Wave","floor":3.0},{"not_picked":["Warcry","Wild Strike"],"picked":"Cleave","floor":4.0},{"not_picked":["Fire Breathing","Bludgeon"],"picked":"Shrug It Off","floor":7.0},{"not_picked":["Pommel Strike","Thunderclap","Cleave"],"picked":"SKIP","floor":10.0},{"not_picked":["Clash","Feel No Pain"],"picked":"Flex","floor":11.0},{"not_picked":["Pommel Strike","Power Through"],"picked":"Shrug It Off","floor":13.0},{"not_picked":["Corruption","Fiend Fire"],"picked":"Impervious","floor":16.0},{"not_picked":["Power Through","Sword Boomerang"],"picked":"Shrug It Off","floor":18.0},{"not_picked":["Armaments","Clothesline"],"picked":"Uppercut","floor":20.0},{"not_picked":["Perfected Strike+1","Wild Strike"],"picked":"Dropkick","floor":28.0},{"not_picked":["Thunderclap","Intimidate"],"picked":"Ghostly Armor","floor":30.0},{"not_picked":["Cleave","Heavy Blade","Bloodletting"],"picked":"SKIP","floor":31.0},{"not_picked":["Offering","Juggernaut"],"picked":"Barricade","floor":33.0},{"not_picked":["Headbutt+1","Sword Boomerang","Fire Breathing"],"picked":"SKIP","floor":35.0},{"not_picked":["Sword Boomerang","Fire Breathing"],"picked":"Headbutt+1","floor":35.0},{"not_picked":["Pommel Strike","Heavy Blade+1"],"picked":"Ghostly Armor","floor":37.0},{"not_picked":["Shrug It Off","Clash+1"],"picked":"Flame Barrier","floor":41.0},{"not_picked":["Limit Break","Searing Blow"],"picked":"Shrug It Off+1","floor":44.0}],"player_experience":1551018,"relics_obtained":[{"floor":7.0,"key":"Eternal Feather"},{"floor":9.0,"key":"Juzu Bracelet"},{"floor":26.0,"key":"WingedGreaves"},{"floor":30.0,"key":"Bird Faced Urn"},{"floor":30.0,"key":"Gremlin Horn"},{"floor":37.0,"key":"Incense Burner"},{"floor":41.0,"key":"MealTicket"},{"floor":44.0,"key":"StrikeDummy"},{"floor":47,"key":"Charon\u0027s Ashes"}],"event_choices":[{"damage_healed":0.0,"max_hp_gain":0.0,"max_hp_loss":0.0,"gold_gain":50.0,"event_name":"Golden Shrine","player_choice":"Pray","floor":5.0,"gold_loss":0.0,"damage_taken":0.0},{"cards_removed":["Strike_R"],"damage_healed":0.0,"max_hp_gain":0.0,"max_hp_loss":0.0,"gold_gain":0.0,"event_name":"The Cleric","player_choice":"Card Removal","floor":12.0,"gold_loss":75.0,"damage_taken":0.0},{"damage_healed":0.0,"max_hp_gain":0.0,"max_hp_loss":0.0,"gold_gain":0.0,"event_name":"The Woman in Blue","player_choice":"Bought 1 Potion","floor":14.0,"gold_loss":0.0,"damage_taken":0.0},{"cards_removed":["Clothesline"],"damage_healed":0.0,"max_hp_gain":0.0,"max_hp_loss":0.0,"gold_gain":0.0,"event_name":"Back to Basics","player_choice":"Elegance","floor":19.0,"gold_loss":0.0,"damage_taken":0.0},{"damage_healed":0.0,"max_hp_gain":0.0,"max_hp_loss":0.0,"gold_gain":0.0,"event_name":"The Library","player_choice":"Read","floor":21.0,"gold_loss":0.0,"damage_taken":0.0,"cards_obtained":["Feel No Pain"]},{"damage_healed":0.0,"max_hp_gain":0.0,"max_hp_loss":0.0,"gold_gain":0.0,"event_name":"Vampires","player_choice":"Ignored","floor":29.0,"gold_loss":0.0,"damage_taken":0.0},{"damage_healed":0.0,"max_hp_gain":0.0,"max_hp_loss":0.0,"gold_gain":0.0,"event_name":"Colosseum","player_choice":"Fight","floor":30.0,"gold_loss":0.0,"damage_taken":0.0},{"damage_healed":0.0,"max_hp_gain":0.0,"max_hp_loss":0.0,"gold_gain":0.0,"event_name":"Colosseum","player_choice":"Fought Nobs","floor":30.0,"gold_loss":0.0,"damage_taken":0.0},{"cards_removed":["Uppercut"],"damage_healed":0.0,"max_hp_gain":0.0,"max_hp_loss":0.0,"gold_gain":0.0,"event_name":"Falling","player_choice":"Removed Attack","floor":36.0,"gold_loss":0.0,"damage_taken":0.0},{"damage_healed":0.0,"max_hp_gain":0.0,"max_hp_loss":0.0,"gold_gain":0.0,"event_name":"MindBloom","player_choice":"Fight","floor":37.0,"gold_loss":0.0,"damage_taken":0.0},{"damage_healed":0.0,"max_hp_gain":0.0,"max_hp_loss":0.0,"gold_gain":0.0,"event_name":"WeMeetAgain","player_choice":"Gave Potion","floor":39.0,"gold_loss":0.0,"damage_taken":0.0,"relics_obtained":["Nunchaku"]},{"damage_healed":0.0,"max_hp_gain":0.0,"max_hp_loss":0.0,"gold_gain":0.0,"event_name":"Winding Halls","player_choice":"Embrace Madness","floor":46.0,"gold_loss":0.0,"damage_taken":14.0,"cards_obtained":["Madness","Madness"]},{"damage_healed":0,"gold_gain":0,"player_choice":"Fight","damage_taken":0,"max_hp_gain":0,"max_hp_loss":0,"event_name":"Mysterious Sphere","floor":47,"gold_loss":0}],"is_beta":false,"boss_relics":[{"not_picked":["Tiny House","Runic Cube"],"picked":"Pandora\u0027s Box"},{"not_picked":["Astrolabe","Velvet Choker"],"picked":"Cursed Key"}],"items_purged_floors":[22,38],"is_endless":false,"potions_floor_spawned":[4,7,10,16,28,30,31,35,44],"ascension_level":20}}