{"host":"cxgy235l59opqhsg","time":1610522614,"event":{"mods":["BaseMod","Colored Map","Minty Spire (QoL Compilation)","StSLib"],"gold_per_floor":[119,119,37,47,47,81,98,133,133,58,58,85,97,121,133,242,254,284,49,49,49,67,98,98,125,176,176,176,189,224,237,237,237,237],"floor_reached":33,"playtime":1977,"items_purged":["Strike_G"],"score":390,"play_id":"0c3203c2-3e23-4467-95c7-52212147e531","local_time":"20210113042334","is_ascension_mode":true,"campfire_choices":[{"data":"Footwork","floor":11,"key":"SMITH"},{"data":"Glass Knife","floor":13,"key":"SMITH"},{"data":"Leg Sweep","floor":15,"key":"SMITH"},{"floor":27,"key":"REST"},{"data":"Catalyst","floor":32,"key":"SMITH"}],"circlet_count":0,"master_deck":["Strike_G+1","Strike_G+1","Strike_G+1","Strike_G+1","Defend_G+1","Defend_G+1","Defend_G+1","Defend_G+1","Survivor","Neutralize","Dagger Throw","Poisoned Stab+1","Dash","Footwork+1","Masterful Stab","Leg Sweep+1","Glass Knife+1","PiercingWail","Phantasmal Killer","Backflip","Noxious Fumes","Dodge and Roll","Dodge and Roll+1","Catalyst+1"],"relics":["Ring of the Snake","NeowsBlessing","Omamori","Ornamental Fan","Tiny Chest","MawBank","Philosopher\u0027s Stone","Bottled Flame","Mummified Hand","Blood Vial","Anchor","Shuriken","Question Card"],"acts_visited":["TheCity"],"potions_floor_usage":[16,16,23,30,30,31,33],"damage_taken":[{"damage":0,"enemies":"Small Slimes","floor":1,"turns":1},{"damage":0,"enemies":"Cultist","floor":4,"turns":1},{"damage":0,"enemies":"Lagavulin","floor":6,"turns":1},{"damage":0,"enemies":"2 Louse","floor":7,"turns":1},{"damage":13,"enemies":"Gremlin Nob","floor":8,"turns":4},{"damage":2,"enemies":"3 Sentries","floor":12,"turns":9},{"damage":0,"enemies":"Lots of Slimes","floor":14,"turns":3},{"damage":8,"enemies":"The Guardian","floor":16,"turns":14},{"damage":0,"enemies":"Chosen","floor":18,"turns":4},{"damage":2,"enemies":"3 Byrds","floor":22,"turns":5},{"damage":22,"enemies":"Slavers","floor":23,"turns":5},{"damage":29,"enemies":"Gremlin Leader","floor":25,"turns":10},{"damage":0,"enemies":"Shelled Parasite and Fungi","floor":29,"turns":5},{"damage":0,"enemies":"Book of Stabbing","floor":30,"turns":4},{"damage":0,"enemies":"Snecko","floor":31,"turns":5},{"damage":49,"enemies":"Collector","floor":33,"turns":11}],"seed_played":"6022672539942629212","potions_obtained":[{"floor":4,"key":"Poison Potion"},{"floor":6,"key":"LiquidBronze"},{"floor":7,"key":"PowerPotion"},{"floor":18,"key":"Explosive Potion"},{"floor":23,"key":"BlessingOfTheForge"},{"floor":25,"key":"Poison Potion"},{"floor":30,"key":"Block Potion"}],"is_trial":false,"path_per_floor":["M","?","$","M","?","E","M","E","T","$","R","E","R","M","R","B",null,"M","$","?","?","M","E","?","E","T","R","T","M","E","M","R","B"],"character_chosen":"THE_SILENT","items_purchased":["Dash","Bottled Flame"],"campfire_rested":1,"item_purchase_floors":[3,19],"current_hp_per_floor":[70,70,70,70,70,70,70,57,57,57,57,55,55,55,55,47,70,70,70,70,70,68,46,46,17,17,38,38,40,42,44,44,0,0],"gold":237,"neow_bonus":"THREE_ENEMY_KILL","is_daily":false,"chose_seed":false,"campfire_upgraded":4,"win_rate":0.0,"timestamp":1610522614,"path_taken":["M","?","$","?","?","E","?","E","T","$","R","E","R","M","R","BOSS","M","$","?","?","M","E","?","E","T","R","?","M","E","M","R","BOSS"],"items_purchased_type":["Card","Relic"],"build_version":"2020-12-22","purchased_purges":1,"victory":false,"max_hp_per_floor":[70,70,70,70,70,70,70,70,70,70,70,70,70,70,70,70,70,70,70,70,70,70,70,70,70,70,70,70,70,70,70,70,70,70],"card_choices":[{"not_picked":["Dodge and Roll","Reflex"],"picked":"Dagger Throw","floor":1},{"not_picked":["Choke","Sucker Punch"],"picked":"Footwork","floor":4},{"not_picked":["Flechettes","Storm of Steel"],"picked":"Masterful Stab","floor":6},{"not_picked":["Predator","Dodge and Roll"],"picked":"Leg Sweep","floor":7},{"not_picked":["Bane","Prepared","Dagger Throw"],"picked":"SKIP","floor":8},{"not_picked":["Reflex","Outmaneuver"],"picked":"Glass Knife","floor":12},{"not_picked":["Caltrops","Bane"],"picked":"PiercingWail","floor":14},{"not_picked":["Doppelganger","Envenom"],"picked":"Phantasmal Killer","floor":16},{"not_picked":["Deflect+1","Blade Dance"],"picked":"Backflip","floor":18},{"not_picked":["Outmaneuver","Tactician+1"],"picked":"Dodge and Roll","floor":22},{"not_picked":["Tools of the Trade","Accuracy","Bane"],"picked":"SKIP","floor":23},{"not_picked":["Slice","Underhanded Strike"],"picked":"Dodge and Roll+1","floor":25},{"not_picked":["Poisoned Stab+1","PiercingWail"],"picked":"Catalyst","floor":29},{"not_picked":["Slice+1","Endless Agony","Outmaneuver"],"picked":"SKIP","floor":30},{"not_picked":["Storm of Steel","Dagger Spray","Dash","Quick Slash"],"picked":"SKIP","floor":31}],"player_experience":34812,"relics_obtained":[{"floor":6,"key":"Omamori"},{"floor":8,"key":"Ornamental Fan"},{"floor":9,"key":"Tiny Chest"},{"floor":12,"key":"MawBank"},{"floor":23,"key":"Mummified Hand"},{"floor":25,"key":"Blood Vial"},{"floor":26,"key":"Anchor"},{"floor":28,"key":"Shuriken"},{"floor":30,"key":"Question Card"}],"event_choices":[{"damage_healed":0,"gold_gain":0,"cards_transformed":["Defend_G"],"player_choice":"Transformed","damage_taken":0,"max_hp_gain":0,"max_hp_loss":0,"event_name":"Transmorgrifier","floor":2,"gold_loss":0,"cards_obtained":["Poisoned Stab"]},{"damage_healed":0,"gold_gain":0,"player_choice":"Forge","damage_taken":0,"max_hp_gain":0,"max_hp_loss":0,"event_name":"Accursed Blacksmith","floor":5,"gold_loss":0,"cards_upgraded":["Poisoned Stab"]},{"damage_healed":0,"gold_gain":0,"player_choice":"Read","damage_taken":0,"max_hp_gain":0,"max_hp_loss":0,"event_name":"The Library","floor":20,"gold_loss":0,"cards_obtained":["Noxious Fumes"]},{"damage_healed":0,"gold_gain":0,"player_choice":"Ignored","damage_taken":0,"max_hp_gain":0,"max_hp_loss":0,"event_name":"The Mausoleum","floor":21,"gold_loss":0},{"damage_healed":0,"gold_gain":0,"player_choice":"Simplicity","damage_taken":0,"max_hp_gain":0,"max_hp_loss":0,"event_name":"Back to Basics","floor":24,"gold_loss":0,"cards_upgraded":["Strike_G","Strike_G","Strike_G","Strike_G","Defend_G","Defend_G","Defend_G","Defend_G"]}],"is_beta":false,"boss_relics":[{"not_picked":["Black Star","HoveringKite"],"picked":"Philosopher\u0027s Stone"}],"items_purged_floors":[10],"is_endless":false,"potions_floor_spawned":[4,6,7,12,14,18,23,25,30],"killed_by":"Collector","ascension_level":1}}