{"host":"z7h0k8blg7jrnodm","time":1610569217,"event":{"mods":["BaseMod","Challenge The Spire","Colored Map","Colored Powertips","Custom Start","Downfall","Key Reminder","Minty Spire (QoL Compilation)","Quick Restart","Random Character Button","Relic Stats","StSLib","SuperFastMode","Unceasing Turn Reminder"],"gold_per_floor":[117,137,148,148,148,148,159,172,172,172,198,198,225,54,54,126,126,146,156,156,156,173,173,205,205,205,237,237,256,18,18,18,97,97,115,132,152,201,213,213,251,266,323,323,364,364,83,109,109,109,109],"floor_reached":52,"language":"ENG","playtime":1674,"items_purged":["Strike_R+1"],"score":2251,"play_id":"33f721a9-dc82-498c-b860-29e3daa61355","local_time":"20210113222017","is_ascension_mode":true,"campfire_choices":[{"data":"Bash","floor":6.0,"key":"SMITH"},{"floor":10.0,"key":"REST"},{"data":"Limit Break","floor":12.0,"key":"SMITH"},{"floor":15.0,"key":"REST"},{"floor":23.0,"key":"REST"},{"floor":25.0,"key":"REST"},{"data":"Offering","floor":32.0,"key":"SMITH"},{"data":"Burning Pact","floor":40.0,"key":"SMITH"},{"data":"Disarm","floor":46,"key":"SMITH"},{"data":"Entrench","floor":49,"key":"SMITH"}],"circlet_count":0,"master_deck":["AscendersBane","Strike_R+1","Strike_R+1","Strike_R+1","Defend_R+1","Defend_R+1","Defend_R+1","Defend_R+1","Bash+1","Anger","Power Through","True Grit+1","Limit Break+1","Inflame+1","Dark Embrace+1","Impervious","Warcry+1","Headbutt+1","Necronomicurse","Evolve+1","Clothesline","Shame","Fire Breathing+1","Ghostly","Ghostly","Ghostly","Feel No Pain+1","Offering+1","Corruption+1","Burning Pact+1","Disarm+1","Spot Weakness+1","Barricade+1","Injury","Offering","Entrench+1"],"relics":["Burning Blood","Singing Bowl","Frozen Egg 2","Du-Vu Doll","Anchor","Cursed Key","Necronomicon","War Paint","Self Forming Clay","Lantern","Philosopher\u0027s Stone","CaptainsWheel","CeramicFish","Orichalcum","Smiling Mask","ClockworkSouvenir","Mummified Hand"],"acts_visited":["Exordium","TheCity","TheBeyond"],"potions_floor_usage":[50,51],"damage_taken":[{"damage":7.0,"enemies":"Cultist","floor":1.0,"turns":4.0},{"damage":10.0,"enemies":"2 Louse","floor":2.0,"turns":2.0},{"damage":12.0,"enemies":"Jaw Worm","floor":3.0,"turns":3.0},{"damage":15.0,"enemies":"Exordium Thugs","floor":7.0,"turns":6.0},{"damage":7.0,"enemies":"Gremlin Gang","floor":8.0,"turns":6.0},{"damage":29.0,"enemies":"Gremlin Nob","floor":11.0,"turns":4.0},{"damage":17.0,"enemies":"Lagavulin","floor":13.0,"turns":8.0},{"damage":33.0,"enemies":"The Guardian","floor":16.0,"turns":9.0},{"damage":17.0,"enemies":"Spheric Guardian","floor":18.0,"turns":5.0},{"damage":25.0,"enemies":"3 Byrds","floor":19.0,"turns":7.0},{"damage":0.0,"enemies":"Centurion and Healer","floor":22.0,"turns":4.0},{"damage":23.0,"enemies":"Book of Stabbing","floor":24.0,"turns":5.0},{"damage":29.0,"enemies":"Slavers","floor":27.0,"turns":5.0},{"damage":3.0,"enemies":"Snake Plant","floor":29.0,"turns":4.0},{"damage":6.0,"enemies":"Champ","floor":33.0,"turns":9.0},{"damage":13.0,"enemies":"3 Darklings","floor":35.0,"turns":6.0},{"damage":0.0,"enemies":"3 Shapes","floor":36.0,"turns":4.0},{"damage":1.0,"enemies":"Maw","floor":37.0,"turns":6.0},{"damage":20.0,"enemies":"2 Orb Walkers","floor":38.0,"turns":6.0},{"damage":1.0,"enemies":"Spire Growth","floor":39.0,"turns":5.0},{"damage":1,"enemies":"Reptomancer","floor":41,"turns":4},{"damage":0,"enemies":"Sphere and 2 Shapes","floor":42,"turns":6},{"damage":6,"enemies":"Giant Head","floor":45,"turns":5},{"damage":7,"enemies":"Nemesis","floor":48,"turns":5},{"damage":14,"enemies":"Awakened One","floor":50,"turns":9},{"damage":13,"enemies":"Donu and Deca","floor":51,"turns":8}],"seed_played":"-963634632902386934","potions_obtained":[{"floor":1.0,"key":"SkillPotion"},{"floor":3.0,"key":"Explosive Potion"},{"floor":7.0,"key":"ColorlessPotion"},{"floor":11.0,"key":"Fire Potion"},{"floor":13.0,"key":"sneckomod:MuddlingPotion"},{"floor":27.0,"key":"Regen Potion"},{"floor":41,"key":"LiquidBronze"},{"floor":42,"key":"Dexterity Potion"}],"is_trial":false,"path_per_floor":["M","M","M","?","?","R","M","M","T","R","E","R","E","$","R","B",null,"M","M","?","?","M","R","E","R","T","E","?","M","$","?","R","B",null,"M","M","M","?","M","R","E","M","T","T","E","R","$","E","R","B","B",null],"character_chosen":"IRONCLAD","items_purchased":["Anchor","Feel No Pain+1","Offering","ClockworkSouvenir","Entrench"],"campfire_rested":4,"item_purchase_floors":[14,30,30,47,47],"current_hp_per_floor":[63,59,53,46,46,46,37,36,36,62,39,39,28,28,54,27,74,63,44,23,23,29,55,38,64,64,41,41,46,46,46,46,46,46,39,45,48,43,50,50,50,52,52,52,52,52,52,53,53,45,38],"gold":109,"neow_bonus":"TWENTY_PERCENT_HP_BONUS","is_daily":false,"chose_seed":false,"campfire_upgraded":6,"win_rate":0.0,"timestamp":1610569217,"path_taken":["M","M","?","?","?","R","M","?","T","R","E","R","E","?","R","BOSS","M","?","?","?","M","R","E","R","T","E","?","M","$","?","R","BOSS","M","M","M","?","M","R","E","M","T","?","E","R","$","E","R","BOSS","BOSS"],"items_purchased_type":["Relic","Card","Card","Relic","Card"],"build_version":"2020-12-22","purchased_purges":1,"victory":true,"max_hp_per_floor":[89,89,89,89,89,89,89,89,89,89,89,89,89,89,89,89,89,89,89,89,89,89,89,89,89,89,89,44,46,46,46,46,46,46,46,46,48,48,50,50,50,52,52,52,52,52,52,54,54,54,54],"relic_stats":{"Singing Bowl":10,"counters":[26,145],"Self Forming Clay":[63],"Mummified Hand":[16],"CeramicFish":36,"Necronomicon":[33],"War Paint":["Warcry","True Grit"],"Orichalcum":[0],"Cursed Key":2,"Smiling Mask":25,"obtain_stats":[{"Lantern":27,"Singing Bowl":9,"Self Forming Clay":26,"CeramicFish":41,"Frozen Egg 2":11,"War Paint":24,"Orichalcum":43,"Cursed Key":17,"Smiling Mask":45,"Burning Blood":0,"ClockworkSouvenir":47,"Du-Vu Doll":13,"Anchor":14,"CaptainsWheel":38,"Mummified Hand":48,"Philosopher\u0027s Stone":34,"Necronomicon":20},{"Lantern":13,"Singing Bowl":5,"Self Forming Clay":12,"CeramicFish":21,"Frozen Egg 2":6,"War Paint":12,"Orichalcum":22,"Cursed Key":8,"Smiling Mask":23,"Burning Blood":0,"ClockworkSouvenir":23,"Du-Vu Doll":7,"Anchor":7,"CaptainsWheel":19,"Mummified Hand":24,"Philosopher\u0027s Stone":15,"Necronomicon":10},{"Lantern":68,"Singing Bowl":21,"Self Forming Clay":63,"CeramicFish":112,"Frozen Egg 2":25,"War Paint":63,"Orichalcum":118,"Cursed Key":42,"Smiling Mask":123,"Burning Blood":0,"ClockworkSouvenir":123,"Du-Vu Doll":33,"Anchor":33,"CaptainsWheel":103,"Mummified Hand":128,"Philosopher\u0027s Stone":81,"Necronomicon":54}],"Burning Blood":141},"card_choices":[{"not_picked":["Warcry","Intimidate"],"picked":"Anger","floor":1.0},{"not_picked":["Sever Soul","Wild Strike","Heavy Blade"],"picked":"SKIP","floor":2.0},{"not_picked":["Dual Wield","Hemokinesis"],"picked":"Power Through","floor":3.0},{"not_picked":["Second Wind","Rage"],"picked":"True Grit","floor":7.0},{"not_picked":["Pommel Strike","Bloodletting"],"picked":"Limit Break","floor":8.0},{"not_picked":["Thunderclap","Clash"],"picked":"Inflame+1","floor":11.0},{"not_picked":["Perfected Strike","Heavy Blade"],"picked":"Dark Embrace+1","floor":13.0},{"not_picked":["Bludgeon","Berserk+1"],"picked":"Impervious","floor":16.0},{"not_picked":["Perfected Strike","Havoc"],"picked":"Warcry","floor":18.0},{"not_picked":["Sentinel","Perfected Strike"],"picked":"Headbutt+1","floor":19.0},{"not_picked":["Rampage","Perfected Strike"],"picked":"Evolve+1","floor":22.0},{"not_picked":["Iron Wave","Twin Strike"],"picked":"Clothesline","floor":24.0},{"not_picked":["Iron Wave","Dropkick"],"picked":"Fire Breathing+1","floor":27.0},{"not_picked":["Headbutt","Wild Strike","Body Slam"],"picked":"Singing Bowl","floor":29.0},{"not_picked":["Immolate","Demon Form+1"],"picked":"Corruption+1","floor":33.0},{"not_picked":["Headbutt","Twin Strike+1"],"picked":"Burning Pact","floor":35.0},{"not_picked":["Shockwave","Inflame+1"],"picked":"Disarm","floor":36.0},{"not_picked":["Dropkick","Flex","Headbutt"],"picked":"Singing Bowl","floor":37.0},{"not_picked":["Thunderclap","Clash+1"],"picked":"Spot Weakness+1","floor":38.0},{"not_picked":["Rage","Clothesline+1","Body Slam"],"picked":"Singing Bowl","floor":39.0},{"not_picked":["Wild Strike","Metallicize+1"],"picked":"Barricade+1","floor":41},{"not_picked":["Cleave+1","Headbutt+1","Metallicize+1"],"picked":"Singing Bowl","floor":42},{"not_picked":["Iron Wave+1","Shrug It Off"],"picked":"Offering","floor":45},{"not_picked":["Seeing Red","Clash","Heavy Blade+1"],"picked":"Singing Bowl","floor":48}],"player_experience":300413,"relics_obtained":[{"floor":9.0,"key":"Singing Bowl"},{"floor":11.0,"key":"Frozen Egg 2"},{"floor":13.0,"key":"Du-Vu Doll"},{"floor":20.0,"key":"Necronomicon"},{"floor":24.0,"key":"War Paint"},{"floor":26.0,"key":"Self Forming Clay"},{"floor":27.0,"key":"Lantern"},{"floor":38.0,"key":"CaptainsWheel"},{"floor":41,"key":"CeramicFish"},{"floor":43,"key":"Orichalcum"},{"floor":45,"key":"Smiling Mask"},{"floor":48,"key":"Mummified Hand"}],"event_choices":[{"cards_removed":["Strike_R"],"damage_healed":0.0,"max_hp_gain":0.0,"max_hp_loss":0.0,"gold_gain":0.0,"event_name":"Golden Wing","player_choice":"Card Removal","floor":4.0,"gold_loss":0.0,"damage_taken":7.0},{"damage_healed":0.0,"max_hp_gain":0.0,"max_hp_loss":0.0,"gold_gain":0.0,"event_name":"Liars Game","player_choice":"Ignored","floor":5.0,"gold_loss":0.0,"damage_taken":0.0},{"damage_healed":0.0,"max_hp_gain":0.0,"max_hp_loss":0.0,"gold_gain":0.0,"event_name":"Cursed Tome","player_choice":"Obtained Book","floor":20.0,"gold_loss":0.0,"damage_taken":21.0},{"damage_healed":0.0,"max_hp_gain":0.0,"max_hp_loss":0.0,"gold_gain":0.0,"event_name":"Back to Basics","player_choice":"Simplicity","floor":21.0,"gold_loss":0.0,"damage_taken":0.0,"cards_upgraded":["Strike_R","Strike_R","Strike_R","Strike_R","Defend_R","Defend_R","Defend_R","Defend_R"]},{"damage_healed":0.0,"max_hp_gain":0.0,"max_hp_loss":45.0,"gold_gain":0.0,"event_name":"Ghosts","player_choice":"Became a Ghost","floor":28.0,"gold_loss":0.0,"damage_taken":0.0,"cards_obtained":["Ghostly","Ghostly","Ghostly"]},{"damage_healed":0.0,"max_hp_gain":0.0,"max_hp_loss":0.0,"gold_gain":0.0,"event_name":"Vampires","player_choice":"Ignored","floor":31.0,"gold_loss":0.0,"damage_taken":0.0},{"damage_healed":0.0,"max_hp_gain":0.0,"max_hp_loss":0.0,"gold_gain":0.0,"event_name":"Mysterious Sphere","player_choice":"Fight","floor":38.0,"gold_loss":0.0,"damage_taken":0.0}],"is_beta":false,"boss_relics":[{"not_picked":["Runic Cube","Busted Crown"],"picked":"Cursed Key"},{"not_picked":["Black Star","Runic Dome"],"picked":"Philosopher\u0027s Stone"}],"items_purged_floors":[47],"is_endless":false,"potions_floor_spawned":[1,3,7,11,13,18,27,41,42,45,48],"ascension_level":20}}