{"host":"xzk9bt2l7avnb6n5","time":1610567774,"event":{"mods":["Aspiration","BaseMod","Conspire","Downfall","Highlight Path","Infinite Spire","Minty Spire (QoL Compilation)","Replay The Spire","Shop Mod","StSLib","The Wild Card"],"gold_per_floor":[99,99,99,17,37,37,37,51,51,61,161,5,23,53,70,81,99,200,200,125,144,144,163,175,100,150,150,75,85,85,85,85,85,105,201,201,201,213,213,223,3,16,16,33,48,59,59,76,12,12,12,12],"floor_reached":53,"language":"ENG","playtime":3303,"items_purged":[],"score":715,"play_id":"830e4cda-4122-4b49-a850-390eba5896ce","local_time":"20210113125614","is_ascension_mode":false,"campfire_choices":[{"floor":1.0,"key":"DIG"},{"floor":20.0,"key":"RECALL"},{"data":"hexamod:Float","floor":25.0,"key":"SMITH"},{"data":"infinitespire:Starlight","floor":28.0,"key":"SMITH"},{"floor":30.0,"key":"REST"},{"data":"Replay:SS_forest_6","floor":32.0,"key":"SMITH"},{"data":"hexamod:SoulSteal","floor":37,"key":"SMITH"},{"floor":47,"key":"REST"}],"circlet_count":0,"master_deck":["hexamod:Strike","hexamod:Strike+1","hexamod:Strike","hexamod:Strike","hexamod:Defend","hexamod:Defend","hexamod:Defend","hexamod:Defend+1","hexamod:Sear","hexamod:Float+1","hexamod:PhantomCloak+1","hexamod:FirstSeal","hexamod:Firestarter","hexamod:FourthSeal","hexamod:InspiringFlames","hexamod:BurningTouch+1","hexamod:GhostflameBarrier","hexamod:ExtraCrispy","hexamod:SoulSteal+1","Replay:SS_forest_6+1","hexamod:NightmareStrike+1","hexamod:SwordOfDarkness","hexamod:BacktrackSmack","hexamod:SixthSeal","hexamod:ChargedBarrage","hexamod:SkipABeat","hexamod:TimeOfNeed+1","hexamod:RainOfEmbers","infinitespire:Starlight+1","CurseOfTheBell","hexamod:Hexaguard","hexamod:PhantomFireball","hexamod:ThermalTransfer+1","Shame","Necronomicurse","hexamod:Hexaguard+1","hexamod:EmpoweringStance","hexamod:HeatShield","hexamod:GhostLash+1","hexamod:ShieldOfDarkness","hexamod:SpectersWail+1","hexamod:SpectersWail+1","hexamod:FirstSeal"],"relics":["hexamod:SpiritBrand","downfall:HeartsMalice","aspiration:SeaSaltIceCream","Thread and Needle","Mercury Hourglass","Potion Belt","Replay:WaspNest","SlaversCollar","downfall:HeartBlessingGreen","Calling Bell","infinitespire:Beetle Shell","Onion Ring","infinitespire:Golems Mask","downfall:HeartBlessingRed","MutagenicStrength","downfall:HeartBlessingBlue","Pet Ghost","Necronomicon","Happy Flower","conspire:Dentures"],"acts_visited":["Exordium","TheCity","TheBeyond"],"potions_floor_usage":[40,42,44,46,46,46,51,52],"damage_taken":[{"damage":0.0,"enemies":"2 Louse","floor":2.0,"turns":1.0},{"damage":0.0,"enemies":"Cultist","floor":3.0,"turns":1.0},{"damage":0.0,"enemies":"downfall:FleeingMerchant","floor":4.0,"turns":1.0},{"damage":0.0,"enemies":"Small Slimes","floor":5.0,"turns":5.0},{"damage":0.0,"enemies":"2 Fungi Beasts","floor":8.0,"turns":5.0},{"damage":0.0,"enemies":"Exordium Wildlife","floor":10.0,"turns":3.0},{"damage":20.0,"enemies":"downfall:LadyInBlue","floor":11.0,"turns":12.0},{"damage":0.0,"enemies":"downfall:FleeingMerchant","floor":12.0,"turns":5.0},{"damage":4.0,"enemies":"3 Louse","floor":13.0,"turns":3.0},{"damage":13.0,"enemies":"3 Sentries","floor":14.0,"turns":8.0},{"damage":8.0,"enemies":"Exordium Thugs","floor":15.0,"turns":4.0},{"damage":0.0,"enemies":"Exordium Wildlife","floor":16.0,"turns":4.0},{"damage":16.0,"enemies":"Lots of Slimes","floor":17.0,"turns":2.0},{"damage":42.0,"enemies":"downfall:Silent","floor":18.0,"turns":7.0},{"damage":12.0,"enemies":"Chosen","floor":21.0,"turns":8.0},{"damage":5.0,"enemies":"3 Byrds","floor":23.0,"turns":3.0},{"damage":20.0,"enemies":"3 Cultists","floor":24.0,"turns":7.0},{"damage":23.0,"enemies":"Sentry and Sphere","floor":29.0,"turns":6.0},{"damage":10.0,"enemies":"Snake Plant","floor":34.0,"turns":4.0},{"damage":0.0,"enemies":"downfall:Defect","floor":35.0,"turns":8.0},{"damage":9,"enemies":"3 Darklings","floor":38,"turns":5},{"damage":0,"enemies":"Orb Walker","floor":40,"turns":3},{"damage":0,"enemies":"downfall:FleeingMerchant","floor":41,"turns":4},{"damage":10,"enemies":"4 Shapes","floor":42,"turns":4},{"damage":39,"enemies":"Transient","floor":44,"turns":5},{"damage":40,"enemies":"Writhing Mass","floor":45,"turns":6},{"damage":1,"enemies":"Jaw Worm Horde","floor":46,"turns":3},{"damage":5,"enemies":"Spire Growth","floor":48,"turns":5},{"damage":0,"enemies":"downfall:FleeingMerchant","floor":49,"turns":4},{"damage":0,"enemies":"4 Shapes","floor":51,"turns":1},{"damage":33,"enemies":"downfall:Watcher","floor":52,"turns":8}],"seed_played":"245888910028396323","potions_obtained":[{"floor":5.0,"key":"SteroidPotion"},{"floor":5.0,"key":"Swift Potion"},{"floor":8.0,"key":"FearPotion"},{"floor":8.0,"key":"Dexterity Potion"},{"floor":10.0,"key":"ColorlessPotion"},{"floor":11.0,"key":"FairyPotion"},{"floor":11.0,"key":"conspire:TimeTravelPotion"},{"floor":11.0,"key":"Swift Potion"},{"floor":11.0,"key":"Flashbang"},{"floor":12.0,"key":"Toxic Potion"},{"floor":13.0,"key":"SpeedPotion"},{"floor":17.0,"key":"Toxic Potion"},{"floor":18.0,"key":"Explosive Potion"},{"floor":21.0,"key":"Elixir"},{"floor":23.0,"key":"Elixir"},{"floor":23.0,"key":"hexamod:EctoCoolerPotion"},{"floor":29.0,"key":"SteroidPotion"},{"floor":29.0,"key":"GamblersBrew"},{"floor":34.0,"key":"hexamod:InfernoChargePotion"},{"floor":35.0,"key":"Doom Potion"},{"floor":35.0,"key":"ColorlessPotion"},{"floor":38,"key":"BlessingOfTheForge"},{"floor":40,"key":"Toxic Potion"},{"floor":42,"key":"Swift Potion"},{"floor":45,"key":"DuplicationPotion"},{"floor":46,"key":"SteroidPotion"},{"floor":48,"key":"Milkshake"},{"floor":49,"key":"SmokeBomb"}],"is_trial":false,"path_per_floor":["R","M","M","$","M","PTL","PTL","M","T","M","?","$","M","E","M","M","M","B",null,"R","M","AVR","M","M","R","T","?","R","M","R","?","R","?","M","B",null,"R","M","?","M","$","M","T","M","M","M","R","M","$","?","M","B",null],"character_chosen":"THE_SPIRIT","items_purchased":["hexamod:FourthSeal","Replay:SS_forest_6","hexamod:NightmareStrike","Happy Flower","hexamod:SpectersWail","Dexterity Potion"],"campfire_rested":2,"item_purchase_floors":[4,12,12,41,41,49],"current_hp_per_floor":[70,70,70,70,70,70,70,70,70,70,50,50,46,40,47,55,39,20,70,70,70,70,70,67,67,67,67,77,69,80,80,80,64,76,80,80,80,80,80,80,80,77,77,45,12,26,50,45,45,45,60,49],"gold":12,"neow_bonus":"THREE_ENEMY_KILL","is_daily":false,"chose_seed":false,"campfire_upgraded":4,"win_rate":0.0,"timestamp":1610567774,"path_taken":["R","M","M","$","M","PTL","PTL","M","T","M","?","$","M","E","M","M","M","BOSS","R","M","AVR","M","M","R","T","?","R","M","R","?","R","?","M","BOSS","R","M","?","M","$","M","T","M","M","M","R","M","$","?","M","BOSS"],"items_purchased_type":["Card","Card","Card","Relic","Card","Potion"],"build_version":"2020-12-22","purchased_purges":0,"victory":true,"max_hp_per_floor":[70,70,70,70,70,70,70,70,70,70,70,70,70,70,70,70,70,70,70,70,70,70,70,70,70,70,70,80,80,80,80,80,80,80,80,80,80,80,80,80,80,80,80,80,80,80,80,80,80,80,80,80],"card_choices":[{"not_picked":["hexamod:FastForward","hexamod:ExtraCrispy"],"picked":"hexamod:PhantomCloak","floor":2.0},{"not_picked":["hexamod:GhostLash","hexamod:ThermalTransfer"],"picked":"hexamod:FirstSeal","floor":3.0},{"not_picked":["hexamod:HeatCrush","hexamod:RadiantFlame"],"picked":"hexamod:Firestarter","floor":4.0},{"not_picked":["hexamod:ShieldOfDarkness","hexamod:Rewind"],"picked":"hexamod:InspiringFlames","floor":5.0},{"not_picked":["hexamod:PhantomFireball","hexamod:RainOfEmbers"],"picked":"hexamod:BurningTouch","floor":8.0},{"not_picked":["hexamod:ExtraCrispy","hexamod:ChargedBarrage"],"picked":"hexamod:GhostflameBarrier","floor":10.0},{"not_picked":["hexamod:BurningTouch","hexamod:NightmareGuise"],"picked":"hexamod:ExtraCrispy","floor":11.0},{"not_picked":["hexamod:FastForward","hexamod:NecessarySacrifice"],"picked":"hexamod:SoulSteal","floor":12.0},{"not_picked":["hexamod:RainOfEmbers","hexamod:GhostOfSpireFuture"],"picked":"hexamod:SwordOfDarkness","floor":13.0},{"not_picked":["hexamod:ThermalTransfer","hexamod:NightmareGuise"],"picked":"hexamod:BacktrackSmack","floor":14.0},{"not_picked":["hexamod:SpectersWail","hexamod:GhostLash"],"picked":"hexamod:SixthSeal","floor":15.0},{"not_picked":["hexamod:BacktrackSmack","hexamod:NightmareGuise"],"picked":"hexamod:ChargedBarrage","floor":16.0},{"not_picked":["hexamod:Haunt","hexamod:HeatShield"],"picked":"hexamod:SkipABeat","floor":17.0},{"not_picked":["hexamod:UnleashSpirits","hexamod:HexaLevel"],"picked":"hexamod:TimeOfNeed","floor":18.0},{"not_picked":["hexamod:NightmareStrike","hexamod:CatchUp"],"picked":"hexamod:RainOfEmbers","floor":21.0},{"not_picked":["hexamod:InspiringFlames","hexamod:ChargedBarrage+1"],"picked":"hexamod:Hexaguard","floor":23.0},{"not_picked":["hexamod:EmpoweredFlame","hexamod:AdvancingGuard+1"],"picked":"hexamod:PhantomFireball","floor":24.0},{"not_picked":["hexamod:InspiringFlames","hexamod:WildfireWeapon"],"picked":"hexamod:ThermalTransfer+1","floor":29.0},{"not_picked":["hexamod:InspiringFlames+1","hexamod:AdvancingGuard"],"picked":"hexamod:Hexaguard","floor":34.0},{"not_picked":["hexamod:CrushingStance","hexamod:UnleashSpirits"],"picked":"hexamod:EmpoweringStance","floor":35.0},{"not_picked":["hexamod:AdvancingGuard","hexamod:PhantomCloak+1"],"picked":"hexamod:HeatShield","floor":38},{"not_picked":["hexamod:BurningTouch","hexamod:BacktrackSmack+1"],"picked":"hexamod:GhostLash","floor":40},{"not_picked":["hexamod:SoulSteal+1","hexamod:Firestarter"],"picked":"hexamod:ShieldOfDarkness","floor":41},{"not_picked":["hexamod:NightmareStrike+1","hexamod:ShieldOfDarkness+1","hexamod:ThermalTransfer+1"],"picked":"SKIP","floor":42},{"not_picked":["hexamod:StepThrough+1","hexamod:Again","hexamod:Haunt+1"],"picked":"SKIP","floor":44},{"not_picked":["hexamod:Firestarter+1","hexamod:GhostShield+1","hexamod:AdvancingGuard"],"picked":"SKIP","floor":45},{"not_picked":["hexamod:RetreatToShadows","hexamod:TurnItUp"],"picked":"hexamod:SpectersWail+1","floor":46},{"not_picked":["hexamod:Firestarter","hexamod:GhostShield"],"picked":"hexamod:FirstSeal","floor":48},{"not_picked":["hexamod:GhostOfSpirePresent","hexamod:BurningTouch","hexamod:ThermalTransfer+1"],"picked":"SKIP","floor":49}],"player_experience":469284,"relics_obtained":[{"floor":1.0,"key":"aspiration:SeaSaltIceCream"},{"floor":9.0,"key":"Mercury Hourglass"},{"floor":11.0,"key":"Potion Belt"},{"floor":14.0,"key":"Replay:WaspNest"},{"floor":22.0,"key":"infinitespire:Beetle Shell"},{"floor":22.0,"key":"Onion Ring"},{"floor":22.0,"key":"infinitespire:Golems Mask"},{"floor":33.0,"key":"Necronomicon"},{"floor":43,"key":"conspire:Dentures"}],"event_choices":[{"damage_healed":0.0,"max_hp_gain":0.0,"max_hp_loss":0.0,"gold_gain":0.0,"event_name":"Drug Dealer","player_choice":"Inject Mutagens","floor":27.0,"gold_loss":0.0,"damage_taken":0.0,"relics_obtained":["MutagenicStrength"]},{"damage_healed":0.0,"max_hp_gain":0.0,"max_hp_loss":0.0,"gold_gain":0.0,"event_name":"Addict","player_choice":"Stole Relic","floor":31.0,"gold_loss":0.0,"damage_taken":0.0,"relics_obtained":["Pet Ghost"],"cards_obtained":["Shame"]}],"is_beta":false,"boss_relics":[{"not_picked":["ReplayTheSpireMod:SealedPack","aspiration:PoetsPen_weak"],"picked":"SlaversCollar"},{"not_picked":["aspiration:RitualDagger","Busted Crown","infinitespire:Cupcake"]}],"items_purged_floors":[],"is_endless":false,"potions_floor_spawned":[5,8,10,11,13,14,18,23,29,35,42,45,46,48,51],"ascension_level":0}}