{"host":"5dhwd44u3dydylwe","time":1610530844,"event":{"mods":["AchievementEnabler","BaseMod","BetterRewards","Dota2Spire","Hubris","Minty Spire (QoL Compilation)","Shop Mod","StSLib","Wandering Minibosses"],"gold_per_floor":[172,172,25,38,87,119,119,174,174,206,246,246,289,308,308,436,436,455,455,455,455,12,12,67,67,119,180,180,228,388,388,388,492,492,536,536,586,631,646,679,679,737,737,768,768,817,817,817,817,847,847,847,759,791,821],"floor_reached":56,"language":"ENG","playtime":2816,"items_purged":["Strike_R","Bash","Strike_R","Writhe","Defend_R"],"score":3247,"play_id":"52823eac-17d7-4ada-bcb0-9895a900c44b","local_time":"20210113174044","is_ascension_mode":true,"campfire_choices":[{"data":"Inflame","floor":7,"key":"SMITH"},{"data":"Uppercut","floor":12,"key":"SMITH"},{"data":"Shockwave","floor":15,"key":"SMITH"},{"data":"Demon Form","floor":23,"key":"SMITH"},{"data":"Inflame","floor":25,"key":"SMITH"},{"data":"Offering","floor":28,"key":"SMITH"},{"data":"True Grit","floor":32,"key":"SMITH"},{"floor":41,"key":"RECALL"},{"data":"Feel No Pain","floor":47,"key":"SMITH"},{"data":"Metallicize","floor":49,"key":"SMITH"},{"data":"Battle Trance","floor":52,"key":"SMITH"}],"circlet_count":0,"master_deck":["AscendersBane","Strike_R","Strike_R","Defend_R","Defend_R","Shockwave+1","Uppercut+1","Inflame+1","Shrug It Off","True Grit+1","Immolate+1","Iron Wave+1","Whirlwind+1","Metallicize+1","Reaper+1","Feel No Pain+1","Demon Form+1","Inflame+1","Battle Trance+1","Offering+1","Flame Barrier+1","Barricade+1","Disarm+1"],"relics":["Burning Blood","Membership Card","Mummified Hand","hubris:IronBody","TheAbacus","Dota2Spire:PhaseBoots","Dota2Spire:PowerTreads","Happy Flower","Dota2Spire:HandOfMidas","Dota2Spire:ArcaneBoots","Molten Egg 2","hubris:Towel","Dota2Spire:Dagon","Vajra","hubris:TinFlute","Potion Belt","Dead Branch","hubris:TerracottaHorce","Centennial Puzzle","Dota2Spire:DrumOfEndurance","Lantern","Ginger","Singing Bowl","hubris:CrystalStatue","Empty Cage","wanderingMiniBosses:OtherGremlinHorn","Blood Vial","Pen Nib","hubris:GlazedTorus","hubris:ToyBattleship","Thread and Needle","Paper Frog"],"acts_visited":[],"potions_floor_usage":[6,55,55,55,55],"damage_taken":[{"damage":1,"enemies":"Small Slimes","floor":1,"turns":6},{"damage":1,"enemies":"Jaw Worm","floor":4,"turns":6},{"damage":0,"enemies":"Cultist","floor":5,"turns":2},{"damage":0,"enemies":"3 Sentries","floor":6,"turns":4},{"damage":3,"enemies":"Gremlin Nob","floor":8,"turns":3},{"damage":0,"enemies":"Lagavulin","floor":10,"turns":4},{"damage":0,"enemies":"3 Louse","floor":11,"turns":1},{"damage":4,"enemies":"Looter","floor":13,"turns":6},{"damage":0,"enemies":"Large Slime","floor":14,"turns":3},{"damage":6,"enemies":"The Guardian","floor":16,"turns":7},{"damage":2,"enemies":"Spheric Guardian","floor":18,"turns":3},{"damage":0,"enemies":"Slavers","floor":24,"turns":5},{"damage":0,"enemies":"Gremlin Leader","floor":27,"turns":6},{"damage":0,"enemies":"Chosen","floor":29,"turns":13},{"damage":7,"enemies":"Colosseum Slavers","floor":30,"turns":10},{"damage":4,"enemies":"Colosseum Nobs","floor":30,"turns":9},{"damage":0,"enemies":"Champ","floor":33,"turns":14},{"damage":5,"enemies":"3 Darklings","floor":35,"turns":6},{"damage":0,"enemies":"Orb Walker","floor":37,"turns":5},{"damage":8,"enemies":"Transient","floor":38,"turns":5},{"damage":0,"enemies":"4 Shapes","floor":39,"turns":1},{"damage":8,"enemies":"Giant Head","floor":40,"turns":3},{"damage":0,"enemies":"Reptomancer","floor":42,"turns":2},{"damage":0,"enemies":"Giant Head","floor":44,"turns":3},{"damage":12,"enemies":"Maw","floor":46,"turns":2},{"damage":6,"enemies":"Time Eater","floor":50,"turns":6},{"damage":3,"enemies":"Shield and Spear","floor":54,"turns":3},{"damage":6,"enemies":"The Heart","floor":55,"turns":7}],"seed_played":"3924575666829306762","potions_obtained":[{"floor":4,"key":"Block Potion"},{"floor":5,"key":"DuplicationPotion"},{"floor":6,"key":"Fruit Juice"},{"floor":8,"key":"LiquidBronze"},{"floor":11,"key":"Regen Potion"},{"floor":14,"key":"LiquidMemories"}],"is_trial":false,"path_per_floor":["M","?","$","M","M","E","R","E","T","E","M","R","M","M","R","B",null,"M","?","?","?","$","R","E","R","T","E","R","M","?","T","R","B",null,"M","?","M","M","M","E","R","E","T","E","?","M","R","T","R","B",null,"R","$","E","B",null],"character_chosen":"IRONCLAD","items_purchased":["Membership Card","Mummified Hand","hubris:IronBody","Shockwave","TheAbacus","Dota2Spire:PhaseBoots","Uppercut","Inflame","Shrug It Off","Dota2Spire:PowerTreads","Happy Flower","Dota2Spire:HandOfMidas","True Grit","Dota2Spire:ArcaneBoots","Molten Egg 2","Immolate+1","Iron Wave+1","Metallicize","Dota2Spire:Dagon","Offering"],"campfire_rested":0,"item_purchase_floors":[0,0,0,0,0,0,0,0,0,0,0,0,0,0,0,0,0,3,3,22],"current_hp_per_floor":[29,29,29,34,40,51,51,54,54,60,66,66,68,74,74,74,82,85,60,60,60,60,60,66,66,66,81,81,87,90,90,90,92,92,94,94,96,96,100,101,101,102,102,104,104,106,106,106,106,106,106,106,106,108,108],"gold":821,"neow_bonus":"","is_daily":false,"chose_seed":false,"campfire_upgraded":10,"win_rate":0.0,"timestamp":1610530844,"path_taken":["M","?","?","M","M","E","R","E","T","E","?","R","M","M","R","BOSS","M","?","?","?","$","R","E","R","T","E","R","M","?","?","R","BOSS","M","?","M","M","M","E","R","E","T","E","?","M","R","?","R","BOSS","R","$","E","BOSS"],"items_purchased_type":["Relic","Relic","Relic","Card","Relic","Relic","Card","Card","Card","Relic","Relic","Relic","Card","Relic","Relic","Card","Card","Card","Relic","Card"],"build_version":"2020-12-22","purchased_purges":5,"victory":true,"max_hp_per_floor":[80,80,80,80,80,85,85,85,85,85,85,85,85,85,85,85,85,85,90,90,90,90,90,90,90,90,90,90,90,92,92,92,92,92,94,94,96,98,100,102,102,102,102,104,104,106,106,106,106,106,106,106,106,108,108],"card_choices":[{"not_picked":["Wild Strike+1","Infernal Blade"],"picked":"Whirlwind+1","floor":1},{"not_picked":["Anger+1","Ghostly Armor","Sword Boomerang+1"],"picked":"SKIP","floor":4},{"not_picked":["hubris:ReadiedAction","Hemokinesis+1","Evolve"],"picked":"SKIP","floor":5},{"not_picked":["Twin Strike+1","Flex","hubris:CleavingFinish+1"],"picked":"SKIP","floor":6},{"not_picked":["Blood for Blood+1","Shockwave","Twin Strike+1"],"picked":"SKIP","floor":8},{"not_picked":["Clash+1","True Grit","Dual Wield"],"picked":"SKIP","floor":10},{"not_picked":["Anger+1","Flex","Havoc"],"picked":"SKIP","floor":11},{"not_picked":["Shrug It Off","Thunderclap+1"],"picked":"Reaper+1","floor":13},{"not_picked":["Havoc","Flex"],"picked":"Feel No Pain","floor":14},{"not_picked":["hubris:StunningStrike+1","Berserk"],"picked":"Demon Form","floor":16},{"not_picked":["Shrug It Off","Thunderclap+1"],"picked":"Inflame","floor":18},{"not_picked":["Cleave+1","Blood for Blood+1","Body Slam+1"],"picked":"SKIP","floor":24},{"not_picked":["Clothesline+1","Dark Embrace"],"picked":"Flame Barrier+1","floor":27},{"not_picked":["Sword Boomerang+1","Rupture+1","Flex"],"picked":"SKIP","floor":29},{"not_picked":["True Grit+1","Immolate+1","Thunderclap+1"],"picked":"Singing Bowl","floor":30},{"not_picked":["Impervious","hubris:StunningStrike+1"],"picked":"Barricade","floor":33},{"not_picked":["Cleave+1","Sword Boomerang+1","Armaments"],"picked":"Singing Bowl","floor":35},{"not_picked":["Cleave+1","Perfected Strike+1","Sword Boomerang+1"],"picked":"Singing Bowl","floor":37},{"not_picked":["Searing Blow+1","Wild Strike+1","Armaments"],"picked":"Singing Bowl","floor":38},{"not_picked":["Burning Pact+1","Headbutt+1","Body Slam+1"],"picked":"Singing Bowl","floor":39},{"not_picked":["Carnage+1","True Grit","Shrug It Off"],"picked":"Singing Bowl","floor":40},{"not_picked":["Battle Trance","Searing Blow+1"],"picked":"Disarm+1","floor":42},{"not_picked":["Sword Boomerang+1","Carnage+1","Flex"],"picked":"Singing Bowl","floor":44},{"not_picked":["hubris:ReadiedAction","Perfected Strike+1","Spot Weakness+1"],"picked":"Singing Bowl","floor":46},{"not_picked":["Perfected Strike+1","Shrug It Off","Body Slam+1"],"picked":"Singing Bowl","floor":54}],"player_experience":81840,"relics_obtained":[{"floor":6,"key":"Vajra"},{"floor":8,"key":"hubris:TinFlute"},{"floor":9,"key":"Potion Belt"},{"floor":10,"key":"Dead Branch"},{"floor":24,"key":"Dota2Spire:DrumOfEndurance"},{"floor":27,"key":"Lantern"},{"floor":30,"key":"Ginger"},{"floor":30,"key":"Singing Bowl"},{"floor":31,"key":"hubris:CrystalStatue"},{"floor":35,"key":"wanderingMiniBosses:OtherGremlinHorn"},{"floor":40,"key":"Blood Vial"},{"floor":42,"key":"Pen Nib"},{"floor":43,"key":"hubris:GlazedTorus"},{"floor":44,"key":"hubris:ToyBattleship"},{"floor":48,"key":"Thread and Needle"},{"floor":54,"key":"Paper Frog"}],"event_choices":[{"damage_healed":0,"gold_gain":0,"player_choice":"Shed Blood","damage_taken":30,"max_hp_gain":5,"max_hp_loss":0,"event_name":"Forgotten Altar","floor":19,"gold_loss":0},{"damage_healed":0,"gold_gain":0,"player_choice":"Opened","damage_taken":0,"relics_obtained":["Centennial Puzzle"],"max_hp_gain":0,"max_hp_loss":0,"event_name":"The Mausoleum","floor":20,"gold_loss":0,"cards_obtained":["Writhe"]},{"damage_healed":0,"gold_gain":0,"player_choice":"Read","damage_taken":0,"max_hp_gain":0,"max_hp_loss":0,"event_name":"The Library","floor":21,"gold_loss":0,"cards_obtained":["Battle Trance"]},{"damage_healed":0,"gold_gain":0,"player_choice":"Fight","damage_taken":0,"max_hp_gain":0,"max_hp_loss":0,"event_name":"Colosseum","floor":30,"gold_loss":0},{"damage_healed":0,"gold_gain":0,"player_choice":"Fought Nobs","damage_taken":0,"max_hp_gain":0,"max_hp_loss":0,"event_name":"Colosseum","floor":30,"gold_loss":0}],"is_beta":false,"boss_relics":[{"not_picked":["Mark of Pain","Runic Dome"],"picked":"hubris:TerracottaHorce"},{"not_picked":["Pandora\u0027s Box","Tiny House"],"picked":"Empty Cage"}],"items_purged_floors":[0,0,0,22,53],"is_endless":false,"potions_floor_spawned":[4,5,6,8,11,14,30,30,35,39,42],"ascension_level":15}}