{"host":"yvncskwfyqnc3wqi","time":1610570594,"event":{"mods":["2.2 Compatiblity","AchievementEnabler","Act Like it!","Bartender","BaseMod","Friendly Minions","Gensokyo","KinomotoSakuraMod(????)","Kiyohime????","Marisa????????","Minty Spire (QoL Compilation)","Nova Terra(??·??)","Permanent Neow","Prisma Mod","Railgun Mod","Reimu??????","Remove Card Discount Mod","Shade Mod","Shop Mod","StSLib","Td1madao Mod","The Alterego","The Disciple","The Gatherer","The Marked","The Runesmith","The Servant 0.9.4","TheFirefly","TheSwordswoman","TheVelvet","Waifu the Spire","WarShipGirlsR/????R mod","Yakumo Yukari mod","Yohane!","Yuri Mod"],"gold_per_floor":[116,106,106,27,27,27,27,47,127,145,174,174,174,200,200,295,295,309,319,54,54,54],"floor_reached":21,"language":"ENG","playtime":1362,"items_purged":[],"score":235,"play_id":"1188ac4d-f428-4515-b2d3-74d2b67a3036","local_time":"20210113204314","is_ascension_mode":false,"campfire_choices":[{"floor":6,"key":"RECALL"},{"data":"Cold_Blooded","floor":12,"key":"SMITH"},{"data":"1","floor":15,"key":"LIFT"}],"circlet_count":0,"master_deck":["Strike_Bartender","Strike_Bartender","Strike_Bartender","Strike_Bartender","Defend_Bartender","Defend_Bartender","Defend_Bartender","Somersault","Rope_A_Dope","Well_Drinks","Cold_Blooded+1","Fading_Blow","With_A_Twist","Momentum","Momentum","Bitters","Rope_A_Dope","Injury","Ball_Of_Ice","Combo_Master","Dragonkick+1","Rope_A_Dope+1","Momentum","Apotheosis"],"relics":["Sneakers","Eternal Feather","Toy Ornithopter","Shovel","Girya","Cursed Key","Membership Card"],"acts_visited":["Gensokyo:Gensokyo","Gensokyo:Gensokyoer"],"potions_floor_usage":[10,11,14],"damage_taken":[{"damage":1,"enemies":"Gensokyo:Python","floor":1,"turns":4},{"damage":5,"enemies":"Gensokyo:2_Kodama","floor":8,"turns":4},{"damage":0,"enemies":"Gensokyo:Gryphon","floor":10,"turns":3},{"damage":0,"enemies":"Gensokyo:Mamizou","floor":11,"turns":5},{"damage":0,"enemies":"Gensokyo:Cirno","floor":14,"turns":8},{"damage":8,"enemies":"Gensokyo:Yukari","floor":16,"turns":6},{"damage":5,"enemies":"Gensokyo:Chomper","floor":18,"turns":4},{"damage":26,"enemies":"Gensokyo:3_Dogs","floor":19,"turns":5},{"damage":50,"enemies":"Gensokyo:Swordslinger","floor":21,"turns":2}],"seed_played":"4724250945826831911","potions_obtained":[{"floor":0,"key":"Weak Potion"},{"floor":0,"key":"SkillPotion"},{"floor":0,"key":"BlessingOfTheForge"},{"floor":18,"key":"ZuzhouPotion:ReiMu"}],"is_trial":false,"path_per_floor":["M","?","?","$","?","R","$","M","T","M","E","R","?","E","R","B",null,"M","M","$","M"],"character_chosen":"BARTENDER","items_purchased":["Momentum","Membership Card","Momentum","Apotheosis"],"campfire_rested":0,"item_purchase_floors":[4,20,20,20],"current_hp_per_floor":[69,69,69,69,69,69,69,64,64,64,64,70,70,70,70,62,70,65,39,39,0,0],"gold":54,"neow_bonus":"THREE_SMALL_POTIONS","is_daily":false,"chose_seed":false,"campfire_upgraded":1,"win_rate":0.0,"timestamp":1610570594,"path_taken":["M","?","?","$","?","R","?","M","T","?","E","R","?","E","R","BOSS","M","M","$","M"],"items_purchased_type":["Card","Relic","Card","Card"],"build_version":"2020-12-22","purchased_purges":0,"victory":false,"max_hp_per_floor":[70,70,70,70,70,70,70,70,70,70,70,70,70,70,70,70,70,70,70,70,70,70],"card_choices":[{"not_picked":["Bouncer","RockBreaker"],"picked":"Rope_A_Dope","floor":1},{"not_picked":[],"picked":"Well_Drinks","floor":2},{"not_picked":[],"picked":"Cold_Blooded","floor":2},{"not_picked":["Bicycle_Kick","Dancing_Jab"],"picked":"Fading_Blow","floor":3},{"not_picked":["Torment","Hook"],"picked":"With_A_Twist","floor":3},{"not_picked":["Snap_Punch","Patience"],"picked":"Momentum","floor":8},{"not_picked":["On_The_Rocks","Press_Forward"],"picked":"Bitters","floor":10},{"not_picked":["Snap_Punch","Greased_Lightning"],"picked":"Rope_A_Dope","floor":11},{"not_picked":["Ripple","Pony_Shot"],"picked":"Ball_Of_Ice","floor":14},{"not_picked":["Dolphin_Blow","Butterfly_Float"],"picked":"Combo_Master","floor":16},{"not_picked":["Center_Self","Greased_Lightning"],"picked":"Dragonkick+1","floor":18},{"not_picked":["Stick_and_Move","Step_Of_The_Wind"],"picked":"Rope_A_Dope+1","floor":19}],"player_experience":432275,"relics_obtained":[{"floor":9,"key":"Eternal Feather"},{"floor":11,"key":"Toy Ornithopter"},{"floor":14,"key":"Girya"}],"event_choices":[],"is_beta":false,"boss_relics":[{"not_picked":["Tiny House","SlaversCollar"],"picked":"Cursed Key"}],"items_purged_floors":[],"is_endless":false,"potions_floor_spawned":[1,8,18],"killed_by":"Gensokyo:Swordslinger","ascension_level":0}}