{"host":"jexbkylv34f8xu3o","time":1610570417,"event":{"mods":["AchievementEnabler","BaseMod","Colored Map","Colored Powertips","GifTheSpireLib","Highlight Path","Minty Spire (QoL Compilation)","Quick Restart","StSLib"],"gold_per_floor":[19,35,52,65,82,109,109,120,120,120,45,45,76,96,96,198,198,214,313,238,251,104,132,92,92,92,92,109,109,109,109],"floor_reached":30,"language":"ENG","playtime":990,"items_purged":["Strike_R"],"score":415,"play_id":"340364ad-d7ae-4d89-86b1-9f78fa86594c","local_time":"20210113174017","is_ascension_mode":true,"campfire_choices":[{"data":"Dual Wield","floor":7,"key":"SMITH"},{"data":"Clash","floor":15,"key":"SMITH"},{"floor":25,"key":"REST"},{"floor":27,"key":"REST"},{"data":"Disarm","floor":29,"key":"SMITH"}],"circlet_count":0,"master_deck":["AscendersBane","Strike_R","Strike_R","Strike_R","Defend_R","Defend_R","Defend_R","Defend_R","Bash","Dual Wield+1","Shockwave","Feed","Clash+1","Headbutt","Clash+1","Thunderclap","Bludgeon","Fiend Fire","Burning Pact","True Grit","Fire Breathing","Disarm+1"],"relics":["Black Blood","Lizard Tail","Blood Vial","Bottled Flame","Orichalcum","Anchor","Kunai","Nunchaku"],"acts_visited":["Exordium","TheCity"],"potions_floor_usage":[4,5,13,16,16,23,30,30,30],"damage_taken":[{"damage":6,"enemies":"Cultist","floor":1,"turns":4},{"damage":2,"enemies":"2 Louse","floor":2,"turns":3},{"damage":7,"enemies":"Small Slimes","floor":3,"turns":5},{"damage":4,"enemies":"2 Fungi Beasts","floor":4,"turns":4},{"damage":22,"enemies":"Large Slime","floor":5,"turns":9},{"damage":44,"enemies":"Lagavulin","floor":6,"turns":6},{"damage":16,"enemies":"Gremlin Gang","floor":8,"turns":4},{"damage":7,"enemies":"Gremlin Nob","floor":13,"turns":3},{"damage":10,"enemies":"Lots of Slimes","floor":14,"turns":5},{"damage":42,"enemies":"Hexaghost","floor":16,"turns":8},{"damage":20,"enemies":"2 Thieves","floor":18,"turns":4},{"damage":12,"enemies":"3 Byrds","floor":21,"turns":4},{"damage":119,"enemies":"Book of Stabbing","floor":23,"turns":8},{"damage":59,"enemies":"Centurion and Healer","floor":28,"turns":7},{"damage":56,"enemies":"Slavers","floor":30,"turns":4}],"seed_played":"-7515976606318556739","potions_obtained":[{"floor":2,"key":"DuplicationPotion"},{"floor":3,"key":"EssenceOfSteel"},{"floor":6,"key":"SteroidPotion"},{"floor":14,"key":"GamblersBrew"},{"floor":16,"key":"Fruit Juice"},{"floor":18,"key":"Strength Potion"},{"floor":24,"key":"Ancient Potion"},{"floor":24,"key":"SpeedPotion"},{"floor":24,"key":"Ancient Potion"},{"floor":28,"key":"SkillPotion"}],"is_trial":false,"path_per_floor":["M","M","M","M","M","E","R","M","T","?","$","?","E","M","R","B",null,"M","?","?","M","$","E","?","R","T","R","M","R","E"],"character_chosen":"IRONCLAD","items_purchased":["Anchor"],"campfire_rested":2,"item_purchase_floors":[22],"current_hp_per_floor":[72,76,75,80,70,32,32,24,24,24,24,53,54,55,55,26,79,76,76,76,78,78,26,26,56,56,86,44,44,0,0],"gold":109,"neow_bonus":"ONE_RARE_RELIC","is_daily":false,"chose_seed":false,"campfire_upgraded":3,"win_rate":0.0,"timestamp":1610570417,"path_taken":["M","M","M","M","M","E","R","M","T","?","$","?","E","M","R","BOSS","M","?","?","M","$","E","?","R","T","R","M","R","E"],"items_purchased_type":["Relic"],"build_version":"2020-12-22","purchased_purges":1,"victory":false,"max_hp_per_floor":[80,80,80,83,89,89,89,89,89,89,89,89,89,92,92,97,97,100,100,100,100,100,100,100,100,100,100,103,103,106,106],"card_choices":[{"not_picked":["Cleave","Anger"],"picked":"Dual Wield","floor":1},{"not_picked":["Warcry","Twin Strike"],"picked":"Shockwave","floor":2},{"not_picked":["Pummel","Perfected Strike"],"picked":"Feed","floor":3},{"not_picked":["Heavy Blade","Havoc","Rampage"],"picked":"SKIP","floor":4},{"not_picked":["Bloodletting","Shrug It Off"],"picked":"Clash","floor":5},{"not_picked":["Combust","Warcry"],"picked":"Headbutt","floor":6},{"not_picked":["Thunderclap","Flex"],"picked":"Clash","floor":8},{"not_picked":["Bloodletting","Cleave"],"picked":"Thunderclap","floor":13},{"not_picked":["Warcry","Body Slam"],"picked":"Bludgeon","floor":14},{"not_picked":["Limit Break","Barricade"],"picked":"Fiend Fire","floor":16},{"not_picked":["Shrug It Off+1","Havoc+1"],"picked":"Burning Pact","floor":18},{"not_picked":["Dropkick","Power Through+1"],"picked":"True Grit","floor":21},{"not_picked":["Wild Strike+1","Immolate"],"picked":"Fire Breathing","floor":23},{"not_picked":["Blood for Blood","Pommel Strike"],"picked":"Disarm","floor":28}],"player_experience":553918,"relics_obtained":[{"floor":6,"key":"Blood Vial"},{"floor":9,"key":"Bottled Flame"},{"floor":13,"key":"Orichalcum"},{"floor":23,"key":"Kunai"},{"floor":26,"key":"Nunchaku"}],"event_choices":[{"damage_healed":0,"gold_gain":0,"player_choice":"Grow","damage_taken":0,"max_hp_gain":0,"max_hp_loss":0,"event_name":"Living Wall","floor":10,"gold_loss":0,"cards_upgraded":["Clash"]},{"damage_healed":29,"gold_gain":0,"player_choice":"Banana","damage_taken":0,"max_hp_gain":0,"max_hp_loss":0,"event_name":"Big Fish","floor":12,"gold_loss":0},{"damage_healed":0,"gold_gain":99,"player_choice":"Stole From Cult","damage_taken":0,"max_hp_gain":0,"max_hp_loss":0,"event_name":"Nest","floor":19,"gold_loss":0},{"cards_removed":["Strike_R"],"damage_healed":0,"gold_gain":0,"player_choice":"Gave Gold","damage_taken":0,"max_hp_gain":0,"max_hp_loss":0,"event_name":"Beggar","floor":20,"gold_loss":75},{"damage_healed":0,"gold_gain":0,"player_choice":"Bought 3 Potions","damage_taken":0,"max_hp_gain":0,"max_hp_loss":0,"event_name":"The Woman in Blue","floor":24,"gold_loss":0}],"is_beta":false,"boss_relics":[{"not_picked":["Snecko Eye","Velvet Choker"],"picked":"Black Blood"}],"items_purged_floors":[11],"is_endless":false,"potions_floor_spawned":[2,3,6,14,16,18,28],"killed_by":"Slavers","ascension_level":10}}