{"host":"6jrnojxwearbrjzo","time":1610560474,"event":{"mods":["BaseMod","Colored Map","Conspire","Highlight Path","Minty Spire (QoL Compilation)","Quick Restart","Replay The Spire","Shop Mod","Spicy Shops","StSLib","The Servant 0.9.4"],"gold_per_floor":[114,131,131,53,53,97,97,117,117,129,180,192,204,231,243,383,395,422,359,414,451,7,40,64,64,64,64,64],"floor_reached":27,"language":"ZHS","playtime":870,"items_purged":[],"score":276,"play_id":"d1e54388-99ce-465a-854c-bc827efdea3d","local_time":"20210114015434","is_ascension_mode":true,"campfire_choices":[{"data":"Sunder","floor":7,"key":"SMITH"},{"data":"Beam Cell","floor":10,"key":"SMITH"},{"data":"Defragment","floor":13,"key":"SMITH"},{"data":"Double Energy","floor":15,"key":"SMITH"},{"floor":25,"key":"REST"}],"circlet_count":0,"master_deck":["Strike_B+1","Strike_B","Strike_B+1","Strike_B","Defend_B","Defend_B+1","Defend_B","Zap+1","Dualcast","Beam Cell+1","Defragment+1","Sunder+1","Gash","Self Repair","conspire:Banana","Double Energy+1","Fission","Storm","Streamline","Seek","Ball Lightning+1"],"relics":["Cracked Core","Golden Idol","White Beast Statue","MawBank","Simple Rune","Fusion Hammer","Red Mask","Replay:Baseball","Gremlin Food","HornCleat","Pear"],"acts_visited":["Exordium","TheCity"],"potions_floor_usage":[6,11,16,16,16,18,20,23,23,24,27],"damage_taken":[{"damage":4,"enemies":"Jaw Worm","floor":1,"turns":4},{"damage":10,"enemies":"Small Slimes","floor":2,"turns":2},{"damage":19,"enemies":"3 Sentries","floor":6,"turns":5},{"damage":1,"enemies":"Cultist","floor":8,"turns":3},{"damage":13,"enemies":"Lagavulin","floor":11,"turns":5},{"damage":0,"enemies":"Large Slime","floor":14,"turns":4},{"damage":18,"enemies":"Hexaghost","floor":16,"turns":6},{"damage":21,"enemies":"Chosen","floor":18,"turns":5},{"damage":18,"enemies":"Masked Bandits","floor":20,"turns":3},{"damage":7,"enemies":"Shell Parasite","floor":21,"turns":3},{"damage":42,"enemies":"Book of Stabbing","floor":23,"turns":5},{"damage":8,"enemies":"Shelled Parasite and Fungi","floor":24,"turns":4},{"damage":58,"enemies":"Gremlin Leader","floor":27,"turns":7}],"seed_played":"5917961221811530261","potions_obtained":[{"floor":1,"key":"BlessingOfTheForge"},{"floor":6,"key":"FearPotion"},{"floor":8,"key":"SteroidPotion"},{"floor":11,"key":"PowerPotion"},{"floor":14,"key":"Swift Potion"},{"floor":16,"key":"Milkshake"},{"floor":18,"key":"Explosive Potion"},{"floor":20,"key":"Dexterity Potion"},{"floor":21,"key":"BlessingOfTheForge"},{"floor":23,"key":"Weak Potion"},{"floor":24,"key":"FocusPotion"}],"is_trial":false,"path_per_floor":["M","M","?","$","?","E","R","M","T","R","E","?","R","M","R","B",null,"M","?","?","M","$","E","M","R","T","E"],"character_chosen":"DEFECT","items_purchased":["Sunder","Replay:Baseball","Gremlin Food","Seek"],"campfire_rested":1,"item_purchase_floors":[4,22,22,22],"current_hp_per_floor":[71,61,61,61,43,24,24,23,23,23,10,10,10,18,18,8,77,64,64,54,54,54,20,20,44,54,0,0],"gold":64,"neow_bonus":"UPGRADE_CARD","is_daily":false,"chose_seed":false,"campfire_upgraded":4,"win_rate":0.0,"timestamp":1610560474,"path_taken":["M","M","?","$","?","E","R","M","T","R","E","?","R","M","R","BOSS","M","?","?","M","$","E","M","R","T","E"],"items_purchased_type":["Card","Relic","Relic","Card"],"build_version":"2020-12-22","purchased_purges":0,"victory":false,"max_hp_per_floor":[75,75,75,75,75,75,75,75,75,75,75,75,75,76,76,77,77,78,78,79,79,79,80,81,81,91,92,92],"card_choices":[{"not_picked":["Fusion","Hologram"],"picked":"Beam Cell","floor":1},{"not_picked":["FTL","Compile Driver"],"picked":"Defragment","floor":2},{"not_picked":["Hello World","Rebound"],"picked":"Gash","floor":6},{"not_picked":["Blizzard","Auto Shields","Steam"],"picked":"SKIP","floor":8},{"not_picked":["ReplayTheSpireMod:System Scan","Consume"],"picked":"Self Repair","floor":11},{"not_picked":["Steam","Defragment"],"picked":"Double Energy","floor":14},{"not_picked":["Amplify","Electrodynamics"],"picked":"Fission","floor":16},{"not_picked":["Reprogram","Static Discharge"],"picked":"Storm","floor":18},{"not_picked":["Ball Lightning","Leap"],"picked":"Streamline","floor":20},{"not_picked":["Tempest","Force Field","Leap+1"],"picked":"SKIP","floor":21},{"not_picked":["Cold Snap+1","Chaos","Rainbow"],"picked":"SKIP","floor":23},{"not_picked":["Stack","ReplayTheSpireMod:System Scan"],"picked":"Ball Lightning+1","floor":24}],"player_experience":65815,"relics_obtained":[{"floor":6,"key":"White Beast Statue"},{"floor":9,"key":"MawBank"},{"floor":11,"key":"Simple Rune"},{"floor":20,"key":"Red Mask"},{"floor":23,"key":"HornCleat"},{"floor":26,"key":"Pear"}],"event_choices":[{"damage_healed":0,"gold_gain":0,"player_choice":"Leave","damage_taken":0,"max_hp_gain":0,"max_hp_loss":0,"event_name":"conspire:Investor","floor":3,"gold_loss":0},{"damage_healed":0,"gold_gain":0,"player_choice":"Take Damage","damage_taken":18,"relics_obtained":["Golden Idol"],"max_hp_gain":0,"max_hp_loss":0,"event_name":"Golden Idol","floor":5,"gold_loss":0},{"damage_healed":0,"gold_gain":0,"player_choice":"1 cards matched","damage_taken":0,"max_hp_gain":0,"max_hp_loss":0,"event_name":"Match and Keep!","floor":12,"gold_loss":0,"cards_obtained":["conspire:Banana"]},{"cards_removed":["Defend_B"],"damage_healed":0,"gold_gain":0,"player_choice":"Gave Gold","damage_taken":0,"max_hp_gain":0,"max_hp_loss":0,"event_name":"Beggar","floor":19,"gold_loss":75},{"damage_healed":0,"gold_gain":0,"player_choice":"Fought Bandits","damage_taken":0,"max_hp_gain":0,"max_hp_loss":0,"event_name":"Masked Bandits","floor":20,"gold_loss":0}],"is_beta":false,"boss_relics":[{"not_picked":["Painkiller Herb","Inserter"],"picked":"Fusion Hammer"}],"items_purged_floors":[],"is_endless":false,"potions_floor_spawned":[1,6,8,11,14,16,18,20,21,23,24],"killed_by":"Gremlin Leader","ascension_level":1}}