{"host":"sav7uxregyirlf69","time":1610576427,"event":{"mods":["AchievementEnabler","BaseMod","Colored Map","DeckTracker","Keyboard Shortcuts","Minty Spire (QoL Compilation)","READ ME - Guardian Mod","StSLib","SuperFastMode"],"gold_per_floor":[116,116,116,116,129,129,158,233,260,260,278,20,38,38,38,112,112,125,136,136,154,429,429,191,206,206,206,256,275,200,39,39,39,39],"floor_reached":33,"language":"KOR","playtime":560,"items_purged":["Regret"],"score":536,"play_id":"322f3864-c3c9-419e-831f-dbd053764d91","local_time":"20210114072027","is_ascension_mode":true,"campfire_choices":[{"data":"Terror","floor":6.0,"key":"SMITH"},{"data":"Footwork","floor":15.0,"key":"SMITH"},{"floor":23.0,"key":"REST"},{"floor":32,"key":"RECALL"}],"circlet_count":0,"master_deck":["AscendersBane","Strike_G","Strike_G","Defend_G","Defend_G","Defend_G","Defend_G","Defend_G","Survivor+1","Neutralize","Dagger Throw","Terror+1","Backflip","Deadly Poison+1","Footwork+1","PiercingWail+1","Deadly Poison+1","Venomology"],"relics":["Ring of the Snake","NeowsBlessing","Juzu Bracelet","MealTicket","Anchor","Fusion Hammer","TheAbacus","Torii","Lee\u0027s Waffle"],"acts_visited":["Exordium","TheCity"],"potions_floor_usage":[27,29,33,33],"damage_taken":[{"damage":0.0,"enemies":"Jaw Worm","floor":1.0,"turns":1.0},{"damage":0.0,"enemies":"2 Louse","floor":5.0,"turns":1.0},{"damage":0.0,"enemies":"Lagavulin","floor":7.0,"turns":1.0},{"damage":7.0,"enemies":"Small Slimes","floor":11.0,"turns":3.0},{"damage":0.0,"enemies":"3 Louse","floor":13.0,"turns":4.0},{"damage":4.0,"enemies":"The Guardian","floor":16.0,"turns":10.0},{"damage":1.0,"enemies":"Spheric Guardian","floor":18.0,"turns":7.0},{"damage":20.0,"enemies":"Chosen","floor":19.0,"turns":6.0},{"damage":19.0,"enemies":"Sentry and Sphere","floor":21.0,"turns":8.0},{"damage":10.0,"enemies":"3 Cultists","floor":25.0,"turns":6.0},{"damage":1,"enemies":"Colosseum Slavers","floor":27,"turns":6},{"damage":12,"enemies":"Snake Plant","floor":29,"turns":4},{"damage":88,"enemies":"Collector","floor":33,"turns":8}],"seed_played":"-8233759806510364793","potions_obtained":[{"floor":1.0,"key":"AttackPotion"},{"floor":18.0,"key":"PowerPotion"},{"floor":19.0,"key":"FearPotion"},{"floor":29,"key":"Poison Potion"}],"is_trial":false,"path_per_floor":["M","?","?","?","M","R","E","?","T","?","M","$","M","$","R","B",null,"M","M","?","M","?","R","$","M","T","?","?","M","?","$","R","B"],"character_chosen":"THE_SILENT","items_purchased":["Footwork","Anchor","TheAbacus","Lee\u0027s Waffle"],"campfire_rested":1,"item_purchase_floors":[12,12,24,31],"current_hp_per_floor":[59,59,52,52,52,52,52,41,41,21,14,29,29,44,44,40,60,59,39,39,20,20,39,54,44,44,43,43,31,31,73,73,0,0],"gold":39,"neow_bonus":"THREE_ENEMY_KILL","is_daily":false,"chose_seed":false,"campfire_upgraded":2,"win_rate":0.0,"timestamp":1610576427,"path_taken":["M","?","?","?","M","R","E","?","T","?","M","$","M","$","R","BOSS","M","M","?","M","?","R","$","M","T","?","?","M","?","$","R","BOSS"],"items_purchased_type":["Card","Relic","Relic","Relic"],"build_version":"2020-12-22","purchased_purges":1,"victory":false,"max_hp_per_floor":[66,66,66,66,66,66,66,66,66,66,66,66,66,66,66,66,66,66,66,66,66,66,66,66,66,66,66,66,66,66,73,73,73,73],"card_choices":[{"not_picked":["Finisher","Masterful Stab"],"picked":"Dagger Throw","floor":1.0},{"not_picked":["Dagger Throw","PiercingWail"],"picked":"Backflip","floor":5.0},{"not_picked":["Underhanded Strike","Riddle With Holes"],"picked":"Deadly Poison","floor":7.0},{"not_picked":["Backflip","Poisoned Stab","Masterful Stab"],"picked":"SKIP","floor":11.0},{"not_picked":["Infinite Blades","Venomology","Prepared"],"picked":"SKIP","floor":13.0},{"not_picked":["Dagger Throw","Dash"],"picked":"PiercingWail+1","floor":18.0},{"not_picked":["Endless Agony","Masterful Stab","Flying Knee"],"picked":"SKIP","floor":19.0},{"not_picked":["Sucker Punch","Dagger Throw"],"picked":"Deadly Poison+1","floor":21.0},{"not_picked":["Dagger Throw","Sucker Punch"],"picked":"Venomology","floor":25.0},{"not_picked":["Eviscerate","Poisoned Stab","PiercingWail"],"picked":"SKIP","floor":29}],"player_experience":1279223,"relics_obtained":[{"floor":7.0,"key":"Juzu Bracelet"},{"floor":9.0,"key":"MealTicket"},{"floor":26.0,"key":"Torii"}],"event_choices":[{"damage_healed":0.0,"max_hp_gain":0.0,"max_hp_loss":0.0,"gold_gain":0.0,"event_name":"Liars Game","player_choice":"Ignored","floor":2.0,"gold_loss":0.0,"damage_taken":0.0},{"cards_removed":["Strike_G"],"damage_healed":0.0,"max_hp_gain":0.0,"max_hp_loss":0.0,"gold_gain":0.0,"event_name":"Golden Wing","player_choice":"Card Removal","floor":3.0,"gold_loss":0.0,"damage_taken":7.0},{"damage_healed":0.0,"max_hp_gain":0.0,"max_hp_loss":0.0,"gold_gain":0.0,"cards_transformed":["Strike_G"],"event_name":"Living Wall","player_choice":"Change","floor":4.0,"gold_loss":0.0,"damage_taken":0.0,"cards_obtained":["Terror"]},{"damage_healed":0.0,"max_hp_gain":0.0,"max_hp_loss":0.0,"gold_gain":75.0,"event_name":"World of Goop","player_choice":"Gather Gold","floor":8.0,"gold_loss":0.0,"damage_taken":11.0},{"damage_healed":0.0,"max_hp_gain":0.0,"max_hp_loss":0.0,"gold_gain":0.0,"event_name":"Shining Light","player_choice":"Entered Light","floor":10.0,"gold_loss":0.0,"damage_taken":20.0,"cards_upgraded":["Deadly Poison","Survivor"]},{"damage_healed":0.0,"max_hp_gain":0.0,"max_hp_loss":0.0,"gold_gain":0.0,"event_name":"The Mausoleum","player_choice":"Ignored","floor":20.0,"gold_loss":0.0,"damage_taken":0.0},{"damage_healed":0.0,"max_hp_gain":0.0,"max_hp_loss":0.0,"gold_gain":275.0,"event_name":"Golden Shrine","player_choice":"Desecrate","floor":22.0,"gold_loss":0.0,"damage_taken":0.0,"cards_obtained":["Regret"]},{"damage_healed":0,"gold_gain":0,"player_choice":"Fight","damage_taken":0,"max_hp_gain":0,"max_hp_loss":0,"event_name":"Colosseum","floor":27,"gold_loss":0},{"damage_healed":0,"gold_gain":0,"player_choice":"Fled From Nobs","damage_taken":0,"max_hp_gain":0,"max_hp_loss":0,"event_name":"Colosseum","floor":27,"gold_loss":0},{"damage_healed":0,"gold_gain":50,"player_choice":"Stole From Cult","damage_taken":0,"max_hp_gain":0,"max_hp_loss":0,"event_name":"Nest","floor":28,"gold_loss":0},{"cards_removed":["Strike_G"],"damage_healed":0,"gold_gain":0,"player_choice":"Gave Gold","damage_taken":0,"max_hp_gain":0,"max_hp_loss":0,"event_name":"Beggar","floor":30,"gold_loss":75}],"is_beta":false,"boss_relics":[{"not_picked":["Runic Dome","Runic Pyramid"],"picked":"Fusion Hammer"}],"items_purged_floors":[24],"is_endless":false,"potions_floor_spawned":[1,18,19,27,29],"killed_by":"Collector","ascension_level":20}}