{"host":"418g6sfkt80mlacg","time":1610534862,"event":{"mods":["Act Like it!","BaseMod","Colored Powertips","Downfall","Gensokyo","Hermit","KinomotoSakuraMod(ƒæ÷Æ±æ”£)","KomeijiMod","Marisa£®ÏF”Í°°ƒß¿Ì…≥£©","Minty Spire (QoL Compilation)","Reimu£®≤©¿ˆ¡È√Œ£©","Remilia£®¿Ÿ√◊¿Ú—«£©","Replay The Spire","Shop Mod","StSLib","Td1madao Mod","The Administrix","The Animator","The Cursed","The Servant 0.9.4","WarShipGirlsR/’ΩΩ¢…Ÿ≈ÆR mod","Youmu£®ªÍ∆«—˝√Œ£©","Yuyuko","[IsaacMod]“‘»ˆº‚À˛"],"gold_per_floor":[110,158,258,318,337,337,337,337,411,411,411,445,455,505,352,25,25,122,122,140,240,240,190,190,190,47,47,47,47,60,60,60],"floor_reached":31,"language":"ZHS","playtime":2073,"items_purged":[],"score":300,"play_id":"47af8bad-0520-4103-b1be-1c07498b2823","local_time":"20210113184742","is_ascension_mode":false,"campfire_choices":[{"data":"TheCursedMod:SpitefulPray","floor":6,"key":"SMITH"},{"data":"TheCursedMod:CursedWand","floor":10,"key":"SMITH"},{"data":"TheCursedMod:HellsGateOpen","floor":17,"key":"SMITH"},{"floor":25,"key":"REST"},{"floor":29,"key":"RECALL"}],"circlet_count":0,"master_deck":["TheCursedMod:Strike_TheCursed","TheCursedMod:Strike_TheCursed","TheCursedMod:Strike_TheCursed","TheCursedMod:Strike_TheCursed","TheCursedMod:Defend_TheCursed","TheCursedMod:Defend_TheCursed","TheCursedMod:Defend_TheCursed","TheCursedMod:Defend_TheCursed","TheCursedMod:CursedWand+1","TheCursedMod:CleanUpWorkshop","TheCursedMod:Dregs","DoctorFetus","TheCursedMod:CursedShiv","TheCursedMod:CursedShiv","TheCursedMod:WearCloak","TheCursedMod:LuckyCharm","TheCursedMod:SpitefulPray+1","TheCursedMod:HellfireBreathing","TheCursedMod:LuckyCharm","TheCursedMod:HellsGateOpen+1","TheCursedMod:CircleOfFlame","TheCursedMod:CircleOfAbyss","TheCursedMod:Hemoplague","TheCursedMod:HellfireBreathing","TheCursedMod:HellfireBreathing","TheCursedMod:OutForBlood","TheCursedMod:CollectTribute","TheCursedMod:CursedBlade","TheCursedMod:Mangle","TheCursedMod:DemonicPact","TheCursedMod:CircleOfFlame+1","TheCursedMod:CircleOfCorruption+1"],"relics":["TheCursedMod:BlackMagic101","HushsDoor","PokeGo","NeowsBlessing","Ancient Tea Set","UnicornStump","Mercury Hourglass","Kunai","DeadEye","Dream Catcher","Orrery","Iron Hammer","Black Star","PunchingBag","BlankCard","Letter Opener","SteamSale","TheCursedMod:DemonicMark"],"acts_visited":["Gensokyo:Gensokyo","Gensokyo:Gensokyoer"],"potions_floor_usage":[14,14,21],"damage_taken":[{"damage":0,"enemies":"Gensokyo:2_Kodama","floor":1,"turns":1},{"damage":0,"enemies":"Gensokyo:3_Fairies","floor":5,"turns":1},{"damage":0,"enemies":"Gensokyo:Aya","floor":12,"turns":1},{"damage":6,"enemies":"Gensokyo:Python","floor":13,"turns":3},{"damage":14,"enemies":"Hiden Room Battle","floor":14,"turns":5},{"damage":0,"enemies":"Gensokyo:Reimu","floor":18,"turns":7},{"damage":38,"enemies":"Gensokyo:CosmicMonolith","floor":20,"turns":5},{"damage":21,"enemies":"Gensokyo:CosmicMonolith","floor":21,"turns":8},{"damage":5,"enemies":"Gensokyo:Chomper","floor":30,"turns":4},{"damage":38,"enemies":"Gensokyo:3_Gloops","floor":31,"turns":4}],"seed_played":"-675785272944784250","potions_obtained":[{"floor":12,"key":"GrandPatriotsElixir:ReiMu"},{"floor":13,"key":"Fire Potion"},{"floor":18,"key":"ZuzhouPotion:ReiMu"}],"is_trial":false,"path_per_floor":["M","T","?","?","M","R","PTL","PTL","T","R","T","E","M","?","$","$","R","B",null,"M","?","?","?","T","R","COS","?","T","R","M","M"],"character_chosen":"THE_CURSED","items_purchased":["Orrery","Iron Hammer","TheCursedMod:HellfireBreathing","TheCursedMod:CollectTribute"],"campfire_rested":1,"item_purchase_floors":[15,16,16,19],"current_hp_per_floor":[75,75,75,75,75,75,75,75,75,75,75,75,69,55,55,55,55,55,71,33,12,12,19,19,42,42,42,42,42,37,0,0],"gold":60,"neow_bonus":"THREE_ENEMY_KILL","is_daily":false,"chose_seed":false,"campfire_upgraded":3,"win_rate":0.0,"timestamp":1610534862,"path_taken":["M","?","?","?","M","R","PTL","PTL","?","R","T","E","M","?","?","$","R","BOSS","M","?","?","?","?","R","COS","?","T","R","?","M"],"items_purchased_type":["Relic","Relic","Card","Card"],"build_version":"2020-12-22","purchased_purges":0,"victory":false,"max_hp_per_floor":[75,75,75,75,75,75,75,75,75,75,75,75,75,75,75,75,75,75,71,71,71,71,78,78,78,78,78,78,78,78,78,78],"card_choices":[{"not_picked":[],"picked":"DoctorFetus","floor":0},{"not_picked":["TheCursedMod:HellsGateOpen","TheCursedMod:SurpriseAttack"],"picked":"TheCursedMod:CursedShiv","floor":1},{"not_picked":["TheCursedMod:BlessingInDisguise","TheCursedMod:RapidMovement"],"picked":"TheCursedMod:CursedShiv","floor":3},{"not_picked":["TheCursedMod:CursedAmulet","TheCursedMod:FleshFromBone"],"picked":"TheCursedMod:WearCloak","floor":4},{"not_picked":["TheCursedMod:Stigma","TheCursedMod:RapidMovement"],"picked":"TheCursedMod:LuckyCharm","floor":4},{"not_picked":["TheCursedMod:CursedAmulet","TheCursedMod:ForbiddenAlchemy"],"picked":"TheCursedMod:SpitefulPray","floor":5},{"not_picked":["TheCursedMod:CircleOfCorruption","TheCursedMod:SpitefulPray"],"picked":"TheCursedMod:HellfireBreathing","floor":12},{"not_picked":["TheCursedMod:Stretching","TheCursedMod:FuryStrike"],"picked":"TheCursedMod:LuckyCharm","floor":13},{"not_picked":["TheCursedMod:Stigma","TheCursedMod:CursedBlade"],"picked":"TheCursedMod:HellsGateOpen","floor":14},{"not_picked":["TheCursedMod:RapidMovement","TheCursedMod:RavingStaff"],"picked":"TheCursedMod:CircleOfFlame","floor":15},{"not_picked":["TheCursedMod:CursedMace","TheCursedMod:SmokeScreen"],"picked":"TheCursedMod:CircleOfAbyss","floor":15},{"not_picked":["TheCursedMod:SpitefulStrike","TheCursedMod:CursedShiv"],"picked":"TheCursedMod:Hemoplague","floor":15},{"not_picked":["TheCursedMod:Torture","TheCursedMod:TroublousMinions"],"picked":"TheCursedMod:HellfireBreathing","floor":15},{"not_picked":["TheCursedMod:UltimatePain","TheCursedMod:DemonSword"],"picked":"TheCursedMod:OutForBlood","floor":18},{"not_picked":["TheCursedMod:Stigma","TheCursedMod:EmpowerCircles"],"picked":"TheCursedMod:CursedBlade","floor":20},{"not_picked":["TheCursedMod:ReleasedKnowledge+1","TheCursedMod:VitalStrike"],"picked":"TheCursedMod:Mangle","floor":21},{"not_picked":[],"picked":"TheCursedMod:DemonicPact","floor":22},{"not_picked":["TheCursedMod:CircleOfFocus","TheCursedMod:CursedBlade"],"picked":"TheCursedMod:CircleOfFlame+1","floor":25},{"not_picked":["TheCursedMod:SmokeScreen","TheCursedMod:CursedBoomerang"],"picked":"TheCursedMod:CircleOfCorruption+1","floor":30}],"player_experience":14506,"relics_obtained":[{"floor":2,"key":"Ancient Tea Set"},{"floor":4,"key":"UnicornStump"},{"floor":11,"key":"Mercury Hourglass"},{"floor":12,"key":"Kunai"},{"floor":14,"key":"DeadEye"},{"floor":14,"key":"Dream Catcher"},{"floor":21,"key":"PunchingBag"},{"floor":21,"key":"BlankCard"},{"floor":24,"key":"Letter Opener"},{"floor":28,"key":"TheCursedMod:DemonicMark"}],"event_choices":[{"damage_healed":0,"gold_gain":0,"player_choice":"Fight","damage_taken":0,"max_hp_gain":0,"max_hp_loss":0,"event_name":"HidenRoomEvent","floor":14,"gold_loss":0}],"is_beta":false,"boss_relics":[{"not_picked":["Busted Crown","Philosopher\u0027s Stone"],"picked":"Black Star"},{"not_picked":[]}],"items_purged_floors":[],"is_endless":false,"potions_floor_spawned":[12,13,18],"killed_by":"Gensokyo:3_Gloops","ascension_level":0}}