{"host":"mn5kbj4x7gv3jr0o","time":1610515803,"event":{"mods":["100% Spire Juice","2.2 Compatiblity","AchievementEnabler","Ascension Reborn","Ascension Unlocker","Aspiration","BaseMod","Better Note","CCEM","Conjunction","Conspire","Curses Come First","Downfall","HololiveMod","Hubris","Infinite Spire","Jess\u0027s Bottle","Minty Spire (QoL Compilation)","Quarter Circle Forward PUNCH!","Quick Restart","Relic Sorter","Relic Stats","Replay The Spire","Reworked Bosses","SCP261 Mod","SacredBarkPlus","Shedinja","Small Relic Pack","Spicy Shops","Spikes Relics","StSLib","Trackpad","Uncapped","Unceasing Turn Reminder","Virulent Crown","vexMod"],"gold_per_floor":[114,114,134,134,83,83,83,18,18,48,77,126,158,38,38,58,58,90,90,115,279,311,311,311],"floor_reached":23,"language":"ENG","playtime":1717,"items_purged":[],"score":191,"play_id":"2305e0c2-e569-41be-aedb-e46778640bed","local_time":"20210113003003","is_ascension_mode":true,"campfire_choices":[{"data":"Moonworks:JonathanRush","floor":7,"key":"SMITH"},{"data":"Moonworks:CloudOfSeagulls","floor":15,"key":"SMITH"}],"circlet_count":0,"master_deck":["Moonworks:Strike","Moonworks:Strike","Moonworks:Strike","Moonworks:Strike","Moonworks:Defend","Moonworks:Defend","Moonworks:Defend","Moonworks:Defend","Moonworks:Ambush","Moonworks:LongDistanceShot","Moonworks:JonathanRush+1","Moonworks:Assault","Slimebound:Icky","Moonworks:JonathanRush","Shedinja:AerialAce","Doubt","Moonworks:EvilSpyWorkPreparation","Moonworks:LulusLuckyEgg","Moonworks:AnotherUltimateWeapon","Moonworks:CloudOfSeagulls+1","Moonworks:AccelHyper","Moonworks:ScrambledEve","Moonworks:CloudOfSeagulls","Regret","Moonworks:CloudOfSeagulls+1"],"relics":["Moonworks:BrokenBomb","Moonworks:Homemark","Golden Idol","Ring of Misfortune","Ring of Searing","Shedinja:EnergyLoss","CeramicFish","Bottled Flame","conspire:RunicOctahedron","Vajra"],"acts_visited":["Exordium","TheCity"],"potions_floor_usage":[16],"damage_taken":[{"damage":2,"enemies":"conspire:RoseBush","floor":1,"turns":4},{"damage":5,"enemies":"Small Slimes","floor":3,"turns":4},{"damage":0,"enemies":"2 Louse","floor":10,"turns":2},{"damage":0,"enemies":"2 Fungi Beasts","floor":11,"turns":3},{"damage":3,"enemies":"3 Sentries","floor":12,"turns":4},{"damage":0,"enemies":"Blue Slaver","floor":13,"turns":3},{"damage":1,"enemies":"Fading Forest","floor":16,"turns":11},{"damage":9,"enemies":"Chosen","floor":18,"turns":4},{"damage":10,"enemies":"3 Byrds","floor":20,"turns":3},{"damage":0,"enemies":"3 Cultists","floor":22,"turns":4},{"damage":47,"enemies":"Nightmare","floor":23,"turns":5}],"seed_played":"-5176182678153001682","potions_obtained":[{"floor":11,"key":"Adrenaline Potion"},{"floor":12,"key":"champ:CounterPotion"},{"floor":13,"key":"Block Potion"}],"is_trial":false,"path_per_floor":["M","?","M","?","$","?","R","?","T","M","M","E","M","?","R","B",null,"M","AVR","M","?","M","NM"],"character_chosen":"THE_STARBREAKER","items_purchased":["Moonworks:JonathanRush"],"campfire_rested":0,"item_purchase_floors":[5],"current_hp_per_floor":[64,48,43,43,43,43,43,43,43,43,43,40,40,40,40,51,66,57,57,47,47,47,0,0],"gold":311,"neow_bonus":"TEN_PERCENT_HP_BONUS","is_daily":false,"chose_seed":false,"campfire_upgraded":2,"win_rate":0.0,"timestamp":1610515803,"path_taken":["M","?","M","?","$","?","R","?","T","?","M","E","M","?","R","BOSS","M","AVR","M","?","M","NM"],"items_purchased_type":["Card"],"build_version":"2020-12-22","purchased_purges":0,"victory":false,"max_hp_per_floor":[66,66,66,66,66,66,66,66,66,66,66,66,66,66,66,66,66,66,66,66,66,66,66,66],"relic_stats":{"counters":[11,47],"Golden Idol":64,"CeramicFish":81,"obtain_stats":[{"Bottled Flame":12,"Golden Idol":2,"Moonworks:Homemark":0,"Ring of Misfortune":4,"CeramicFish":9,"Vajra":19,"Shedinja:EnergyLoss":6,"conspire:RunicOctahedron":17,"Moonworks:BrokenBomb":0,"Ring of Searing":4},{"Bottled Flame":5,"Golden Idol":1,"Moonworks:Homemark":0,"Ring of Misfortune":2,"CeramicFish":2,"Vajra":8,"Shedinja:EnergyLoss":2,"conspire:RunicOctahedron":7,"Moonworks:BrokenBomb":0,"Ring of Searing":2},{"Bottled Flame":17,"Golden Idol":4,"Moonworks:Homemark":0,"Ring of Misfortune":8,"CeramicFish":8,"Vajra":35,"Shedinja:EnergyLoss":8,"conspire:RunicOctahedron":31,"Moonworks:BrokenBomb":0,"Ring of Searing":8}]},"card_choices":[{"not_picked":["Moonworks:LulusLuckyEgg","Moonworks:EvilSpyWorkPreparation"],"picked":"Moonworks:JonathanRush","floor":1},{"not_picked":["Moonworks:ScrambledEve","Moonworks:SealedMemories"],"picked":"Moonworks:Assault","floor":3},{"not_picked":["Moonworks:BackdoorTrade","Moonworks:LulusLuckyEgg"],"picked":"Moonworks:EvilSpyWorkPreparation","floor":10},{"not_picked":["Moonworks:ReproductionOfRecords","Moonworks:Bloodlust"],"picked":"Moonworks:LulusLuckyEgg","floor":11},{"not_picked":["Moonworks:BigBangBell","Moonworks:CookingTime"],"picked":"Moonworks:AnotherUltimateWeapon","floor":12},{"not_picked":["Moonworks:JonathanRush","Moonworks:NicePresent"],"picked":"Moonworks:CloudOfSeagulls","floor":13},{"not_picked":["Moonworks:Blazing","Moonworks:Gamble"],"picked":"Moonworks:AccelHyper","floor":16},{"not_picked":["Moonworks:ImOnFire","Moonworks:DeployBits"],"picked":"Moonworks:ScrambledEve","floor":18},{"not_picked":["Moonworks:IndiscriminateFireSupport","Moonworks:ImmovableObject"],"picked":"Moonworks:CloudOfSeagulls","floor":20},{"not_picked":["Moonworks:Dash","Moonworks:LeapThroughSpace"],"picked":"Moonworks:CloudOfSeagulls+1","floor":22}],"player_experience":145597,"relics_obtained":[{"floor":4,"key":"Ring of Misfortune"},{"floor":4,"key":"Ring of Searing"},{"floor":9,"key":"CeramicFish"},{"floor":12,"key":"Bottled Flame"}],"event_choices":[{"damage_healed":0,"gold_gain":0,"player_choice":"Take Damage","damage_taken":16,"relics_obtained":["Golden Idol"],"max_hp_gain":0,"max_hp_loss":0,"event_name":"Golden Idol","floor":2,"gold_loss":0},{"damage_healed":0,"gold_gain":175,"player_choice":"AGREE","damage_taken":0,"max_hp_gain":0,"max_hp_loss":0,"event_name":"Liars Game","floor":8,"gold_loss":0,"cards_obtained":["Doubt"]},{"damage_healed":0,"gold_gain":0,"player_choice":"Leave","damage_taken":0,"max_hp_gain":0,"max_hp_loss":0,"event_name":"conspire:Investor","floor":14,"gold_loss":0},{"damage_healed":0,"gold_gain":275,"player_choice":"Desecrate","damage_taken":0,"max_hp_gain":0,"max_hp_loss":0,"event_name":"Golden Shrine","floor":21,"gold_loss":0,"cards_obtained":["Regret"]}],"is_beta":false,"boss_relics":[{"not_picked":["relicPack:ShieldShield","CCEMRelics:TransientCore"],"picked":"conspire:RunicOctahedron"}],"items_purged_floors":[],"is_endless":false,"potions_floor_spawned":[11,12,13],"killed_by":"Nightmare","ascension_level":0}}