{"host":"5wznv0010959mrmz","time":1610510350,"event":{"mods":["BaseMod","Highlight Path","Minty Spire (QoL Compilation)","Relic Stats"],"gold_per_floor":[210,360,360,435,16,47,47,57,126,126,126,154,171,206,206,206,206],"floor_reached":16,"language":"ENG","playtime":608,"items_purged":["Doubt"],"score":232,"play_id":"677b7d91-538b-48ee-8ada-7c7803b19223","local_time":"20210112215910","is_ascension_mode":true,"campfire_choices":[{"floor":7,"key":"REST"},{"data":"Tools of the Trade","floor":10,"key":"SMITH"},{"data":"Dagger Throw","floor":15,"key":"SMITH"}],"circlet_count":0,"master_deck":["AscendersBane","Strike_G","Strike_G","Strike_G","Strike_G","Defend_G","Defend_G","Defend_G","Defend_G","Defend_G","Survivor","Neutralize","Dagger Throw+1","Storm of Steel","Tools of the Trade+1","PiercingWail","Prepared","Cloak And Dagger"],"relics":["Ring of the Snake","Tough Bandages","Toy Ornithopter","HornCleat","Eternal Feather","Potion Belt"],"acts_visited":["Exordium"],"potions_floor_usage":[12],"damage_taken":[{"damage":0,"enemies":"Small Slimes","floor":1,"turns":5},{"damage":46,"enemies":"3 Sentries","floor":6,"turns":15},{"damage":0,"enemies":"2 Louse","floor":8,"turns":3},{"damage":14,"enemies":"Gremlin Nob","floor":12,"turns":4},{"damage":0,"enemies":"Cultist","floor":13,"turns":5},{"damage":9,"enemies":"3 Sentries","floor":14,"turns":10},{"damage":48,"enemies":"Slime Boss","floor":16,"turns":10}],"seed_played":"-2065947349402248687","potions_obtained":[{"floor":1,"key":"FearPotion"},{"floor":6,"key":"FairyPotion"}],"is_trial":false,"path_per_floor":["M","?","?","?","$","E","R","M","T","R","?","E","M","E","R","B"],"character_chosen":"THE_SILENT","items_purchased":["Tough Bandages"],"campfire_rested":1,"item_purchase_floors":[5],"current_hp_per_floor":[59,59,59,48,48,2,21,21,21,21,43,34,34,25,34,10,10],"gold":206,"neow_bonus":"HUNDRED_GOLD","is_daily":false,"chose_seed":false,"campfire_upgraded":2,"win_rate":0.0,"timestamp":1610510350,"path_taken":["M","?","?","?","$","E","R","M","T","R","?","E","M","E","R","BOSS"],"items_purchased_type":["Relic"],"build_version":"2020-12-22","purchased_purges":1,"victory":false,"max_hp_per_floor":[66,66,66,66,66,66,66,66,66,66,66,66,66,66,66,66,66],"relic_stats":{"Tough Bandages":[255],"counters":[7,51],"Eternal Feather":9,"obtain_stats":[{"Potion Belt":14,"Tough Bandages":5,"HornCleat":9,"Eternal Feather":12,"Toy Ornithopter":6,"Ring of the Snake":0},{"Potion Belt":6,"Tough Bandages":1,"HornCleat":3,"Eternal Feather":4,"Toy Ornithopter":2,"Ring of the Snake":0},{"Potion Belt":42,"Tough Bandages":5,"HornCleat":23,"Eternal Feather":27,"Toy Ornithopter":20,"Ring of the Snake":0}],"Toy Ornithopter":5,"Ring of the Snake":[14]},"card_choices":[{"not_picked":["Acrobatics","Flying Knee"],"picked":"Dagger Throw","floor":1},{"not_picked":["Deadly Poison","Poisoned Stab"],"picked":"Tools of the Trade","floor":6},{"not_picked":["Infinite Blades","Dagger Spray"],"picked":"PiercingWail","floor":8},{"not_picked":["Deflect","Quick Slash","Night Terror"],"picked":"SKIP","floor":12},{"not_picked":["Outmaneuver","Quick Slash"],"picked":"Prepared","floor":13},{"not_picked":["Underhanded Strike","PiercingWail"],"picked":"Cloak And Dagger","floor":14}],"player_experience":451038,"relics_obtained":[{"floor":6,"key":"Toy Ornithopter"},{"floor":9,"key":"HornCleat"},{"floor":12,"key":"Eternal Feather"},{"floor":14,"key":"Potion Belt"}],"event_choices":[{"damage_healed":0,"gold_gain":150,"player_choice":"AGREE","damage_taken":0,"max_hp_gain":0,"max_hp_loss":0,"event_name":"Liars Game","floor":2,"gold_loss":0,"cards_obtained":["Doubt"]},{"damage_healed":0,"gold_gain":0,"cards_transformed":["Strike_G"],"player_choice":"Change","damage_taken":0,"max_hp_gain":0,"max_hp_loss":0,"event_name":"Living Wall","floor":3,"gold_loss":0,"cards_obtained":["Storm of Steel"]},{"damage_healed":0,"gold_gain":75,"player_choice":"Gather Gold","damage_taken":11,"max_hp_gain":0,"max_hp_loss":0,"event_name":"World of Goop","floor":4,"gold_loss":0},{"damage_healed":22,"gold_gain":0,"player_choice":"Banana","damage_taken":0,"max_hp_gain":0,"max_hp_loss":0,"event_name":"Big Fish","floor":11,"gold_loss":0}],"is_beta":false,"boss_relics":[],"items_purged_floors":[5],"is_endless":false,"potions_floor_spawned":[1,6,8],"killed_by":"Slime Boss","ascension_level":20}}