{"host":"6wux4armhsntp4yb","time":1610538523,"event":{"mods":["BaseMod","Colored Map","DeckTracker","Minty Spire (QoL Compilation)","Relic Stats"],"gold_per_floor":[109,34,34,34,53,53,79,79,79,79,106,106,124,137,137,212,212,228,178,195,209,134,134,134],"floor_reached":23,"language":"JPN","playtime":994,"items_purged":[],"score":452,"play_id":"a95d5b41-4e2f-4320-a344-c26143d4eb4c","local_time":"20210113204843","is_ascension_mode":true,"campfire_choices":[{"data":"Crippling Poison","floor":6.0,"key":"SMITH"},{"data":"Terror","floor":8.0,"key":"SMITH"},{"data":"Neutralize","floor":10.0,"key":"SMITH"},{"data":"Burst","floor":12.0,"key":"SMITH"},{"data":"Well Laid Plans","floor":15.0,"key":"SMITH"}],"circlet_count":0,"master_deck":["AscendersBane","Strike_G","Strike_G","Defend_G","Defend_G","Defend_G","Defend_G","Defend_G","Survivor","Neutralize+1","Crippling Poison+1","Terror+1","Predator","Burst+1","Deadly Poison","Well Laid Plans+1","Bullet Time","Leg Sweep+1","Heel Hook","Expertise+1"],"relics":["Ring of the Snake","NeowsBlessing","Dream Catcher","Potion Belt","Turnip","Kunai","Cursed Key"],"acts_visited":["Exordium","TheCity"],"potions_floor_usage":[23,23],"damage_taken":[{"damage":0.0,"enemies":"Cultist","floor":1.0,"turns":1.0},{"damage":0.0,"enemies":"Small Slimes","floor":5.0,"turns":1.0},{"damage":0.0,"enemies":"Gremlin Nob","floor":7.0,"turns":1.0},{"damage":30.0,"enemies":"3 Sentries","floor":11.0,"turns":10.0},{"damage":2.0,"enemies":"Jaw Worm","floor":13.0,"turns":3.0},{"damage":0.0,"enemies":"2 Fungi Beasts","floor":14.0,"turns":3.0},{"damage":12.0,"enemies":"Slime Boss","floor":16.0,"turns":9.0},{"damage":14.0,"enemies":"3 Byrds","floor":18.0,"turns":4.0},{"damage":9.0,"enemies":"2 Thieves","floor":19.0,"turns":5.0},{"damage":12.0,"enemies":"Snake Plant","floor":20.0,"turns":5.0},{"damage":0.0,"enemies":"3 Cultists","floor":21.0,"turns":6.0},{"damage":17,"enemies":"Slavers","floor":23,"turns":3}],"seed_played":"3672263123624304871","potions_obtained":[{"floor":5.0,"key":"Poison Potion"},{"floor":11.0,"key":"PowerPotion"},{"floor":13.0,"key":"EssenceOfSteel"},{"floor":16.0,"key":"PowerPotion"},{"floor":19.0,"key":"Fire Potion"}],"is_trial":false,"path_per_floor":["M","?","?","?","M","R","E","R","T","R","E","R","M","M","R","B",null,"M","M","M","M","?","E"],"character_chosen":"THE_SILENT","items_purchased":[],"campfire_rested":0,"item_purchase_floors":[],"current_hp_per_floor":[59,59,48,48,48,48,48,48,48,48,18,18,16,16,16,4,51,37,28,16,16,16,0,0],"gold":134,"neow_bonus":"THREE_ENEMY_KILL","is_daily":false,"chose_seed":false,"campfire_upgraded":5,"win_rate":0.0,"timestamp":1610538523,"path_taken":["M","?","?","?","M","R","E","R","T","R","E","R","M","M","R","BOSS","M","?","M","?","?","E"],"items_purchased_type":[],"build_version":"2020-12-22","purchased_purges":0,"victory":false,"max_hp_per_floor":[66,66,66,66,66,66,66,66,66,66,66,66,66,66,66,66,66,66,66,66,66,66,66,66],"relic_stats":{"Dream Catcher":0,"counters":[12,51],"Turnip":[5],"Kunai":[7],"Cursed Key":0,"obtain_stats":[{"Potion Belt":7,"Dream Catcher":3,"NeowsBlessing":0,"Turnip":9,"Kunai":11,"Cursed Key":17,"Ring of the Snake":0},{"Potion Belt":3,"Dream Catcher":1,"NeowsBlessing":0,"Turnip":3,"Kunai":4,"Cursed Key":7,"Ring of the Snake":0},{"Potion Belt":3,"Dream Catcher":1,"NeowsBlessing":0,"Turnip":3,"Kunai":13,"Cursed Key":28,"Ring of the Snake":0}],"Ring of the Snake":[24]},"card_choices":[{"not_picked":["Underhanded Strike","Acrobatics"],"picked":"Crippling Poison","floor":1.0},{"not_picked":["Flying Knee","PiercingWail"],"picked":"Terror","floor":5.0},{"not_picked":["Slice","Backflip"],"picked":"Predator","floor":7.0},{"not_picked":["All Out Attack","Expertise"],"picked":"Burst","floor":11.0},{"not_picked":["Concentrate","Dodge and Roll"],"picked":"Deadly Poison","floor":13.0},{"not_picked":["Crippling Poison","Sucker Punch"],"picked":"Well Laid Plans","floor":14.0},{"not_picked":["Die Die Die","A Thousand Cuts"],"picked":"Bullet Time","floor":16.0},{"not_picked":["Slice","Dash"],"picked":"Leg Sweep+1","floor":18.0},{"not_picked":["Dodge and Roll","Finisher"],"picked":"Heel Hook","floor":19.0},{"not_picked":["Reflex","Dodge and Roll","Dagger Spray"],"picked":"SKIP","floor":20.0},{"not_picked":["Riddle With Holes","Caltrops"],"picked":"Expertise+1","floor":21.0}],"player_experience":5778247,"relics_obtained":[{"floor":7.0,"key":"Potion Belt"},{"floor":9.0,"key":"Turnip"},{"floor":11.0,"key":"Kunai"}],"event_choices":[{"cards_removed":["Strike_G"],"damage_healed":0.0,"max_hp_gain":0.0,"max_hp_loss":0.0,"gold_gain":0.0,"event_name":"The Cleric","player_choice":"Card Removal","floor":2.0,"gold_loss":75.0,"damage_taken":0.0},{"damage_healed":0.0,"max_hp_gain":0.0,"max_hp_loss":0.0,"gold_gain":0.0,"event_name":"Scrap Ooze","player_choice":"Success","floor":3.0,"gold_loss":0.0,"damage_taken":11.0,"relics_obtained":["Dream Catcher"]},{"cards_removed":["Strike_G"],"damage_healed":0.0,"max_hp_gain":0.0,"max_hp_loss":0.0,"gold_gain":0.0,"event_name":"Bonfire Elementals","player_choice":"Offered Basic","floor":4.0,"gold_loss":0.0,"damage_taken":0.0},{"cards_removed":["Strike_G"],"damage_healed":0.0,"max_hp_gain":0.0,"max_hp_loss":0.0,"gold_gain":0.0,"event_name":"Beggar","player_choice":"Gave Gold","floor":22.0,"gold_loss":75.0,"damage_taken":0.0}],"is_beta":false,"boss_relics":[{"not_picked":["Black Star","Ring of the Serpent"],"picked":"Cursed Key"}],"items_purged_floors":[],"is_endless":false,"potions_floor_spawned":[5,11,13,16,19],"killed_by":"Slavers","ascension_level":20}}