{"host":"29edf478rwpwmxys","time":1610543928,"event":{"mods":["AchievementEnabler","BaseMod","Bestiary","Dark Map","Downfall","Hermit","Minty Spire (QoL Compilation)","Quick Restart","Rare Cards Sparkle","StSLib","The Necromancer","everything is the same but u backflip on backflip"],"gold_per_floor":[99,117,117,117,127,37,37,49,149,182,195,208,223,256,273,377,377,302,322,332,332,345,345,345,1,1,35,35,35,52,152,172,268,268,268,286,302,316,366,35,35,48,75,75,150,75,122,140,160,160],"floor_reached":51,"language":"SPA","playtime":4872,"items_purged":["Regret","Slimebound:Defend_Slimebound"],"score":761,"play_id":"8319e8b8-c4ec-4b47-be31-38f44ad76d7b","local_time":"20210113141848","is_ascension_mode":false,"campfire_choices":[{"data":"Slimebound:CorrosiveSpit","floor":1,"key":"SMITH"},{"data":"Slimebound:DuplicatedForm","floor":18,"key":"SMITH"},{"data":"Slimebound:SplitMire","floor":26,"key":"SMITH"},{"data":"Slimebound:SplitLeeching","floor":35,"key":"SMITH"},{"data":"1","floor":46,"key":"LIFT"}],"circlet_count":0,"master_deck":["Slimebound:Strike_Slimebound","Slimebound:Strike_Slimebound+1","Slimebound:Defend_Slimebound","Slimebound:Defend_Slimebound","Slimebound:Defend_Slimebound","Slimebound:Split","Slimebound:CorrosiveSpit+1","Slimebound:FirmFortitude","Slimebound:SplitMire","Slimebound:SplitMire+1","Slimebound:DouseInSlime","Slimebound:Dissolve","Slimebound:GrowthPunch","Slimebound:AcidTongue","Slimebound:SplitLeeching+1","Slimebound:Repurpose","Slimebound:DuplicatedForm+1","Slimebound:MassRepurpose","Slimebound:SplitLeeching","Slimebound:RejuvenatingLick","Slimebound:SplitAcid+1","expansioncontent:DarkVoid+1","Slimebound:LeechingTouch+1","RitualDagger+1","Slimebound:ViciousTackle+1","Slimebound:SpikyOuterGoop","Slimebound:WasteNot","J.A.X.","Slimebound:SlimeBrawl+1","Slimebound:MegaLick","Slimebound:OneTwoCombo+1","Slimebound:SplitLeeching","Slimebound:Gluttony","Slimebound:LevelUp+1","Slimebound:SplitMire","Slimebound:ViciousTackle+1","Slimebound:SlimeTap","Slimebound:LeadByExample+1","Slimebound:SplitLeeching","Slimebound:LevelUp"],"relics":["Slimebound:AbsorbEndCombat","Tiny Chest","Slimebound:MaxSlimesRelic","Whetstone","Molten Egg 2","Philosopher\u0027s Stone","downfall:HeartBlessingBlue","Eternal Feather","Shuriken","Ornamental Fan","White Beast Statue","Mercury Hourglass","MutagenicStrength","Sozu","Torii","Girya","Toolbox","Blood Vial","StoneCalendar","downfall:TeleportStone","Letter Opener","downfall:HeartBlessingGreen","Bird Faced Urn"],"acts_visited":["Exordium","TheCity","TheBeyond"],"potions_floor_usage":[16,16,22,22,50],"damage_taken":[{"damage":5,"enemies":"Jaw Worm","floor":2,"turns":4},{"damage":5,"enemies":"Small Slimes","floor":5,"turns":4},{"damage":12,"enemies":"downfall:FleeingMerchant","floor":6,"turns":4},{"damage":11,"enemies":"2 Louse","floor":8,"turns":3},{"damage":30,"enemies":"3 Sentries","floor":10,"turns":7},{"damage":17,"enemies":"Red Slaver","floor":11,"turns":3},{"damage":24,"enemies":"Blue Slaver","floor":12,"turns":2},{"damage":21,"enemies":"Gremlin Gang","floor":13,"turns":5},{"damage":23,"enemies":"Gremlin Nob","floor":14,"turns":4},{"damage":19,"enemies":"Large Slime","floor":15,"turns":4},{"damage":40,"enemies":"downfall:Ironclad","floor":16,"turns":7},{"damage":43,"enemies":"Spheric Guardian","floor":19,"turns":4},{"damage":31,"enemies":"Snake Plant","floor":20,"turns":3},{"damage":23,"enemies":"Chosen and Byrds","floor":22,"turns":5},{"damage":30,"enemies":"downfall:FleeingMerchant","floor":25,"turns":4},{"damage":63,"enemies":"Book of Stabbing","floor":27,"turns":6},{"damage":20,"enemies":"Centurion and Healer","floor":30,"turns":3},{"damage":54,"enemies":"downfall:Augmenter","floor":31,"turns":4},{"damage":28,"enemies":"3 Cultists","floor":32,"turns":3},{"damage":38,"enemies":"downfall:Watcher","floor":33,"turns":7},{"damage":22,"enemies":"Orb Walker","floor":36,"turns":2},{"damage":14,"enemies":"3 Darklings","floor":37,"turns":4},{"damage":16,"enemies":"Jaw Worm Horde","floor":38,"turns":2},{"damage":39,"enemies":"Mind Bloom Boss Battle","floor":39,"turns":5},{"damage":48,"enemies":"downfall:FleeingMerchant","floor":40,"turns":4},{"damage":39,"enemies":"Maw","floor":42,"turns":4},{"damage":32,"enemies":"Nemesis","floor":43,"turns":3},{"damage":64,"enemies":"2 Orb Walkers","floor":47,"turns":3},{"damage":19,"enemies":"Sphere and 2 Shapes","floor":48,"turns":1},{"damage":20,"enemies":"Jaw Worm Horde","floor":49,"turns":2},{"damage":123,"enemies":"downfall:Silent","floor":50,"turns":6}],"seed_played":"1381365733077539754","potions_obtained":[{"floor":2,"key":"sneckomod:MuddlingPotion"},{"floor":8,"key":"Guardian:BlockOnCardUsePotion"},{"floor":12,"key":"Fire Potion"},{"floor":16,"key":"SkillPotion"},{"floor":19,"key":"Fire Potion"},{"floor":22,"key":"LiquidMemories"},{"floor":30,"key":"BlessingOfTheForge"},{"floor":31,"key":"FairyPotion"}],"is_trial":false,"path_per_floor":["R","M","?","?","M","$","T","M","?","E","M","M","M","E","M","B",null,"R","M","M","T","M","?","T","$","R","E","?","T","M","?","M","B",null,"R","M","M","M","?","$","T","M","E","?","T","R","?","M","M","B",null],"character_chosen":"SLIMEBOUND","items_purchased":["Ornamental Fan","expansioncontent:DarkVoid+1","Girya","Slimebound:ViciousTackle+1","Toolbox","Slimebound:SlimeTap"],"campfire_rested":0,"item_purchase_floors":[25,25,40,40,40,40],"current_hp_per_floor":[66,66,41,41,46,54,54,55,55,47,46,42,43,42,45,46,66,76,68,57,57,76,76,76,70,76,66,60,60,74,66,58,58,76,76,70,74,76,76,69,69,76,76,76,76,76,47,50,58,43],"gold":160,"neow_bonus":"TEN_PERCENT_HP_BONUS","is_daily":false,"chose_seed":false,"campfire_upgraded":4,"win_rate":0.0,"timestamp":1610543928,"path_taken":["R","M","?","?","M","$","T","M","?","E","?","M","M","E","M","BOSS","R","M","M","?","?","?","T","$","R","E","?","?","M","?","M","BOSS","R","M","M","M","?","$","T","M","E","?","?","R","?","M","M","BOSS"],"items_purchased_type":["Relic","Card","Relic","Card","Relic","Card"],"build_version":"2020-12-22","purchased_purges":2,"victory":true,"max_hp_per_floor":[66,66,66,66,66,66,66,66,66,66,66,66,66,66,66,66,66,76,76,76,76,76,76,76,76,76,76,76,76,76,76,76,76,76,76,76,76,76,76,76,76,76,76,76,76,76,76,76,76,76],"card_choices":[{"not_picked":["Slimebound:LeechingTouch","Slimebound:GrowthPunch"],"picked":"Slimebound:FirmFortitude","floor":2},{"not_picked":["Slimebound:Equalize","Slimebound:SamplingLick"],"picked":"Slimebound:SplitMire","floor":5},{"not_picked":["Slimebound:LeechingTouch","Slimebound:ComboTackle"],"picked":"Slimebound:SplitMire","floor":6},{"not_picked":["Slimebound:SamplingLick","Slimebound:FinishingTackle"],"picked":"Slimebound:DouseInSlime","floor":8},{"not_picked":["Slimebound:FinishingTackle","Slimebound:SplitMire"],"picked":"Slimebound:Dissolve","floor":10},{"not_picked":["Slimebound:LeechEnergy","Slimebound:SplitMire"],"picked":"Slimebound:GrowthPunch","floor":11},{"not_picked":["Slimebound:ProtectTheBoss","Slimebound:HauntingLick"],"picked":"Slimebound:AcidTongue","floor":12},{"not_picked":["Slimebound:SamplingLick","Slimebound:SlimeBrawl"],"picked":"Slimebound:SplitLeeching","floor":13},{"not_picked":["Slimebound:HauntingLick","Slimebound:FinishingTackle+1"],"picked":"Slimebound:Repurpose","floor":14},{"not_picked":["Slimebound:FinishingTackle+1","Slimebound:LeechEnergy+1"],"picked":"Slimebound:DuplicatedForm","floor":15},{"not_picked":["Slimebound:LeechLife+1","Slimebound:PrepareCrush"],"picked":"Slimebound:MassRepurpose","floor":16},{"not_picked":["Slimebound:GoopSpray","Slimebound:SamplingLick"],"picked":"Slimebound:SplitLeeching","floor":19},{"not_picked":["Slimebound:ViciousTackle+1","Slimebound:FinishingTackle+1"],"picked":"Slimebound:RejuvenatingLick","floor":20},{"not_picked":["Slimebound:LeechEnergy+1","Slimebound:SpikyOuterGoop"],"picked":"Slimebound:RollThrough+1","floor":22},{"not_picked":["Slimebound:Prepare","Slimebound:SplitLeeching"],"picked":"Slimebound:SplitAcid+1","floor":25},{"not_picked":["Slimebound:ProtectTheBoss","Slimebound:GoopTackle+1"],"picked":"Slimebound:LeechingTouch+1","floor":27},{"not_picked":["Slimebound:SlimeTap","Slimebound:PressTheAttack+1"],"picked":"Slimebound:ViciousTackle+1","floor":30},{"not_picked":[],"picked":"J.A.X.","floor":31},{"not_picked":["Slimebound:BestDefense","Slimebound:Dissolve+1"],"picked":"Slimebound:SlimeBrawl+1","floor":31},{"not_picked":["Slimebound:GrowthPunch+1","Slimebound:TongueLash+1"],"picked":"Slimebound:MegaLick","floor":32},{"not_picked":["Slimebound:LeechLife+1","Slimebound:RallyTheTroops+1"],"picked":"Slimebound:OneTwoCombo+1","floor":33},{"not_picked":["Slimebound:RollThrough+1","Slimebound:LeechEnergy+1"],"picked":"Slimebound:SplitLeeching","floor":36},{"not_picked":["Slimebound:SplitAcid","Slimebound:AcidTongue"],"picked":"Slimebound:Gluttony","floor":37},{"not_picked":["Slimebound:Grow+1","Slimebound:SlimeTap"],"picked":"Slimebound:LevelUp+1","floor":38},{"not_picked":["Slimebound:ItLooksTasty+1","Slimebound:Grow"],"picked":"Slimebound:SplitMire","floor":39},{"not_picked":["Slimebound:Grow+1","Slimebound:PrepareCrush","Slimebound:PressTheAttack+1"],"picked":"SKIP","floor":40},{"not_picked":["Slimebound:BestDefense+1","Slimebound:LeechingTouch+1"],"picked":"Slimebound:LeadByExample+1","floor":42},{"not_picked":["Slimebound:ComboTackle+1","Slimebound:FormOfPuddle","Slimebound:Repurpose"],"picked":"SKIP","floor":43},{"not_picked":["Slimebound:DisruptingSlam+1","Slimebound:TongueLash+1"],"picked":"Slimebound:SplitLeeching","floor":48},{"not_picked":["Slimebound:Gluttony+1","Slimebound:Grow"],"picked":"Slimebound:LevelUp","floor":49}],"player_experience":130184,"relics_obtained":[{"floor":10,"key":"Whetstone"},{"floor":14,"key":"Molten Egg 2"},{"floor":21,"key":"Eternal Feather"},{"floor":24,"key":"Shuriken"},{"floor":27,"key":"White Beast Statue"},{"floor":29,"key":"Mercury Hourglass"},{"floor":31,"key":"MutagenicStrength"},{"floor":39,"key":"Torii"},{"floor":41,"key":"Blood Vial"},{"floor":43,"key":"StoneCalendar"},{"floor":45,"key":"Letter Opener"},{"floor":47,"key":"Bird Faced Urn"}],"event_choices":[{"damage_healed":0,"gold_gain":0,"player_choice":"Success","damage_taken":25,"relics_obtained":["Tiny Chest"],"max_hp_gain":0,"max_hp_loss":0,"event_name":"Scrap Ooze","floor":3,"gold_loss":0},{"damage_healed":0,"gold_gain":0,"player_choice":"Box","damage_taken":0,"relics_obtained":["Slimebound:MaxSlimesRelic"],"max_hp_gain":0,"max_hp_loss":0,"event_name":"Big Fish","floor":4,"gold_loss":0,"cards_obtained":["Regret"]},{"damage_healed":0,"gold_gain":0,"player_choice":"Fight","damage_taken":0,"max_hp_gain":0,"max_hp_loss":0,"event_name":"Mysterious Sphere","floor":47,"gold_loss":0}],"is_beta":false,"boss_relics":[{"not_picked":["Pandora\u0027s Box","SacredBark"],"picked":"Philosopher\u0027s Stone"},{"not_picked":["SlaversCollar","Astrolabe"],"picked":"Sozu"}],"items_purged_floors":[6,40],"is_endless":false,"potions_floor_spawned":[2,8,12,15,16,19,22,30,31,32,33,36,37,38,39,40,42,43,47,48,49],"ascension_level":0}}