{"host":"utcbn1j9ebmpc40m","time":1610575682,"event":{"mods":["BaseMod","Better Match","GifTheSpireLib","Minty Spire (QoL Compilation)","Poor People Problems","StSLib","SuperFastMode","The IronCluck"],"gold_per_floor":[118,136,136,150,24,55,69,69,69,42,42,117,134,150,150,252,252,263,283,183,183,183,183,183,183],"floor_reached":24,"language":"ENG","playtime":706,"items_purged":["Strike_G","Strike_G"],"score":294,"play_id":"e06b726e-1613-4257-90b5-589643993de7","local_time":"20210113170802","is_ascension_mode":true,"campfire_choices":[{"floor":8,"key":"REST"},{"floor":11,"key":"REST"},{"floor":15,"key":"REST"},{"floor":23,"key":"REST"}],"circlet_count":0,"master_deck":["AscendersBane","Strike_G+1","Strike_G+1","Defend_G","Defend_G","Survivor","Neutralize","Deadly Poison","Distraction","Poisoned Stab","Poisoned Stab","Poisoned Stab","Prepared","PiercingWail","Bane","Tools of the Trade","Die Die Die+1","Tools of the Trade+1","Noxious Fumes+1","Leg Sweep","Crippling Poison+1","Underhanded Strike+1","A Thousand Cuts","Bane"],"relics":["Ring of the Snake","Blood Vial","InkBottle","Prayer Wheel","Astrolabe","Tingsha"],"acts_visited":["Exordium","TheCity"],"potions_floor_usage":[6,7,14,16],"damage_taken":[{"damage":0,"enemies":"2 Louse","floor":1,"turns":3},{"damage":0,"enemies":"Small Slimes","floor":2,"turns":4},{"damage":0,"enemies":"Jaw Worm","floor":4,"turns":4},{"damage":32,"enemies":"3 Sentries","floor":6,"turns":11},{"damage":20,"enemies":"Lots of Slimes","floor":7,"turns":4},{"damage":6,"enemies":"Red Slaver","floor":13,"turns":3},{"damage":15,"enemies":"Large Slime","floor":14,"turns":5},{"damage":40,"enemies":"Slime Boss","floor":16,"turns":9},{"damage":19,"enemies":"2 Thieves","floor":18,"turns":4},{"damage":30,"enemies":"Shell Parasite","floor":19,"turns":4},{"damage":34,"enemies":"Slavers","floor":24,"turns":1}],"seed_played":"-3229560660478412739","potions_obtained":[{"floor":4,"key":"Dexterity Potion"},{"floor":6,"key":"SkillPotion"},{"floor":7,"key":"Explosive Potion"},{"floor":13,"key":"CultistPotion"}],"is_trial":false,"path_per_floor":["M","M","?","M","$","E","M","R","T","$","R","?","M","M","R","B",null,"M","M","$","?","?","R","E"],"character_chosen":"THE_SILENT","items_purchased":["Poisoned Stab","Prepared"],"campfire_rested":4,"item_purchase_floors":[5,10],"current_hp_per_floor":[65,67,53,55,55,25,7,28,28,28,49,38,34,21,42,4,54,37,9,9,9,9,30,0,0],"gold":183,"neow_bonus":"RANDOM_COMMON_RELIC","is_daily":false,"chose_seed":false,"campfire_upgraded":0,"win_rate":0.0,"timestamp":1610575682,"path_taken":["M","M","?","M","$","E","M","R","T","$","R","?","M","M","R","BOSS","M","M","$","?","?","R","E"],"items_purchased_type":["Card","Card"],"build_version":"2020-12-22","purchased_purges":2,"victory":false,"max_hp_per_floor":[70,70,70,70,70,70,70,70,70,70,70,70,70,70,70,70,70,70,70,70,70,70,70,70,70],"card_choices":[{"not_picked":["Cloak And Dagger","Backflip"],"picked":"Deadly Poison","floor":1},{"not_picked":["Eviscerate","Concentrate","Acrobatics"],"picked":"SKIP","floor":2},{"not_picked":["Caltrops","Concentrate"],"picked":"Distraction","floor":4},{"not_picked":["Backflip","PiercingWail"],"picked":"Poisoned Stab","floor":6},{"not_picked":["Sucker Punch","Flechettes"],"picked":"Poisoned Stab","floor":7},{"not_picked":["Sucker Punch","Blur"],"picked":"PiercingWail","floor":13},{"not_picked":["PiercingWail","Heel Hook","Quick Slash"],"picked":"SKIP","floor":13},{"not_picked":["Deflect","Accuracy"],"picked":"Phantasmal Killer","floor":14},{"not_picked":["Dodge and Roll","Outmaneuver"],"picked":"Bane","floor":14},{"not_picked":["Doppelganger","A Thousand Cuts"],"picked":"Tools of the Trade","floor":16},{"not_picked":["Blade Dance+1","Reflex"],"picked":"Leg Sweep","floor":18},{"not_picked":["Terror","Backflip"],"picked":"Flechettes+1","floor":18},{"not_picked":["Caltrops","Dagger Spray"],"picked":"Crippling Poison+1","floor":19},{"not_picked":["Sucker Punch","Prepared"],"picked":"Underhanded Strike+1","floor":19}],"player_experience":474725,"relics_obtained":[{"floor":6,"key":"InkBottle"},{"floor":9,"key":"Prayer Wheel"}],"event_choices":[{"damage_healed":0,"gold_gain":0,"player_choice":"Entered Light","damage_taken":14,"max_hp_gain":0,"max_hp_loss":0,"event_name":"Shining Light","floor":3,"gold_loss":0,"cards_upgraded":["Strike_G","Strike_G"]},{"damage_healed":0,"gold_gain":75,"player_choice":"Gather Gold","damage_taken":11,"max_hp_gain":0,"max_hp_loss":0,"event_name":"World of Goop","floor":12,"gold_loss":0},{"damage_healed":0,"gold_gain":0,"cards_transformed":["Strike_G","Defend_G"],"player_choice":"Became Test Subject","damage_taken":0,"max_hp_gain":0,"max_hp_loss":0,"event_name":"Drug Dealer","floor":21,"gold_loss":0,"cards_obtained":["A Thousand Cuts","Bane"]},{"cards_removed":["Flechettes"],"damage_healed":0,"gold_gain":0,"player_choice":"Gave Card","damage_taken":0,"relics_obtained":["Tingsha"],"max_hp_gain":0,"max_hp_loss":0,"event_name":"WeMeetAgain","floor":22,"gold_loss":0}],"is_beta":false,"boss_relics":[{"not_picked":["Ring of the Serpent","Velvet Choker"],"picked":"Astrolabe"}],"items_purged_floors":[5,20],"is_endless":false,"potions_floor_spawned":[4,6,7,13],"killed_by":"Slavers","ascension_level":10}}