{"host":"sz8c8ni79nvzjmmg","time":1610534285,"event":{"mods":["AchievementEnabler","BaseMod","DeckTracker","Keyboard Shortcuts","Minty Spire (QoL Compilation)","SuperFastMode"],"gold_per_floor":[116,191,207,207,207,207,247,3,3,27,65,65,65,83,83,179,179,200,125,125,143,143,143],"floor_reached":22,"language":"KOR","playtime":439,"items_purged":["Strike_B"],"score":434,"play_id":"682617d7-341f-4298-89a2-9753b567ecec","local_time":"20210113193805","is_ascension_mode":true,"campfire_choices":[{"data":"Streamline","floor":6,"key":"SMITH"},{"data":"Apotheosis","floor":15,"key":"SMITH"}],"circlet_count":0,"master_deck":["AscendersBane","Strike_B","Strike_B","Defend_B","Defend_B","Defend_B","Defend_B","Zap","Dualcast","Barrage","Streamline+1","Reboot","Apotheosis+1","Undo","Fusion","Reboot","Rip and Tear","Coolheaded","Reboot","Reinforced Body","Hologram+1"],"relics":["Cracked Core","NeowsBlessing","Golden Idol","Pen Nib","Emotion Chip","Vajra","Inserter"],"acts_visited":["Exordium","TheCity"],"potions_floor_usage":[16,16],"damage_taken":[{"damage":0,"enemies":"Jaw Worm","floor":1,"turns":1},{"damage":0,"enemies":"Small Slimes","floor":3,"turns":1},{"damage":0,"enemies":"Lagavulin","floor":7,"turns":1},{"damage":6,"enemies":"2 Louse","floor":10,"turns":3},{"damage":22,"enemies":"3 Sentries","floor":11,"turns":6},{"damage":9,"enemies":"Exordium Wildlife","floor":14,"turns":2},{"damage":20,"enemies":"Slime Boss","floor":16,"turns":8},{"damage":24,"enemies":"2 Thieves","floor":18,"turns":3},{"damage":4,"enemies":"Chosen","floor":21,"turns":4},{"damage":24,"enemies":"Centurion and Healer","floor":22,"turns":2}],"seed_played":"8369355496371587224","potions_obtained":[{"floor":7,"key":"GamblersBrew"},{"floor":11,"key":"SneckoOil"},{"floor":18,"key":"FocusPotion"},{"floor":20,"key":"LiquidBronze"}],"is_trial":false,"path_per_floor":["M","?","M","?","?","R","E","$","T","M","E","?","T","M","R","B",null,"M","$","?","M","M"],"character_chosen":"DEFECT","items_purchased":["Apotheosis","Undo"],"campfire_rested":0,"item_purchase_floors":[8,8],"current_hp_per_floor":[64,53,53,53,58,58,58,58,58,52,30,30,30,21,21,1,52,28,28,28,24,0,0],"gold":143,"neow_bonus":"THREE_ENEMY_KILL","is_daily":false,"chose_seed":false,"campfire_upgraded":2,"win_rate":0.0,"timestamp":1610534285,"path_taken":["M","?","M","?","?","R","E","$","T","?","E","?","?","M","R","BOSS","M","$","?","M","M"],"items_purchased_type":["Card","Card"],"build_version":"2020-12-22","purchased_purges":1,"victory":false,"max_hp_per_floor":[71,71,71,64,69,69,69,69,69,69,69,69,69,69,69,69,69,69,69,69,69,69,69],"card_choices":[{"not_picked":["Auto Shields","Rebound"],"picked":"Barrage","floor":1},{"not_picked":["Go for the Eyes","Redo"],"picked":"Streamline","floor":3},{"not_picked":["BootSequence","Double Energy"],"picked":"Reboot","floor":7},{"not_picked":["Blizzard","Go for the Eyes"],"picked":"Fusion","floor":10},{"not_picked":["Hello World","Streamline"],"picked":"Reboot","floor":11},{"not_picked":["Compile Driver","Barrage"],"picked":"Coolheaded","floor":14},{"not_picked":["Multi-Cast","Fission"],"picked":"Reboot","floor":16},{"not_picked":["Gash","Stack"],"picked":"Reinforced Body","floor":18},{"not_picked":["Static Discharge","Ball Lightning"],"picked":"Hologram+1","floor":21}],"player_experience":1238992,"relics_obtained":[{"floor":7,"key":"Pen Nib"},{"floor":9,"key":"Emotion Chip"},{"floor":11,"key":"Vajra"}],"event_choices":[{"damage_healed":0,"gold_gain":75,"player_choice":"Gather Gold","damage_taken":11,"max_hp_gain":0,"max_hp_loss":0,"event_name":"World of Goop","floor":2,"gold_loss":0},{"damage_healed":0,"gold_gain":0,"player_choice":"Lose Max HP","damage_taken":0,"relics_obtained":["Golden Idol"],"max_hp_gain":0,"max_hp_loss":7,"event_name":"Golden Idol","floor":4,"gold_loss":0},{"damage_healed":0,"gold_gain":0,"player_choice":"Donut","damage_taken":0,"max_hp_gain":5,"max_hp_loss":0,"event_name":"Big Fish","floor":5,"gold_loss":0},{"damage_healed":0,"gold_gain":0,"cards_transformed":["Strike_B"],"player_choice":"Change","damage_taken":0,"max_hp_gain":0,"max_hp_loss":0,"event_name":"Living Wall","floor":12,"gold_loss":0,"cards_obtained":["Rip and Tear"]},{"damage_healed":0,"gold_gain":0,"player_choice":"Got Potions","damage_taken":0,"max_hp_gain":0,"max_hp_loss":0,"event_name":"Lab","floor":20,"gold_loss":0}],"is_beta":false,"boss_relics":[{"not_picked":["SlaversCollar","Tiny House"],"picked":"Inserter"}],"items_purged_floors":[19],"is_endless":false,"potions_floor_spawned":[7,11,18,21],"killed_by":"Centurion and Healer","ascension_level":20}}