{"host":"pq8o62wp0h1hflf3","time":1610563564,"event":{"mods":["BaseMod","Minty Spire (QoL Compilation)","Relic Stats","ojb\u0027s Info Mod"],"gold_per_floor":[117,134,134,37,51,51,16,51,128,50,50,50],"floor_reached":11,"language":"ENG","playtime":412,"items_purged":[],"score":142,"play_id":"3511e979-ac17-4fce-b39f-67a72bc79117","local_time":"20210113134604","is_ascension_mode":true,"campfire_choices":[{"data":"1","floor":6,"key":"LIFT"}],"circlet_count":0,"master_deck":["AscendersBane","Strike_R","Strike_R","Strike_R","Strike_R","Strike_R","Defend_R","Defend_R","Defend_R","Defend_R","Bash","Parasite","Inflame","Disarm","Flame Barrier","Shrug It Off","True Grit","Sword Boomerang"],"relics":["Burning Blood","Girya","Golden Idol","MealTicket"],"acts_visited":["Exordium"],"potions_floor_usage":[8],"damage_taken":[{"damage":26,"enemies":"Jaw Worm","floor":1,"turns":5},{"damage":9,"enemies":"Small Slimes","floor":2,"turns":4},{"damage":8,"enemies":"Cultist","floor":5,"turns":5},{"damage":55,"enemies":"Lagavulin","floor":8,"turns":11},{"damage":32,"enemies":"3 Sentries","floor":11,"turns":6}],"seed_played":"3240942815737415173","potions_obtained":[{"floor":8,"key":"SpeedPotion"}],"is_trial":false,"path_per_floor":["M","M","?","$","M","R","?","E","T","$","E"],"character_chosen":"IRONCLAD","items_purchased":["Disarm","Fire Potion","True Grit","Sword Boomerang"],"campfire_rested":0,"item_purchase_floors":[4,4,10,10],"current_hp_per_floor":[48,45,45,45,43,43,60,11,11,26,0,0],"gold":50,"neow_bonus":"ONE_RARE_RELIC","is_daily":false,"chose_seed":false,"campfire_upgraded":0,"win_rate":0.0,"timestamp":1610563564,"path_taken":["M","M","?","$","M","R","?","E","T","?","E"],"items_purchased_type":["Card","Potion","Card","Card"],"build_version":"2020-12-22","purchased_purges":0,"victory":false,"max_hp_per_floor":[75,75,68,68,68,68,68,68,68,68,68,68],"relic_stats":{"counters":[5,31],"Golden Idol":10,"MealTicket":15,"obtain_stats":[{"Girya":0,"Golden Idol":3,"MealTicket":8,"Burning Blood":0},{"Girya":0,"Golden Idol":2,"MealTicket":4,"Burning Blood":0},{"Girya":0,"Golden Idol":9,"MealTicket":25,"Burning Blood":0}],"Burning Blood":24},"card_choices":[{"not_picked":["Warcry","Body Slam","Armaments"],"picked":"SKIP","floor":1},{"not_picked":["Warcry","Heavy Blade"],"picked":"Inflame","floor":2},{"not_picked":["Warcry","Shrug It Off"],"picked":"Flame Barrier","floor":5},{"not_picked":["Clothesline","Bloodletting"],"picked":"Shrug It Off","floor":8}],"player_experience":1132658,"relics_obtained":[{"floor":8,"key":"MealTicket"}],"event_choices":[{"damage_healed":0,"gold_gain":0,"player_choice":"Lose Max HP","damage_taken":0,"relics_obtained":["Golden Idol"],"max_hp_gain":0,"max_hp_loss":7,"event_name":"Golden Idol","floor":3,"gold_loss":0},{"damage_healed":17,"gold_gain":0,"player_choice":"Healed","damage_taken":0,"max_hp_gain":0,"max_hp_loss":0,"event_name":"The Cleric","floor":7,"gold_loss":35}],"is_beta":false,"boss_relics":[],"items_purged_floors":[],"is_endless":false,"potions_floor_spawned":[8],"killed_by":"3 Sentries","ascension_level":20}}