{"host":"9h2uyw8lwpma4m74","time":1610560626,"event":{"mods":["BaseMod","Minty Spire (QoL Compilation)"],"gold_per_floor":[99,99,99,54,54,54,54,54,54,54,4,4,4,4,4,4,4,4,4,4,4,4,4,4,4,4,4,4,4,4,4,4,4,4,4,4,4,4,4,4,4,4,4],"floor_reached":42,"language":"JPN","playtime":3536,"items_purged":[],"score":508,"play_id":"79419d49-166a-46e2-b26d-a993163f1182","local_time":"20210114025706","is_ascension_mode":true,"campfire_choices":[{"data":"Caltrops","floor":6.0,"key":"SMITH"},{"data":"Prepared","floor":8.0,"key":"SMITH"},{"data":"Neutralize","floor":10.0,"key":"SMITH"},{"floor":15.0,"key":"REST"},{"floor":23.0,"key":"REST"},{"floor":29.0,"key":"REST"},{"floor":32.0,"key":"REST"},{"floor":41,"key":"REST"}],"circlet_count":0,"master_deck":["Strike_G","Strike_G","Strike_G","Defend_G","Defend_G","Defend_G","Defend_G","Survivor","Neutralize+1","Deadly Poison","Caltrops+1","Well Laid Plans","Quick Slash","Crippling Poison","Prepared+1","Envenom","Backflip","Adrenaline","Dodge and Roll","Masterful Stab","Deflect+1","Heel Hook","Dodge and Roll+1","Footwork","Poisoned Stab+1","Deadly Poison","Poisoned Stab+1","Envenom+1","Deflect+1","Catalyst","Sucker Punch+1","Masterful Stab+1","Dagger Spray+1","Reflex+1"],"relics":["Ectoplasm","Art of War","Singing Bowl","SlaversCollar","MawBank","Centennial Puzzle","Toy Ornithopter","Astrolabe","Oddly Smooth Stone"],"acts_visited":[],"potions_floor_usage":[38,40,42],"damage_taken":[{"damage":0.0,"enemies":"Small Slimes","floor":1.0,"turns":5.0},{"damage":0.0,"enemies":"2 Louse","floor":2.0,"turns":3.0},{"damage":0.0,"enemies":"Cultist","floor":3.0,"turns":4.0},{"damage":4.0,"enemies":"Looter","floor":4.0,"turns":4.0},{"damage":7.0,"enemies":"3 Louse","floor":5.0,"turns":3.0},{"damage":16.0,"enemies":"Lagavulin","floor":7.0,"turns":6.0},{"damage":16.0,"enemies":"Large Slime","floor":12.0,"turns":7.0},{"damage":22.0,"enemies":"Gremlin Nob","floor":13.0,"turns":4.0},{"damage":4.0,"enemies":"Red Slaver","floor":14.0,"turns":4.0},{"damage":14.0,"enemies":"The Guardian","floor":16.0,"turns":11.0},{"damage":3.0,"enemies":"Chosen","floor":18.0,"turns":6.0},{"damage":2.0,"enemies":"Shell Parasite","floor":19.0,"turns":7.0},{"damage":31.0,"enemies":"Shelled Parasite and Fungi","floor":20.0,"turns":7.0},{"damage":14.0,"enemies":"Cultist and Chosen","floor":21.0,"turns":7.0},{"damage":6.0,"enemies":"3 Cultists","floor":24.0,"turns":5.0},{"damage":35.0,"enemies":"Slavers","floor":28.0,"turns":5.0},{"damage":3.0,"enemies":"Book of Stabbing","floor":30.0,"turns":5.0},{"damage":2.0,"enemies":"Shelled Parasite and Fungi","floor":31.0,"turns":5.0},{"damage":19.0,"enemies":"Collector","floor":33.0,"turns":8.0},{"damage":30.0,"enemies":"3 Darklings","floor":35.0,"turns":5.0},{"damage":3.0,"enemies":"Orb Walker","floor":37.0,"turns":4.0},{"damage":3,"enemies":"Transient","floor":38,"turns":5},{"damage":30,"enemies":"Maw","floor":39,"turns":7},{"damage":48,"enemies":"Reptomancer","floor":40,"turns":7},{"damage":37,"enemies":"Giant Head","floor":42,"turns":6}],"seed_played":"-3436560008390032922","potions_obtained":[{"floor":3.0,"key":"Dexterity Potion"},{"floor":4.0,"key":"GamblersBrew"},{"floor":5.0,"key":"Strength Potion"},{"floor":13.0,"key":"Swift Potion"},{"floor":18.0,"key":"SpeedPotion"},{"floor":28.0,"key":"Swift Potion"},{"floor":31.0,"key":"SpeedPotion"},{"floor":35.0,"key":"BlessingOfTheForge"},{"floor":37.0,"key":"SteroidPotion"}],"is_trial":false,"path_per_floor":["M","M","M","M","M","R","E","R","T","R","$","M","E","M","R","B",null,"M","M","M","M","?","R","M","?","T","$","E","R","E","M","R","B",null,"M","?","M","M","M","E","R","E"],"character_chosen":"THE_SILENT","items_purchased":["FearPotion"],"campfire_rested":5,"item_purchase_floors":[11],"current_hp_per_floor":[70,70,70,66,59,59,43,43,43,43,43,27,7,3,24,10,72,69,67,36,22,22,43,37,61,61,61,26,47,44,42,63,53,72,42,82,79,81,51,8,32,0,0],"gold":4,"neow_bonus":"BOSS_RELIC","is_daily":false,"chose_seed":false,"campfire_upgraded":3,"win_rate":0.0,"timestamp":1610560626,"path_taken":["M","M","M","M","M","R","E","R","T","R","$","M","E","M","R","BOSS","M","M","M","M","?","R","M","?","T","$","E","R","E","M","R","BOSS","M","?","M","?","M","E","R","E"],"items_purchased_type":["Potion"],"build_version":"2020-12-22","purchased_purges":0,"victory":false,"max_hp_per_floor":[70,70,70,70,70,70,70,70,70,70,70,70,72,72,72,72,72,72,72,72,72,72,72,72,72,72,72,72,72,72,72,72,72,72,72,82,82,82,82,82,82,82,82],"card_choices":[{"not_picked":["Backflip","Blade Dance"],"picked":"Deadly Poison","floor":1.0},{"not_picked":["Setup","Underhanded Strike"],"picked":"Caltrops","floor":2.0},{"not_picked":["Deflect","Endless Agony"],"picked":"Well Laid Plans","floor":3.0},{"not_picked":["Predator","Cloak And Dagger"],"picked":"Quick Slash","floor":4.0},{"not_picked":["Flechettes","Dagger Spray"],"picked":"Crippling Poison","floor":5.0},{"not_picked":["Cloak And Dagger","Backflip"],"picked":"Prepared","floor":7.0},{"not_picked":["Dash","Escape Plan"],"picked":"Envenom","floor":12.0},{"not_picked":["Prepared","Sucker Punch","Blade Dance"],"picked":"Singing Bowl","floor":13.0},{"not_picked":["PiercingWail","Slice"],"picked":"Backflip","floor":14.0},{"not_picked":["Glass Knife","Doppelganger"],"picked":"Adrenaline","floor":16.0},{"not_picked":["Slice","Sucker Punch"],"picked":"Dodge and Roll","floor":18.0},{"not_picked":["Blade Dance","Underhanded Strike+1"],"picked":"Masterful Stab","floor":19.0},{"not_picked":["Slice","Underhanded Strike+1"],"picked":"Deflect+1","floor":20.0},{"not_picked":["Flying Knee","Skewer"],"picked":"Heel Hook","floor":21.0},{"not_picked":["Acrobatics","Venomology"],"picked":"Dodge and Roll+1","floor":24.0},{"not_picked":["Distraction","Glass Knife"],"picked":"Footwork","floor":28.0},{"not_picked":["Doppelganger","Eviscerate+1"],"picked":"Poisoned Stab+1","floor":30.0},{"not_picked":["Backstab","Bane"],"picked":"Deadly Poison","floor":31.0},{"not_picked":["Die Die Die","Doppelganger"],"picked":"Venomology","floor":33.0},{"not_picked":["Heel Hook+1","Backflip"],"picked":"Catalyst","floor":35.0},{"not_picked":["Infinite Blades+1","Riddle With Holes"],"picked":"Sucker Punch+1","floor":37.0},{"not_picked":["Dagger Throw","Riddle With Holes+1"],"picked":"Masterful Stab+1","floor":38},{"not_picked":["Cloak And Dagger","Flying Knee"],"picked":"Dagger Spray+1","floor":39},{"not_picked":["Infinite Blades+1","Blade Dance"],"picked":"Reflex+1","floor":40}],"player_experience":188865,"relics_obtained":[{"floor":7.0,"key":"Art of War"},{"floor":13.0,"key":"Singing Bowl"},{"floor":26.0,"key":"MawBank"},{"floor":28.0,"key":"Centennial Puzzle"},{"floor":30.0,"key":"Toy Ornithopter"},{"floor":40,"key":"Oddly Smooth Stone"}],"event_choices":[{"damage_healed":0.0,"max_hp_gain":0.0,"max_hp_loss":0.0,"gold_gain":0.0,"event_name":"Ghosts","player_choice":"Ignored","floor":22.0,"gold_loss":0.0,"damage_taken":0.0},{"damage_healed":24.0,"max_hp_gain":0.0,"max_hp_loss":0.0,"gold_gain":0.0,"event_name":"The Library","player_choice":"Heal","floor":25.0,"gold_loss":0.0,"damage_taken":0.0},{"cards_removed":["Venomology"],"damage_healed":30.0,"max_hp_gain":10.0,"max_hp_loss":0.0,"gold_gain":0.0,"event_name":"Bonfire Elementals","player_choice":"Offered Rare","floor":36.0,"gold_loss":0.0,"damage_taken":0.0}],"is_beta":false,"boss_relics":[{"not_picked":["Snecko Eye","Sozu"],"picked":"SlaversCollar"},{"not_picked":["Tiny House","WristBlade"],"picked":"Astrolabe"}],"items_purged_floors":[],"is_endless":false,"potions_floor_spawned":[3,4,5,13,18,28,31,35,37],"killed_by":"Giant Head","ascension_level":1}}