{"host":"vh33hu3wddwn6yt6","time":1610570540,"event":{"mods":["AchievementEnabler","Act Like it!","Aspiration","BaseMod","Better Altar","Better Match","Better Note","Better Sensory Stone","Better Skull","Better Third Choice","BetterRewards","Downfall","Hermit","Hubris","Infinite Spire","Minty Spire (QoL Compilation)","Permanent Neow","Replay The Spire","Shade Mod","Shop Mod","Spicy Shops","StSLib","SuperFastMode","The Blackbeard","The Necromancer","The Runesmith","The Servant 0.9.4","TheBandit","Wandering Minibosses"],"gold_per_floor":[110,125,125,125,142,177,177,208,235,262,262,272,283,303,303,408,408,420,27,27,45,45,75,93,128,206,233,244,162,215,215,215,316,316,316,316,331,331,346,380,396,430,485,485,502,502,527,538,538,638,638,640,640,640,640,646,660,660,679,679,684,684,684,410,417,417,496,496,498,498,511,511,535,545,545,548,548,429,429,426,430,441,441,532,532,574,574,574,598,639,675,675,724,724,724,763,374,374,401,401,487,537,582,657,657,710,679,679,748,798,798,869,943,943,1010,1090,1090,1199,1199,1283,1374,1374,1374,1466,1575,1575,1575,1624,1624,1624],"floor_reached":129,"language":"DEU","playtime":3624,"items_purged":["sneckomod:Bewildered"],"score":3821,"play_id":"3f01f180-afd2-48cb-8a2e-8b48fc79a211","local_time":"20210113214220","is_ascension_mode":true,"campfire_choices":[{"floor":7.0,"key":"REST"},{"data":"Neutralize","floor":11.0,"key":"SMITH"},{"floor":15.0,"key":"REST"},{"floor":32.0,"key":"REST"},{"floor":44.0,"key":"REST"},{"floor":49.0,"key":"REST"},{"data":"A Thousand Cuts","floor":58.0,"key":"SMITH"},{"data":"Backstab","floor":63.0,"key":"SMITH"},{"floor":66.0,"key":"RECALL"},{"data":"Choke","floor":79.0,"key":"SMITH"},{"data":"Choke","floor":83.0,"key":"SMITH"},{"data":"Cloak And Dagger","floor":92.0,"key":"SMITH"},{"data":"Infinite Blades","floor":98.0,"key":"SMITH"},{"data":"Sucker Punch","floor":100.0,"key":"SMITH"},{"data":"ReplayTheSpireMod:Scrap Shanks","floor":108.0,"key":"SMITH"},{"floor":117.0,"key":"DIG"},{"data":"Slice","floor":126.0,"key":"SMITH"}],"circlet_count":1,"master_deck":["Strike_G","Strike_G+1","Strike_G+1","Defend_G","Defend_G","Defend_G","Defend_G","Defend_G","Survivor","Neutralize+1","Choke+1","Choke+1","Slice+1","Sucker Punch+1","Cloak And Dagger+1","ReplayTheSpireMod:From All Sides+1","Backstab+1","Blade Dance+1","Accuracy+1","AbeCurse","A Thousand Cuts+1","Poisoned Strike","Blade Dance+1","Blade Dance+1","Adrenaline+1","Backstab+1","Cloak And Dagger+1","Cloak And Dagger+1","Madness+1","Madness+1","hubris:DuctTapeCard"],"relics":["Ring of the Snake","aspiration:Nostalgia","Slimebound:AbsorbEndCombat","Dream Catcher","Darkstone Periapt","Replay:Wax Seal","Pocketwatch","aspiration:MobileForge","Kunai","Tiny Chest","The Courier","Basket Of Snakes","hubris:TenFootPole","Toxic Egg 2","Whetstone","ReplayTheSpireMod:CursedCoin","Vajra","Ancient Tea Set","Abe\u0027s Treasure","HandDrill","hubris:DeckOfHolding","hubris:AncientText","Happy Flower","ReplayFunnel","Busted Crown","Replay:Bottled Snecko","Lizard Tail","Replay:Towering Pillar of Hats","Ninja Scroll","Chemical X","Replay:Rubber Ducky","HornCleat","Red Mask","Toy Ornithopter","Pantograph","Omamori","Quantum Egg","Shuriken","infinitespire:EvilPickle","Black Star","hubris:Icosahedron","ReplayTheSpireMod:Lightbulb","infinitespire:Lucky Rock","WingedGreaves","Runesmith:AutoHammer","InkBottle","infinitespire:Joker Card","Membership Card","Circlet","FossilizedHelix","infinitespire:PuzzleCube","Tiny House","PreservedInsect","Centennial Puzzle","Matryoshka","Juzu Bracelet","hubris:OldNail","hubris:SlimyHat","CaptainsWheel","aspiration:TomeofQuesting","Orichalcum","Oddly Smooth Stone","hubris:DuctTape","Anchor","hubris:ToyBattleship","infinitespire:Bottled Soul","aspiration:PoetsPen_weak","Bloody Idol","Regal Pillow","infinitespire:Magic Flask","Nunchaku"],"acts_visited":["Exordium","TheCity","TheBeyond","Exordium","TheCity","TheBeyond","Exordium","TheCity"],"potions_floor_usage":[],"damage_taken":[{"damage":13.0,"enemies":"infinitespire:Voidling","floor":1.0,"turns":6.0},{"damage":2.0,"enemies":"Small Slimes","floor":2.0,"turns":6.0},{"damage":1.0,"enemies":"Cultist","floor":5.0,"turns":3.0},{"damage":24.0,"enemies":"Lagavulin","floor":6.0,"turns":6.0},{"damage":16.0,"enemies":"3 Sentries","floor":8.0,"turns":11.0},{"damage":6.0,"enemies":"Replay:BlueRogue","floor":10.0,"turns":6.0},{"damage":10.0,"enemies":"Large Slime","floor":12.0,"turns":4.0},{"damage":0.0,"enemies":"Blue Slaver","floor":13.0,"turns":3.0},{"damage":0.0,"enemies":"2 Fungi Beasts","floor":14.0,"turns":4.0},{"damage":38.0,"enemies":"Hexaghost","floor":16.0,"turns":14.0},{"damage":3.0,"enemies":"3 Byrds","floor":18.0,"turns":5.0},{"damage":2.0,"enemies":"Chosen","floor":21.0,"turns":4.0},{"damage":6.0,"enemies":"Replay:Snechameleon","floor":23.0,"turns":6.0},{"damage":8.0,"enemies":"3 Cultists","floor":24.0,"turns":7.0},{"damage":12.0,"enemies":"Nightmare","floor":25.0,"turns":5.0},{"damage":14.0,"enemies":"Book of Stabbing","floor":27.0,"turns":5.0},{"damage":0.0,"enemies":"Snecko","floor":28.0,"turns":2.0},{"damage":23.0,"enemies":"Champ","floor":33.0,"turns":7.0},{"damage":0.0,"enemies":"3 Darklings","floor":35.0,"turns":2.0},{"damage":3.0,"enemies":"3 Shapes","floor":37.0,"turns":3.0},{"damage":3.0,"enemies":"Maw","floor":39.0,"turns":6.0},{"damage":9.0,"enemies":"Giant Head","floor":40.0,"turns":7.0},{"damage":12.0,"enemies":"Transient","floor":41.0,"turns":5.0},{"damage":31.0,"enemies":"Reptomancer","floor":42.0,"turns":6.0},{"damage":14.0,"enemies":"4 Shapes","floor":45.0,"turns":5.0},{"damage":4.0,"enemies":"Spire Growth","floor":48.0,"turns":3.0},{"damage":22.0,"enemies":"hubris:GrandSnecko","floor":50.0,"turns":7.0},{"damage":0.0,"enemies":"Cultist","floor":52.0,"turns":1.0},{"damage":0.0,"enemies":"Small Slimes","floor":56.0,"turns":1.0},{"damage":0.0,"enemies":"Lagavulin","floor":57.0,"turns":2.0},{"damage":0.0,"enemies":"Gremlin Nob","floor":59.0,"turns":1.0},{"damage":0.0,"enemies":"3 Sentries","floor":61.0,"turns":3.0},{"damage":0.0,"enemies":"Jaw Worm","floor":65.0,"turns":1.0},{"damage":0.0,"enemies":"The Guardian","floor":67.0,"turns":1.0},{"damage":0.0,"enemies":"Chosen","floor":69.0,"turns":1.0},{"damage":0.0,"enemies":"Masked Bandits","floor":71.0,"turns":1.0},{"damage":0.0,"enemies":"Book of Stabbing","floor":74.0,"turns":1.0},{"damage":0.0,"enemies":"Shell Parasite","floor":76.0,"turns":1.0},{"damage":0.0,"enemies":"Gremlin Leader","floor":80.0,"turns":3.0},{"damage":0.0,"enemies":"Snake Plant","floor":81.0,"turns":1.0},{"damage":0.0,"enemies":"Book of Stabbing","floor":82.0,"turns":2.0},{"damage":12.0,"enemies":"Pondfish","floor":84.0,"turns":4.0},{"damage":0.0,"enemies":"Orb Walker","floor":86.0,"turns":1.0},{"damage":0.0,"enemies":"3 Darklings","floor":90.0,"turns":2.0},{"damage":0.0,"enemies":"R_Hoarder","floor":91.0,"turns":4.0},{"damage":0.0,"enemies":"Giant Head","floor":93.0,"turns":2.0},{"damage":0.0,"enemies":"Writhing Mass","floor":96.0,"turns":1.0},{"damage":0.0,"enemies":"R_Hoarder","floor":99.0,"turns":2.0},{"damage":0.0,"enemies":"Donu and Deca","floor":101.0,"turns":3.0},{"damage":0.0,"enemies":"Jaw Worm","floor":103.0,"turns":1.0},{"damage":0.0,"enemies":"2 Louse","floor":106.0,"turns":1.0},{"damage":0.0,"enemies":"Lagavulin","floor":109.0,"turns":1.0},{"damage":0.0,"enemies":"Gremlin Nob","floor":112.0,"turns":1.0},{"damage":0.0,"enemies":"Lagavulin","floor":113.0,"turns":1.0},{"damage":0.0,"enemies":"Cultist","floor":115.0,"turns":1.0},{"damage":0.0,"enemies":"Gremlin Nob","floor":116.0,"turns":1.0},{"damage":0.0,"enemies":"Fading Forest","floor":118.0,"turns":5.0},{"damage":0.0,"enemies":"Spheric Guardian","floor":120.0,"turns":1.0},{"damage":0.0,"enemies":"Chosen","floor":121.0,"turns":1.0},{"damage":0.0,"enemies":"Sentry and Sphere","floor":124.0,"turns":1.0},{"damage":0.0,"enemies":"Gremlin Leader","floor":125.0,"turns":1.0},{"damage":0,"enemies":"Slavers","floor":129,"turns":1}],"seed_played":"-3452359081886372032","potions_obtained":[{"floor":1.0,"key":"CunningPotion"},{"floor":5.0,"key":"EssenceOfSteel"},{"floor":10.0,"key":"Weak Potion"},{"floor":12.0,"key":"champ:CounterPotion"},{"floor":16.0,"key":"ColorlessPotion"},{"floor":18.0,"key":"Energy Potion"},{"floor":21.0,"key":"champ:CounterPotion"},{"floor":23.0,"key":"Dexterity Potion"},{"floor":25.0,"key":"Fire Potion"},{"floor":28.0,"key":"SmokeBomb"},{"floor":40.0,"key":"Weak Potion"},{"floor":42.0,"key":"AttackPotion"},{"floor":56.0,"key":"SkillPotion"},{"floor":65.0,"key":"Fruit Juice"},{"floor":67.0,"key":"EssenceOfSteel"},{"floor":74.0,"key":"champ:CounterPotion"},{"floor":80.0,"key":"Energy Potion"},{"floor":84.0,"key":"DuplicationPotion"}],"is_trial":false,"path_per_floor":["M","M","?","?","M","E","R","E","T","E","R","M","M","M","R","B",null,"M","$","?","M","?","E","M","NM","T","E","M","$","T","AVR","R","B",null,"M","?","M","?","M","E","M","E","T","R","M","?","T","M","R","B",null,"M","?","?","?","M","E","R","E","T","E","T","R","$","M","R","B",null,"M","?","?","?","T","E","$","M","T","$","R","E","M","E","R","B",null,"M","?","?","T","M","E","R","E","T","?","M","$","R","E","R","B",null,"M","?","?","M","$","R","E","T","T","E","E","?","M","E","R","B",null,"M","M","?","?","M","E","R","T","T","E"],"character_chosen":"THE_SILENT","items_purchased":["Kunai","Tiny Chest","Accuracy","ReplayTheSpireMod:CursedCoin","Vajra","Cloak And Dagger+1","Chemical X","Replay:Rubber Ducky","Omamori","infinitespire:Joker Card","Membership Card","Infinite Blades","PreservedInsect"],"campfire_rested":5,"item_purchase_floors":[19,19,29,29,29,64,64,64,78,97,97,97,107],"current_hp_per_floor":[64,62,67,67,66,42,64,48,48,42,42,32,32,32,54,16,75,72,72,72,70,70,64,56,44,44,30,30,36,36,42,68,45,87,87,87,84,84,81,72,60,29,29,55,41,41,41,37,63,41,87,87,87,87,87,87,87,87,87,87,87,87,87,87,87,87,87,92,92,88,88,92,92,92,92,92,92,92,92,92,92,92,92,80,92,92,92,86,86,86,86,86,86,86,86,86,86,86,92,92,92,97,97,92,92,92,92,92,92,92,92,92,92,92,92,92,92,97,97,97,97,73,73,83,93,93,93,97,97,97],"gold":1624,"neow_bonus":"NOSTALGIA","is_daily":false,"chose_seed":false,"campfire_upgraded":10,"win_rate":0.0,"timestamp":1610570540,"path_taken":["M","?","?","?","M","E","R","E","T","E","R","M","M","?","R","BOSS","M","$","?","M","?","E","?","NM","T","E","M","$","?","AVR","R","BOSS","M","?","M","?","M","E","M","E","T","R","M","?","?","M","R","BOSS","M","?","?","?","M","E","R","E","T","E","?","R","$","M","R","BOSS","M","?","?","?","?","E","$","M","T","?","R","E","M","E","R","BOSS","M","?","?","?","M","E","R","E","T","?","M","$","R","E","R","BOSS","M","?","?","M","$","R","E","?","T","E","E","?","M","E","R","BOSS","M","M","?","?","M","E","R","?","T","E"],"items_purchased_type":["Relic","Relic","Card","Relic","Relic","Card","Relic","Relic","Relic","Relic","Relic","Card","Relic"],"build_version":"2020-12-22","purchased_purges":1,"victory":false,"max_hp_per_floor":[70,70,75,75,75,75,75,75,75,75,75,75,75,75,75,75,75,75,75,75,75,75,75,75,75,75,75,75,81,81,87,87,87,87,87,87,87,87,87,87,87,87,87,87,87,87,87,87,87,87,87,87,87,87,87,87,87,87,87,87,87,87,87,87,87,87,87,92,92,92,92,92,92,92,92,92,92,92,92,92,92,92,92,92,92,92,92,92,92,92,92,92,92,92,92,92,92,92,92,92,92,97,97,97,97,97,97,97,97,97,97,97,97,97,97,97,97,97,97,97,97,97,97,97,97,97,97,97,97,97],"card_choices":[{"not_picked":["Outmaneuver","Deflect","Calculated Gamble"],"picked":"SKIP","floor":1.0},{"not_picked":["Underhanded Strike","Outmaneuver"],"picked":"Choke","floor":2.0},{"not_picked":["Flechettes","Sucker Punch"],"picked":"Choke","floor":5.0},{"not_picked":["Grand Finale","Outmaneuver"],"picked":"Slice","floor":6.0},{"not_picked":["Dagger Throw","Toxin Wave"],"picked":"Sucker Punch","floor":7.0},{"not_picked":["ReplayTheSpireMod:Shiv Toss","Eviscerate","Deadly Poison"],"picked":"SKIP","floor":8.0},{"not_picked":["Venomology","Backflip","Dodge and Roll"],"picked":"SKIP","floor":10.0},{"not_picked":["Quick Slash","Escape Plan"],"picked":"Cloak And Dagger","floor":12.0},{"not_picked":["Dagger Spray","Underhanded Strike","Blur"],"picked":"SKIP","floor":13.0},{"not_picked":["Backflip","Outmaneuver","hubris:Sniper"],"picked":"SKIP","floor":14.0},{"not_picked":["Atom Bomb","Burst"],"picked":"ReplayTheSpireMod:From All Sides","floor":16.0},{"not_picked":["Deadly Poison","Endless Agony","hubris:SlightOfHand"],"picked":"SKIP","floor":18.0},{"not_picked":["Dodge and Roll","Heel Hook+1"],"picked":"Backstab+1","floor":21.0},{"not_picked":["Choke","ReplayTheSpireMod:The Works+1","Deflect"],"picked":"SKIP","floor":23.0},{"not_picked":["Backflip","Quick Slash"],"picked":"Blade Dance+1","floor":24.0},{"not_picked":["Dagger Spray","Distraction","Eviscerate"],"picked":"SKIP","floor":25.0},{"not_picked":["Dagger Throw","Heel Hook"],"picked":"ReplayTheSpireMod:Scrap Shanks","floor":27.0},{"not_picked":["Backflip+1","Endless Agony","Hidden Blade+1"],"picked":"SKIP","floor":28.0},{"not_picked":["Unload","Doppelganger+1"],"picked":"A Thousand Cuts","floor":33.0},{"not_picked":["Replay:Sssssssssstrike","expansioncontent:FaceSlap"],"picked":"Poisoned Strike","floor":36.0},{"not_picked":["All Out Attack","Prepared+1","Caltrops+1"],"picked":"SKIP","floor":37.0},{"not_picked":["Quick Slash+1","Prepared+1","Flying Knee"],"picked":"SKIP","floor":39.0},{"not_picked":["Riddle With Holes+1","hubris:TrickCloak+1","Reflex+1"],"picked":"SKIP","floor":40.0},{"not_picked":["Underhanded Strike+1","Draining Mist+1","Well Laid Plans+1"],"picked":"SKIP","floor":41.0},{"not_picked":["Flying Knee","Leg Sweep+1","Phantasmal Killer+1"],"picked":"SKIP","floor":42.0},{"not_picked":["Reflex+1","Backflip+1","hubris:SlightOfHand+1"],"picked":"SKIP","floor":45.0},{"not_picked":["Predator+1","Dash"],"picked":"Blade Dance+1","floor":48.0},{"not_picked":["Endless Agony+1","Acrobatics+1"],"picked":"Blade Dance+1","floor":49.0},{"not_picked":["Wraith Form v2","Corpse Explosion+1"],"picked":"Adrenaline+1","floor":50.0},{"not_picked":["Dodge and Roll+1"],"picked":"SKIP","floor":52.0},{"not_picked":["Quick Slash"],"picked":"SKIP","floor":56.0},{"not_picked":[],"picked":"Backstab","floor":57.0},{"not_picked":["Flying Knee"],"picked":"SKIP","floor":59.0},{"not_picked":["Eviscerate"],"picked":"SKIP","floor":61.0},{"not_picked":["Underhanded Strike"],"picked":"SKIP","floor":65.0},{"not_picked":["ReplayTheSpireMod:Shiv Toss+1"],"picked":"SKIP","floor":69.0},{"not_picked":["Backflip+1"],"picked":"SKIP","floor":74.0},{"not_picked":["Distraction+1"],"picked":"SKIP","floor":76.0},{"not_picked":["Backflip+1"],"picked":"SKIP","floor":80.0},{"not_picked":["Deadly Poison+1"],"picked":"SKIP","floor":81.0},{"not_picked":["Outmaneuver+1"],"picked":"SKIP","floor":82.0},{"not_picked":[],"picked":"Cloak And Dagger+1","floor":86.0},{"not_picked":["Endless Agony+1"],"picked":"SKIP","floor":90.0},{"not_picked":["Caltrops"],"picked":"SKIP","floor":91.0},{"not_picked":["Distraction+1"],"picked":"SKIP","floor":93.0},{"not_picked":["Hidden Blade+1"],"picked":"SKIP","floor":96.0},{"not_picked":["hubris:Counter"],"picked":"SKIP","floor":99.0},{"not_picked":["Cloak And Dagger+1"],"picked":"SKIP","floor":103.0},{"not_picked":["Prepared+1"],"picked":"SKIP","floor":106.0},{"not_picked":["Quick Slash"],"picked":"SKIP","floor":109.0},{"not_picked":["Noxious Fumes"],"picked":"SKIP","floor":112.0},{"not_picked":["Atom Bomb"],"picked":"SKIP","floor":113.0},{"not_picked":["ReplayTheSpireMod:Exploit Weakness+1"],"picked":"SKIP","floor":115.0},{"not_picked":["Calculated Gamble+1"],"picked":"SKIP","floor":116.0},{"not_picked":["ReplayTheSpireMod:Speed Training+1"],"picked":"SKIP","floor":120.0},{"not_picked":["Deadly Poison+1"],"picked":"SKIP","floor":121.0},{"not_picked":["Blade Dance+1"],"picked":"SKIP","floor":124.0},{"not_picked":["Dagger Throw+1"],"picked":"SKIP","floor":125.0}],"player_experience":625395,"relics_obtained":[{"floor":6.0,"key":"Dream Catcher"},{"floor":8.0,"key":"Darkstone Periapt"},{"floor":9.0,"key":"Replay:Wax Seal"},{"floor":10.0,"key":"Pocketwatch"},{"floor":23.0,"key":"Basket Of Snakes"},{"floor":25.0,"key":"hubris:TenFootPole"},{"floor":26.0,"key":"Toxic Egg 2"},{"floor":27.0,"key":"Whetstone"},{"floor":30.0,"key":"Ancient Tea Set"},{"floor":40.0,"key":"hubris:DeckOfHolding"},{"floor":42.0,"key":"hubris:AncientText"},{"floor":43.0,"key":"Happy Flower"},{"floor":47.0,"key":"ReplayFunnel"},{"floor":57.0,"key":"Replay:Bottled Snecko"},{"floor":60.0,"key":"Lizard Tail"},{"floor":61.0,"key":"Replay:Towering Pillar of Hats"},{"floor":62.0,"key":"Ninja Scroll"},{"floor":71.0,"key":"Red Mask"},{"floor":74.0,"key":"Toy Ornithopter"},{"floor":77.0,"key":"Pantograph"},{"floor":80.0,"key":"Quantum Egg"},{"floor":82.0,"key":"Shuriken"},{"floor":89.0,"key":"ReplayTheSpireMod:Lightbulb"},{"floor":91.0,"key":"infinitespire:Lucky Rock"},{"floor":91.0,"key":"WingedGreaves"},{"floor":93.0,"key":"Runesmith:AutoHammer"},{"floor":93.0,"key":"Dead Branch"},{"floor":94.0,"key":"InkBottle"},{"floor":99.0,"key":"FossilizedHelix"},{"floor":99.0,"key":"infinitespire:PuzzleCube"},{"floor":109.0,"key":"Centennial Puzzle"},{"floor":109.0,"key":"Matryoshka"},{"floor":110.0,"key":"Juzu Bracelet"},{"floor":110.0,"key":"hubris:OldNail"},{"floor":111.0,"key":"hubris:SlimyHat"},{"floor":111.0,"key":"CaptainsWheel"},{"floor":112.0,"key":"aspiration:TomeofQuesting"},{"floor":112.0,"key":"Orichalcum"},{"floor":113.0,"key":"Oddly Smooth Stone"},{"floor":113.0,"key":"hubris:DuctTape"},{"floor":116.0,"key":"Anchor"},{"floor":116.0,"key":"hubris:ToyBattleship"},{"floor":117.0,"key":"infinitespire:Bottled Soul"},{"floor":125.0,"key":"Regal Pillow"},{"floor":127.0,"key":"infinitespire:Magic Flask"},{"floor":128.0,"key":"Nunchaku"}],"event_choices":[{"damage_healed":0.0,"max_hp_gain":5.0,"max_hp_loss":0.0,"gold_gain":0.0,"event_name":"Big Fish","player_choice":"Donut","floor":3.0,"gold_loss":0.0,"damage_taken":0.0},{"damage_healed":0.0,"max_hp_gain":0.0,"max_hp_loss":0.0,"gold_gain":0.0,"event_name":"Transmorgrifier","player_choice":"Ignored","floor":4.0,"gold_loss":0.0,"damage_taken":0.0},{"damage_healed":0.0,"max_hp_gain":0.0,"max_hp_loss":0.0,"gold_gain":0.0,"event_name":"WeMeetAgain","player_choice":"Gave Potion","floor":20.0,"gold_loss":0.0,"damage_taken":0.0,"relics_obtained":["The Courier"]},{"cards_removed":["Strike_G"],"damage_healed":0.0,"max_hp_gain":0.0,"max_hp_loss":0.0,"gold_gain":0.0,"event_name":"Purifier","player_choice":"Purged","floor":22.0,"gold_loss":0.0,"damage_taken":0.0},{"damage_healed":0.0,"max_hp_gain":0.0,"max_hp_loss":0.0,"gold_gain":3.0,"event_name":"betterStone:BetterStone","player_choice":"1","floor":36.0,"gold_loss":0.0,"damage_taken":0.0},{"damage_healed":0.0,"max_hp_gain":0.0,"max_hp_loss":0.0,"gold_gain":0.0,"event_name":"The Moai Head","player_choice":"Ignored","floor":46.0,"gold_loss":0.0,"damage_taken":0.0},{"damage_healed":0.0,"max_hp_gain":0.0,"max_hp_loss":0.0,"gold_gain":0.0,"event_name":"betterThird:BetterSerpent","player_choice":"Ignored","floor":54.0,"gold_loss":0.0,"damage_taken":640.0},{"damage_healed":87.0,"max_hp_gain":0.0,"max_hp_loss":87.0,"gold_gain":0.0,"event_name":"betterThird:BetterShining","player_choice":"Leave","floor":55.0,"gold_loss":1.0,"damage_taken":0.0},{"damage_healed":0.0,"max_hp_gain":0.0,"max_hp_loss":0.0,"gold_gain":0.0,"event_name":"blackbeard:ShipwreckEvent","player_choice":"HornCleat","floor":70.0,"gold_loss":0.0,"damage_taken":0.0,"relics_obtained":["HornCleat"]},{"damage_healed":0.0,"max_hp_gain":0.0,"max_hp_loss":0.0,"gold_gain":0.0,"event_name":"Masked Bandits","player_choice":"Fought Bandits","floor":71.0,"gold_loss":0.0,"damage_taken":0.0},{"damage_healed":5.0,"max_hp_gain":0.0,"max_hp_loss":0.0,"gold_gain":0.0,"event_name":"betterSkull:BetterSkull","player_choice":"LEAVE ","floor":72.0,"gold_loss":0.0,"damage_taken":0.0,"cards_upgraded":[],"relics_obtained":[]},{"damage_healed":0.0,"max_hp_gain":0.0,"max_hp_loss":0.0,"gold_gain":0.0,"event_name":"Winding Halls","player_choice":"Embrace Madness","floor":88.0,"gold_loss":0.0,"damage_taken":12.0,"cards_obtained":["Madness","Madness"]},{"damage_healed":0.0,"max_hp_gain":0.0,"max_hp_loss":0.0,"gold_gain":75.0,"event_name":"betterThird:BetterGoop","player_choice":"Gold","floor":104.0,"gold_loss":0.0,"damage_taken":11.0},{"damage_healed":0.0,"max_hp_gain":0.0,"max_hp_loss":0.0,"gold_gain":0.0,"event_name":"betterNote:BetterNote","player_choice":"Ignored","floor":105.0,"gold_loss":0.0,"damage_taken":0.0,"cards_obtained":["Defend_S"]},{"cards_removed":["Strike_G"],"damage_healed":0.0,"max_hp_gain":0.0,"max_hp_loss":0.0,"gold_gain":0.0,"event_name":"Bonfire Elementals","player_choice":"Offered Basic","floor":114.0,"gold_loss":0.0,"damage_taken":0.0},{"damage_healed":0.0,"max_hp_gain":97.0,"max_hp_loss":73.0,"gold_gain":0.0,"event_name":"betterAltar:BetterAltar","player_choice":" Idol ","floor":122.0,"potions_obtained":[],"relics_lost":[],"gold_loss":0.0,"damage_taken":49.0,"relics_obtained":["Bloody Idol"]},{"damage_healed":0.0,"max_hp_gain":0.0,"max_hp_loss":0.0,"gold_gain":0.0,"event_name":"Cursed Tome","player_choice":"Ignored","floor":123.0,"gold_loss":0.0,"damage_taken":0.0}],"is_beta":false,"boss_relics":[{"not_picked":["Ring of the Serpent","Runesmith:UraniumAnvil"],"picked":"aspiration:MobileForge"},{"not_picked":["Pandora\u0027s Box","ChewingGum","Runic Dome"]},{"not_picked":["hubris:VirtuousBlindfold","aspiration:PoetsPen_weak"],"picked":"Busted Crown"},{"not_picked":["hubris:CrackedHourglass","Astrolabe","Kintsugi"]},{"not_picked":["Replay:Drink Me","ChewingGum"],"picked":"Black Star"},{"not_picked":["aspiration:RunicSpoon","Replay:Grab Bag"],"picked":"Tiny House"},{"not_picked":["Ring of the Serpent","aspiration:RunicSpoon"],"picked":"aspiration:PoetsPen_weak"}],"items_purged_floors":[29],"is_endless":true,"potions_floor_spawned":[1,5,10,12,16,18,21,23,25,28,35,40,42,56,65,67,74,80,81,84,91,112,113,115,124,125],"killed_by":"Slavers","ascension_level":1}}