{"host":"8rqsnaeml9gxb0kp","time":1610503964,"event":{"mods":["AchievementEnabler","BaseMod","Dark Map","Minty Spire (QoL Compilation)","StSLib"],"gold_per_floor":[110,124,134,55,74,102,102,118,118,148,148,175,175,194,194,292,292,308,308,322,41,56,56,81,81,131,141,172,172,0,12,12,107,107,123,133,133,151,169,169,201,201,201,47,60,71,71,89,89,89],"floor_reached":51,"language":"ENG","playtime":4139,"items_purged":[],"score":781,"play_id":"0a1ab961-7710-4a7c-944e-7d7224b70dec","local_time":"20210112181244","is_ascension_mode":false,"campfire_choices":[{"data":"Conclude","floor":11.0,"key":"SMITH"},{"floor":13.0,"key":"REST"},{"data":"LessonLearned","floor":15.0,"key":"SMITH"},{"data":"DevaForm","floor":23.0,"key":"SMITH"},{"floor":29.0,"key":"REST"},{"floor":32.0,"key":"REST"},{"floor":40.0,"key":"REST"},{"floor":42.0,"key":"REST"},{"floor":49,"key":"REST"}],"circlet_count":0,"master_deck":["Strike_P+1","Strike_P","Strike_P+1","Defend_P","Defend_P+1","Defend_P","Defend_P","Eruption","Vigilance+1","LikeWater","ReachHeaven+1","CutThroughFate","Conclude+1","ThirdEye","Sanctity","BattleHymn","LessonLearned+1","Vengeance","DevaForm+1","FollowUp+1","FlurryOfBlows","EmptyFist","Fasting2","Protect+1","EmptyMind+1","Worship","TalkToTheHand","Crescendo+1","ConjureBlade","JustLucky+1","Halt+1","TalkToTheHand+1","BowlingBash+1","ClearTheMind+1","Parasite","CrushJoints+1","Protect+1","SashWhip+1"],"relics":["PureWater","White Beast Statue","Mango","Dead Branch","SlaversCollar","Nunchaku","Bottled Tornado","CultistMask","Strawberry","Happy Flower","VioletLotus","Vajra","Kunai","Regal Pillow"],"acts_visited":["Exordium","TheCity","TheBeyond"],"potions_floor_usage":[48,48,48,50],"damage_taken":[{"damage":2.0,"enemies":"Small Slimes","floor":1.0,"turns":4.0},{"damage":2.0,"enemies":"2 Louse","floor":2.0,"turns":4.0},{"damage":1.0,"enemies":"Jaw Worm","floor":3.0,"turns":3.0},{"damage":43.0,"enemies":"Gremlin Gang","floor":5.0,"turns":4.0},{"damage":12.0,"enemies":"Gremlin Nob","floor":6.0,"turns":3.0},{"damage":6.0,"enemies":"2 Fungi Beasts","floor":8.0,"turns":3.0},{"damage":23.0,"enemies":"3 Sentries","floor":12.0,"turns":4.0},{"damage":0.0,"enemies":"3 Louse","floor":14.0,"turns":1.0},{"damage":0.0,"enemies":"Slime Boss","floor":16.0,"turns":6.0},{"damage":40.0,"enemies":"2 Thieves","floor":18.0,"turns":2.0},{"damage":10.0,"enemies":"Chosen","floor":20.0,"turns":3.0},{"damage":10.0,"enemies":"Sentry and Sphere","floor":22.0,"turns":3.0},{"damage":27.0,"enemies":"Gremlin Leader","floor":24.0,"turns":4.0},{"damage":12.0,"enemies":"Cultist and Chosen","floor":27.0,"turns":5.0},{"damage":19.0,"enemies":"Book of Stabbing","floor":28.0,"turns":4.0},{"damage":10.0,"enemies":"Centurion and Healer","floor":31.0,"turns":5.0},{"damage":21.0,"enemies":"Collector","floor":33.0,"turns":7.0},{"damage":21.0,"enemies":"Orb Walker","floor":35.0,"turns":5.0},{"damage":20.0,"enemies":"3 Shapes","floor":36.0,"turns":3.0},{"damage":0.0,"enemies":"Jaw Worm Horde","floor":38.0,"turns":2.0},{"damage":13.0,"enemies":"4 Shapes","floor":39.0,"turns":4.0},{"damage":47.0,"enemies":"Reptomancer","floor":41.0,"turns":7.0},{"damage":13.0,"enemies":"Writhing Mass","floor":45.0,"turns":5.0},{"damage":37.0,"enemies":"Spire Growth","floor":46.0,"turns":5.0},{"damage":4,"enemies":"Sphere and 2 Shapes","floor":48,"turns":4},{"damage":46,"enemies":"Awakened One","floor":50,"turns":10}],"seed_played":"2686939338980253295","potions_obtained":[{"floor":3.0,"key":"Block Potion"},{"floor":8.0,"key":"LiquidBronze"},{"floor":12.0,"key":"Strength Potion"},{"floor":14.0,"key":"AttackPotion"},{"floor":20.0,"key":"Swift Potion"},{"floor":22.0,"key":"Dexterity Potion"},{"floor":24.0,"key":"Block Potion"},{"floor":27.0,"key":"Fire Potion"},{"floor":28.0,"key":"SteroidPotion"},{"floor":31.0,"key":"BlessingOfTheForge"},{"floor":33.0,"key":"PowerPotion"},{"floor":35.0,"key":"ColorlessPotion"},{"floor":36.0,"key":"AttackPotion"},{"floor":38.0,"key":"Energy Potion"},{"floor":39.0,"key":"StancePotion"},{"floor":41.0,"key":"SpeedPotion"},{"floor":45.0,"key":"Swift Potion"},{"floor":48,"key":"Dexterity Potion"}],"is_trial":false,"path_per_floor":["M","M","M","$","M","E","?","M","T","?","R","E","R","M","R","B",null,"M","?","M","$","M","R","E","?","T","M","E","R","?","M","R","B",null,"M","M","?","M","M","R","E","R","T","$","M","M","?","M","R","B",null],"character_chosen":"WATCHER","items_purchased":["Conclude","Nunchaku","EmptyFist","Fasting2","Regal Pillow"],"campfire_rested":6,"item_purchase_floors":[4,21,21,21,44],"current_hp_per_floor":[77,75,74,74,31,19,45,39,53,53,53,30,57,57,57,57,93,53,84,74,74,64,64,37,37,44,32,13,43,43,33,63,42,100,79,59,59,59,46,76,29,59,59,59,46,9,9,5,48,2],"gold":89,"neow_bonus":"TEN_PERCENT_HP_BONUS","is_daily":false,"chose_seed":false,"campfire_upgraded":3,"win_rate":0.0,"timestamp":1610503964,"path_taken":["M","M","M","$","M","E","?","M","T","?","R","E","R","M","R","BOSS","M","?","M","$","M","R","E","?","T","?","E","R","?","M","R","BOSS","M","M","?","?","M","R","E","R","T","$","M","?","?","M","R","BOSS"],"items_purchased_type":["Card","Relic","Card","Card","Relic"],"build_version":"2020-12-22","purchased_purges":0,"victory":true,"max_hp_per_floor":[79,79,79,79,79,79,79,79,93,93,93,93,93,93,93,93,93,93,93,93,93,93,93,93,93,100,100,100,100,100,100,100,100,100,100,100,100,100,100,100,100,100,100,100,100,100,95,95,95,95],"card_choices":[{"not_picked":["SashWhip","EmptyBody"],"picked":"LikeWater","floor":1.0},{"not_picked":["Protect","ClearTheMind"],"picked":"ReachHeaven","floor":2.0},{"not_picked":["WaveOfTheHand","Protect"],"picked":"CutThroughFate","floor":3.0},{"not_picked":["ReachHeaven","Scrawl"],"picked":"ThirdEye","floor":5.0},{"not_picked":["WreathOfFlame","Protect"],"picked":"Sanctity","floor":6.0},{"not_picked":["SashWhip","WindmillStrike"],"picked":"BattleHymn","floor":8.0},{"not_picked":["Worship","Perseverance"],"picked":"LessonLearned","floor":12.0},{"not_picked":["FlyingSleeves","Wallop"],"picked":"Vengeance","floor":14.0},{"not_picked":["DeusExMachina","Brilliance"],"picked":"DevaForm","floor":16.0},{"not_picked":["CutThroughFate","SashWhip"],"picked":"FollowUp+1","floor":18.0},{"not_picked":["Crescendo+1","Collect"],"picked":"FlurryOfBlows","floor":20.0},{"not_picked":["FlurryOfBlows","Indignation"],"picked":"Protect+1","floor":22.0},{"not_picked":["Adaptation","SashWhip+1"],"picked":"EmptyMind+1","floor":24.0},{"not_picked":["CrushJoints+1","PathToVictory+1"],"picked":"Worship","floor":27.0},{"not_picked":["Conclude+1","JustLucky+1"],"picked":"TalkToTheHand","floor":28.0},{"not_picked":["Sanctity","FlurryOfBlows+1"],"picked":"Crescendo+1","floor":31.0},{"not_picked":["Vault","Scrawl"],"picked":"ConjureBlade","floor":33.0},{"not_picked":["Collect+1","FlurryOfBlows"],"picked":"JustLucky+1","floor":35.0},{"not_picked":["Study","Weave"],"picked":"Halt+1","floor":36.0},{"not_picked":["CutThroughFate","JustLucky+1"],"picked":"TalkToTheHand+1","floor":38.0},{"not_picked":["JustLucky","LikeWater"],"picked":"BowlingBash+1","floor":39.0},{"not_picked":["SashWhip+1","EmptyFist"],"picked":"ClearTheMind+1","floor":41.0},{"not_picked":["Conclude","Crescendo"],"picked":"CrushJoints+1","floor":45.0},{"not_picked":["EmptyBody","Crescendo+1"],"picked":"Protect+1","floor":46.0},{"not_picked":["CarveReality+1","CrushJoints"],"picked":"SashWhip+1","floor":48}],"player_experience":58890,"relics_obtained":[{"floor":6.0,"key":"White Beast Statue"},{"floor":9.0,"key":"Mango"},{"floor":12.0,"key":"Dead Branch"},{"floor":24.0,"key":"Bottled Tornado"},{"floor":26.0,"key":"Strawberry"},{"floor":28.0,"key":"Happy Flower"},{"floor":41.0,"key":"Vajra"},{"floor":43.0,"key":"Kunai"}],"event_choices":[{"damage_healed":26.0,"max_hp_gain":0.0,"max_hp_loss":0.0,"gold_gain":0.0,"event_name":"Big Fish","player_choice":"Banana","floor":7.0,"gold_loss":0.0,"damage_taken":0.0},{"damage_healed":0.0,"max_hp_gain":0.0,"max_hp_loss":0.0,"gold_gain":30.0,"event_name":"Dead Adventurer","player_choice":"Searched \u00272\u0027 times","floor":10.0,"gold_loss":0.0,"damage_taken":0.0},{"damage_healed":31.0,"max_hp_gain":0.0,"max_hp_loss":0.0,"gold_gain":0.0,"event_name":"The Library","player_choice":"Heal","floor":19.0,"gold_loss":0.0,"damage_taken":0.0},{"damage_healed":0.0,"max_hp_gain":0.0,"max_hp_loss":0.0,"gold_gain":0.0,"event_name":"FaceTrader","player_choice":"Trade","floor":25.0,"gold_loss":0.0,"damage_taken":0.0,"relics_obtained":["CultistMask"]},{"damage_healed":0.0,"max_hp_gain":0.0,"max_hp_loss":0.0,"gold_gain":0.0,"event_name":"Masked Bandits","player_choice":"Paid Fearfully","floor":30.0,"gold_loss":172.0,"damage_taken":0.0},{"cards_removed":["Strike_P"],"damage_healed":0.0,"max_hp_gain":0.0,"max_hp_loss":0.0,"gold_gain":0.0,"event_name":"Purifier","player_choice":"Purged","floor":37.0,"gold_loss":0.0,"damage_taken":0.0},{"damage_healed":0.0,"max_hp_gain":0.0,"max_hp_loss":5.0,"gold_gain":0.0,"event_name":"Winding Halls","player_choice":"Max HP","floor":47.0,"gold_loss":0.0,"damage_taken":0.0}],"is_beta":false,"boss_relics":[{"not_picked":["Coffee Dripper","Ectoplasm"],"picked":"SlaversCollar"},{"not_picked":["Cursed Key","Runic Pyramid"],"picked":"VioletLotus"}],"items_purged_floors":[],"is_endless":false,"potions_floor_spawned":[3,8,12,14,16,18,20,22,24,27,28,31,33,35,36,38,39,41,45,46,48],"ascension_level":0}}