{"host":"avjwtc49fhlk6kym","time":1610498670,"event":{"mods":["AchievementEnabler","BaseMod","Better Match","Better Note","Better Third Choice","Colored Map","Colored Powertips","Displayed Cursed Tome","Highlight Path","Minty Spire (QoL Compilation)","Permanent Neow","Quick Restart","StSLib"],"gold_per_floor":[118,193,213,213,193,223,70,70,70,70,92,119,119,153,153,261,320,346,129,153,163,163,163,163,188,213,213,238,264,286,311,311,423,423,439,493,493,43,79,79,88,88,88,114,139,139,139],"floor_reached":46,"language":"ENG","playtime":1775,"items_purged":["Defend_P","Strike_P"],"score":457,"play_id":"be2f5dab-6f12-483a-80f0-6e37caaf7692","local_time":"20210112194430","is_ascension_mode":false,"campfire_choices":[{"floor":8.0,"key":"REST"},{"data":"BattleHymn","floor":13.0,"key":"SMITH"},{"data":"Mind Blast","floor":15.0,"key":"SMITH"},{"data":"CrushJoints","floor":23.0,"key":"SMITH"},{"floor":27.0,"key":"REST"},{"data":"Blind","floor":32,"key":"SMITH"},{"floor":40,"key":"REST"},{"floor":42,"key":"REST"}],"circlet_count":0,"master_deck":["Strike_P","Strike_P","Defend_P","Defend_P+1","Defend_P+1","Eruption+1","Vigilance","Mind Blast+1","FearNoEvil+1","Bandage Up","BattleHymn+1","FearNoEvil+1","Evaluate","Judgement+1","FollowUp","FollowUp+1","Blind+1","CrushJoints+1","SandsOfTime+1","Study","ForeignInfluence","Consecrate+1","BowlingBash+1","Protect","DeusExMachina","ClearTheMind+1","MasterReality","Prostrate+1","Evaluate+1","Chrysalis","Evaluate+1","FlurryOfBlows+1"],"relics":["PureWater","CeramicFish","Kunai","Bag of Marbles","Tiny House","Pocketwatch","Whetstone","Sozu","Prayer Wheel","War Paint","Strawberry"],"acts_visited":["Exordium","TheCity","TheBeyond"],"potions_floor_usage":[33,33],"damage_taken":[{"damage":6.0,"enemies":"Cultist","floor":1.0,"turns":6.0},{"damage":2.0,"enemies":"Jaw Worm","floor":3.0,"turns":4.0},{"damage":14.0,"enemies":"3 Sentries","floor":6.0,"turns":8.0},{"damage":0.0,"enemies":"2 Louse","floor":11.0,"turns":3.0},{"damage":6.0,"enemies":"Exordium Thugs","floor":12.0,"turns":5.0},{"damage":14.0,"enemies":"Gremlin Nob","floor":14.0,"turns":3.0},{"damage":47.0,"enemies":"Hexaghost","floor":16.0,"turns":10.0},{"damage":10.0,"enemies":"2 Thieves","floor":18.0,"turns":2.0},{"damage":4.0,"enemies":"Spheric Guardian","floor":20.0,"turns":3.0},{"damage":2.0,"enemies":"Snecko","floor":21.0,"turns":4.0},{"damage":29.0,"enemies":"Centurion and Healer","floor":25.0,"turns":4.0},{"damage":16.0,"enemies":"Snake Plant","floor":28.0,"turns":2.0},{"damage":1.0,"enemies":"Sentry and Sphere","floor":29.0,"turns":3.0},{"damage":0.0,"enemies":"Snecko","floor":30.0,"turns":3.0},{"damage":0,"enemies":"Centurion and Healer","floor":31,"turns":3},{"damage":54,"enemies":"Automaton","floor":33,"turns":8},{"damage":2,"enemies":"Orb Walker","floor":35,"turns":2},{"damage":40,"enemies":"2 Orb Walkers","floor":36,"turns":4},{"damage":32,"enemies":"3 Darklings","floor":39,"turns":4},{"damage":46,"enemies":"Sphere and 2 Shapes","floor":44,"turns":6},{"damage":27,"enemies":"Jaw Worm Horde","floor":45,"turns":4},{"damage":15,"enemies":"Writhing Mass","floor":46,"turns":2}],"seed_played":"-6267572406766729528","potions_obtained":[{"floor":1.0,"key":"DistilledChaos"},{"floor":3.0,"key":"CultistPotion"},{"floor":5.0,"key":"FearPotion"},{"floor":6.0,"key":"Explosive Potion"},{"floor":14.0,"key":"Ancient Potion"},{"floor":17.0,"key":"Fire Potion"},{"floor":20.0,"key":"Fruit Juice"},{"floor":21.0,"key":"BottledMiracle"},{"floor":28.0,"key":"Explosive Potion"},{"floor":30.0,"key":"Energy Potion"},{"floor":31,"key":"Fire Potion"},{"floor":33,"key":"Energy Potion"}],"is_trial":false,"path_per_floor":["M","?","M","?","?","E","$","R","T","$","M","M","R","E","R","B",null,"M","$","M","M","?","R","?","M","T","R","M","M","M","M","R","B",null,"M","?","?","$","M","R","?","R","T","M","M","M"],"character_chosen":"WATCHER","items_purchased":["Bandage Up","Blind","CrushJoints","MasterReality","War Paint","Strawberry"],"campfire_rested":4,"item_purchase_floors":[7,19,19,38,38,38],"current_hp_per_floor":[66,55,53,53,53,39,39,60,60,60,64,62,62,52,52,9,77,67,67,68,66,66,66,66,41,41,65,49,52,56,60,60,10,82,82,46,46,53,25,51,51,77,77,35,12,0,0],"gold":139,"neow_bonus":"RANDOM_COLORLESS","is_daily":false,"chose_seed":false,"campfire_upgraded":4,"win_rate":0.0,"timestamp":1610498670,"path_taken":["M","?","M","?","?","E","$","R","T","$","M","M","R","E","R","BOSS","M","$","M","M","?","R","?","M","T","R","M","?","M","?","R","BOSS","M","?","?","$","M","R","?","R","T","M","M","M"],"items_purchased_type":["Card","Card","Card","Card","Relic","Relic"],"build_version":"2020-12-22","purchased_purges":2,"victory":false,"max_hp_per_floor":[72,72,72,72,72,72,72,72,72,72,72,72,72,72,72,72,77,77,77,82,82,82,82,82,82,82,82,82,82,82,82,82,82,82,82,82,82,89,89,89,89,89,89,89,89,89,89],"card_choices":[{"not_picked":["Panacea","Good Instincts"],"picked":"Mind Blast","floor":0.0},{"not_picked":["FollowUp","Prostrate"],"picked":"FearNoEvil","floor":1.0},{"not_picked":["SignatureMove","Adaptation","Swivel"],"picked":"SKIP","floor":3.0},{"not_picked":["JustLucky","DeceiveReality","Crescendo"],"picked":"SKIP","floor":6.0},{"not_picked":["WindmillStrike","WreathOfFlame"],"picked":"BattleHymn","floor":11.0},{"not_picked":["Evaluate","SignatureMove"],"picked":"FearNoEvil","floor":12.0},{"not_picked":["Fasting2","EmptyMind"],"picked":"Evaluate","floor":14.0},{"not_picked":["Omniscience","Alpha"],"picked":"Judgement","floor":16.0},{"not_picked":["Halt","Consecrate"],"picked":"FollowUp","floor":17.0},{"not_picked":["ClearTheMind","Meditate"],"picked":"FollowUp+1","floor":18.0},{"not_picked":["CrushJoints","FollowUp"],"picked":"SandsOfTime+1","floor":20.0},{"not_picked":["DeceiveReality","EmptyFist","Tantrum"],"picked":"SKIP","floor":21.0},{"not_picked":["Evaluate","EmptyBody"],"picked":"Study","floor":25.0},{"not_picked":["FlurryOfBlows","ThirdEye"],"picked":"ForeignInfluence","floor":28.0},{"not_picked":["Pray","CrushJoints"],"picked":"Consecrate+1","floor":29.0},{"not_picked":["Study+1","Ragnarok"],"picked":"BowlingBash+1","floor":30.0},{"not_picked":["Worship+1","WheelKick"],"picked":"Protect","floor":31},{"not_picked":["Vault","Scrawl"],"picked":"DeusExMachina","floor":33},{"not_picked":["CutThroughFate","SashWhip","Worship+1"],"picked":"SKIP","floor":35},{"not_picked":["SashWhip+1","SandsOfTime+1"],"picked":"ClearTheMind+1","floor":36},{"not_picked":["CutThroughFate","PathToVictory+1"],"picked":"Prostrate+1","floor":39},{"not_picked":["BowlingBash+1","Pray+1"],"picked":"Evaluate+1","floor":39},{"not_picked":["PanicButton","Deep Breath"],"picked":"Chrysalis","floor":41},{"not_picked":["Conclude+1","Prostrate+1"],"picked":"Evaluate+1","floor":44},{"not_picked":["Fasting2+1","Pray+1","ClearTheMind+1"],"picked":"SKIP","floor":44},{"not_picked":["FlyingSleeves","BowlingBash+1"],"picked":"FlurryOfBlows+1","floor":45},{"not_picked":["PathToVictory","ReachHeaven","TalkToTheHand"],"picked":"SKIP","floor":45}],"player_experience":377574,"relics_obtained":[{"floor":6.0,"key":"CeramicFish"},{"floor":9.0,"key":"Kunai"},{"floor":14.0,"key":"Bag of Marbles"},{"floor":26.0,"key":"Whetstone"},{"floor":36,"key":"Prayer Wheel"}],"event_choices":[{"damage_healed":0.0,"max_hp_gain":0.0,"max_hp_loss":0.0,"gold_gain":75.0,"event_name":"betterThird:BetterGoop","player_choice":"Gold","floor":2.0,"gold_loss":0.0,"damage_taken":11.0},{"damage_healed":0.0,"max_hp_gain":0.0,"max_hp_loss":0.0,"gold_gain":0.0,"event_name":"Living Wall","player_choice":"Grow","floor":4.0,"gold_loss":0.0,"damage_taken":0.0,"cards_upgraded":["Eruption"]},{"damage_healed":0.0,"max_hp_gain":0.0,"max_hp_loss":0.0,"gold_gain":0.0,"event_name":"The Woman in Blue","player_choice":"Bought 1 Potion","floor":5.0,"gold_loss":0.0,"damage_taken":0.0},{"damage_healed":0.0,"max_hp_gain":0.0,"max_hp_loss":0.0,"gold_gain":0.0,"event_name":"WeMeetAgain","player_choice":"Gave Potion","floor":22.0,"gold_loss":0.0,"damage_taken":0.0,"relics_obtained":["Pocketwatch"]},{"cards_removed":["Strike_P"],"damage_healed":0.0,"max_hp_gain":0.0,"max_hp_loss":0.0,"gold_gain":0.0,"event_name":"betterNote:BetterNote","player_choice":"Give","floor":24.0,"gold_loss":0.0,"damage_taken":0.0,"cards_obtained":["Strike_P"]},{"damage_healed":0,"gold_gain":0,"player_choice":"Fight","damage_taken":0,"max_hp_gain":0,"max_hp_loss":0,"event_name":"Mysterious Sphere","floor":36,"gold_loss":0},{"cards_removed":["Strike_P"],"damage_healed":0,"gold_gain":0,"player_choice":"Removed Attack","damage_taken":0,"max_hp_gain":0,"max_hp_loss":0,"event_name":"Falling","floor":37,"gold_loss":0},{"damage_healed":0,"gold_gain":0,"player_choice":"Memory 1","damage_taken":0,"max_hp_gain":0,"max_hp_loss":0,"event_name":"SensoryStone","floor":41,"gold_loss":0}],"is_beta":false,"boss_relics":[{"not_picked":["Velvet Choker","Philosopher\u0027s Stone"],"picked":"Tiny House"},{"not_picked":["HolyWater","VioletLotus"],"picked":"Sozu"}],"items_purged_floors":[7,19],"is_endless":false,"potions_floor_spawned":[1,3,6,14,20,21,28,30,31,33,36,39,44],"killed_by":"Writhing Mass","ascension_level":0}}