{"host":"0tyekvnd8380d52o","time":1610556448,"event":{"mods":["Arknights The Spire","BaseMod","Minty Spire (QoL Compilation)","Shop Mod","StSLib","simple"],"gold_per_floor":[119,119,139,154,181,181,213,213,265,292,292,324,354,383,383,481,481,499,12,12,12,12,40,40,59,84,84,84,84,112,212,212,308,308,323,374,387,387,437,472,472,472,497,497,497,524,206,53,53,53,53,53,53,83,83],"floor_reached":56,"language":"ZHS","playtime":3324,"items_purged":["ats:Leaping Hammer","Injury"],"score":1269,"play_id":"9b4bca57-a04a-42a8-93f7-4e231caa1915","local_time":"20210114004728","daily_mods":["SealedDeck","Heirloom","Time Dilation","Flight"],"is_ascension_mode":false,"campfire_choices":[{"data":"ats:Shadow Raid","floor":6,"key":"SMITH"},{"data":"ats:Shadow Raid","floor":8,"key":"SMITH"},{"data":"ats:Curse Doll","floor":11,"key":"SMITH"},{"data":"ats:Dogmatic Field","floor":15,"key":"SMITH"},{"data":"ats:Rat Pack","floor":24,"key":"SMITH"},{"data":"ats:Healing Strengthening","floor":27,"key":"SMITH"},{"data":"ats:Apocalypse","floor":32,"key":"SMITH"},{"data":"ats:Ambush","floor":41,"key":"SMITH"},{"data":"ats:Healing Strengthening","floor":42,"key":"SMITH"},{"data":"ats:Flexible Camouflage","floor":44,"key":"SMITH"},{"floor":49,"key":"RECALL"},{"data":"ats:Counter Healing Mode","floor":52,"key":"SMITH"}],"circlet_count":0,"master_deck":["ats:Ignite","ats:Shadow Raid+1","ats:Directed Diagnosis+1","ats:Ignite","ats:Explosion Area Strengthen","ats:Shadow Raid+1","ats:Composite Medical Shells+1","ats:Apocalypse+1","ats:Hook Shot","ats:Shell Defense+1","ats:Curse Doll+1","ats:Neurotoxin","ats:Dogmatic Field+1","ats:Wolf Pack","ats:Rat Pack+1","ats:Poison Spread","ats:Apocalypse+1","ats:Healing Strengthening+1","ats:Soul Absorption+1","ats:Ambush+1","ats:Hammer On+1","ats:Nebulous Foxfire+1","ats:Healing Strengthening+1","ats:Thorns+1","ats:Flexible Camouflage+1","ats:Overload","ats:Rapid Magazine","ats:Counter Healing Mode+1","ats:Song Of Battle"],"relics":["ats:Sanity","Shovel","Blood Vial","ats:Originium","Toy Ornithopter","Calipers","Bottled Lightning","Bronze Scales","White Beast Statue","Coffee Dripper","Mummified Hand","Potion Belt","Question Card","Nilry\u0027s Codex","War Paint","Ancient Tea Set","Orichalcum","Astrolabe","Akabeko","CaptainsWheel","Bottled Flame","ats:Rhine Circuitry","Letter Opener","Oddly Smooth Stone","Bag of Preparation","ats:Berate"],"acts_visited":["Exordium","TheCity","TheBeyond","TheEnding"],"potions_floor_usage":[16],"damage_taken":[{"damage":7,"enemies":"2 Louse","floor":1,"turns":2},{"damage":6,"enemies":"Cultist","floor":3,"turns":3},{"damage":11,"enemies":"Jaw Worm","floor":4,"turns":3},{"damage":30,"enemies":"3 Sentries","floor":7,"turns":5},{"damage":21,"enemies":"Lagavulin","floor":10,"turns":6},{"damage":16,"enemies":"3 Sentries","floor":12,"turns":5},{"damage":13,"enemies":"Gremlin Nob","floor":13,"turns":4},{"damage":40,"enemies":"3 Sentries","floor":14,"turns":5},{"damage":83,"enemies":"Slime Boss","floor":16,"turns":9},{"damage":26,"enemies":"Shell Parasite","floor":18,"turns":4},{"damage":63,"enemies":"Slavers","floor":23,"turns":4},{"damage":5,"enemies":"3 Byrds","floor":25,"turns":4},{"damage":45,"enemies":"Book of Stabbing","floor":30,"turns":5},{"damage":24,"enemies":"Automaton","floor":33,"turns":10},{"damage":5,"enemies":"3 Darklings","floor":35,"turns":5},{"damage":0,"enemies":"Orb Walker","floor":37,"turns":4},{"damage":47,"enemies":"2 Orb Walkers","floor":39,"turns":4},{"damage":28,"enemies":"Nemesis","floor":40,"turns":7},{"damage":23,"enemies":"Giant Head","floor":46,"turns":9},{"damage":93,"enemies":"Time Eater","floor":50,"turns":10},{"damage":40,"enemies":"Shield and Spear","floor":54,"turns":6},{"damage":237,"enemies":"The Heart","floor":55,"turns":11}],"seed_played":"6434817626501257852","potions_obtained":[{"floor":7,"key":"Weak Potion"},{"floor":12,"key":"EssenceOfSteel"},{"floor":16,"key":"Explosive Potion"},{"floor":18,"key":"DistilledChaos"},{"floor":23,"key":"Block Potion"},{"floor":25,"key":"ats:Emergency Sanity Potion"}],"is_trial":true,"path_per_floor":["M","?","M","M","T","R","E","R","T","E","R","E","E","E","R","B",null,"M","$","?","?","?","E","R","M","T","R","?","?","E","?","R","B",null,"M","T","M","?","?","E","R","R","T","R","$","E","$","$","R","B",null,"R","$","E","B",null],"character_chosen":"DOCTOR_CLASS","items_purchased":["Mummified Hand","Potion Belt","ats:Counter Healing Mode","Oddly Smooth Stone","Bag of Preparation"],"campfire_rested":0,"item_purchase_floors":[19,19,47,47,48],"current_hp_per_floor":[65,65,69,70,70,70,56,56,56,55,55,52,52,34,34,36,72,72,72,72,72,56,28,28,40,40,40,40,27,20,20,20,77,77,77,77,77,77,77,77,77,77,77,77,77,77,77,77,77,77,77,77,77,77,77],"gold":83,"neow_bonus":"","is_daily":false,"chose_seed":false,"campfire_upgraded":11,"win_rate":0.0,"timestamp":1610556448,"path_taken":["M","?","M","?","?","R","E","R","T","E","R","E","E","E","R","BOSS","M","$","?","?","?","E","R","?","T","R","?","?","E","?","R","BOSS","M","?","M","?","?","E","R","R","T","R","$","E","$","$","R","BOSS","R","$","E","BOSS"],"items_purchased_type":["Relic","Relic","Card","Relic","Relic"],"build_version":"2020-12-22","purchased_purges":2,"victory":true,"max_hp_per_floor":[72,72,72,72,72,72,72,72,72,72,72,72,72,72,72,72,72,72,72,72,72,72,72,72,72,72,72,72,77,77,77,77,77,77,77,77,77,77,77,77,77,77,77,77,77,77,77,77,77,77,77,77,77,77,77],"card_choices":[{"not_picked":["ats:Childhood Dance","ats:Sunburst"],"picked":"ats:Composite Medical Shells","floor":1},{"not_picked":["ats:Cat Scratch","ats:Ignite"],"picked":"ats:Apocalypse","floor":3},{"not_picked":["ats:Revitalization","ats:Assault Order"],"picked":"ats:Hook Shot","floor":4},{"not_picked":["ats:Poison Spread","ats:Ignite"],"picked":"ats:Shell Defense","floor":7},{"not_picked":["ats:Shadow Raid","ats:Encircling Forest"],"picked":"ats:Curse Doll","floor":10},{"not_picked":["ats:Thorns","ats:Beaten Up"],"picked":"ats:Neurotoxin","floor":12},{"not_picked":["ats:Steam Pump","ats:Assault Order"],"picked":"ats:Dogmatic Field","floor":13},{"not_picked":["ats:Spore Proliferation","ats:Childhood Dance"],"picked":"ats:Wolf Pack","floor":14},{"not_picked":["ats:Roar Of Ursus","ats:Soul Rend"],"picked":"ats:Rat Pack","floor":16},{"not_picked":["ats:Cat Scratch","ats:Overload"],"picked":"ats:Poison Spread","floor":18},{"not_picked":["ats:Assault Order","ats:Echo Reverb","ats:Leaping Hammer"],"picked":"ats:Apocalypse+1","floor":23},{"not_picked":["ats:Revitalization","ats:Childhood Dance","ats:Ignite+1"],"picked":"ats:Healing Strengthening","floor":25},{"not_picked":["ats:Cat Scratch","ats:Shell Defense","ats:Support Order"],"picked":"ats:Soul Absorption+1","floor":30},{"not_picked":["ats:Echo Reverb","ats:Disruption Kick","ats:Roar Of Ursus"],"picked":"ats:Ambush","floor":33},{"not_picked":["ats:Hammer On","ats:Shell Defense","ats:Curse Doll+1"],"picked":"ats:Healing Strengthening","floor":35},{"not_picked":["ats:Poison Spread","ats:Hammer On+1","ats:Ignite+1"],"picked":"ats:Thorns+1","floor":37},{"not_picked":["ats:Leaping Hammer","ats:Chain Hook+1","ats:Childhood Dance+1"],"picked":"ats:Flexible Camouflage","floor":39},{"not_picked":["ats:Cat Scratch+1","ats:Assault Order","ats:Thermite Blade"],"picked":"ats:Overload","floor":40},{"not_picked":["ats:Sword Rain","ats:Childhood Dance","ats:Flexible Camouflage"],"picked":"ats:Rapid Magazine","floor":46},{"not_picked":["ats:Very Hot Blade","ats:Curse Doll","ats:Leaping Hammer+1"],"picked":"ats:Song Of Battle","floor":54}],"player_experience":164020,"relics_obtained":[{"floor":5,"key":"Blood Vial"},{"floor":7,"key":"ats:Originium"},{"floor":7,"key":"Toy Ornithopter"},{"floor":10,"key":"ats:Originium"},{"floor":10,"key":"Calipers"},{"floor":12,"key":"ats:Originium"},{"floor":12,"key":"Bottled Lightning"},{"floor":13,"key":"Bronze Scales"},{"floor":14,"key":"White Beast Statue"},{"floor":22,"key":"Nilry\u0027s Codex"},{"floor":23,"key":"War Paint"},{"floor":26,"key":"Ancient Tea Set"},{"floor":30,"key":"Orichalcum"},{"floor":36,"key":"Akabeko"},{"floor":39,"key":"CaptainsWheel"},{"floor":40,"key":"Bottled Flame"},{"floor":43,"key":"ats:Rhine Circuitry"},{"floor":46,"key":"Letter Opener"},{"floor":54,"key":"ats:Berate"}],"event_choices":[{"damage_healed":0,"gold_gain":0,"player_choice":"Forge","damage_taken":0,"max_hp_gain":0,"max_hp_loss":0,"event_name":"Accursed Blacksmith","floor":2,"gold_loss":0,"cards_upgraded":["ats:Composite Medical Shells"]},{"damage_healed":0,"gold_gain":0,"player_choice":"Opened","damage_taken":0,"relics_obtained":["Question Card"],"max_hp_gain":0,"max_hp_loss":0,"event_name":"The Mausoleum","floor":20,"gold_loss":0,"cards_obtained":["Writhe"]},{"damage_healed":0,"gold_gain":0,"player_choice":"Ignored","damage_taken":0,"max_hp_gain":0,"max_hp_loss":0,"event_name":"Ghosts","floor":21,"gold_loss":0},{"damage_healed":0,"gold_gain":0,"player_choice":"Obtained Book","damage_taken":16,"max_hp_gain":0,"max_hp_loss":0,"event_name":"Cursed Tome","floor":22,"gold_loss":0},{"damage_healed":0,"gold_gain":0,"player_choice":"Shed Blood","damage_taken":18,"max_hp_gain":5,"max_hp_loss":0,"event_name":"Forgotten Altar","floor":29,"gold_loss":0},{"damage_healed":0,"gold_gain":100,"player_choice":"Pray","damage_taken":0,"max_hp_gain":0,"max_hp_loss":0,"event_name":"Golden Shrine","floor":31,"gold_loss":0},{"cards_removed":["ats:Rapid Magazine"],"damage_healed":0,"gold_gain":0,"player_choice":"Removed Power","damage_taken":0,"max_hp_gain":0,"max_hp_loss":0,"event_name":"Falling","floor":38,"gold_loss":0},{"damage_healed":0,"gold_gain":0,"player_choice":"Fight","damage_taken":0,"max_hp_gain":0,"max_hp_loss":0,"event_name":"Mysterious Sphere","floor":39,"gold_loss":0}],"is_beta":false,"boss_relics":[{"not_picked":["Velvet Choker","SacredBark"],"picked":"Coffee Dripper"},{"not_picked":["Cursed Key","ats:Sanity Plus"],"picked":"Astrolabe"}],"items_purged_floors":[19,47],"is_endless":false,"potions_floor_spawned":[7,12,16,18,23,25,30,33,35,37,39,40,46,54],"ascension_level":0}}