{"host":"0vlubjftylzdr3ny","time":1610555265,"event":{"mods":["Always Whale","BaseMod","GifTheSpireLib","Minty Spire (QoL Compilation)","Relic Filter","StSLib","Stuff the Spire"],"gold_per_floor":[360,55,66,66,85,85,112,112,112,112,112],"floor_reached":10,"language":"ENG","playtime":325,"items_purged":["Strike_R"],"score":69,"play_id":"605b4b2d-1f6c-45ef-a23c-3ef41bbf0ef8","local_time":"20210113172745","is_ascension_mode":true,"campfire_choices":[{"data":"Entrench","floor":6,"key":"SMITH"}],"circlet_count":0,"master_deck":["Strike_R","Strike_R","Strike_R","Strike_R","Defend_R+1","Defend_R","Defend_R","Defend_R","Bash","Metallicize","Entrench+1","Flash of Steel","Rampage+1"],"relics":["StuffTheSpire:OccultApparatus","Vajra","Shuriken"],"acts_visited":["Exordium"],"potions_floor_usage":[10],"damage_taken":[{"damage":6,"enemies":"Jaw Worm","floor":1,"turns":3},{"damage":0,"enemies":"2 Louse","floor":3,"turns":3},{"damage":6,"enemies":"Cultist","floor":5,"turns":3},{"damage":32,"enemies":"3 Sentries","floor":7,"turns":11},{"damage":28,"enemies":"Gremlin Nob","floor":10,"turns":3}],"seed_played":"3233192571443224370","potions_obtained":[{"floor":1,"key":"ElixirPotion"},{"floor":7,"key":"Energy Potion"}],"is_trial":false,"path_per_floor":["M","$","M","?","M","R","E","?","T","E"],"character_chosen":"IRONCLAD","items_purchased":["Metallicize","Entrench","Flash of Steel"],"campfire_rested":0,"item_purchase_floors":[2,2,2],"current_hp_per_floor":[72,72,72,72,66,66,34,20,20,0,0],"gold":112,"neow_bonus":"TWO_FIFTY_GOLD","is_daily":false,"chose_seed":false,"campfire_upgraded":1,"win_rate":0.0,"timestamp":1610555265,"path_taken":["M","$","M","?","M","R","E","?","T","E"],"items_purchased_type":["Card","Card","Card"],"build_version":"2020-12-22","purchased_purges":1,"victory":false,"max_hp_per_floor":[72,72,72,72,72,72,72,72,72,72,72],"card_choices":[{"not_picked":["Fire Breathing","StuffTheSpire:Resist","Heavy Blade"],"picked":"SKIP","floor":1},{"not_picked":["StuffTheSpire:Incineration","StuffTheSpire:Slingshot","Thunderclap"],"picked":"SKIP","floor":3},{"not_picked":["Thunderclap","StuffTheSpire:RockThrow"],"picked":"Rampage","floor":5},{"not_picked":["Second Wind","Flex","Burning Pact"],"picked":"SKIP","floor":7}],"player_experience":840603,"relics_obtained":[{"floor":7,"key":"Vajra"},{"floor":9,"key":"Shuriken"}],"event_choices":[{"damage_healed":0,"gold_gain":0,"player_choice":"Entered Light","damage_taken":14,"max_hp_gain":0,"max_hp_loss":0,"event_name":"Shining Light","floor":8,"gold_loss":0,"cards_upgraded":["Defend_R","Rampage"]}],"is_beta":false,"boss_relics":[],"items_purged_floors":[2],"is_endless":false,"potions_floor_spawned":[1,7],"killed_by":"Gremlin Nob","ascension_level":1}}