{"host":"5h7tnviy6ct1qpjn","time":1610538452,"event":{"mods":["AchievementEnabler","BaseMod","BetterRewards","Colored Powertips","Minty Spire (QoL Compilation)","Shop Mod","StSLib"],"gold_per_floor":[109,109,33,33,53,53,91,91,391,28,56,56,94,118,118,238,238,238,238,238,238,73,73,73,73,73,73,73,73,73,73,73,73,73,73,73,73,73,0,0,0,0,0,0,0,0,0,0,0,0],"floor_reached":51,"language":"ENG","playtime":4513,"items_purged":["Injury"],"score":910,"play_id":"9806cf2d-5f6a-49eb-b2fd-6507f201d9b2","local_time":"20210113124732","is_ascension_mode":false,"campfire_choices":[{"data":"Dodge and Roll","floor":6,"key":"SMITH"},{"data":"Endless Agony","floor":8,"key":"SMITH"},{"data":"Envenom","floor":15,"key":"SMITH"},{"data":"Catalyst","floor":25,"key":"SMITH"},{"floor":30,"key":"REST"},{"data":"Dodge and Roll","floor":32,"key":"SMITH"},{"floor":42,"key":"REST"},{"floor":44,"key":"REST"},{"floor":49,"key":"REST"}],"circlet_count":0,"master_deck":["Strike_G","Strike_G","Strike_G","Strike_G","Strike_G","Defend_G+1","Defend_G+1","Defend_G","Defend_G","Defend_G","Survivor","Neutralize","Noxious Fumes","Leg Sweep","Blade Dance","Blade Dance","Envenom+1","Dodge and Roll+1","Endless Agony+1","Caltrops","Acrobatics","Catalyst+1","Envenom+1","Bullet Time","Crippling Poison","Finisher+1","Blade Dance","Flying Knee+1","Dodge and Roll+1","A Thousand Cuts+1","PiercingWail+1","PiercingWail","Catalyst+1","After Image"],"relics":["Ring of the Snake","Snake Skull","Kunai","Bloody Idol","Strawberry","Old Coin","War Paint","Odd Mushroom","Toy Ornithopter","Ectoplasm","Molten Egg 2","Frozen Eye","Paper Crane","Tingsha","Tiny Chest","WristBlade","Red Mask","Bronze Scales","White Beast Statue","Blood Vial"],"acts_visited":["Exordium","TheCity","TheBeyond"],"potions_floor_usage":[7,11,16,23,31,45,50,50,50,50,50],"damage_taken":[{"damage":0,"enemies":"2 Louse","floor":1,"turns":2},{"damage":0,"enemies":"Small Slimes","floor":5,"turns":2},{"damage":1,"enemies":"Lagavulin","floor":7,"turns":5},{"damage":12,"enemies":"The Mushroom Lair","floor":11,"turns":3},{"damage":1,"enemies":"Gremlin Nob","floor":13,"turns":3},{"damage":3,"enemies":"Jaw Worm","floor":14,"turns":2},{"damage":18,"enemies":"The Guardian","floor":16,"turns":6},{"damage":11,"enemies":"Shell Parasite","floor":18,"turns":6},{"damage":3,"enemies":"3 Byrds","floor":21,"turns":4},{"damage":0,"enemies":"Gremlin Leader","floor":23,"turns":5},{"damage":2,"enemies":"Shelled Parasite and Fungi","floor":24,"turns":3},{"damage":6,"enemies":"3 Cultists","floor":27,"turns":5},{"damage":3,"enemies":"Snake Plant","floor":29,"turns":4},{"damage":2,"enemies":"Chosen and Byrds","floor":31,"turns":3},{"damage":46,"enemies":"Automaton","floor":33,"turns":9},{"damage":3,"enemies":"3 Shapes","floor":35,"turns":4},{"damage":9,"enemies":"Orb Walker","floor":38,"turns":2},{"damage":3,"enemies":"Maw","floor":40,"turns":6},{"damage":27,"enemies":"Reptomancer","floor":41,"turns":5},{"damage":4,"enemies":"4 Shapes","floor":45,"turns":3},{"damage":47,"enemies":"Nemesis","floor":46,"turns":5},{"damage":9,"enemies":"3 Darklings","floor":47,"turns":4},{"damage":22,"enemies":"Spire Growth","floor":48,"turns":4},{"damage":35,"enemies":"Donu and Deca","floor":50,"turns":9}],"seed_played":"-3089281758954943552","potions_obtained":[{"floor":5,"key":"EssenceOfSteel"},{"floor":7,"key":"AttackPotion"},{"floor":14,"key":"Fire Potion"},{"floor":16,"key":"FairyPotion"},{"floor":21,"key":"BlessingOfTheForge"},{"floor":23,"key":"Ancient Potion"},{"floor":27,"key":"GamblersBrew"},{"floor":31,"key":"Fire Potion"},{"floor":35,"key":"EntropicBrew"},{"floor":45,"key":"Dexterity Potion"},{"floor":46,"key":"Regen Potion"},{"floor":48,"key":"Regen Potion"}],"is_trial":false,"path_per_floor":["M","?","$","?","M","R","E","R","T","$","?","$","E","M","R","B",null,"M","?","T","M","$","E","M","R","T","M","?","M","R","M","R","B",null,"M","?","$","M","?","M","E","R","T","R","M","E","M","M","R","B",null],"character_chosen":"THE_SILENT","items_purchased":["Snake Skull","Noxious Fumes","Leg Sweep","Blade Dance","Envenom","War Paint","Caltrops","Acrobatics","Frozen Eye","Blade Dance"],"campfire_rested":4,"item_purchase_floors":[0,0,0,0,3,10,10,10,22,22],"current_hp_per_floor":[70,70,70,70,70,70,76,76,76,76,64,64,63,60,60,47,77,66,66,66,63,63,68,66,66,66,60,60,57,77,76,76,30,77,74,74,74,65,65,62,35,58,58,77,73,26,19,23,46,77],"gold":0,"neow_bonus":"","is_daily":false,"chose_seed":false,"campfire_upgraded":5,"win_rate":0.0,"timestamp":1610538452,"path_taken":["M","?","$","?","M","R","E","R","T","$","?","$","E","M","R","BOSS","M","?","?","M","$","E","?","R","T","M","?","M","R","M","R","BOSS","M","?","?","M","?","M","E","R","T","R","M","E","M","M","R","BOSS"],"items_purchased_type":["Relic","Card","Card","Card","Card","Relic","Card","Card","Relic","Card"],"build_version":"2020-12-22","purchased_purges":1,"victory":true,"max_hp_per_floor":[70,70,70,70,70,70,77,77,77,77,77,77,77,77,77,77,77,77,77,77,77,77,77,77,77,77,77,77,77,77,77,77,77,77,77,77,77,77,77,77,77,77,77,77,77,77,77,77,77,77],"card_choices":[{"not_picked":["Dodge and Roll","Underhanded Strike"],"picked":"Blade Dance","floor":1},{"not_picked":["Crippling Poison","Escape Plan"],"picked":"Dodge and Roll","floor":5},{"not_picked":["Calculated Gamble","Slice"],"picked":"Endless Agony","floor":7},{"not_picked":["Heel Hook","Predator"],"picked":"Catalyst","floor":11},{"not_picked":["Masterful Stab","Outmaneuver"],"picked":"Envenom","floor":13},{"not_picked":["Deflect","Reflex","Acrobatics"],"picked":"SKIP","floor":14},{"not_picked":["Unload","Glass Knife"],"picked":"Bullet Time","floor":16},{"not_picked":["Poisoned Stab+1","Acrobatics"],"picked":"Crippling Poison","floor":18},{"not_picked":["Poisoned Stab+1","Backstab+1"],"picked":"Finisher+1","floor":21},{"not_picked":["Caltrops","Acrobatics"],"picked":"Flying Knee+1","floor":23},{"not_picked":["PiercingWail","Tactician"],"picked":"Dodge and Roll","floor":24},{"not_picked":["Outmaneuver","Quick Slash+1","Skewer+1"],"picked":"SKIP","floor":27},{"not_picked":["Bane+1","Slice+1","Dagger Throw+1"],"picked":"SKIP","floor":29},{"not_picked":["Slice+1","Outmaneuver","Envenom"],"picked":"SKIP","floor":31},{"not_picked":["Tools of the Trade","Malaise"],"picked":"A Thousand Cuts","floor":33},{"not_picked":["PiercingWail+1","Calculated Gamble+1","Acrobatics"],"picked":"SKIP","floor":35},{"not_picked":["Poisoned Stab+1","Heel Hook+1"],"picked":"PiercingWail+1","floor":38},{"not_picked":["Outmaneuver","Quick Slash+1"],"picked":"PiercingWail","floor":40},{"not_picked":["Flying Knee+1","Die Die Die+1"],"picked":"Catalyst+1","floor":41},{"not_picked":["Acrobatics+1","Dagger Spray+1","Slice+1"],"picked":"SKIP","floor":45},{"not_picked":["Slice+1","Reflex"],"picked":"After Image","floor":46},{"not_picked":["Heel Hook+1","Infinite Blades","Acrobatics+1"],"picked":"SKIP","floor":47},{"not_picked":["Deadly Poison+1","Leg Sweep","Terror"],"picked":"SKIP","floor":48}],"player_experience":35961,"relics_obtained":[{"floor":7,"key":"Strawberry"},{"floor":9,"key":"Old Coin"},{"floor":11,"key":"Odd Mushroom"},{"floor":13,"key":"Toy Ornithopter"},{"floor":20,"key":"Molten Egg 2"},{"floor":23,"key":"Paper Crane"},{"floor":26,"key":"Tingsha"},{"floor":41,"key":"Bronze Scales"},{"floor":43,"key":"White Beast Statue"},{"floor":46,"key":"Blood Vial"}],"event_choices":[{"damage_healed":0,"gold_gain":0,"player_choice":"Take Wound","damage_taken":0,"relics_obtained":["Golden Idol"],"max_hp_gain":0,"max_hp_loss":0,"event_name":"Golden Idol","floor":2,"gold_loss":0,"cards_obtained":["Injury"]},{"damage_healed":0,"gold_gain":0,"player_choice":"Grow","damage_taken":0,"max_hp_gain":0,"max_hp_loss":0,"event_name":"Living Wall","floor":4,"gold_loss":0,"cards_upgraded":["Envenom"]},{"damage_healed":0,"gold_gain":0,"player_choice":"Fought Mushrooms","damage_taken":0,"max_hp_gain":0,"max_hp_loss":0,"event_name":"Mushrooms","floor":11,"gold_loss":0},{"damage_healed":0,"gold_gain":0,"player_choice":"Gave Idol","damage_taken":0,"relics_obtained":["Bloody Idol"],"max_hp_gain":0,"max_hp_loss":0,"event_name":"Forgotten Altar","floor":19,"relics_lost":["Golden Idol"],"gold_loss":0},{"damage_healed":0,"gold_gain":0,"player_choice":"Gave Potion","damage_taken":0,"relics_obtained":["Tiny Chest"],"max_hp_gain":0,"max_hp_loss":0,"event_name":"WeMeetAgain","floor":28,"gold_loss":0},{"damage_healed":0,"gold_gain":0,"player_choice":"Upgraded","damage_taken":0,"max_hp_gain":0,"max_hp_loss":0,"event_name":"Upgrade Shrine","floor":36,"gold_loss":0,"cards_upgraded":["A Thousand Cuts"]},{"damage_healed":0,"gold_gain":0,"player_choice":"Paid","damage_taken":0,"relics_obtained":["Red Mask"],"max_hp_gain":0,"max_hp_loss":0,"event_name":"Tomb of Lord Red Mask","floor":39,"gold_loss":73}],"is_beta":false,"boss_relics":[{"not_picked":["Fusion Hammer","Black Star"],"picked":"Ectoplasm"},{"not_picked":["Calling Bell","HoveringKite"],"picked":"WristBlade"}],"items_purged_floors":[10],"is_endless":false,"potions_floor_spawned":[5,7,14,16,21,23,27,31,35,40,45,46,47,48],"ascension_level":0}}