{"host":"hzinic87vu8p95wn","time":1610544846,"event":{"mods":["BaseMod","Minty Spire (QoL Compilation)"],"gold_per_floor":[111,111,124,16,16,16,45,61,61,95,170,170,220,234,234,306,306,323,335,348,348,348],"floor_reached":21,"language":"ENG","playtime":1098,"items_purged":[],"score":407,"play_id":"31dd178f-371b-49a1-af7d-35085aedbc49","local_time":"20210114003406","is_ascension_mode":true,"campfire_choices":[{"data":"Evaluate","floor":6.0,"key":"SMITH"},{"floor":12.0,"key":"REST"},{"data":"CutThroughFate","floor":15.0,"key":"SMITH"}],"circlet_count":0,"master_deck":["AscendersBane","Strike_P","Strike_P","Strike_P","Defend_P","Defend_P","Defend_P","Eruption+1","Vigilance","CutThroughFate+1","Evaluate+1","JustLucky","FollowUp","EmptyBody","FlyingSleeves+1","FlurryOfBlows+1","Establishment","EmptyFist+1","Prostrate"],"relics":["PureWater","NeowsBlessing","The Courier","Molten Egg 2","Eternal Feather","TungstenRod","Empty Cage"],"acts_visited":["Exordium","TheCity"],"potions_floor_usage":[20],"damage_taken":[{"damage":0.0,"enemies":"Small Slimes","floor":1.0,"turns":1.0},{"damage":0.0,"enemies":"Jaw Worm","floor":3.0,"turns":1.0},{"damage":0.0,"enemies":"3 Sentries","floor":7.0,"turns":2.0},{"damage":4.0,"enemies":"2 Louse","floor":8.0,"turns":3.0},{"damage":8.0,"enemies":"Lagavulin","floor":10.0,"turns":6.0},{"damage":0.0,"enemies":"2 Fungi Beasts","floor":14.0,"turns":3.0},{"damage":21.0,"enemies":"The Guardian","floor":16.0,"turns":14.0},{"damage":11.0,"enemies":"Shell Parasite","floor":18.0,"turns":4.0},{"damage":16.0,"enemies":"3 Byrds","floor":19.0,"turns":7.0},{"damage":6,"enemies":"Cultist and Chosen","floor":20,"turns":4},{"damage":8,"enemies":"Chosen and Byrds","floor":21,"turns":5}],"seed_played":"-5621472699610869668","potions_obtained":[{"floor":1.0,"key":"DuplicationPotion"},{"floor":8.0,"key":"Swift Potion"},{"floor":19.0,"key":"CultistPotion"}],"is_trial":false,"path_per_floor":["M","?","M","$","?","R","E","M","T","E","?","R","?","M","R","B",null,"M","M","M","M"],"character_chosen":"WATCHER","items_purchased":["JustLucky","FollowUp","EmptyBody"],"campfire_rested":1,"item_purchase_floors":[4,4,4],"current_hp_per_floor":[61,56,56,56,56,56,56,52,52,44,34,63,58,58,67,46,63,52,36,30,22,22],"gold":348,"neow_bonus":"THREE_ENEMY_KILL","is_daily":false,"chose_seed":false,"campfire_upgraded":2,"win_rate":0.0,"timestamp":1610544846,"path_taken":["M","?","M","$","?","R","E","M","T","E","?","R","?","M","R","BOSS","M","M","M","?"],"items_purchased_type":["Card","Card","Card"],"build_version":"2020-12-22","purchased_purges":0,"victory":false,"max_hp_per_floor":[68,68,68,68,68,68,68,68,68,68,68,68,68,68,68,68,68,68,68,68,68,68],"card_choices":[{"not_picked":["WindmillStrike","PathToVictory"],"picked":"CutThroughFate","floor":1.0},{"not_picked":["Protect","WaveOfTheHand"],"picked":"Evaluate","floor":3.0},{"not_picked":["Protect","Halt"],"picked":"FlyingSleeves+1","floor":7.0},{"not_picked":["WaveOfTheHand","ReachHeaven+1"],"picked":"FlurryOfBlows+1","floor":8.0},{"not_picked":["ThirdEye","Protect","ForeignInfluence"],"picked":"SKIP","floor":10.0},{"not_picked":["WindmillStrike+1","EmptyBody","Protect"],"picked":"SKIP","floor":14.0},{"not_picked":["Wish","Alpha"],"picked":"Establishment","floor":16.0},{"not_picked":["CutThroughFate+1","Pray"],"picked":"EmptyFist+1","floor":18.0},{"not_picked":["Crescendo","Protect","Halt"],"picked":"SKIP","floor":19.0},{"not_picked":["FlurryOfBlows+1","ReachHeaven+1"],"picked":"Prostrate","floor":20}],"player_experience":1564791,"relics_obtained":[{"floor":7.0,"key":"Molten Egg 2"},{"floor":9.0,"key":"Eternal Feather"},{"floor":10.0,"key":"TungstenRod"}],"event_choices":[{"damage_healed":0.0,"max_hp_gain":0.0,"max_hp_loss":0.0,"gold_gain":0.0,"event_name":"Scrap Ooze","player_choice":"Success","floor":2.0,"gold_loss":0.0,"damage_taken":5.0,"relics_obtained":["The Courier"]},{"damage_healed":0.0,"max_hp_gain":0.0,"max_hp_loss":0.0,"gold_gain":0.0,"event_name":"Living Wall","player_choice":"Grow","floor":5.0,"gold_loss":0.0,"damage_taken":0.0,"cards_upgraded":["Eruption"]},{"damage_healed":0.0,"max_hp_gain":0.0,"max_hp_loss":0.0,"gold_gain":75.0,"event_name":"World of Goop","player_choice":"Gather Gold","floor":11.0,"gold_loss":0.0,"damage_taken":11.0},{"damage_healed":0.0,"max_hp_gain":0.0,"max_hp_loss":0.0,"gold_gain":50.0,"event_name":"FaceTrader","player_choice":"Touch","floor":13.0,"gold_loss":0.0,"damage_taken":6.0}],"is_beta":false,"boss_relics":[{"not_picked":["Calling Bell","Ectoplasm"],"picked":"Empty Cage"}],"items_purged_floors":[],"is_endless":false,"potions_floor_spawned":[1,8,19],"killed_by":"Chosen and Byrds","ascension_level":18}}