{"host":"jscggscbx0p7706o","time":1610538694,"event":{"mods":["AchievementEnabler","BaseMod","Block Reminder","Colored Powertips","Minty Spire (QoL Compilation)","Permanent Neow","Quick Restart","StSLib"],"gold_per_floor":[113,128,145,14,27,62,62,72,72,72,85,85,85,99,99,199,199,209,209,219,219,236,236,236,269,296,296,171,187,63,82,82,178,178,195,21,41,60,74,74,93,119,119,130,156,156,183,200,200,200],"floor_reached":51,"language":"ENG","playtime":4573,"items_purged":["Strike_G+1"],"score":1057,"play_id":"513764fb-8ec5-4d28-90e8-c4f710539e3d","local_time":"20210113195134","is_ascension_mode":true,"campfire_choices":[{"data":"Footwork","floor":7.0,"key":"SMITH"},{"data":"Neutralize","floor":12.0,"key":"SMITH"},{"floor":15.0,"key":"REST"},{"data":"Wraith Form v2","floor":23.0,"key":"SMITH"},{"data":"Catalyst","floor":32.0,"key":"SMITH"},{"data":"Adrenaline","floor":40.0,"key":"SMITH"},{"data":"Acrobatics","floor":46.0,"key":"SMITH"},{"floor":49.0,"key":"REST"}],"circlet_count":0,"master_deck":["Strike_G+1","Defend_G+1","Defend_G+1","Defend_G+1","Defend_G+1","Defend_G+1","Survivor","Neutralize+1","Dagger Throw","Footwork+1","Dodge and Roll","Noxious Fumes+1","Deadly Poison","Flying Knee","Acrobatics+1","Backflip+1","Well Laid Plans","Dodge and Roll","Wraith Form v2+1","Catalyst+1","Noxious Fumes+1","Quick Slash","Glass Knife","Footwork","Deadly Poison+1","Deadly Poison","Adrenaline+1","Bouncing Flask+1","Dodge and Roll+1"],"relics":["Black Star","Boot","The Courier","Incense Burner","Sozu","StoneCalendar","Nunchaku","Toy Ornithopter","Nilry\u0027s Codex","Snake Skull","SlaversCollar","Regal Pillow","Dream Catcher","HornCleat","Ornamental Fan","War Paint","Omamori","Bottled Tornado","Strawberry"],"acts_visited":["Exordium","TheCity","TheBeyond"],"potions_floor_usage":[50],"damage_taken":[{"damage":0.0,"enemies":"Cultist","floor":1.0,"turns":4.0},{"damage":0.0,"enemies":"2 Louse","floor":2.0,"turns":3.0},{"damage":0.0,"enemies":"Small Slimes","floor":3.0,"turns":5.0},{"damage":5.0,"enemies":"3 Louse","floor":5.0,"turns":4.0},{"damage":10.0,"enemies":"Lagavulin","floor":6.0,"turns":7.0},{"damage":2.0,"enemies":"Looter","floor":8.0,"turns":4.0},{"damage":7.0,"enemies":"Red Slaver","floor":11.0,"turns":4.0},{"damage":10.0,"enemies":"Large Slime","floor":14.0,"turns":6.0},{"damage":1.0,"enemies":"The Guardian","floor":16.0,"turns":10.0},{"damage":0.0,"enemies":"Spheric Guardian","floor":18.0,"turns":7.0},{"damage":4.0,"enemies":"Shell Parasite","floor":20.0,"turns":8.0},{"damage":0.0,"enemies":"Centurion and Healer","floor":22.0,"turns":5.0},{"damage":3.0,"enemies":"Book of Stabbing","floor":25.0,"turns":6.0},{"damage":2.0,"enemies":"Snake Plant","floor":29.0,"turns":5.0},{"damage":1.0,"enemies":"Cultist and Chosen","floor":31.0,"turns":5.0},{"damage":5.0,"enemies":"Champ","floor":33.0,"turns":8.0},{"damage":9.0,"enemies":"3 Darklings","floor":35.0,"turns":5.0},{"damage":1.0,"enemies":"Orb Walker","floor":37.0,"turns":5.0},{"damage":0.0,"enemies":"Jaw Worm Horde","floor":38.0,"turns":5.0},{"damage":0.0,"enemies":"3 Darklings","floor":39.0,"turns":5.0},{"damage":10.0,"enemies":"4 Shapes","floor":41.0,"turns":7.0},{"damage":0.0,"enemies":"Reptomancer","floor":42.0,"turns":5.0},{"damage":6.0,"enemies":"Jaw Worm Horde","floor":44.0,"turns":7.0},{"damage":0.0,"enemies":"Nemesis","floor":45.0,"turns":7.0},{"damage":0.0,"enemies":"Giant Head","floor":47.0,"turns":6.0},{"damage":1.0,"enemies":"Writhing Mass","floor":48.0,"turns":5.0},{"damage":35,"enemies":"Time Eater","floor":50,"turns":6}],"seed_played":"-7565233416961212448","potions_obtained":[{"floor":1.0,"key":"DistilledChaos"},{"floor":3.0,"key":"Poison Potion"},{"floor":8.0,"key":"LiquidMemories"},{"floor":16.0,"key":"Poison Potion"}],"is_trial":false,"path_per_floor":["M","M","M","$","M","E","R","M","T","?","M","R","?","M","R","B",null,"M","?","M","?","M","R","?","E","T","?","$","M","$","M","R","B",null,"M","$","M","M","M","R","M","E","T","M","E","R","E","M","R","B",null],"character_chosen":"THE_SILENT","items_purchased":["Noxious Fumes","Deadly Poison","Snake Skull","Footwork","Deadly Poison","Deadly Poison","Regal Pillow"],"campfire_rested":2,"item_purchase_floors":[4,4,28,30,30,30,36],"current_hp_per_floor":[63,63,63,63,58,48,48,46,46,46,39,39,32,22,43,42,63,63,63,59,59,59,59,59,56,56,40,40,38,38,37,37,32,61,52,52,51,51,51,51,41,41,41,40,40,40,47,46,77,44],"gold":200,"neow_bonus":"BOSS_RELIC","is_daily":false,"chose_seed":false,"campfire_upgraded":6,"win_rate":0.0,"timestamp":1610538694,"path_taken":["M","M","M","$","M","E","R","M","T","?","M","R","?","M","R","BOSS","M","?","?","?","M","R","?","E","T","?","$","M","$","M","R","BOSS","M","$","M","M","M","R","M","E","T","M","E","R","E","M","R","BOSS"],"items_purchased_type":["Card","Card","Relic","Card","Card","Card","Relic"],"build_version":"2020-12-22","purchased_purges":1,"victory":true,"max_hp_per_floor":[70,70,70,70,70,70,70,70,70,70,70,70,70,70,70,70,70,70,70,70,70,70,70,70,70,70,70,70,70,70,70,70,70,70,70,70,70,70,70,70,70,70,70,70,70,70,77,77,77,77],"card_choices":[{"not_picked":["Blade Dance","Crippling Poison"],"picked":"Dagger Throw","floor":1.0},{"not_picked":["Dash","Dagger Throw"],"picked":"Footwork","floor":2.0},{"not_picked":["PiercingWail","Underhanded Strike"],"picked":"Dodge and Roll","floor":3.0},{"not_picked":["Tactician","Sucker Punch"],"picked":"Flying Knee","floor":5.0},{"not_picked":["Terror","Deadly Poison"],"picked":"Acrobatics","floor":6.0},{"not_picked":["Endless Agony","Flying Knee"],"picked":"Backflip","floor":8.0},{"not_picked":["Dagger Throw","Doppelganger"],"picked":"Well Laid Plans","floor":11.0},{"not_picked":["Acrobatics","Dagger Spray"],"picked":"Dodge and Roll","floor":14.0},{"not_picked":["Grand Finale","Doppelganger"],"picked":"Wraith Form v2","floor":16.0},{"not_picked":["Poisoned Stab","Bane"],"picked":"Catalyst","floor":18.0},{"not_picked":["Bane+1","Dodge and Roll"],"picked":"Noxious Fumes+1","floor":20.0},{"not_picked":["Heel Hook","Slice","Caltrops"],"picked":"SKIP","floor":22.0},{"not_picked":["Endless Agony","Dash+1","Finisher"],"picked":"SKIP","floor":25.0},{"not_picked":["Backstab","Slice","Underhanded Strike"],"picked":"SKIP","floor":29.0},{"not_picked":["Flying Knee","Leg Sweep","Setup"],"picked":"SKIP","floor":31.0},{"not_picked":["A Thousand Cuts","Storm of Steel"],"picked":"Adrenaline","floor":33.0},{"not_picked":["Choke","Expertise+1","Dagger Spray"],"picked":"SKIP","floor":35.0},{"not_picked":["Slice","All Out Attack","Caltrops"],"picked":"SKIP","floor":37.0},{"not_picked":["All Out Attack+1","Deflect+1"],"picked":"Bouncing Flask+1","floor":38.0},{"not_picked":["Blade Dance+1","Cloak And Dagger","Underhanded Strike+1"],"picked":"SKIP","floor":39.0},{"not_picked":["Masterful Stab","All Out Attack+1"],"picked":"Dodge and Roll+1","floor":41.0},{"not_picked":["Riddle With Holes+1","Dash+1","Dagger Throw"],"picked":"SKIP","floor":42.0},{"not_picked":["Crippling Poison+1","PiercingWail","Dagger Spray"],"picked":"SKIP","floor":44.0},{"not_picked":["Skewer+1","Sucker Punch+1","Dagger Spray"],"picked":"SKIP","floor":45.0},{"not_picked":["Sucker Punch+1","Doppelganger","Caltrops+1"],"picked":"SKIP","floor":47.0},{"not_picked":["Deadly Poison+1","Deflect+1","Dodge and Roll+1"],"picked":"SKIP","floor":48.0}],"player_experience":235577,"relics_obtained":[{"floor":6.0,"key":"Boot"},{"floor":6.0,"key":"The Courier"},{"floor":9.0,"key":"Incense Burner"},{"floor":25.0,"key":"StoneCalendar"},{"floor":25.0,"key":"Nunchaku"},{"floor":26.0,"key":"Toy Ornithopter"},{"floor":27.0,"key":"Nilry\u0027s Codex"},{"floor":42.0,"key":"Dream Catcher"},{"floor":42.0,"key":"HornCleat"},{"floor":43.0,"key":"Ornamental Fan"},{"floor":45.0,"key":"War Paint"},{"floor":45.0,"key":"Omamori"},{"floor":47.0,"key":"Bottled Tornado"},{"floor":47.0,"key":"Strawberry"}],"event_choices":[{"damage_healed":0.0,"max_hp_gain":0.0,"max_hp_loss":0.0,"gold_gain":0.0,"event_name":"Living Wall","player_choice":"Grow","floor":10.0,"gold_loss":0.0,"damage_taken":0.0,"cards_upgraded":["Noxious Fumes"]},{"cards_removed":["Strike_G"],"damage_healed":0.0,"max_hp_gain":0.0,"max_hp_loss":0.0,"gold_gain":0.0,"event_name":"Golden Wing","player_choice":"Card Removal","floor":13.0,"gold_loss":0.0,"damage_taken":7.0},{"damage_healed":0.0,"max_hp_gain":0.0,"max_hp_loss":0.0,"gold_gain":0.0,"event_name":"The Woman in Blue","player_choice":"Bought 0 Potions","floor":19.0,"gold_loss":0.0,"damage_taken":0.0},{"damage_healed":0.0,"max_hp_gain":0.0,"max_hp_loss":0.0,"gold_gain":0.0,"cards_transformed":["Strike_G","Strike_G"],"event_name":"Drug Dealer","player_choice":"Became Test Subject","floor":21.0,"gold_loss":0.0,"damage_taken":0.0,"cards_obtained":["Quick Slash","Glass Knife"]},{"damage_healed":0.0,"max_hp_gain":0.0,"max_hp_loss":0.0,"gold_gain":0.0,"event_name":"Back to Basics","player_choice":"Simplicity","floor":24.0,"gold_loss":0.0,"damage_taken":0.0,"cards_upgraded":["Strike_G","Strike_G","Defend_G","Defend_G","Defend_G","Defend_G","Defend_G"]},{"damage_healed":0.0,"max_hp_gain":0.0,"max_hp_loss":0.0,"gold_gain":0.0,"event_name":"Cursed Tome","player_choice":"Obtained Book","floor":27.0,"gold_loss":0.0,"damage_taken":16.0}],"is_beta":false,"boss_relics":[{"not_picked":["Fusion Hammer","Runic Dome"],"picked":"Sozu"},{"not_picked":["Runic Pyramid","Tiny House"],"picked":"SlaversCollar"}],"items_purged_floors":[36],"is_endless":false,"potions_floor_spawned":[1,3,8,16,18,20,22,35,39,42,45,48],"ascension_level":6}}