{"host":"c3lc60y5x60jlt1y","time":1610537562,"event":{"mods":["AchievementEnabler","BaseMod","Bestiary","Colored Map","Minty Spire (QoL Compilation)","Quick Restart","StSLib","ojb\u0027s Info Mod"],"gold_per_floor":[109,120,134,134,209,209,224,241,266,266,266,281,281,26,26,131,131,141,122,122,122,140,140,140,140],"floor_reached":24,"playtime":4387,"items_purged":["Defend_B"],"score":286,"play_id":"7b95cc68-210e-43ce-9d78-0c2ddcbe306a","local_time":"20210113133242","is_ascension_mode":true,"campfire_choices":[{"floor":6,"key":"DIG"},{"floor":11,"key":"DIG"},{"floor":13,"key":"DIG"},{"floor":15,"key":"DIG"},{"floor":23,"key":"DIG"}],"circlet_count":0,"master_deck":["Strike_B","Strike_B","Strike_B","Strike_B","Defend_B","Defend_B","Zap","Dualcast","Conserve Battery","Reinforced Body","Steam","Chill","Glacier","Beam Cell","Apotheosis","Fission","Fusion","Defragment","RitualDagger","Undo"],"relics":["Cracked Core","Shovel","Orichalcum","Anchor","Boot","WingedGreaves","Regal Pillow","Coffee Dripper","Bottled Flame"],"acts_visited":["Exordium","TheCity"],"potions_floor_usage":[16,16,22,24,24],"damage_taken":[{"damage":3,"enemies":"Cultist","floor":1,"turns":3},{"damage":24,"enemies":"Small Slimes","floor":2,"turns":4},{"damage":12,"enemies":"Jaw Worm","floor":3,"turns":4},{"damage":13,"enemies":"2 Fungi Beasts","floor":7,"turns":4},{"damage":5,"enemies":"Exordium Thugs","floor":8,"turns":5},{"damage":0,"enemies":"Looter","floor":12,"turns":3},{"damage":0,"enemies":"The Guardian","floor":16,"turns":11},{"damage":5,"enemies":"Chosen","floor":18,"turns":6},{"damage":7,"enemies":"2 Thieves","floor":19,"turns":4},{"damage":5,"enemies":"3 Cultists","floor":22,"turns":6},{"damage":61,"enemies":"Gremlin Leader","floor":24,"turns":6}],"seed_played":"2349338542168369516","potions_obtained":[{"floor":1,"key":"ColorlessPotion"},{"floor":7,"key":"Explosive Potion"},{"floor":8,"key":"AttackPotion"},{"floor":16,"key":"BlessingOfTheForge"},{"floor":19,"key":"LiquidMemories"}],"is_trial":false,"path_per_floor":["M","M","M","?","?","R","M","M","T","?","R","M","R","$","R","B",null,"M","M","?","?","M","R","E"],"character_chosen":"DEFECT","items_purchased":["Apotheosis"],"campfire_rested":0,"item_purchase_floors":[14],"current_hp_per_floor":[72,48,36,61,50,50,37,32,32,25,25,25,25,25,25,25,75,70,63,57,57,52,52,0,0],"gold":140,"neow_bonus":"ONE_RARE_RELIC","is_daily":false,"chose_seed":false,"campfire_upgraded":0,"win_rate":0.0,"timestamp":1610537562,"path_taken":["M","M","M","?","?","R","M","M","T","?","R","M","R","$","R","BOSS","M","M","?","?","?","R","E"],"items_purchased_type":["Card"],"build_version":"2020-12-22","purchased_purges":1,"victory":false,"max_hp_per_floor":[75,75,75,75,75,75,75,75,75,75,75,75,75,75,75,75,75,75,75,75,75,75,75,75,75],"card_choices":[{"not_picked":["Go for the Eyes","Skim"],"picked":"Conserve Battery","floor":1},{"not_picked":["Cold Snap","Conserve Battery"],"picked":"Reinforced Body","floor":2},{"not_picked":["Redo","Double Energy"],"picked":"Steam","floor":3},{"not_picked":["Sweeping Beam","Barrage"],"picked":"Chill","floor":7},{"not_picked":["Go for the Eyes","Steam"],"picked":"Glacier","floor":8},{"not_picked":["Turbo","Coolheaded"],"picked":"Beam Cell","floor":12},{"not_picked":["All For One","Hyperbeam"],"picked":"Fission","floor":16},{"not_picked":["Gash","Aggregate"],"picked":"Fusion","floor":18},{"not_picked":["Ball Lightning","Steam"],"picked":"Defragment","floor":19},{"not_picked":["Leap","Rebound"],"picked":"Undo","floor":22}],"player_experience":8006227,"relics_obtained":[{"floor":6,"key":"Orichalcum"},{"floor":9,"key":"Anchor"},{"floor":11,"key":"Boot"},{"floor":13,"key":"WingedGreaves"},{"floor":15,"key":"Regal Pillow"},{"floor":23,"key":"Bottled Flame"}],"event_choices":[{"damage_healed":25,"gold_gain":0,"player_choice":"Banana","damage_taken":0,"max_hp_gain":0,"max_hp_loss":0,"event_name":"Big Fish","floor":4,"gold_loss":0},{"damage_healed":0,"gold_gain":75,"player_choice":"Gather Gold","damage_taken":11,"max_hp_gain":0,"max_hp_loss":0,"event_name":"World of Goop","floor":5,"gold_loss":0},{"cards_removed":["Pain"],"damage_healed":0,"gold_gain":0,"player_choice":"Card Removal","damage_taken":7,"max_hp_gain":0,"max_hp_loss":0,"event_name":"Golden Wing","floor":10,"gold_loss":0},{"damage_healed":0,"gold_gain":0,"player_choice":"Joined the Cult","damage_taken":6,"max_hp_gain":0,"max_hp_loss":0,"event_name":"Nest","floor":20,"gold_loss":0,"cards_obtained":["RitualDagger"]},{"cards_removed":["Defend_B"],"damage_healed":0,"gold_gain":0,"player_choice":"Elegance","damage_taken":0,"max_hp_gain":0,"max_hp_loss":0,"event_name":"Back to Basics","floor":21,"gold_loss":0}],"is_beta":false,"boss_relics":[{"not_picked":["Velvet Choker","Pandora\u0027s Box"],"picked":"Coffee Dripper"}],"items_purged_floors":[14],"is_endless":false,"potions_floor_spawned":[1,7,8,12,16,19],"killed_by":"Gremlin Leader","ascension_level":4}}