{"host":"1q1wpq6df472foxy","time":1610519975,"event":{"mods":["BaseMod","DeckTracker","Highlight Path","Minty Spire (QoL Compilation)","Quick Restart","StSLib","SuperFastMode"],"gold_per_floor":[116,66,66,66,76,76,106,106,106,106,31,51,85,101,101,200,200,213,213,213,229,240,240,240,240,240],"floor_reached":25,"language":"KOR","playtime":376,"items_purged":["Defend_R"],"score":298,"play_id":"35cfc4d1-0498-48dc-ac09-64e4d0bdb1da","local_time":"20210113153935","is_ascension_mode":true,"campfire_choices":[{"data":"Perfected Strike","floor":6,"key":"SMITH"},{"data":"Bash","floor":8,"key":"SMITH"},{"data":"Strike_R","floor":10,"key":"SMITH"},{"data":"Strike_R","floor":15,"key":"SMITH"},{"floor":23,"key":"REST"}],"circlet_count":0,"master_deck":["Strike_R","Strike_R","Strike_R+1","Strike_R+1","Strike_R+1","Perfected Strike+1"],"relics":["Burning Blood","NeowsBlessing","Pen Nib","Tiny Chest","Empty Cage"],"acts_visited":["Exordium","TheCity"],"potions_floor_usage":[16,16,25,25,25],"damage_taken":[{"damage":0,"enemies":"Cultist","floor":1,"turns":1},{"damage":0,"enemies":"Small Slimes","floor":5,"turns":1},{"damage":0,"enemies":"Lagavulin","floor":7,"turns":1},{"damage":11,"enemies":"Jaw Worm","floor":12,"turns":2},{"damage":6,"enemies":"Gremlin Nob","floor":13,"turns":3},{"damage":27,"enemies":"Gremlin Gang","floor":14,"turns":3},{"damage":0,"enemies":"Slime Boss","floor":16,"turns":4},{"damage":42,"enemies":"Shell Parasite","floor":18,"turns":4},{"damage":10,"enemies":"Chosen","floor":21,"turns":3},{"damage":21,"enemies":"Snake Plant","floor":22,"turns":3},{"damage":57,"enemies":"Slavers","floor":25,"turns":3}],"seed_played":"5820124894191147362","potions_obtained":[{"floor":5,"key":"AttackPotion"},{"floor":7,"key":"GamblersBrew"},{"floor":12,"key":"AttackPotion"},{"floor":18,"key":"Strength Potion"},{"floor":21,"key":"SteroidPotion"}],"is_trial":false,"path_per_floor":["M","?","?","$","M","R","E","R","T","R","$","M","E","M","R","B",null,"M","?","$","M","M","R","$","E"],"character_chosen":"IRONCLAD","items_purchased":[],"campfire_rested":1,"item_purchase_floors":[],"current_hp_per_floor":[80,80,80,80,80,80,80,80,80,80,80,75,75,54,54,60,80,44,44,44,40,25,49,49,0,0],"gold":240,"neow_bonus":"THREE_ENEMY_KILL","is_daily":false,"chose_seed":false,"campfire_upgraded":4,"win_rate":0.0,"timestamp":1610519975,"path_taken":["M","?","?","$","M","R","E","R","T","R","$","M","E","M","R","BOSS","M","?","?","M","M","R","$","E"],"items_purchased_type":[],"build_version":"2020-12-22","purchased_purges":1,"victory":false,"max_hp_per_floor":[80,80,80,80,80,80,80,80,80,80,80,80,80,80,80,80,80,80,80,80,80,80,80,80,80,80],"card_choices":[{"not_picked":["Thunderclap","Iron Wave"],"picked":"Perfected Strike","floor":1},{"not_picked":["Whirlwind","Hemokinesis","Shrug It Off"],"picked":"SKIP","floor":5},{"not_picked":["Armaments","Ghostly Armor","Bloodletting"],"picked":"SKIP","floor":7},{"not_picked":["True Grit","Bloodletting","Infernal Blade"],"picked":"SKIP","floor":12},{"not_picked":["Iron Wave","Armaments","Bloodletting"],"picked":"SKIP","floor":13},{"not_picked":["Whirlwind","Sword Boomerang","Sever Soul"],"picked":"SKIP","floor":14},{"not_picked":["Flex+1","Spot Weakness+1","Body Slam+1"],"picked":"SKIP","floor":18},{"not_picked":["Shrug It Off","Clothesline","Flex"],"picked":"SKIP","floor":21},{"not_picked":["Flex+1","Combust+1","Flame Barrier+1"],"picked":"SKIP","floor":22}],"player_experience":174204,"relics_obtained":[{"floor":7,"key":"Pen Nib"},{"floor":13,"key":"Tiny Chest"}],"event_choices":[{"cards_removed":["Defend_R"],"damage_healed":0,"gold_gain":0,"player_choice":"Card Removal","damage_taken":0,"max_hp_gain":0,"max_hp_loss":0,"event_name":"The Cleric","floor":2,"gold_loss":50},{"cards_removed":["Defend_R"],"damage_healed":0,"gold_gain":0,"player_choice":"Forget","damage_taken":0,"max_hp_gain":0,"max_hp_loss":0,"event_name":"Living Wall","floor":3,"gold_loss":0},{"damage_healed":0,"gold_gain":0,"player_choice":"Forge","damage_taken":0,"max_hp_gain":0,"max_hp_loss":0,"event_name":"Accursed Blacksmith","floor":19,"gold_loss":0,"cards_upgraded":["Strike_R"]}],"is_beta":false,"boss_relics":[{"not_picked":["Astrolabe","Runic Cube"],"picked":"Empty Cage"}],"items_purged_floors":[11],"is_endless":false,"potions_floor_spawned":[5,7,12,14,18,21],"killed_by":"Slavers","ascension_level":1}}