{"host":"86c6vgocyjlprmyx","time":1610503326,"event":{"mods":["BaseMod","Downfall","Hermit","Minty Spire (QoL Compilation)","Quick Restart","Replay The Spire","Shade Mod","StSLib","The Cursed","The Hierophant"],"gold_per_floor":[109,126,142,156,156,187,187,214,214,214,230,230,210,227,227,327,327,343,356,112,122,122,139,139,173,173,50,50,105,139,139,139,235,235,252,268,288,301,317,317,346,346,346,346,366,382,400,476,476,476],"floor_reached":51,"language":"DEU","playtime":6648,"items_purged":["hermit:Strike_Hermit","ReplayTheSpireMod:Doomed"],"score":955,"play_id":"c014a54c-0715-46a8-b2b7-6b209c55ee42","local_time":"20210113030206","is_ascension_mode":true,"campfire_choices":[{"floor":7.0,"key":"REST"},{"data":"1","floor":10.0,"key":"LIFT"},{"data":"2","floor":15.0,"key":"LIFT"},{"data":"3","floor":24,"key":"LIFT"},{"floor":28,"key":"REST"},{"floor":32,"key":"REST"},{"floor":40,"key":"REST"},{"data":"hermit:BigShot","floor":42,"key":"SMITH"},{"floor":49,"key":"REST"}],"circlet_count":0,"master_deck":["hermit:Strike_Hermit","hermit:Strike_Hermit","hermit:Defend_Hermit","hermit:Defend_Hermit","hermit:Defend_Hermit","hermit:Snapshot","hermit:Covet","hermit:Enervate","hermit:Midnight","hermit:CalledShot","hermit:TrackingShot","hermit:FromBeyond","hermit:Coalescence","hermit:Combo","Parasite","hermit:BigShot+1","hermit:OverwhelmingPower","hermit:WideOpen","hermit:EyeOfTheStorm","hermit:GhostlyPresence+1","hermit:FlashPowder","hermit:HighCaliber","hermit:Headshot","hermit:TrackingShot","hermit:BodyArmor","hermit:Malice+1","hermit:Coalescence","hermit:WideOpen","hermit:ItchyTrigger+1","hermit:Brawl+1","hermit:Dive+1","hermit:Headshot","hermit:Misfire+1","hermit:GhostlyPresence+1","ReplayTheSpireMod:Splinters","hermit:Grudge+1","hermit:Dissolve","hermit:Enervate+1"],"relics":["hermit:Momento","Replay:Baseball","Iron Hammer","Replay:Ringing Soul","Girya","Cursed Key","ReplayTheSpireMod:Ring of Challenge","Ring of Misfortune","The Courier","Snack Pack","Thread and Needle","Enchiridion","Painkiller Herb","Replay:Wax Seal","Onion Ring","Molten Egg 2"],"acts_visited":["Exordium","TheCity","TheBeyond"],"potions_floor_usage":[23,23,37,48,50,50],"damage_taken":[{"damage":1.0,"enemies":"Cultist","floor":1.0,"turns":3.0},{"damage":0.0,"enemies":"2 Louse","floor":2.0,"turns":3.0},{"damage":1.0,"enemies":"Small Slimes","floor":3.0,"turns":2.0},{"damage":10.0,"enemies":"Blue Slaver","floor":4.0,"turns":3.0},{"damage":32.0,"enemies":"3 Sentries","floor":6.0,"turns":5.0},{"damage":1.0,"enemies":"Gremlin Nob","floor":8.0,"turns":2.0},{"damage":0.0,"enemies":"Large Slime","floor":11.0,"turns":3.0},{"damage":13.0,"enemies":"3 Louse","floor":14.0,"turns":3.0},{"damage":38.0,"enemies":"Fading Forest","floor":16.0,"turns":11.0},{"damage":47.0,"enemies":"Shell Parasite","floor":18.0,"turns":5.0},{"damage":19.0,"enemies":"3 Byrds","floor":19.0,"turns":3.0},{"damage":2,"enemies":"Shelled Parasite and Fungi","floor":21,"turns":3},{"damage":0,"enemies":"3 Cultists","floor":23,"turns":4},{"damage":13,"enemies":"Book of Stabbing","floor":25,"turns":2},{"damage":0,"enemies":"Sentry and Sphere","floor":29,"turns":3},{"damage":41,"enemies":"Replay:Snechameleon","floor":30,"turns":4},{"damage":13,"enemies":"Champ","floor":33,"turns":5},{"damage":5,"enemies":"3 Shapes","floor":35,"turns":4},{"damage":7,"enemies":"3 Darklings","floor":36,"turns":3},{"damage":15,"enemies":"Maw","floor":37,"turns":4},{"damage":22,"enemies":"Spire Growth","floor":38,"turns":3},{"damage":24,"enemies":"Writhing Mass","floor":39,"turns":4},{"damage":9,"enemies":"Nemesis","floor":41,"turns":5},{"damage":13,"enemies":"Maw","floor":45,"turns":4},{"damage":6,"enemies":"Sphere and 2 Shapes","floor":46,"turns":2},{"damage":0,"enemies":"4 Shapes","floor":47,"turns":4},{"damage":29,"enemies":"Giant Head","floor":48,"turns":7},{"damage":5,"enemies":"Donu and Deca","floor":50,"turns":4}],"seed_played":"4266307048222877829","potions_obtained":[{"floor":1.0,"key":"FearPotion"},{"floor":11.0,"key":"Swift Potion"},{"floor":13.0,"key":"hexamod:EctoCoolerPotion"},{"floor":19,"key":"SteroidPotion"},{"floor":21,"key":"Adrenaline Potion"},{"floor":29,"key":"SpeedPotion"},{"floor":36,"key":"hermit:BlackBile"},{"floor":37,"key":"Guardian:BlockOnCardUsePotion"},{"floor":38,"key":"Strength Potion"}],"is_trial":false,"path_per_floor":["M","M","M","M","T","E","R","E","T","R","M","?","?","M","R","B",null,"M","M","$","M","?","M","R","E","T","$","R","M","E","?","R","B",null,"?","?","?","?","?","T","E","T","T","?","?","?","?","E","T","B",null],"character_chosen":"HERMIT","items_purchased":["hermit:GhostlyPresence+1","hermit:FlashPowder","hermit:HighCaliber","hermit:Malice+1"],"campfire_rested":5,"item_purchase_floors":[20,20,20,27],"current_hp_per_floor":[53,53,52,42,42,10,32,34,34,34,37,60,60,50,50,25,90,46,30,33,34,34,37,37,27,30,33,67,74,38,22,58,64,123,121,123,119,102,85,126,126,126,129,129,124,125,130,110,153,153],"gold":476,"neow_bonus":"REMOVE_TWO","is_daily":false,"chose_seed":false,"campfire_upgraded":1,"win_rate":0.0,"timestamp":1610503326,"path_taken":["M","M","M","M","?","E","R","E","T","R","M","?","?","?","R","BOSS","M","M","?","M","?","M","R","E","T","$","R","M","E","?","R","BOSS","?","?","?","?","?","T","E","T","T","?","?","?","?","E","T","BOSS"],"items_purchased_type":["Card","Card","Card","Card"],"build_version":"2020-12-22","purchased_purges":2,"victory":true,"max_hp_per_floor":[75,75,75,75,75,75,75,78,78,78,81,84,84,87,87,90,90,93,96,99,102,102,105,105,108,111,114,114,117,120,120,120,123,123,126,129,132,135,138,138,141,141,144,144,144,147,150,153,153,153],"card_choices":[{"not_picked":["hermit:Ricochet","hermit:HoleUp"],"picked":"hermit:Enervate","floor":1.0},{"not_picked":["hermit:TrackingShot","hermit:Headshot"],"picked":"hermit:Midnight","floor":2.0},{"not_picked":["hermit:Shortfuse","hermit:WideOpen"],"picked":"hermit:CalledShot","floor":3.0},{"not_picked":["hermit:LuckOfTheDraw","hermit:GhostlyPresence"],"picked":"hermit:TrackingShot","floor":4.0},{"not_picked":["hermit:Midnight","hermit:Roulette"],"picked":"hermit:FromBeyond","floor":6.0},{"not_picked":["hermit:GoldenBullet","hermit:Malice"],"picked":"hermit:Coalescence","floor":8.0},{"not_picked":["hermit:HoleUp","hermit:GoldenBullet"],"picked":"hermit:Combo","floor":11.0},{"not_picked":["hermit:Misfire","hermit:Coalescence"],"picked":"hermit:BigShot","floor":14.0},{"not_picked":["hermit:FinalCanter","hermit:FromBeyond"],"picked":"hermit:OverwhelmingPower","floor":16.0},{"not_picked":["hermit:GhostlyPresence","hermit:HoleUp"],"picked":"hermit:WideOpen","floor":18.0},{"not_picked":["hermit:NoHoldsBarred","hermit:HighCaliber"],"picked":"hermit:EyeOfTheStorm","floor":19},{"not_picked":["hermit:Enervate","hermit:Desperado"],"picked":"hermit:Headshot","floor":21},{"not_picked":["hermit:LowProfile","hermit:NoHoldsBarred+1"],"picked":"hermit:TrackingShot","floor":23},{"not_picked":["hermit:Vantage","hermit:GoldenBullet"],"picked":"hermit:BodyArmor","floor":25},{"not_picked":["hermit:FatalDesire","hermit:Quickdraw"],"picked":"hermit:Coalescence","floor":29},{"not_picked":["hermit:DeadMansHand","hermit:CursedWeapon"],"picked":"hermit:WideOpen","floor":30},{"not_picked":["hermit:EternalForm","hermit:Reprieve"],"picked":"hermit:FinalCanter","floor":33},{"not_picked":["hermit:LowProfile","hermit:HoleUp+1"],"picked":"hermit:ItchyTrigger+1","floor":35},{"not_picked":["hermit:Coalescence","hermit:Midnight+1"],"picked":"hermit:Brawl+1","floor":36},{"not_picked":["hermit:TakeCover","hermit:Feint"],"picked":"hermit:Dive+1","floor":37},{"not_picked":["hermit:Desperado","hermit:BodyArmor"],"picked":"hermit:Headshot","floor":38},{"not_picked":["hermit:Desperado","hermit:Scavenge"],"picked":"hermit:Misfire+1","floor":39},{"not_picked":["hermit:Shortfuse","hermit:FullyLoaded"],"picked":"hermit:GhostlyPresence+1","floor":41},{"not_picked":["hermit:LowProfile+1","hermit:ShadowCloak+1","hermit:LoneWolf"],"picked":"SKIP","floor":45},{"not_picked":["hermit:CalledShot+1","hermit:Glare+1"],"picked":"hermit:Grudge+1","floor":46},{"not_picked":["hermit:Glare+1","hermit:DeadMansHand"],"picked":"hermit:Dissolve","floor":47},{"not_picked":["hermit:LuckOfTheDraw+1","hermit:TrackingShot+1"],"picked":"hermit:Enervate+1","floor":48}],"player_experience":215512,"relics_obtained":[{"floor":5.0,"key":"Replay:Baseball"},{"floor":6.0,"key":"Iron Hammer"},{"floor":8.0,"key":"Replay:Ringing Soul"},{"floor":9.0,"key":"Girya"},{"floor":22,"key":"ReplayTheSpireMod:Ring of Challenge"},{"floor":22,"key":"Ring of Misfortune"},{"floor":25,"key":"The Courier"},{"floor":26,"key":"Snack Pack"},{"floor":30,"key":"Thread and Needle"},{"floor":31,"key":"Enchiridion"},{"floor":41,"key":"Replay:Wax Seal"},{"floor":43,"key":"Onion Ring"},{"floor":48,"key":"Molten Egg 2"}],"event_choices":[{"damage_healed":20.0,"max_hp_gain":0.0,"max_hp_loss":0.0,"gold_gain":0.0,"event_name":"Mushrooms","player_choice":"Healed and dodged fight","floor":12.0,"gold_loss":0.0,"damage_taken":0.0,"cards_obtained":["Parasite"]},{"damage_healed":0.0,"max_hp_gain":0.0,"max_hp_loss":0.0,"gold_gain":0.0,"event_name":"The Woman in Blue","player_choice":"Bought 1 Potion","floor":13.0,"gold_loss":0.0,"damage_taken":0.0},{"damage_healed":0,"gold_gain":0,"player_choice":"Obtained Book","damage_taken":16,"max_hp_gain":0,"max_hp_loss":0,"event_name":"Cursed Tome","floor":31,"gold_loss":0},{"cards_removed":["hermit:FinalCanter"],"damage_healed":0,"gold_gain":0,"player_choice":"Removed Attack","damage_taken":0,"max_hp_gain":0,"max_hp_loss":0,"event_name":"Falling","floor":44,"gold_loss":0}],"is_beta":false,"boss_relics":[{"not_picked":["Honey Jar","Ectoplasm"],"picked":"Cursed Key"},{"not_picked":["Tiny House","hermit:DentedPlate"],"picked":"Painkiller Herb"}],"items_purged_floors":[20,27],"is_endless":false,"potions_floor_spawned":[1,11,19,21,29,36,37,38,39,46],"ascension_level":1}}