{"host":"foq4mrde4mssg7vt","time":1610561612,"event":{"mods":["AchievementEnabler","BaseMod","Colored Map","Colored Powertips","Highlight Path","Minty Spire (QoL Compilation)","Relic Stats","everything is the same but u backflip on backflip"],"gold_per_floor":[409,423,423,442,135,135,169,169,169,169,186,186,1,15,15,94,94,109,125,135,153,153,182,182,200,200,228,228,228,241,258,258,330,330,350,361,361,87,106,132,132,167,190,202,202,202,202],"floor_reached":46,"language":"ENG","playtime":2940,"items_purged":["Decay"],"score":991,"play_id":"c7368106-38b7-4954-8d6f-c832995b801e","local_time":"20210114021332","is_ascension_mode":true,"campfire_choices":[{"data":"Barrage","floor":6.0,"key":"SMITH"},{"data":"Go for the Eyes","floor":8.0,"key":"SMITH"},{"data":"Lockon","floor":10.0,"key":"SMITH"},{"data":"Coolheaded","floor":15.0,"key":"SMITH"},{"data":"Biased Cognition","floor":24.0,"key":"SMITH"},{"data":"Fission","floor":28.0,"key":"SMITH"},{"data":"Hologram","floor":32.0,"key":"SMITH"},{"data":"Loop","floor":41.0,"key":"SMITH"},{"data":"Capacitor","floor":45.0,"key":"SMITH"}],"circlet_count":0,"master_deck":["AscendersBane","Strike_B","Strike_B","Strike_B","Defend_B","Defend_B","Defend_B","Defend_B","Zap","Dualcast","Coolheaded+1","Barrage+1","Self Repair","Go for the Eyes+1","Lockon+1","Reinforced Body","Reinforced Body","Cold Snap","Streamline","Biased Cognition+1","Hologram+1","Conserve Battery+1","Coolheaded","Compile Driver","Coolheaded+1","Genetic Algorithm","Fission+1","Gash","Tempest","Sweeping Beam","Capacitor+1","Loop+1","Undo","Auto Shields","Decay","Doom and Gloom"],"relics":["Cracked Core","Old Coin","OrangePellets","Meat on the Bone","The Courier","Frozen Eye","Cursed Key","PreservedInsect","Pear","SacredBark","Orrery","StrikeDummy","Bronze Scales"],"acts_visited":["Exordium","TheCity","TheBeyond"],"potions_floor_usage":[],"damage_taken":[{"damage":9.0,"enemies":"Jaw Worm","floor":1.0,"turns":4.0},{"damage":2.0,"enemies":"2 Louse","floor":2.0,"turns":3.0},{"damage":1.0,"enemies":"Cultist","floor":4.0,"turns":3.0},{"damage":31.0,"enemies":"3 Sentries","floor":7.0,"turns":7.0},{"damage":19.0,"enemies":"Large Slime","floor":11.0,"turns":5.0},{"damage":10.0,"enemies":"Exordium Wildlife","floor":14.0,"turns":6.0},{"damage":15.0,"enemies":"Hexaghost","floor":16.0,"turns":13.0},{"damage":24.0,"enemies":"2 Thieves","floor":18.0,"turns":5.0},{"damage":19.0,"enemies":"3 Byrds","floor":19.0,"turns":5.0},{"damage":12.0,"enemies":"Snecko","floor":20.0,"turns":5.0},{"damage":11.0,"enemies":"Chosen and Byrds","floor":21.0,"turns":7.0},{"damage":22.0,"enemies":"Slavers","floor":23.0,"turns":7.0},{"damage":0.0,"enemies":"Snake Plant","floor":25.0,"turns":5.0},{"damage":2.0,"enemies":"Book of Stabbing","floor":27.0,"turns":6.0},{"damage":1.0,"enemies":"Centurion and Healer","floor":30.0,"turns":7.0},{"damage":54.0,"enemies":"3 Cultists","floor":31.0,"turns":8.0},{"damage":37.0,"enemies":"Automaton","floor":33.0,"turns":16.0},{"damage":27.0,"enemies":"3 Shapes","floor":35.0,"turns":6.0},{"damage":0.0,"enemies":"Orb Walker","floor":36.0,"turns":5.0},{"damage":44.0,"enemies":"Writhing Mass","floor":39.0,"turns":13.0},{"damage":7.0,"enemies":"Nemesis","floor":40.0,"turns":13.0},{"damage":18.0,"enemies":"Reptomancer","floor":42.0,"turns":9.0},{"damage":36.0,"enemies":"4 Shapes","floor":44.0,"turns":12.0},{"damage":32,"enemies":"Jaw Worm Horde","floor":46,"turns":3}],"seed_played":"8823283372262561397","potions_obtained":[{"floor":2.0,"key":"BlessingOfTheForge"},{"floor":7.0,"key":"LiquidBronze"},{"floor":19.0,"key":"Swift Potion"},{"floor":27.0,"key":"Dexterity Potion"},{"floor":30.0,"key":"EssenceOfSteel"},{"floor":35.0,"key":"Weak Potion"}],"is_trial":false,"path_per_floor":["M","M","?","M","$","R","E","R","T","R","M","?","$","M","R","B",null,"M","M","M","M","?","E","R","M","T","E","R","?","M","M","R","B",null,"M","M","?","$","M","E","R","E","T","M","R","M"],"character_chosen":"DEFECT","items_purchased":["Go for the Eyes","Lockon","OrangePellets","Cold Snap","Frozen Eye","Orrery","EntropicBrew"],"campfire_rested":0,"item_purchase_floors":[5,5,5,13,13,38,38],"current_hp_per_floor":[55,53,53,52,52,52,28,28,28,28,28,28,28,37,37,41,58,41,34,41,49,49,46,46,53,53,68,68,68,74,39,39,21,61,53,60,60,60,35,47,47,48,48,31,31,0,0],"gold":202,"neow_bonus":"ONE_RARE_RELIC","is_daily":false,"chose_seed":false,"campfire_upgraded":9,"win_rate":0.0,"timestamp":1610561612,"path_taken":["M","M","?","M","$","R","E","R","T","R","M","?","$","M","R","BOSS","M","M","M","?","?","E","R","M","T","E","R","?","M","M","R","BOSS","M","M","?","$","?","E","R","E","T","M","R","M"],"items_purchased_type":["Card","Card","Relic","Card","Relic","Relic","Potion"],"build_version":"2020-12-22","purchased_purges":1,"victory":false,"max_hp_per_floor":[64,64,64,64,64,64,64,64,64,64,64,64,64,64,64,64,64,64,64,64,64,64,64,64,64,64,74,74,74,74,74,74,74,74,74,74,74,74,74,74,74,74,74,74,74,74,74],"relic_stats":{"OrangePellets":[27],"counters":[24,173],"Bronze Scales":[42],"PreservedInsect":153,"Cursed Key":1,"obtain_stats":[{"Pear":27,"SacredBark":34,"The Courier":9,"PreservedInsect":23,"Cursed Key":17,"Old Coin":0,"OrangePellets":5,"Frozen Eye":13,"Bronze Scales":42,"Orrery":38,"Cracked Core":0,"StrikeDummy":40,"Meat on the Bone":7},{"Pear":14,"SacredBark":17,"The Courier":4,"PreservedInsect":12,"Cursed Key":7,"Old Coin":0,"OrangePellets":3,"Frozen Eye":5,"Bronze Scales":22,"Orrery":19,"Cracked Core":0,"StrikeDummy":21,"Meat on the Bone":4},{"Pear":81,"SacredBark":112,"The Courier":17,"PreservedInsect":70,"Cursed Key":41,"Old Coin":0,"OrangePellets":10,"Frozen Eye":22,"Bronze Scales":158,"Orrery":123,"Cracked Core":0,"StrikeDummy":149,"Meat on the Bone":17}],"Meat on the Bone":168},"card_choices":[{"not_picked":["Chill","Conserve Battery"],"picked":"Coolheaded","floor":1.0},{"not_picked":["Hello World","Double Energy"],"picked":"Barrage","floor":2.0},{"not_picked":["Reprogram","Steam"],"picked":"Self Repair","floor":4.0},{"not_picked":["Rebound","BootSequence","Coolheaded"],"picked":"SKIP","floor":7.0},{"not_picked":["Hologram","Redo"],"picked":"Reinforced Body","floor":11.0},{"not_picked":["Beam Cell","Cold Snap"],"picked":"Streamline","floor":14.0},{"not_picked":["All For One","Multi-Cast"],"picked":"Biased Cognition","floor":16.0},{"not_picked":["Darkness","White Noise"],"picked":"Hologram","floor":18.0},{"not_picked":["Compile Driver","Ball Lightning"],"picked":"Conserve Battery+1","floor":19.0},{"not_picked":["Coolheaded","Stack","Skim"],"picked":"SKIP","floor":20.0},{"not_picked":["Stack","Skim"],"picked":"Coolheaded","floor":20.0},{"not_picked":["Beam Cell","Redo"],"picked":"Compile Driver","floor":21.0},{"not_picked":["Stack","Chaos"],"picked":"Coolheaded+1","floor":23.0},{"not_picked":["Leap","Skim"],"picked":"Genetic Algorithm","floor":25.0},{"not_picked":["Sweeping Beam","Storm+1"],"picked":"Fission","floor":27.0},{"not_picked":["Coolheaded","Auto Shields"],"picked":"Gash","floor":30.0},{"not_picked":["Barrage","Rebound"],"picked":"Tempest","floor":31.0},{"not_picked":["Gash+1","Leap"],"picked":"Sweeping Beam","floor":35.0},{"not_picked":["Tempest","Fusion","Sweeping Beam"],"picked":"SKIP","floor":36.0},{"not_picked":["Conserve Battery","Steam Power+1"],"picked":"Capacitor","floor":38.0},{"not_picked":["Thunder Strike","Conserve Battery+1"],"picked":"Loop","floor":38.0},{"not_picked":["Gash","Chill"],"picked":"Undo","floor":38.0},{"not_picked":["Heatsinks","Aggregate","Rebound+1"],"picked":"SKIP","floor":39.0},{"not_picked":["Ball Lightning","Steam","Turbo"],"picked":"SKIP","floor":40.0},{"not_picked":["Gash","Electrodynamics"],"picked":"Auto Shields","floor":42.0},{"not_picked":["Go for the Eyes","Capacitor"],"picked":"Doom and Gloom","floor":44.0}],"player_experience":453682,"relics_obtained":[{"floor":7.0,"key":"Meat on the Bone"},{"floor":9.0,"key":"The Courier"},{"floor":23.0,"key":"PreservedInsect"},{"floor":27.0,"key":"Pear"},{"floor":40.0,"key":"StrikeDummy"},{"floor":42.0,"key":"Bronze Scales"}],"event_choices":[{"damage_healed":0.0,"max_hp_gain":0.0,"max_hp_loss":0.0,"gold_gain":0.0,"event_name":"Shining Light","player_choice":"Ignored","floor":3.0,"gold_loss":0.0,"damage_taken":0.0},{"damage_healed":0.0,"max_hp_gain":0.0,"max_hp_loss":0.0,"gold_gain":0.0,"cards_transformed":["Strike_B"],"event_name":"Transmorgrifier","player_choice":"Transformed","floor":12.0,"gold_loss":0.0,"damage_taken":0.0,"cards_obtained":["Reinforced Body"]},{"damage_healed":0.0,"max_hp_gain":0.0,"max_hp_loss":0.0,"gold_gain":0.0,"event_name":"Ghosts","player_choice":"Ignored","floor":22.0,"gold_loss":0.0,"damage_taken":0.0},{"damage_healed":0.0,"max_hp_gain":0.0,"max_hp_loss":0.0,"gold_gain":0.0,"event_name":"Forgotten Altar","player_choice":"Smashed Altar","floor":29.0,"gold_loss":0.0,"damage_taken":0.0,"cards_obtained":["Decay"]},{"damage_healed":0.0,"max_hp_gain":0.0,"max_hp_loss":0.0,"gold_gain":0.0,"event_name":"SecretPortal","player_choice":"Ignored","floor":37.0,"gold_loss":0.0,"damage_taken":0.0}],"is_beta":false,"boss_relics":[{"not_picked":["Astrolabe","Runic Pyramid"],"picked":"Cursed Key"},{"not_picked":["Snecko Eye","Runic Dome"],"picked":"SacredBark"}],"items_purged_floors":[38],"is_endless":false,"potions_floor_spawned":[2,7,14,19,20,27,30,35,39],"killed_by":"Jaw Worm Horde","ascension_level":17}}