{"host":"6p0attdrtjqaih7v","time":1610523210,"event":{"mods":["2.2 Compatiblity","AchievementEnabler","Bard","BaseMod","Better Skull","Better Third Choice","Colored Powertips","Hermit","Highlight Path","Jorbs\u0027s Wanderer Trilogy","Key Reminder","Minty Spire (QoL Compilation)","Permanent Neow","Quick Restart","Random Character Button","Relic Stats","Replay The Spire","Robot Space Explorer","StSLib"],"gold_per_floor":[217,229,245,20,20,52,62,97,123,123,138,6,35,110,110,214,214,226,226,239,259,142,142,157,192,192,35,52,68,68,97,97,201,201,217,217,217,217,228,262,280,333,356,356,397,434,293,328,328,343],"floor_reached":51,"language":"ENG","playtime":2937,"items_purged":["RobotSpaceExplorer:Strike","RobotSpaceExplorer:Strike","RobotSpaceExplorer:Defend"],"score":932,"play_id":"b7e7f523-7071-47d0-9512-7bf4b74ee32e","local_time":"20210113023330","is_ascension_mode":true,"campfire_choices":[{"floor":10,"key":"REST"},{"data":"RobotSpaceExplorer:ToxicBomb","floor":15,"key":"SMITH"},{"data":"RobotSpaceExplorer:ExhaustFan","floor":23,"key":"SMITH"},{"data":"RobotSpaceExplorer:Accelerator","floor":30,"key":"SMITH"},{"data":"RobotSpaceExplorer:PowerGlove","floor":32,"key":"SMITH"},{"data":"RobotSpaceExplorer:Blitz","floor":44,"key":"SMITH"},{"floor":49,"key":"REST"}],"circlet_count":0,"master_deck":["RobotSpaceExplorer:Strike","RobotSpaceExplorer:Defend","RobotSpaceExplorer:Defend","RobotSpaceExplorer:Scan","RobotSpaceExplorer:MiniLasers","RobotSpaceExplorer:MiniDrones","RobotSpaceExplorer:ToxicBomb+1","RobotSpaceExplorer:Blitz+1","RobotSpaceExplorer:SwiftStep","RobotSpaceExplorer:MiniDrones","RobotSpaceExplorer:StunGrenade","RobotSpaceExplorer:ShockMissile","RobotSpaceExplorer:ScrapToss","RobotSpaceExplorer:Blaster+1","RobotSpaceExplorer:LuckyStrike+1","RobotSpaceExplorer:Discharger+1","RobotSpaceExplorer:ExhaustFan+1","RobotSpaceExplorer:BigMissile+1","RobotSpaceExplorer:Accelerator+1","RobotSpaceExplorer:PowerGlove+1","RobotSpaceExplorer:TrailblazerForm","RobotSpaceExplorer:ScrapToss","Panache","RobotSpaceExplorer:HighVoltage","RobotSpaceExplorer:ExhaustFan+1","RobotSpaceExplorer:MiniDrones","RobotSpaceExplorer:ExhaustFan+1"],"relics":["RobotSpaceExplorer:RoboCore","Oddly Smooth Stone","Pen Nib","Smiling Mask","Happy Flower","Omamori","RobotSpaceExplorer:Reprocessor","Strawberry","Iron Hammer","Nunchaku","Anchor","Black Star","Blue Doll","Simple Rune","Replay:Multitool","Replay:Bandana","CeramicFish","Replay:Kaleidoscope"],"acts_visited":["Exordium","TheCity","TheBeyond"],"potions_floor_usage":[6,16,16,18,21,25,40,41,42,45,50,50,50,50,50],"damage_taken":[{"damage":1,"enemies":"2 Louse","floor":1,"turns":2},{"damage":1,"enemies":"Cultist","floor":2,"turns":3},{"damage":0,"enemies":"Small Slimes","floor":3,"turns":2},{"damage":24,"enemies":"Gremlin Nob","floor":6,"turns":5},{"damage":0,"enemies":"Exordium Wildlife","floor":7,"turns":2},{"damage":27,"enemies":"Lagavulin","floor":8,"turns":8},{"damage":0,"enemies":"Lots of Slimes","floor":11,"turns":1},{"damage":5,"enemies":"3 Sentries","floor":13,"turns":5},{"damage":10,"enemies":"The Guardian","floor":16,"turns":13},{"damage":6,"enemies":"Spheric Guardian","floor":18,"turns":5},{"damage":0,"enemies":"3 Byrds","floor":20,"turns":3},{"damage":4,"enemies":"Snecko","floor":21,"turns":5},{"damage":0,"enemies":"Snake Plant","floor":24,"turns":6},{"damage":3,"enemies":"Gremlin Leader","floor":25,"turns":8},{"damage":5,"enemies":"Sentry and Sphere","floor":28,"turns":4},{"damage":4,"enemies":"Chosen and Byrds","floor":29,"turns":4},{"damage":0,"enemies":"Replay:Snechameleon","floor":31,"turns":5},{"damage":3,"enemies":"Automaton","floor":33,"turns":8},{"damage":0,"enemies":"3 Shapes","floor":35,"turns":5},{"damage":3,"enemies":"3 Darklings","floor":39,"turns":5},{"damage":0,"enemies":"Giant Head","floor":40,"turns":7},{"damage":10,"enemies":"Jaw Worm Horde","floor":41,"turns":5},{"damage":14,"enemies":"2 Orb Walkers","floor":42,"turns":6},{"damage":15,"enemies":"Nemesis","floor":45,"turns":5},{"damage":13,"enemies":"Writhing Mass","floor":46,"turns":6},{"damage":3,"enemies":"4 Shapes","floor":48,"turns":5},{"damage":22,"enemies":"Donu and Deca","floor":50,"turns":8}],"seed_played":"145592723865810245","potions_obtained":[{"floor":2,"key":"Flashbang"},{"floor":8,"key":"Strength Potion"},{"floor":11,"key":"BlessingOfTheForge"},{"floor":16,"key":"AttackPotion"},{"floor":18,"key":"Energy Potion"},{"floor":20,"key":"Dexterity Potion"},{"floor":28,"key":"Energy Potion"},{"floor":33,"key":"DuplicationPotion"},{"floor":40,"key":"ColorlessPotion"},{"floor":41,"key":"EntropicBrew"},{"floor":46,"key":"Ancient Potion"}],"is_trial":false,"path_per_floor":["M","M","M","$","?","E","M","E","T","R","M","$","E","?","R","B",null,"M","?","M","M","$","R","M","E","T","$","M","M","R","E","R","B",null,"M","?","?","?","M","E","M","?","T","R","E","M","$","M","R","B",null],"character_chosen":"RobotSpaceExplorer","items_purchased":["Oddly Smooth Stone","RobotSpaceExplorer:ScrapToss","Fire Potion","RobotSpaceExplorer:ExhaustFan","Nunchaku","RobotSpaceExplorer:ExhaustFan+1","RobotSpaceExplorer:RecyclePotion"],"campfire_rested":2,"item_purchase_floors":[4,12,12,22,27,47,47],"current_hp_per_floor":[74,73,73,73,73,49,49,22,22,44,44,44,39,28,28,18,75,69,69,69,65,65,65,65,69,69,69,64,60,60,60,60,57,82,82,82,72,72,69,69,59,45,45,45,30,17,17,14,38,16],"gold":343,"neow_bonus":"HUNDRED_GOLD","is_daily":false,"chose_seed":false,"campfire_upgraded":5,"win_rate":0.0,"timestamp":1610523210,"path_taken":["M","M","M","$","?","E","?","E","T","R","M","?","E","?","R","BOSS","M","?","M","M","$","R","?","E","T","?","M","M","R","E","R","BOSS","M","?","?","?","M","E","M","?","T","R","E","?","$","M","R","BOSS"],"items_purchased_type":["Relic","Card","Potion","Card","Relic","Card","Potion"],"build_version":"2020-12-22","purchased_purges":3,"victory":true,"max_hp_per_floor":[75,75,75,75,75,75,75,75,75,75,75,75,75,75,75,75,75,75,75,75,75,75,75,75,82,82,82,82,82,82,82,82,82,82,82,82,82,82,82,82,82,82,82,82,82,82,82,82,82,82],"relic_stats":{"Nunchaku":[25],"Happy Flower":[39],"counters":[27,141],"CeramicFish":27,"Pen Nib":[40],"Black Star":2,"Smiling Mask":125,"obtain_stats":[{"Happy Flower":9,"CeramicFish":45,"Oddly Smooth Stone":4,"RobotSpaceExplorer:RoboCore":0,"Blue Doll":40,"Pen Nib":6,"Omamori":13,"Replay:Multitool":42,"RobotSpaceExplorer:Reprocessor":17,"Replay:Kaleidoscope":45,"Smiling Mask":8,"Nunchaku":27,"Anchor":31,"Replay:Bandana":43,"Strawberry":25,"Simple Rune":40,"Iron Hammer":26,"Black Star":34},{"Happy Flower":6,"CeramicFish":24,"Oddly Smooth Stone":3,"RobotSpaceExplorer:RoboCore":0,"Blue Doll":21,"Pen Nib":4,"Omamori":8,"Replay:Multitool":23,"RobotSpaceExplorer:Reprocessor":9,"Replay:Kaleidoscope":24,"Smiling Mask":6,"Nunchaku":14,"Anchor":17,"Replay:Bandana":23,"Strawberry":14,"Simple Rune":21,"Iron Hammer":14,"Black Star":18},{"Happy Flower":22,"CeramicFish":122,"Oddly Smooth Stone":7,"RobotSpaceExplorer:RoboCore":0,"Blue Doll":106,"Pen Nib":12,"Omamori":28,"Replay:Multitool":117,"RobotSpaceExplorer:Reprocessor":41,"Replay:Kaleidoscope":122,"Smiling Mask":22,"Nunchaku":68,"Anchor":81,"Replay:Bandana":117,"Strawberry":68,"Simple Rune":106,"Iron Hammer":68,"Black Star":89}]},"card_choices":[{"not_picked":["RobotSpaceExplorer:GlueSpray","RobotSpaceExplorer:JunkDive"],"picked":"RobotSpaceExplorer:MiniDrones","floor":1},{"not_picked":["RobotSpaceExplorer:ScrapMissile","RobotSpaceExplorer:FranticSearch"],"picked":"RobotSpaceExplorer:ToxicBomb","floor":2},{"not_picked":["RobotSpaceExplorer:Pulsar","RobotSpaceExplorer:DoubleFind"],"picked":"RobotSpaceExplorer:Blitz","floor":3},{"not_picked":["RobotSpaceExplorer:SurgingShield","RobotSpaceExplorer:BigMissile"],"picked":"RobotSpaceExplorer:MiniDrones","floor":6},{"not_picked":["RobotSpaceExplorer:Smokescreen","RobotSpaceExplorer:FrostMissile"],"picked":"RobotSpaceExplorer:StunGrenade","floor":7},{"not_picked":["RobotSpaceExplorer:Ammunition","RobotSpaceExplorer:GlueShot"],"picked":"RobotSpaceExplorer:ShockMissile","floor":8},{"not_picked":["RobotSpaceExplorer:GlueShot","RobotSpaceExplorer:SelfCleaning","RobotSpaceExplorer:SwiftStep"],"picked":"SKIP","floor":11},{"not_picked":["RobotSpaceExplorer:ShockKick","RobotSpaceExplorer:MiniDrones","RobotSpaceExplorer:Fix"],"picked":"SKIP","floor":13},{"not_picked":["RobotSpaceExplorer:Autoloader","RobotSpaceExplorer:Multitool"],"picked":"RobotSpaceExplorer:Blaster","floor":16},{"not_picked":["RobotSpaceExplorer:Ammunition","RobotSpaceExplorer:SurgingStrike","RobotSpaceExplorer:ShockKick"],"picked":"SKIP","floor":18},{"not_picked":["RobotSpaceExplorer:ShovelStrike+1","RobotSpaceExplorer:Calculate+1"],"picked":"RobotSpaceExplorer:LuckyStrike+1","floor":20},{"not_picked":["RobotSpaceExplorer:ImprovisedAttack","RobotSpaceExplorer:Jetpack+1"],"picked":"RobotSpaceExplorer:Discharger+1","floor":21},{"not_picked":["RobotSpaceExplorer:ToxicBomb","RobotSpaceExplorer:Pulsar"],"picked":"RobotSpaceExplorer:BigMissile+1","floor":24},{"not_picked":["RobotSpaceExplorer:LuckyStrike","RobotSpaceExplorer:ShovelStrike"],"picked":"RobotSpaceExplorer:Accelerator","floor":25},{"not_picked":["RobotSpaceExplorer:FranticSearch+1","RobotSpaceExplorer:ScrapShield","RobotSpaceExplorer:Smokescreen"],"picked":"SKIP","floor":28},{"not_picked":["RobotSpaceExplorer:SwiftStep","RobotSpaceExplorer:Ammunition","RobotSpaceExplorer:DoubleBlock"],"picked":"SKIP","floor":29},{"not_picked":["RobotSpaceExplorer:SlimeMissile","RobotSpaceExplorer:Pulsar"],"picked":"RobotSpaceExplorer:PowerGlove","floor":31},{"not_picked":["RobotSpaceExplorer:DroneSwarm","RobotSpaceExplorer:BlastShield"],"picked":"RobotSpaceExplorer:TrailblazerForm","floor":33},{"not_picked":["RobotSpaceExplorer:Discharger","RobotSpaceExplorer:ShovelStrike"],"picked":"RobotSpaceExplorer:ScrapToss","floor":35},{"not_picked":["Madness","PanicButton"],"picked":"Panache","floor":37},{"not_picked":["RobotSpaceExplorer:SwiftStep","RobotSpaceExplorer:SurgingShield","RobotSpaceExplorer:Ammunition"],"picked":"SKIP","floor":39},{"not_picked":["RobotSpaceExplorer:SelfCleaning+1","RobotSpaceExplorer:Counterblock+1"],"picked":"RobotSpaceExplorer:HighVoltage","floor":40},{"not_picked":["RobotSpaceExplorer:SurgingShield+1","RobotSpaceExplorer:FreezingShield","RobotSpaceExplorer:Ammunition"],"picked":"SKIP","floor":41},{"not_picked":["RobotSpaceExplorer:DoubleBlock+1","RobotSpaceExplorer:Blitz"],"picked":"RobotSpaceExplorer:ExhaustFan+1","floor":45},{"not_picked":["RobotSpaceExplorer:ScrapMissile+1","RobotSpaceExplorer:StunGrenade+1"],"picked":"RobotSpaceExplorer:MiniDrones","floor":46},{"not_picked":["RobotSpaceExplorer:SlimeMissile","RobotSpaceExplorer:GlueShot","RobotSpaceExplorer:SurgingShield"],"picked":"SKIP","floor":48}],"player_experience":821058,"relics_obtained":[{"floor":6,"key":"Pen Nib"},{"floor":8,"key":"Smiling Mask"},{"floor":9,"key":"Happy Flower"},{"floor":13,"key":"Omamori"},{"floor":25,"key":"Strawberry"},{"floor":26,"key":"Iron Hammer"},{"floor":31,"key":"Anchor"},{"floor":40,"key":"Blue Doll"},{"floor":40,"key":"Simple Rune"},{"floor":42,"key":"Replay:Multitool"},{"floor":43,"key":"Replay:Bandana"},{"floor":45,"key":"CeramicFish"},{"floor":45,"key":"Replay:Kaleidoscope"}],"event_choices":[{"damage_healed":0,"gold_gain":0,"cards_transformed":["RobotSpaceExplorer:Strike"],"player_choice":"Transformed","damage_taken":0,"max_hp_gain":0,"max_hp_loss":0,"event_name":"Transmorgrifier","floor":5,"gold_loss":0,"cards_obtained":["RobotSpaceExplorer:SwiftStep"]},{"damage_healed":0,"gold_gain":75,"player_choice":"Gather Gold","damage_taken":11,"max_hp_gain":0,"max_hp_loss":0,"event_name":"World of Goop","floor":14,"gold_loss":0},{"damage_healed":0,"gold_gain":0,"player_choice":"Upgraded","damage_taken":0,"max_hp_gain":0,"max_hp_loss":0,"event_name":"Upgrade Shrine","floor":19,"gold_loss":0,"cards_upgraded":["RobotSpaceExplorer:Blaster"]},{"damage_healed":0,"gold_gain":0,"player_choice":"Ignored","damage_taken":0,"max_hp_gain":0,"max_hp_loss":0,"event_name":"Tomb of Lord Red Mask","floor":36,"gold_loss":0},{"damage_healed":0,"gold_gain":0,"player_choice":"Memory 3","damage_taken":10,"max_hp_gain":0,"max_hp_loss":0,"event_name":"SensoryStone","floor":37,"gold_loss":0},{"cards_removed":["RobotSpaceExplorer:Defend"],"damage_healed":0,"gold_gain":0,"player_choice":"Removed Skill","damage_taken":0,"max_hp_gain":0,"max_hp_loss":0,"event_name":"Falling","floor":38,"gold_loss":0},{"damage_healed":0,"gold_gain":0,"player_choice":"Fight","damage_taken":0,"max_hp_gain":0,"max_hp_loss":0,"event_name":"Mysterious Sphere","floor":42,"gold_loss":0}],"is_beta":false,"boss_relics":[{"not_picked":["Empty Cage","Ring of Chaos"],"picked":"RobotSpaceExplorer:Reprocessor"},{"not_picked":["Replay:Drink Me","Kintsugi"],"picked":"Black Star"}],"items_purged_floors":[4,22,47],"is_endless":false,"potions_floor_spawned":[2,8,11,16,18,20,28,33,40,41,46],"ascension_level":3}}