{"host":"oigynbtg272c19pw","time":1610564902,"event":{"mods":["BaseMod","Colored Map","Minty Spire (QoL Compilation)","Relic Stats","StSLib"],"gold_per_floor":[109,34,34,34,53,85,95,95,95,106,3,3,30,45,45,117,117,128,142,42,58,58,58,58,58],"floor_reached":24,"playtime":1116,"items_purged":["Strike_R","Dropkick+1"],"score":462,"play_id":"f13d71a4-7de7-4427-8e0f-5a20272c1f70","local_time":"20210113200822","is_ascension_mode":true,"campfire_choices":[{"data":"Searing Blow","floor":12.0,"key":"SMITH"},{"data":"Searing Blow+1","floor":15,"key":"SMITH"},{"data":"Searing Blow+2","floor":23,"key":"SMITH"}],"circlet_count":0,"master_deck":["AscendersBane","Defend_R","Defend_R","Defend_R","Bash","Clothesline","Feel No Pain","Second Wind","Power Through","Searing Blow+3","Warcry","Power Through","Battle Trance","Barricade","Bludgeon+1","Sentinel","Headbutt+1","Impervious"],"relics":["Burning Blood","NeowsBlessing","Thread and Needle","Bottled Flame","Molten Egg 2","Astrolabe"],"acts_visited":["Exordium","TheCity"],"potions_floor_usage":[16,18,19,21],"damage_taken":[{"damage":0.0,"enemies":"Small Slimes","floor":1.0,"turns":1.0},{"damage":0.0,"enemies":"2 Louse","floor":5.0,"turns":1.0},{"damage":0.0,"enemies":"3 Sentries","floor":6.0,"turns":2.0},{"damage":2.0,"enemies":"Cultist","floor":7.0,"turns":6.0},{"damage":0.0,"enemies":"Large Slime","floor":10.0,"turns":7.0},{"damage":36.0,"enemies":"Gremlin Nob","floor":13.0,"turns":6.0},{"damage":7,"enemies":"Exordium Wildlife","floor":14,"turns":9},{"damage":41,"enemies":"Slime Boss","floor":16,"turns":23},{"damage":9,"enemies":"Shell Parasite","floor":18,"turns":7},{"damage":3,"enemies":"Spheric Guardian","floor":19,"turns":4},{"damage":28,"enemies":"Snake Plant","floor":21,"turns":6},{"damage":41,"enemies":"Book of Stabbing","floor":24,"turns":6}],"seed_played":"-7060106240635238547","potions_obtained":[{"floor":4.0,"key":"Fire Potion"},{"floor":4.0,"key":"Ancient Potion"},{"floor":6.0,"key":"EssenceOfSteel"},{"floor":16,"key":"Weak Potion"},{"floor":18,"key":"Swift Potion"},{"floor":19,"key":"Swift Potion"}],"is_trial":false,"path_per_floor":["M","?","?","?","M","E","M","?","T","M","$","R","E","M","R","B",null,"M","M","$","M","?","R","E"],"character_chosen":"IRONCLAD","items_purchased":["Warcry"],"campfire_rested":0,"item_purchase_floors":[11],"current_hp_per_floor":[74,74,74,74,75,75,75,75,75,75,75,75,45,44,44,9,59,56,59,59,37,37,37,0,0],"gold":58,"neow_bonus":"THREE_ENEMY_KILL","is_daily":false,"chose_seed":false,"campfire_upgraded":3,"win_rate":0.0,"timestamp":1610564902,"path_taken":["M","?","?","?","?","E","M","?","T","M","?","R","E","M","R","BOSS","M","?","$","M","?","R","E"],"items_purchased_type":["Card"],"build_version":"2020-12-13","purchased_purges":2,"victory":false,"max_hp_per_floor":[75,75,75,75,75,75,75,75,75,75,75,75,75,75,75,75,75,75,75,75,75,75,75,75,75],"relic_stats":{"counters":[12,78],"Astrolabe":["Dropkick","Combust","Bludgeon"],"obtain_stats":[{"Bottled Flame":9,"NeowsBlessing":0,"Astrolabe":17,"Thread and Needle":6,"Molten Egg 2":13,"Burning Blood":0},{"Bottled Flame":4,"NeowsBlessing":0,"Astrolabe":8,"Thread and Needle":3,"Molten Egg 2":6,"Burning Blood":0},{"Bottled Flame":10,"NeowsBlessing":0,"Astrolabe":55,"Thread and Needle":4,"Molten Egg 2":23,"Burning Blood":0}],"Burning Blood":45},"card_choices":[{"not_picked":["Body Slam","Thunderclap"],"picked":"Clothesline","floor":1.0},{"not_picked":["Cleave","Warcry"],"picked":"Second Wind","floor":5.0},{"not_picked":["Perfected Strike","Sever Soul"],"picked":"Power Through","floor":6.0},{"not_picked":["Ghostly Armor","Cleave"],"picked":"Searing Blow","floor":7.0},{"not_picked":["Twin Strike","Infernal Blade","Pummel"],"picked":"SKIP","floor":10.0},{"not_picked":["Limit Break","Heavy Blade+1"],"picked":"Power Through","floor":13.0},{"not_picked":["Warcry","Havoc"],"picked":"Battle Trance","floor":14},{"not_picked":["Immolate+1","Juggernaut"],"picked":"Barricade","floor":16},{"not_picked":["Havoc","Cleave+1"],"picked":"Sentinel","floor":18},{"not_picked":["Pommel Strike+1","Iron Wave+1"],"picked":"Headbutt+1","floor":19},{"not_picked":["Shockwave","Iron Wave+1"],"picked":"Impervious","floor":21}],"player_experience":1382057,"relics_obtained":[{"floor":6.0,"key":"Thread and Needle"},{"floor":9.0,"key":"Bottled Flame"},{"floor":13.0,"key":"Molten Egg 2"}],"event_choices":[{"cards_removed":["Strike_R"],"damage_healed":0.0,"max_hp_gain":0.0,"max_hp_loss":0.0,"gold_gain":0.0,"event_name":"The Cleric","player_choice":"Card Removal","floor":2.0,"gold_loss":75.0,"damage_taken":0.0},{"damage_healed":0.0,"max_hp_gain":0.0,"max_hp_loss":0.0,"gold_gain":0.0,"cards_transformed":["Strike_R"],"event_name":"Living Wall","player_choice":"Change","floor":3.0,"gold_loss":0.0,"damage_taken":0.0,"cards_obtained":["Feel No Pain"]},{"damage_healed":0.0,"max_hp_gain":0.0,"max_hp_loss":0.0,"gold_gain":0.0,"event_name":"Lab","player_choice":"Got Potions","floor":4.0,"gold_loss":0.0,"damage_taken":0.0},{"damage_healed":0.0,"max_hp_gain":0.0,"max_hp_loss":0.0,"gold_gain":0.0,"event_name":"Liars Game","player_choice":"Ignored","floor":8.0,"gold_loss":0.0,"damage_taken":0.0},{"cards_removed":["Combust"],"damage_healed":0,"gold_gain":0,"player_choice":"Elegance","damage_taken":0,"max_hp_gain":0,"max_hp_loss":0,"event_name":"Back to Basics","floor":22,"gold_loss":0}],"is_beta":false,"boss_relics":[{"not_picked":["Calling Bell","Empty Cage"],"picked":"Astrolabe"}],"items_purged_floors":[11,20],"is_endless":false,"potions_floor_spawned":[6,7,13,16,18,19],"killed_by":"Book of Stabbing","ascension_level":20}}