{"host":"5wznv0010959mrmz","time":1610511248,"event":{"mods":["BaseMod","Highlight Path","Minty Spire (QoL Compilation)","Relic Stats"],"gold_per_floor":[117,192,192,21,37,65,76,76,121,121,121],"floor_reached":10,"language":"ENG","playtime":161,"items_purged":[],"score":182,"play_id":"e6fc3f02-41dd-4f8c-84ea-3fd2e733c42c","local_time":"20210112221408","is_ascension_mode":true,"campfire_choices":[{"data":"Malaise","floor":8,"key":"SMITH"}],"circlet_count":0,"master_deck":["AscendersBane","Strike_G","Strike_G","Strike_G","Strike_G","Strike_G","Defend_G","Defend_G","Defend_G","Defend_G","Defend_G+1","Survivor+1","Neutralize","Flying Knee","Escape Plan","Malaise+1","Eviscerate"],"relics":["Ring of the Snake","NeowsBlessing","Tiny Chest","Ancient Tea Set","Dream Catcher"],"acts_visited":["Exordium"],"potions_floor_usage":[],"damage_taken":[{"damage":0,"enemies":"2 Louse","floor":1,"turns":1},{"damage":0,"enemies":"Jaw Worm","floor":5,"turns":1},{"damage":0,"enemies":"Lagavulin","floor":6,"turns":1},{"damage":0,"enemies":"Small Slimes","floor":7,"turns":4},{"damage":32,"enemies":"3 Sentries","floor":10,"turns":6}],"seed_played":"-3224308406551213988","potions_obtained":[{"floor":6,"key":"SpeedPotion"}],"is_trial":false,"path_per_floor":["M","?","?","$","M","E","M","R","T","E"],"character_chosen":"THE_SILENT","items_purchased":["Tiny Chest"],"campfire_rested":0,"item_purchase_floors":[4],"current_hp_per_floor":[59,48,28,28,28,28,28,28,28,0,0],"gold":121,"neow_bonus":"THREE_ENEMY_KILL","is_daily":false,"chose_seed":false,"campfire_upgraded":1,"win_rate":0.0,"timestamp":1610511248,"path_taken":["M","?","?","$","M","E","M","R","T","E"],"items_purchased_type":["Relic"],"build_version":"2020-12-22","purchased_purges":0,"victory":false,"max_hp_per_floor":[66,66,66,66,66,66,66,66,66,66,66],"relic_stats":{"Dream Catcher":0,"counters":[5,13],"Tiny Chest":0,"obtain_stats":[{"Dream Catcher":9,"NeowsBlessing":0,"Tiny Chest":4,"Ancient Tea Set":6,"Ring of the Snake":0},{"Dream Catcher":4,"NeowsBlessing":0,"Tiny Chest":1,"Ancient Tea Set":3,"Ring of the Snake":0},{"Dream Catcher":7,"NeowsBlessing":0,"Tiny Chest":1,"Ancient Tea Set":3,"Ring of the Snake":0}],"Ring of the Snake":[10]},"card_choices":[{"not_picked":["PiercingWail","Deflect"],"picked":"Flying Knee","floor":1},{"not_picked":["Acrobatics","Skewer"],"picked":"Escape Plan","floor":5},{"not_picked":["Deflect","Riddle With Holes"],"picked":"Malaise","floor":6},{"not_picked":["Bane","Concentrate"],"picked":"Eviscerate","floor":7}],"player_experience":452327,"relics_obtained":[{"floor":6,"key":"Ancient Tea Set"},{"floor":9,"key":"Dream Catcher"}],"event_choices":[{"damage_healed":0,"gold_gain":75,"player_choice":"Gather Gold","damage_taken":11,"max_hp_gain":0,"max_hp_loss":0,"event_name":"World of Goop","floor":2,"gold_loss":0},{"damage_healed":0,"gold_gain":0,"player_choice":"Entered Light","damage_taken":20,"max_hp_gain":0,"max_hp_loss":0,"event_name":"Shining Light","floor":3,"gold_loss":0,"cards_upgraded":["Defend_G","Survivor"]}],"is_beta":false,"boss_relics":[],"items_purged_floors":[],"is_endless":false,"potions_floor_spawned":[6],"killed_by":"3 Sentries","ascension_level":20}}