{"host":"6h0diz2ap0m56grs","time":1610496311,"event":{"mods":["2.2 Compatiblity","BaseMod","Colored Map","Marisa????????","Minty Spire (QoL Compilation)","Quick Restart","Replay The Spire","Shop Mod","StSLib","The Servant 0.9.4"],"gold_per_floor":[119,135,135,135,66,97,122,154,154,183,183,183,209,229,229,329,329,349,349,349,365,464,494,528,553,553,579,519,519,552,580,580,677,677,677],"floor_reached":34,"language":"ENG","playtime":1012,"items_purged":[],"score":839,"play_id":"0ef6b517-0ab6-41c8-b83c-e362dd4d6011","local_time":"20210112180511","daily_mods":["SealedDeck","Heirloom","Time Dilation","Flight"],"is_ascension_mode":true,"campfire_choices":[{"data":"SilverBlades","floor":11,"key":"SMITH"},{"data":"SilverBlades","floor":12,"key":"SMITH"},{"data":"SurpressingFire","floor":15,"key":"SMITH"},{"data":"MurderousAura","floor":29,"key":"SMITH"},{"data":"SurpressingFire","floor":32,"key":"SMITH"}],"circlet_count":0,"master_deck":["BottledTime","Rearm","BottledTime","Defy","Desolation","Defy","Sabotage","Ricochet","Moonlight","SilverBlades+1","SurpressingFire+1","SilverBlades+1","SilverMatrix","DancingSilver","Ricochet","MurderousAura+1","AbeCurse","Orbit","SilverMatrix","Luminosity+1","Misdirection","Sabotage+1","SurpressingFire","Moonlight+1","SurpressingFire+1","SilverMatrix"],"relics":["Uniform","replay:Trail_Library","Mango","Bottled Lightning","RomanBracelet","Bag of Preparation","Peace Pipe","Ancient Tea Set","Blue Doll","Abe\u0027s Treasure","ReplayTheSpireMod:Shallot","Toy Ornithopter","Anchor","Molten Egg 2","Matryoshka","Turnip","Strawberry","Blood Vial"],"acts_visited":["Exordium","TheCity"],"potions_floor_usage":[23,24],"damage_taken":[{"damage":0,"enemies":"2 Louse","floor":1,"turns":2},{"damage":0,"enemies":"Small Slimes","floor":2,"turns":1},{"damage":2,"enemies":"Lagavulin","floor":6,"turns":4},{"damage":20,"enemies":"3 Sentries","floor":7,"turns":5},{"damage":0,"enemies":"Gremlin Nob","floor":8,"turns":2},{"damage":3,"enemies":"3 Sentries","floor":10,"turns":4},{"damage":0,"enemies":"Gremlin Nob","floor":13,"turns":1},{"damage":0,"enemies":"Jaw Worm","floor":14,"turns":3},{"damage":0,"enemies":"Fading Forest","floor":16,"turns":11},{"damage":0,"enemies":"Shell Parasite","floor":18,"turns":2},{"damage":0,"enemies":"3 Byrds","floor":21,"turns":2},{"damage":0,"enemies":"Book of Stabbing","floor":23,"turns":3},{"damage":0,"enemies":"Slavers","floor":24,"turns":3},{"damage":0,"enemies":"Gremlin Leader","floor":25,"turns":4},{"damage":4,"enemies":"Book of Stabbing","floor":27,"turns":3},{"damage":0,"enemies":"Slavers","floor":30,"turns":3},{"damage":0,"enemies":"Replay:Snechameleon","floor":31,"turns":4},{"damage":0,"enemies":"Champ","floor":33,"turns":4}],"seed_played":"-8364272379699819727","potions_obtained":[{"floor":1,"key":"ColorlessPotion"},{"floor":6,"key":"Explosive Potion"},{"floor":16,"key":"SkillPotion"},{"floor":24,"key":"EssenceOfSteel"},{"floor":30,"key":"Strength Potion"}],"is_trial":true,"path_per_floor":["M","M","?","?","$","E","E","E","T","E","R","R","E","M","R","B",null,"M","T","?","M","?","E","E","E","T","E","?","R","E","E","R","B",null],"character_chosen":"THE_SERVANT","items_purchased":["SilverBlades"],"campfire_rested":0,"item_purchase_floors":[5],"current_hp_per_floor":[79,79,79,84,84,82,62,62,62,59,59,59,59,59,59,59,84,84,84,84,84,84,84,84,84,84,80,80,80,87,87,87,89,89,89],"gold":677,"neow_bonus":"","is_daily":false,"chose_seed":false,"campfire_upgraded":5,"win_rate":0.0,"timestamp":1610496311,"path_taken":["M","M","?","?","?","E","E","E","T","E","R","R","E","?","R","BOSS","M","?","?","?","?","E","E","E","T","E","?","R","E","E","R","BOSS"],"items_purchased_type":["Card"],"build_version":"2020-12-22","purchased_purges":0,"victory":false,"max_hp_per_floor":[79,79,79,84,84,84,84,84,84,84,84,84,84,84,84,84,84,84,84,84,84,84,84,84,84,84,84,84,84,91,91,91,91,91,91],"card_choices":[{"not_picked":["FastForward","Alleviate"],"picked":"SurpressingFire","floor":1},{"not_picked":["FanOfKnives","DoubleEdge","BottledTime"],"picked":"SKIP","floor":2},{"not_picked":["FastForward","TimeTheft"],"picked":"SilverMatrix","floor":6},{"not_picked":["MoonPhase","ShatteredReality","Rewind"],"picked":"SKIP","floor":7},{"not_picked":["Foresight","SpecialFormula","Deny"],"picked":"SKIP","floor":8},{"not_picked":["Starlight","DoubleEdge","Unruled"],"picked":"SKIP","floor":10},{"not_picked":["FastForward","ShatteredReality"],"picked":"Ricochet","floor":13},{"not_picked":["TimeWarp","Spin","StarChef"],"picked":"SKIP","floor":14},{"not_picked":["FloweringNight","FlawlessForm"],"picked":"MurderousAura","floor":16},{"not_picked":["TimeTheft+1","Ricochet","TimeWarp+1"],"picked":"SKIP","floor":18},{"not_picked":["DoubleEdge","Spin+1","Alleviate"],"picked":"SKIP","floor":21},{"not_picked":["Potential","Hightail"],"picked":"Luminosity+1","floor":23},{"not_picked":["GearUp","MoonPhase"],"picked":"Misdirection","floor":24},{"not_picked":["BottledTime","Revamp","ShiftingGears"],"picked":"SKIP","floor":25},{"not_picked":["Solidify","Defy"],"picked":"Sabotage+1","floor":27},{"not_picked":["KillingDoll+1","Rewind"],"picked":"Moonlight+1","floor":30},{"not_picked":["Defy","ReturningBlade+1"],"picked":"SurpressingFire","floor":31},{"not_picked":["PendulumOfEternity+1","KillingDoll+1"],"picked":"SilverMatrix","floor":33}],"player_experience":185800,"relics_obtained":[{"floor":6,"key":"Bottled Lightning"},{"floor":7,"key":"RomanBracelet"},{"floor":8,"key":"Bag of Preparation"},{"floor":9,"key":"Peace Pipe"},{"floor":10,"key":"Ancient Tea Set"},{"floor":13,"key":"Blue Doll"},{"floor":19,"key":"ReplayTheSpireMod:Shallot"},{"floor":23,"key":"Toy Ornithopter"},{"floor":24,"key":"Anchor"},{"floor":25,"key":"Molten Egg 2"},{"floor":26,"key":"Matryoshka"},{"floor":27,"key":"Turnip"},{"floor":30,"key":"Strawberry"},{"floor":31,"key":"Blood Vial"}],"event_choices":[{"damage_healed":0,"gold_gain":0,"player_choice":"Donut","damage_taken":0,"max_hp_gain":5,"max_hp_loss":0,"event_name":"Big Fish","floor":4,"gold_loss":0},{"damage_healed":0,"gold_gain":0,"player_choice":"Copied","damage_taken":0,"max_hp_gain":0,"max_hp_loss":0,"event_name":"Duplicator","floor":20,"gold_loss":0,"cards_obtained":["Orbit"]},{"damage_healed":0,"gold_gain":99,"player_choice":"Stole From Cult","damage_taken":0,"max_hp_gain":0,"max_hp_loss":0,"event_name":"Nest","floor":22,"gold_loss":0}],"is_beta":false,"boss_relics":[{"not_picked":["Black Star","Replay:Drink Me"],"picked":"Abe\u0027s Treasure"}],"items_purged_floors":[],"is_endless":false,"potions_floor_spawned":[1,6,16,21,24,30,31],"ascension_level":1}}