{"host":"utcbn1j9ebmpc40m","time":1610504899,"event":{"mods":["BaseMod","Better Match","Googly Eyes","Hermit","Minty Spire (QoL Compilation)","Poor People Problems","Robot Space Explorer","StSLib","The IronCluck"],"gold_per_floor":[110,110,110,12,12,12,56,71,71,71,71,109,109,132,132,263,263,278,292,217,180,200,200,200],"floor_reached":23,"language":"ENG","playtime":1001,"items_purged":[],"score":222,"play_id":"db087b78-fe61-43f7-abb1-53ec9f69c5bc","local_time":"20210112212819","is_ascension_mode":false,"campfire_choices":[{"data":"hermit:Desperado","floor":6,"key":"SMITH"},{"data":"hermit:ItchyTrigger","floor":10,"key":"SMITH"},{"floor":13,"key":"REST"},{"floor":15,"key":"REST"}],"circlet_count":0,"master_deck":["hermit:Strike_Hermit","hermit:Strike_Hermit","hermit:Strike_Hermit","hermit:Defend_Hermit","hermit:Defend_Hermit","hermit:Defend_Hermit","hermit:Snapshot","hermit:Covet","hermit:Desperado+1","Injury","hermit:Headshot","hermit:Snipe","hermit:FatalDesire+1","hermit:ItchyTrigger+1","hermit:BlackWind","hermit:TakeCover+1","hermit:Feint+1","hermit:GhostlyPresence+1","hermit:Dive+1","hermit:Horror","hermit:Maintenance","hermit:TakeAim+1"],"relics":["hermit:Momento","NeowsBlessing","Golden Idol","Frozen Egg 2","StoneCalendar","Bottled Tornado","Astrolabe"],"acts_visited":["Exordium","TheCity"],"potions_floor_usage":[22,22,23,23],"damage_taken":[{"damage":0,"enemies":"Cultist","floor":1,"turns":1},{"damage":0,"enemies":"Lagavulin","floor":7,"turns":1},{"damage":2,"enemies":"2 Louse","floor":8,"turns":2},{"damage":30,"enemies":"Gremlin Nob","floor":12,"turns":4},{"damage":6,"enemies":"Jaw Worm","floor":14,"turns":2},{"damage":30,"enemies":"Slime Boss","floor":16,"turns":7},{"damage":15,"enemies":"Shell Parasite","floor":18,"turns":7},{"damage":16,"enemies":"3 Byrds","floor":19,"turns":7},{"damage":0,"enemies":"Snake Plant","floor":22,"turns":2},{"damage":50,"enemies":"Gremlin Leader","floor":23,"turns":4}],"seed_played":"6341535418245754104","potions_obtained":[{"floor":1,"key":"Energy Potion"},{"floor":7,"key":"Block Potion"},{"floor":16,"key":"SpeedPotion"},{"floor":19,"key":"hermit:BlackBile"},{"floor":22,"key":"AttackPotion"}],"is_trial":false,"path_per_floor":["M","?","?","$","$","R","E","M","T","R","$","E","R","M","R","B",null,"M","M","?","$","M","E"],"character_chosen":"HERMIT","items_purchased":["hermit:Headshot","hermit:Snipe","hermit:Maintenance"],"campfire_rested":2,"item_purchase_floors":[4,4,21],"current_hp_per_floor":[75,75,75,75,75,75,75,73,73,73,73,43,65,59,75,45,75,60,44,44,44,44,0,0],"gold":200,"neow_bonus":"THREE_ENEMY_KILL","is_daily":false,"chose_seed":false,"campfire_upgraded":2,"win_rate":0.0,"timestamp":1610504899,"path_taken":["M","?","?","?","$","R","E","M","T","R","$","E","R","M","R","BOSS","M","M","?","$","M","E"],"items_purchased_type":["Card","Card","Card"],"build_version":"2020-12-22","purchased_purges":0,"victory":false,"max_hp_per_floor":[75,75,75,75,75,75,75,75,75,75,75,75,75,75,75,75,75,75,75,75,75,75,75,75],"card_choices":[{"not_picked":["hermit:Grudge","hermit:HighCaliber"],"picked":"hermit:Desperado","floor":1},{"not_picked":["hermit:Dive","hermit:BodyArmor"],"picked":"hermit:FatalDesire+1","floor":7},{"not_picked":["hermit:BodyArmor","hermit:Roulette"],"picked":"hermit:ItchyTrigger","floor":8},{"not_picked":["hermit:HighCaliber","hermit:Malice"],"picked":"hermit:Misfire","floor":12},{"not_picked":["hermit:WideOpen","hermit:LowProfile"],"picked":"hermit:Feint","floor":14},{"not_picked":["hermit:Gambit","hermit:OverwhelmingPower+1"],"picked":"hermit:BlackWind","floor":16},{"not_picked":["hermit:Scavenge","hermit:Roulette"],"picked":"hermit:Dive+1","floor":18},{"not_picked":["hermit:Roulette","hermit:FullyLoaded"],"picked":"hermit:Horror","floor":19},{"not_picked":["hermit:Ricochet","hermit:Manifest"],"picked":"hermit:TakeAim+1","floor":22}],"player_experience":463658,"relics_obtained":[{"floor":7,"key":"Frozen Egg 2"},{"floor":9,"key":"StoneCalendar"},{"floor":12,"key":"Bottled Tornado"}],"event_choices":[{"damage_healed":0,"gold_gain":0,"player_choice":"Ignored","damage_taken":0,"max_hp_gain":0,"max_hp_loss":0,"event_name":"Liars Game","floor":2,"gold_loss":0},{"damage_healed":0,"gold_gain":0,"player_choice":"Take Wound","damage_taken":0,"relics_obtained":["Golden Idol"],"max_hp_gain":0,"max_hp_loss":0,"event_name":"Golden Idol","floor":3,"gold_loss":0,"cards_obtained":["Injury"]},{"cards_removed":["hermit:Feint"],"damage_healed":0,"gold_gain":0,"player_choice":"Gave Gold","damage_taken":0,"max_hp_gain":0,"max_hp_loss":0,"event_name":"Beggar","floor":20,"gold_loss":75}],"is_beta":false,"boss_relics":[{"not_picked":["SlaversCollar","Velvet Choker"],"picked":"Astrolabe"}],"items_purged_floors":[],"is_endless":false,"potions_floor_spawned":[1,7,16,19,22],"killed_by":"Gremlin Leader","ascension_level":0}}