{"host":"iyinq9z1nwwa1sts","time":1610517169,"event":{"mods":["BaseMod","Colored Map","Downfall","Minty Spire (QoL Compilation)","Replay The Spire","StSLib"],"gold_per_floor":[99,99,99,99,116,128,128,128,145,182,32,58,58,58,86,189,189,114,139,158,178,178,178,178,199,242,242,254,281,300,328,357,357,357,357],"floor_reached":33,"language":"ZHS","playtime":2907,"items_purged":[],"score":298,"play_id":"a98258cf-9625-479a-983e-87a502898ea8","local_time":"20210113135249","is_ascension_mode":false,"campfire_choices":[{"floor":1.0,"key":"RECALL"},{"data":"hexamod:SoulSteal","floor":11,"key":"SMITH"},{"data":"hexamod:SpectralAdrenaline","floor":13,"key":"SMITH"},{"data":"hexamod:VolcanoVisage","floor":18,"key":"SMITH"},{"data":"hexamod:HeatShield","floor":27,"key":"SMITH"}],"circlet_count":0,"master_deck":["hexamod:Defend","hexamod:Defend","hexamod:Defend","hexamod:Defend","hexamod:Sear","hexamod:Float","hexamod:Hexaguard","hexamod:GhostOfSpireFuture","hexamod:BurningTouch+1","hexamod:HeatShield+1","hexamod:SecondSeal","hexamod:ShieldOfDarkness","hexamod:SoulSteal+1","hexamod:SpectralAdrenaline+1","hexamod:GhostShield","hexamod:VolcanoVisage+1","hexamod:FastForward","hexamod:EtherealExpedition+1","hexamod:ShieldOfDarkness+1","Bite","Bite","Bite","Bite","Bite","hexamod:PhantomCloak","hexamod:GhostLash+1","hexamod:EtherealExpedition+1","hexamod:SkipABeat","hexamod:SecondSeal","hexamod:SpectersWail+1","hexamod:PhantomCloak"],"relics":["hexamod:SpiritBrand","downfall:HeartsMalice","Eternal Feather","downfall:HeartBlessingRed","downfall:HeartBlessingGreen","hexamod:IceCube","downfall:HeartBlessingBlue","InkBottle","ReplayTheSpireMod:Shallot"],"acts_visited":["Exordium","TheCity"],"potions_floor_usage":[10,10,19,26,26,33],"damage_taken":[{"damage":0.0,"enemies":"Cultist","floor":2.0,"turns":1.0},{"damage":0.0,"enemies":"Jaw Worm","floor":3.0,"turns":1.0},{"damage":0.0,"enemies":"2 Louse","floor":4.0,"turns":1.0},{"damage":2.0,"enemies":"Exordium Thugs","floor":5.0,"turns":6.0},{"damage":7.0,"enemies":"2 Fungi Beasts","floor":6.0,"turns":4.0},{"damage":1.0,"enemies":"Lots of Slimes","floor":9.0,"turns":6.0},{"damage":20,"enemies":"3 Sentries","floor":10,"turns":14},{"damage":0,"enemies":"Exordium Wildlife","floor":12,"turns":5},{"damage":6,"enemies":"Blue Slaver","floor":15,"turns":5},{"damage":35,"enemies":"downfall:Silent","floor":16,"turns":16},{"damage":1,"enemies":"3 Byrds","floor":19,"turns":4},{"damage":10,"enemies":"Spheric Guardian","floor":20,"turns":7},{"damage":14,"enemies":"Snake Plant","floor":21,"turns":5},{"damage":5,"enemies":"Snecko","floor":25,"turns":6},{"damage":14,"enemies":"Book of Stabbing","floor":26,"turns":7},{"damage":0,"enemies":"Shelled Parasite and Fungi","floor":28,"turns":4},{"damage":26,"enemies":"Cultist and Chosen","floor":29,"turns":8},{"damage":0,"enemies":"3 Cultists","floor":30,"turns":4},{"damage":0,"enemies":"Snake Plant","floor":31,"turns":5},{"damage":9,"enemies":"Shelled Parasite and Fungi","floor":32,"turns":4},{"damage":73,"enemies":"downfall:Defect","floor":33,"turns":13}],"seed_played":"-2738183823440510139","potions_obtained":[{"floor":5.0,"key":"LifebloodPotion"},{"floor":6.0,"key":"Fire Potion"},{"floor":8.0,"key":"Regen Potion"},{"floor":8.0,"key":"Block Potion"},{"floor":9.0,"key":"Venom Potion"},{"floor":15,"key":"LiquidMemories"},{"floor":16,"key":"ColorlessPotion"},{"floor":19,"key":"Elixir"},{"floor":20,"key":"Flashbang"},{"floor":29,"key":"Elixir"},{"floor":31,"key":"SpeedPotion"}],"is_trial":false,"path_per_floor":["R","M","M","M","M","M","T","?","M","E","R","M","R","?","M","B",null,"R","M","M","M","?","?","T","M","E","R","M","M","M","M","M","B"],"character_chosen":"THE_SPIRIT","items_purchased":[],"campfire_rested":0,"item_purchase_floors":[],"current_hp_per_floor":[70,70,70,70,68,61,61,61,60,55,64,64,70,70,64,29,70,80,79,69,55,55,55,55,56,51,56,56,44,52,56,51,0,0,0],"gold":357,"neow_bonus":"THREE_ENEMY_KILL","is_daily":false,"chose_seed":false,"campfire_upgraded":4,"win_rate":0.0,"timestamp":1610517169,"path_taken":["R","M","M","?","M","M","T","?","?","E","R","M","R","?","M","BOSS","R","M","M","M","?","?","T","M","E","R","M","M","M","?","M","BOSS"],"items_purchased_type":[],"build_version":"2020-12-22","purchased_purges":0,"victory":false,"max_hp_per_floor":[70,70,70,70,70,70,70,70,70,70,70,70,70,70,70,70,70,80,80,80,80,56,56,56,56,56,56,56,56,56,56,56,56,56,56],"card_choices":[{"not_picked":["hexamod:BurningTouch","hexamod:RainOfEmbers"],"picked":"hexamod:Hexaguard","floor":2.0},{"not_picked":["hexamod:NightmareStrike","hexamod:SwordOfDarkness"],"picked":"hexamod:GhostOfSpireFuture","floor":3.0},{"not_picked":["hexamod:FastForward","hexamod:GhostShield"],"picked":"hexamod:BurningTouch","floor":4.0},{"not_picked":["hexamod:NightmareStrike","hexamod:ShieldOfDarkness"],"picked":"hexamod:HeatShield","floor":5.0},{"not_picked":["hexamod:ShieldOfDarkness","hexamod:SwordOfDarkness"],"picked":"hexamod:SecondSeal","floor":6.0},{"not_picked":["hexamod:PhantomFireball","hexamod:FastForward"],"picked":"hexamod:ShieldOfDarkness","floor":9.0},{"not_picked":["hexamod:SecondSeal","hexamod:RadiantFlame"],"picked":"hexamod:SoulSteal","floor":10},{"not_picked":["hexamod:Firestarter","hexamod:ExtraCrispy"],"picked":"hexamod:SpectralAdrenaline","floor":12},{"not_picked":["hexamod:NecessarySacrifice","hexamod:InspiringFlames"],"picked":"hexamod:GhostShield","floor":15},{"not_picked":["hexamod:WildfireWeapon","hexamod:CrushingStance"],"picked":"hexamod:VolcanoVisage","floor":16},{"not_picked":["hexamod:SpectralAdrenaline","hexamod:SwordOfDarkness"],"picked":"hexamod:FastForward","floor":19},{"not_picked":["hexamod:GhostShield","hexamod:NightmareStrike"],"picked":"hexamod:EtherealExpedition+1","floor":20},{"not_picked":["hexamod:GhostShield+1","hexamod:NightmareStrike"],"picked":"hexamod:ShieldOfDarkness+1","floor":21},{"not_picked":["hexamod:Hexaguard","hexamod:SwordOfDarkness"],"picked":"hexamod:PhantomCloak","floor":25},{"not_picked":["hexamod:InspiringFlames+1","hexamod:CrushingStance"],"picked":"hexamod:GhostLash+1","floor":26},{"not_picked":["hexamod:Hexaguard+1","hexamod:NightmareStrike"],"picked":"hexamod:EtherealExpedition+1","floor":28},{"not_picked":["hexamod:GhostShield+1","hexamod:SwordOfDarkness"],"picked":"hexamod:SkipABeat","floor":29},{"not_picked":["hexamod:Hexaguard+1","hexamod:HauntingEcho"],"picked":"hexamod:SecondSeal","floor":30},{"not_picked":["hexamod:SecondSeal","hexamod:GhostOfSpireFuture"],"picked":"hexamod:SpectersWail+1","floor":31},{"not_picked":["hexamod:InspiringFlames","hexamod:GhostShield"],"picked":"hexamod:PhantomCloak","floor":32}],"player_experience":150556,"relics_obtained":[{"floor":10,"key":"Eternal Feather"},{"floor":24,"key":"InkBottle"},{"floor":26,"key":"ReplayTheSpireMod:Shallot"}],"event_choices":[{"damage_healed":0.0,"max_hp_gain":0.0,"max_hp_loss":0.0,"gold_gain":0.0,"event_name":"Lab","player_choice":"Got Potions","floor":8.0,"gold_loss":0.0,"damage_taken":0.0},{"damage_healed":0,"gold_gain":0,"player_choice":"Upgraded","damage_taken":0,"max_hp_gain":0,"max_hp_loss":0,"event_name":"Upgrade Shrine","floor":14,"gold_loss":0,"cards_upgraded":["hexamod:BurningTouch"]},{"damage_healed":0,"gold_gain":0,"player_choice":"Became a vampire","damage_taken":0,"max_hp_gain":0,"max_hp_loss":24,"event_name":"Vampires","floor":22,"gold_loss":0,"cards_obtained":["Bite","Bite","Bite","Bite","Bite"]},{"damage_healed":0,"gold_gain":0,"player_choice":"Ignored","damage_taken":0,"max_hp_gain":0,"max_hp_loss":0,"event_name":"Purifier","floor":23,"gold_loss":0}],"is_beta":false,"boss_relics":[{"not_picked":["SacredBark","ReplayTheSpireMod:DimensionalGlitch"],"picked":"hexamod:IceCube"}],"items_purged_floors":[],"is_endless":false,"potions_floor_spawned":[5,6,9,15,16,19,20,29,31],"killed_by":"downfall:Defect","ascension_level":0}}