{"host":"dn6kke80v5f7isus","time":1610577872,"event":{"mods":["AchievementEnabler","Act Like it!","BaseMod","Colored Powertips","Custom Start","Defuse TimeMaze Blight","Downfall","Duelist Mod","Gremlin Skip","Highlight Path","Hubris","Infinite Spire","Minty Spire (QoL Compilation)","Rare Cards Sparkle","Replay The Spire","StSLib","Uncapped"],"gold_per_floor":[9135,9135,9100,8519,7776,7826,7846,7846,7846,7846,7876,7900,7924,7972,7972,8066,8066,8110,8157,8180,7673,7708,7708,7749,7790,7817,7817,7863,7863,7863,7863,7863,7970,7970,7989,8020,7529,7565,7611,7611,7673,7673,7673,7741,7741,7824,7824,7847,7847,7895,7964,7964,7964,7569,7629,7665],"floor_reached":57,"language":"ENG","playtime":4871,"items_purged":[],"score":2909,"play_id":"79b0e286-6491-4872-a07b-15616e0cf819","local_time":"20210113174432","is_ascension_mode":true,"campfire_choices":[{"data":"theDuelist:BlackRoseMoonlight","floor":8.0,"key":"SMITH"},{"floor":23.0,"key":"RECALL"},{"data":"theDuelist:SuperSolarNutrient","floor":29.0,"key":"SMITH"},{"floor":32.0,"key":"REST"},{"data":"theDuelist:SilverApples","floor":40.0,"key":"SMITH"},{"floor":42,"key":"REST"},{"data":"theDuelist:TimeSeal","floor":47,"key":"SMITH"},{"data":"theDuelist:Wiretap","floor":49,"key":"SMITH"},{"data":"theDuelist:Wiretap+1","floor":53,"key":"SMITH"}],"circlet_count":0,"master_deck":["theDuelist:DarkworldThorns+1","theDuelist:AngelTrumpeter+1","theDuelist:Inmato+1","theDuelist:SuperSolarNutrient+1","theDuelist:RevivalRose+1","theDuelist:GracefulCharity+1","theDuelist:AngelTrumpeter+1","theDuelist:CactusBouncer+1","theDuelist:TimeSeal+1","theDuelist:RevivalRose+1","theDuelist:SilverApples+1","theDuelist:AngelTrumpeter+1","theDuelist:PotDuality+1","theDuelist:BlackRoseMoonlight+1","theDuelist:Wiretap+2","theDuelist:SuperSolarNutrient+1","theDuelist:Invigoration+1","theDuelist:SuperSolarNutrient","theDuelist:Invigoration+1"],"relics":["theDuelist:MillenniumPuzzle","theDuelist:CardPoolRelic","theDuelist:CardPoolBasicRelic","theDuelist:BoosterPackPoolRelic","theDuelist:CardPoolAddRelic","theDuelist:CardPoolMinusRelic","theDuelist:CardPoolSaveRelic","theDuelist:CardPoolOptionsRelic","hubris:SlimyHat","Replay:Bandana","theDuelist:MerchantPendant","infinitespire:Satchel","Regal Pillow","Blue Doll","infinitespire:Joker Card","theDuelist:CardRewardRelicH","Replay:Mystery Machine","theDuelist:BoosterPackSpellEgg","Pocketwatch","Red Mask","Lee\u0027s Waffle","Centennial Puzzle","Pen Nib","Quantum Egg","hubris:Icosahedron","hubris:ScarierMask","War Paint","Blood Vial","HandDrill","infinitespire:Beetle Shell","CeramicFish","infinitespire:WardingShard","Replay:Wax Seal","hubris:TenFootPole","OrangePellets","Shuriken"],"acts_visited":["Exordium","TheCity","TheBeyond","TheEnding"],"potions_floor_usage":[50],"damage_taken":[{"damage":0.0,"enemies":"2 Louse","floor":1.0,"turns":2.0},{"damage":0.0,"enemies":"Replay:BlueRogue","floor":6.0,"turns":3.0},{"damage":0.0,"enemies":"Jaw Worm","floor":7.0,"turns":2.0},{"damage":0.0,"enemies":"Cultist","floor":11.0,"turns":2.0},{"damage":0.0,"enemies":"Gremlin Gang","floor":12.0,"turns":3.0},{"damage":2.0,"enemies":"Looter","floor":13.0,"turns":2.0},{"damage":0.0,"enemies":"Gremlin Nob","floor":14.0,"turns":3.0},{"damage":65.0,"enemies":"Hexaghost","floor":16.0,"turns":6.0},{"damage":12.0,"enemies":"Shell Parasite","floor":18.0,"turns":4.0},{"damage":0.0,"enemies":"Masked Bandits","floor":19.0,"turns":3.0},{"damage":0.0,"enemies":"Chosen","floor":20.0,"turns":3.0},{"damage":16.0,"enemies":"Centurion and Healer","floor":22.0,"turns":3.0},{"damage":4.0,"enemies":"Slavers","floor":24.0,"turns":3.0},{"damage":13.0,"enemies":"Shelled Parasite and Fungi","floor":25.0,"turns":3.0},{"damage":8.0,"enemies":"Snake Plant","floor":28.0,"turns":3.0},{"damage":41.0,"enemies":"Automaton","floor":33.0,"turns":6.0},{"damage":0.0,"enemies":"3 Shapes","floor":35.0,"turns":3.0},{"damage":12.0,"enemies":"Orb Walker","floor":36.0,"turns":3.0},{"damage":17.0,"enemies":"3 Darklings","floor":38.0,"turns":4.0},{"damage":0.0,"enemies":"Transient","floor":39.0,"turns":6.0},{"damage":15,"enemies":"R_Hoarder","floor":41,"turns":7},{"damage":0,"enemies":"Maw","floor":44,"turns":6},{"damage":0,"enemies":"Giant Head","floor":46,"turns":7},{"damage":0,"enemies":"Jaw Worm Horde","floor":48,"turns":3},{"damage":1,"enemies":"Donu and Deca","floor":50,"turns":6},{"damage":22,"enemies":"hubris:GrandSnecko","floor":51,"turns":7},{"damage":19,"enemies":"Shield and Spear","floor":55,"turns":4},{"damage":94,"enemies":"The Heart","floor":56,"turns":8}],"seed_played":"5678203539311526823","potions_obtained":[{"floor":1.0,"key":"Energy Potion"},{"floor":7.0,"key":"theDuelist:ReducerPotion"},{"floor":18.0,"key":"theDuelist:MegaupgradePotion"},{"floor":20.0,"key":"theDuelist:WhiteBottle"},{"floor":28.0,"key":"PowerPotion"},{"floor":31.0,"key":"infinitespire:BlackPotion"},{"floor":31.0,"key":"theDuelist:FreezingPotion"},{"floor":33.0,"key":"AttackPotion"},{"floor":36.0,"key":"Fire Potion"},{"floor":38.0,"key":"SkillPotion"},{"floor":48,"key":"Reflective Coating"}],"is_trial":false,"path_per_floor":["M","?","?","$","$","E","M","R","T","?","M","M","M","E","R","B",null,"M","?","M","$","M","R","E","M","T","?","M","R","?","?","R","B",null,"M","M","$","M","M","R","E","R","T","M","?","E","R","M","R","B","B",null,"R","$","E","B",null],"character_chosen":"THE_DUELIST","items_purchased":["hubris:SlimyHat","Replay:Bandana","theDuelist:MerchantPendant","infinitespire:Satchel","Regal Pillow","Blue Doll","infinitespire:Joker Card","theDuelist:CardRewardRelicH","Lee\u0027s Waffle","Centennial Puzzle","Pen Nib","War Paint","Blood Vial","HandDrill","Replay:Wax Seal","hubris:TenFootPole","OrangePellets","theDuelist:SuperSolarNutrient"],"campfire_rested":2,"item_purchase_floors":[4,4,4,4,4,5,5,5,21,21,21,37,37,37,54,54,54,54],"current_hp_per_floor":[163,163,163,163,163,163,163,163,163,163,163,163,161,161,170,105,154,142,142,142,177,161,161,157,144,144,144,136,136,136,136,177,136,167,167,155,155,140,142,142,129,177,177,177,177,177,177,177,177,176,155,172,172,172,155,63],"gold":7665,"neow_bonus":"RANDOM_EVENT","is_daily":false,"chose_seed":false,"campfire_upgraded":6,"win_rate":0.0,"timestamp":1610577872,"path_taken":["M","?","?","?","$","E","M","R","T","?","?","M","?","E","R","BOSS","M","?","M","$","M","R","E","M","T","?","M","R","?","?","R","BOSS","M","M","?","M","M","R","E","R","T","M","?","E","R","M","R","BOSS","BOSS","R","$","E","BOSS"],"items_purchased_type":["Relic","Relic","Relic","Relic","Relic","Relic","Relic","Relic","Relic","Relic","Relic","Relic","Relic","Relic","Relic","Relic","Relic","Card"],"build_version":"2020-12-22","purchased_purges":0,"victory":true,"max_hp_per_floor":[170,170,170,170,170,170,170,170,170,170,170,170,170,170,170,170,170,170,170,170,177,177,177,177,177,177,177,177,177,177,177,177,177,177,177,177,177,177,177,177,177,177,177,177,177,177,177,177,177,177,177,177,177,177,177,177],"card_choices":[{"not_picked":["theDuelist:CactusBouncer","theDuelist:CheerfulCoffin","theDuelist:LonefireBlossom","theDuelist:BotanicalLion"],"picked":"theDuelist:SuperSolarNutrient","floor":1.0},{"not_picked":["theDuelist:DestroyerGolem","theDuelist:GemElephant","theDuelist:GraniteLoyalist","theDuelist:MillenniumGolem","theDuelist:RainbowKuriboh"],"picked":"SKIP","floor":6.0},{"not_picked":["theDuelist:PlantFoodChain","theDuelist:PredaplantChimerafflesia"],"picked":"theDuelist:BlackRoseMoonlight","floor":7.0},{"not_picked":["theDuelist:LonefireBlossom","theDuelist:CrystalRose","theDuelist:BotanicalGirl","theDuelist:ThornMalice+1"],"picked":"theDuelist:GracefulCharity+1","floor":11.0},{"not_picked":["theDuelist:TwilightRoseKnight","theDuelist:BlueRoseDragon","theDuelist:WormApocalypse","theDuelist:Predapruning+1","theDuelist:MudGolem"],"picked":"SKIP","floor":12.0},{"not_picked":["theDuelist:HeartUnderdog+1","theDuelist:RoseArcher","theDuelist:Gigaplant"],"picked":"SKIP","floor":13.0},{"not_picked":["theDuelist:CactusBouncer","theDuelist:Invigoration+1","theDuelist:PredaplantPterapenthes","theDuelist:CheerfulCoffin+1","theDuelist:LonefireBlossom"],"picked":"SKIP","floor":14.0},{"not_picked":["theDuelist:VenomShot+1","theDuelist:WorldTree+1","theDuelist:VioletCrystal+1","theDuelist:GracefulCharity+1"],"picked":"theDuelist:Invigoration+1","floor":18.0},{"not_picked":["theDuelist:BattleguardKing","theDuelist:HeavyStorm+1","theDuelist:MudGolem","theDuelist:CatapultZone+1","theDuelist:Sangan"],"picked":"SKIP","floor":20.0},{"not_picked":["theDuelist:GraniteLoyalist","theDuelist:MagicHoleGolem","theDuelist:LightningRodLord","theDuelist:CatapultZone+1","theDuelist:WeepingIdol"],"picked":"SKIP","floor":22.0},{"not_picked":["theDuelist:MudragonSwamp","theDuelist:LabyrinthWall","theDuelist:RedHeadedOni","theDuelist:MagicalStone+1","theDuelist:BlueBloodedOni+1"],"picked":"SKIP","floor":24.0},{"not_picked":["theDuelist:VenomShot+1","theDuelist:WorldTree+1","theDuelist:Cloning","theDuelist:MagicalStone+1","theDuelist:Wiretap"],"picked":"SKIP","floor":25.0},{"not_picked":["theDuelist:BattleOx","theDuelist:GilfordLegend","theDuelist:PotDichotomy+1","theDuelist:PreventRat","theDuelist:BlackPendant+1"],"picked":"SKIP","floor":28.0},{"not_picked":["theDuelist:PlantFoodChain","theDuelist:KamionTimelord+1","theDuelist:HeartUnderdog+1","theDuelist:BeastFangs+1"],"picked":"theDuelist:RevivalRose+1","floor":33.0},{"not_picked":["theDuelist:JerryBeansMan","theDuelist:Inmato","theDuelist:WhiteRoseDragon+1","theDuelist:CactusBouncer","theDuelist:PredaplantSpinodionaea"],"picked":"SKIP","floor":35.0},{"not_picked":["theDuelist:BigFire+1","theDuelist:FuryFire+1","theDuelist:ThornMalice+1","theDuelist:GracefulCharity+1"],"picked":"theDuelist:PotDuality+1","floor":36.0},{"not_picked":["theDuelist:AttackTheMoon+1","theDuelist:EvilswarmHeliotrope","theDuelist:GraniteLoyalist","theDuelist:LightningVortex+1","theDuelist:BigFire+1"],"picked":"SKIP","floor":38.0},{"not_picked":["theDuelist:Reinforcements+1","theDuelist:BottomlessTrapHole","theDuelist:AcidTrapHole+1","theDuelist:BloomingDarkestRose"],"picked":"theDuelist:SilverApples","floor":39.0},{"not_picked":["theDuelist:RagingMadPlants+1","theDuelist:Cloning","theDuelist:LightningDarts","theDuelist:MagicalStone+2"],"picked":"theDuelist:Wiretap","floor":41},{"not_picked":["theDuelist:JerryBeansMan+1","theDuelist:PredaplantChlamydosundew","theDuelist:WormApocalypse","theDuelist:SuperSolarNutrient+1"],"picked":"theDuelist:Invigoration+1","floor":44},{"not_picked":["theDuelist:GauntletWarrior","theDuelist:SolemnStrike+1","theDuelist:WingedKuribohLv10","theDuelist:TheCreator"],"picked":"theDuelist:TimeSeal","floor":46},{"not_picked":["theDuelist:Blockman+1","theDuelist:GraniteLoyalist","theDuelist:Mathematician","theDuelist:WingedKuriboh","theDuelist:ForbiddenLance+1"],"picked":"SKIP","floor":48},{"not_picked":["theDuelist:KamionTimelord+1","theDuelist:BlueRoseDragon+1","theDuelist:BlackRoseMoonlight+1","theDuelist:BlackRoseDragon+1","theDuelist:YellowBelliedOni+1"],"picked":"SKIP","floor":55}],"player_experience":629657,"relics_obtained":[{"floor":6.0,"key":"Replay:Mystery Machine"},{"floor":9.0,"key":"theDuelist:BoosterPackSpellEgg"},{"floor":14.0,"key":"Pocketwatch"},{"floor":19.0,"key":"Red Mask"},{"floor":24.0,"key":"Quantum Egg"},{"floor":41,"key":"infinitespire:Beetle Shell"},{"floor":43,"key":"CeramicFish"},{"floor":46,"key":"infinitespire:WardingShard"},{"floor":55,"key":"Shuriken"}],"event_choices":[{"damage_healed":0.0,"max_hp_gain":0.0,"max_hp_loss":0.0,"gold_gain":0.0,"event_name":"Golden Idol","player_choice":"Ignored","floor":2.0,"gold_loss":0.0,"damage_taken":0.0},{"damage_healed":0.0,"max_hp_gain":0.0,"max_hp_loss":0.0,"gold_gain":0.0,"event_name":"World of Goop","player_choice":"Left Gold","floor":3.0,"gold_loss":35.0,"damage_taken":0.0},{"damage_healed":0.0,"max_hp_gain":0.0,"max_hp_loss":0.0,"gold_gain":0.0,"event_name":"Tomb of the Nameless","player_choice":"Leave","duelist":true,"floor":10.0,"gold_loss":0.0,"damage_taken":0.0},{"damage_healed":0.0,"max_hp_gain":0.0,"max_hp_loss":0.0,"gold_gain":0.0,"event_name":"Masked Bandits","player_choice":"Fought Bandits","floor":19.0,"gold_loss":0.0,"damage_taken":0.0},{"damage_healed":0.0,"max_hp_gain":0.0,"max_hp_loss":0.0,"gold_gain":0.0,"event_name":"The Mausoleum","player_choice":"Ignored","floor":27.0,"gold_loss":0.0,"damage_taken":0.0},{"damage_healed":0.0,"max_hp_gain":0.0,"max_hp_loss":0.0,"gold_gain":0.0,"event_name":"Lab","player_choice":"Got Potions","floor":31.0,"gold_loss":0.0,"damage_taken":0.0}],"is_beta":false,"boss_relics":[{"not_picked":["Mark of Pain","hubris:CrackedHourglass","Busted Crown"]},{"not_picked":["ChewingGum","Tiny House"],"picked":"hubris:ScarierMask"}],"items_purged_floors":[],"is_endless":false,"potions_floor_spawned":[1,7,11,12,18,20,28,33,36,38,48],"ascension_level":20}}