{"host":"xpzu3ao9bvbn9hmu","time":1610537407,"event":{"mods":["100% Spire Juice","ATMod(阿瑾Mod)","Alarm Clock","Arknights The Spire","BaseMod","Colored Powertips","Decade(王小明)","Dota2Spire","GifTheSpireLib","KinomotoSakuraMod(木之本樱)","Lobotomy","LobotomyExtend","Luminous","Marisa（F雨　魔理沙）","Minty Spire (QoL Compilation)","MostiFishMod","Reimu（博丽灵梦）","Relic Stats","Remilia（蕾米莉亚）","Replay The Spire","Spicy Shops","StSLib","The Gatherer","The Runesmith","The Servant 0.9.4","Waifu the Spire","WarShipGirlsR/战舰少女R mod","Yakumo Yukari mod","Youmu（魂魄妖梦）","[IsaacMod]以撒尖塔","残留之物"],"gold_per_floor":[116,130,1,19,37,66,66,79,125,105,105,119,119,201,201,201,201],"floor_reached":16,"language":"ZHS","playtime":1055,"items_purged":["ats:Strike C"],"score":125,"play_id":"8131eb9a-d47c-41f3-a804-255b7c949b87","local_time":"20210113193007","is_ascension_mode":false,"campfire_choices":[{"floor":7,"key":"REST"},{"floor":11,"key":"REST"}],"circlet_count":0,"master_deck":["ats:Strike G","ats:Strike S","ats:Strike V","ats:Armor Crushing Shot","ats:Defend","ats:Defend","ats:Defend","ats:Defend","ats:Emotion Absorption","AT_FamilyPortrait","SpiderBud","ats:Healing Drone","SingingMachine","ats:Hammer On","ats:Hook Shot","DespairKnight","ats:Leaping Hammer","LaLuna","ats:Revitalization","CherryBlossoms","ats:Sunburst+1","BlackSwan","ats:Mental Burst","Poor:ReiMu"],"relics":["ats:Sanity","HushsDoor","AT_ATBox","DaveBox","SteamSale","ThornShield","CogitoBucket","LetterFromLob","OrangePellets","ats:Originium","AT_TimeSand","SkinProphecy","SalivaCoin","Gaze_r","YidongShenshe:ReiMu","PlaceholderMod:DaolothFragment"],"acts_visited":["Exordium"],"potions_floor_usage":[6,6],"damage_taken":[{"damage":5,"enemies":"Cultist","floor":1,"turns":4},{"damage":4,"enemies":"2 Louse","floor":2,"turns":2},{"damage":4,"enemies":"Small Slimes","floor":4,"turns":2},{"damage":38,"enemies":"Exordium Wildlife","floor":5,"turns":4},{"damage":68,"enemies":"Lagavulin","floor":6,"turns":12},{"damage":41,"enemies":"Blue Slaver","floor":8,"turns":5},{"damage":15,"enemies":"Looter","floor":12,"turns":4},{"damage":37,"enemies":"Fading Forest","floor":16,"turns":4}],"seed_played":"2040456007219466898","potions_obtained":[{"floor":1,"key":"Ancient Potion"},{"floor":2,"key":"Doom Potion"},{"floor":4,"key":"EssenceOfSteel"}],"is_trial":false,"path_per_floor":["M","M","$","M","M","E","R","M","T","?","R","M","?","T","R","B"],"character_chosen":"DOCTOR_CLASS","items_purchased":["OrangePellets","ats:Hook Shot"],"campfire_rested":2,"item_purchase_floors":[3,3],"current_hp_per_floor":[67,67,67,63,41,15,36,4,4,4,25,9,9,9,31,0,0],"gold":201,"neow_bonus":"","is_daily":false,"chose_seed":false,"campfire_upgraded":0,"win_rate":0.0,"timestamp":1610537407,"path_taken":["M","M","$","M","M","E","R","M","T","?","R","M","?","?","R","BOSS"],"items_purchased_type":["Relic","Card"],"build_version":"2020-12-22","purchased_purges":1,"victory":false,"max_hp_per_floor":[72,72,72,72,72,72,72,72,72,72,72,74,74,74,74,76,76],"relic_stats":{"OrangePellets":[0],"counters":[9,36],"obtain_stats":[{"KeepersGift":0,"AT_ATBox":0,"DaveBox":0,"PlaceholderMod:DaolothFragment":14,"AT_TimeSand":6,"SkinProphecy":8,"SteamSale":0,"ThornShield":0,"Gaze_r":12,"OrangePellets":3,"CogitoBucket":0,"ats:Originium":6,"LetterFromLob":1,"SalivaCoin":9,"YidongShenshe:ReiMu":13,"ats:Sanity":0,"HushsDoor":0},{"KeepersGift":0,"AT_ATBox":0,"DaveBox":0,"PlaceholderMod:DaolothFragment":8,"AT_TimeSand":5,"SkinProphecy":7,"SteamSale":0,"ThornShield":0,"Gaze_r":8,"OrangePellets":2,"CogitoBucket":0,"ats:Originium":5,"LetterFromLob":1,"SalivaCoin":7,"YidongShenshe:ReiMu":8,"ats:Sanity":0,"HushsDoor":0},{"KeepersGift":0,"AT_ATBox":0,"DaveBox":0,"PlaceholderMod:DaolothFragment":32,"AT_TimeSand":23,"SkinProphecy":29,"SteamSale":0,"ThornShield":0,"Gaze_r":32,"OrangePellets":6,"CogitoBucket":0,"ats:Originium":23,"LetterFromLob":4,"SalivaCoin":29,"YidongShenshe:ReiMu":32,"ats:Sanity":0,"HushsDoor":0}]},"card_choices":[{"not_picked":["LaLuna","BeautyBeast"],"picked":"SpiderBud","floor":1},{"not_picked":["ats:Hammer On","ats:Flexible Camouflage"],"picked":"ats:Healing Drone","floor":1},{"not_picked":["PunishingBird","Mercenary"],"picked":"SingingMachine","floor":2},{"not_picked":["ats:Counter Healing Mode","ats:Childhood Dance"],"picked":"ats:Hammer On","floor":2},{"not_picked":["MeatLantern","Murderer"],"picked":"DespairKnight","floor":4},{"not_picked":["ats:Guardian Obelisk","ats:Childhood Dance"],"picked":"ats:Leaping Hammer","floor":4},{"not_picked":["WhitesApple","UniverseFragment","Murderer"],"picked":"Singing Bowl","floor":5},{"not_picked":["Variant","WallGazer"],"picked":"LaLuna","floor":5},{"not_picked":["ats:Volcano","ats:Cat Scratch"],"picked":"ats:Revitalization","floor":5},{"not_picked":["VoidDream","MHz"],"picked":"CherryBlossoms","floor":6},{"not_picked":["ats:Flexible Camouflage","ats:Leaping Hammer"],"picked":"ats:Sunburst","floor":6},{"not_picked":["WallGazer","Variant"],"picked":"BlackSwan","floor":8},{"not_picked":["ats:Consecutive Shot Auto","ats:Ignite"],"picked":"ats:Mental Burst","floor":8}],"player_experience":55897,"relics_obtained":[{"floor":1,"key":"LetterFromLob"},{"floor":6,"key":"ats:Originium"},{"floor":6,"key":"AT_TimeSand"},{"floor":9,"key":"SalivaCoin"},{"floor":14,"key":"PlaceholderMod:DaolothFragment"}],"event_choices":[{"damage_healed":0,"gold_gain":0,"player_choice":"Left Gold","damage_taken":0,"max_hp_gain":0,"max_hp_loss":0,"event_name":"World of Goop","floor":10,"gold_loss":20},{"damage_healed":0,"gold_gain":0,"player_choice":"带走神社","damage_taken":0,"relics_obtained":["YidongShenshe:ReiMu"],"max_hp_gain":0,"max_hp_loss":0,"event_name":"yidonshenshe","floor":13,"gold_loss":0,"cards_obtained":["Poor:ReiMu"]}],"is_beta":false,"boss_relics":[],"items_purged_floors":[3],"is_endless":false,"potions_floor_spawned":[1,2,4],"killed_by":"Fading Forest","ascension_level":0}}