{"host":"sav7uxregyirlf69","time":1610545651,"event":{"mods":["AchievementEnabler","BaseMod","Colored Map","DeckTracker","Keyboard Shortcuts","Minty Spire (QoL Compilation)","READ ME - Guardian Mod","StSLib","SuperFastMode"],"gold_per_floor":[113,37,52,52,52,78,78,50,50,84,84,95,20,33,33,107,107,120,120,140,163,63,63,76,76,76,90,110,110,110,29,29,108,108,124,124,124,124],"floor_reached":37,"language":"KOR","playtime":731,"items_purged":["Pain","Strike_B"],"score":900,"play_id":"1682487f-4769-4ebb-a041-2bed74cdaad8","local_time":"20210113224731","is_ascension_mode":true,"campfire_choices":[{"data":"White Noise","floor":7.0,"key":"SMITH"},{"data":"White Noise","floor":15.0,"key":"SMITH"},{"floor":23.0,"key":"REST"},{"data":"Dualcast","floor":25.0,"key":"SMITH"},{"floor":29.0,"key":"REST"},{"data":"Capacitor","floor":32.0,"key":"SMITH"}],"circlet_count":0,"master_deck":["AscendersBane","Strike_B","Defend_B","Defend_B","Defend_B","Zap","Dualcast+1","Ball Lightning","Rip and Tear","White Noise+1","Genetic Algorithm","Conserve Battery","White Noise+1","Machine Learning+1","Aggregate+1","Force Field+1","Steam+1","Cold Snap","Hologram+1","Consume+1","Compile Driver","Capacitor+1","Core Surge","Capacitor"],"relics":["Cracked Core","NeowsBlessing","StrikeDummy","Shuriken","DataDisk","WarpedTongs","Astrolabe","Bag of Preparation","Question Card","Philosopher\u0027s Stone"],"acts_visited":["Exordium","TheCity","TheBeyond"],"potions_floor_usage":[37],"damage_taken":[{"damage":0.0,"enemies":"Cultist","floor":1.0,"turns":1.0},{"damage":0.0,"enemies":"Jaw Worm","floor":3.0,"turns":1.0},{"damage":0.0,"enemies":"Gremlin Nob","floor":6.0,"turns":1.0},{"damage":18.0,"enemies":"3 Sentries","floor":10.0,"turns":4.0},{"damage":6.0,"enemies":"2 Louse","floor":12.0,"turns":3.0},{"damage":10.0,"enemies":"Exordium Thugs","floor":14.0,"turns":3.0},{"damage":18.0,"enemies":"Slime Boss","floor":16.0,"turns":6.0},{"damage":29.0,"enemies":"Shell Parasite","floor":18.0,"turns":6.0},{"damage":4.0,"enemies":"Chosen","floor":20.0,"turns":5.0},{"damage":0.0,"enemies":"Snake Plant","floor":24.0,"turns":4.0},{"damage":20.0,"enemies":"Sentry and Sphere","floor":27.0,"turns":8.0},{"damage":1.0,"enemies":"Centurion and Healer","floor":28.0,"turns":9.0},{"damage":0.0,"enemies":"Automaton","floor":33.0,"turns":10.0},{"damage":3.0,"enemies":"3 Shapes","floor":35.0,"turns":5.0},{"damage":52,"enemies":"3 Darklings","floor":37,"turns":2}],"seed_played":"8240098356098316202","potions_obtained":[{"floor":1.0,"key":"AttackPotion"},{"floor":3.0,"key":"PotionOfCapacity"},{"floor":18.0,"key":"Ancient Potion"},{"floor":35.0,"key":"PotionOfCapacity"}],"is_trial":false,"path_per_floor":["M","$","M","$","?","E","R","$","T","E","?","M","$","M","R","B",null,"M","?","M","T","$","R","M","R","T","M","M","R","?","$","R","B",null,"M","?","M"],"character_chosen":"DEFECT","items_purchased":["Rip and Tear","Conserve Battery","Capacitor"],"campfire_rested":2,"item_purchase_floors":[2,8,31],"current_hp_per_floor":[64,64,64,64,64,64,64,64,64,46,46,40,40,30,30,12,56,27,27,23,23,23,44,44,44,44,24,23,44,44,44,44,44,64,61,51,0,0],"gold":124,"neow_bonus":"THREE_ENEMY_KILL","is_daily":false,"chose_seed":false,"campfire_upgraded":4,"win_rate":0.0,"timestamp":1610545651,"path_taken":["M","?","M","$","?","E","R","$","T","E","?","M","$","?","R","BOSS","M","?","M","?","$","R","M","R","T","M","M","R","?","?","R","BOSS","M","?","M"],"items_purchased_type":["Card","Card","Card"],"build_version":"2020-12-22","purchased_purges":2,"victory":false,"max_hp_per_floor":[71,71,71,71,71,71,71,71,71,71,71,71,71,71,71,71,71,71,71,71,71,71,71,71,71,71,71,71,71,71,71,71,71,71,71,71,71,71],"card_choices":[{"not_picked":["Reprogram","Genetic Algorithm"],"picked":"Ball Lightning","floor":1.0},{"not_picked":["Stack","Hologram"],"picked":"White Noise","floor":3.0},{"not_picked":["Force Field","Rebound"],"picked":"Genetic Algorithm","floor":6.0},{"not_picked":["Barrage","Doom and Gloom"],"picked":"White Noise","floor":10.0},{"not_picked":["Skim","Sweeping Beam","Steam"],"picked":"SKIP","floor":12.0},{"not_picked":["Streamline","Stack","Hello World"],"picked":"SKIP","floor":14.0},{"not_picked":["Reprogram","White Noise"],"picked":"Steam+1","floor":18.0},{"not_picked":["Beam Cell","Scrape"],"picked":"Cold Snap","floor":20.0},{"not_picked":["Gash","Streamline"],"picked":"Hologram+1","floor":24.0},{"not_picked":["Rip and Tear","Redo","White Noise"],"picked":"Consume+1","floor":27.0},{"not_picked":["Gash","Tempest","Blizzard"],"picked":"Compile Driver","floor":28.0},{"not_picked":["Multi-Cast","Creative AI","Echo Form"],"picked":"Core Surge","floor":33.0},{"not_picked":["Streamline+1","Beam Cell","Gash"],"picked":"Capacitor","floor":35.0}],"player_experience":1273139,"relics_obtained":[{"floor":6.0,"key":"StrikeDummy"},{"floor":9.0,"key":"Shuriken"},{"floor":10.0,"key":"DataDisk"},{"floor":21.0,"key":"Bag of Preparation"},{"floor":26.0,"key":"Question Card"}],"event_choices":[{"damage_healed":0.0,"max_hp_gain":0.0,"max_hp_loss":0.0,"gold_gain":0.0,"event_name":"The Cleric","player_choice":"Leave","floor":5.0,"gold_loss":0.0,"damage_taken":0.0},{"damage_healed":0.0,"max_hp_gain":0.0,"max_hp_loss":0.0,"gold_gain":0.0,"event_name":"Accursed Blacksmith","player_choice":"Rummage","floor":11.0,"gold_loss":0.0,"damage_taken":0.0,"relics_obtained":["WarpedTongs"],"cards_obtained":["Pain"]},{"damage_healed":0.0,"max_hp_gain":0.0,"max_hp_loss":0.0,"gold_gain":0.0,"event_name":"Vampires","player_choice":"Ignored","floor":19.0,"gold_loss":0.0,"damage_taken":0.0},{"damage_healed":0.0,"max_hp_gain":0.0,"max_hp_loss":0.0,"gold_gain":0.0,"event_name":"The Mausoleum","player_choice":"Ignored","floor":30.0,"gold_loss":0.0,"damage_taken":0.0},{"damage_healed":0.0,"max_hp_gain":0.0,"max_hp_loss":0.0,"gold_gain":0.0,"event_name":"Wheel of Change","player_choice":"Damaged","floor":36.0,"gold_loss":0.0,"damage_taken":10.0}],"is_beta":false,"boss_relics":[{"not_picked":["Velvet Choker","Calling Bell"],"picked":"Astrolabe"},{"not_picked":["SlaversCollar","Pandora\u0027s Box"],"picked":"Philosopher\u0027s Stone"}],"items_purged_floors":[13,22],"is_endless":false,"potions_floor_spawned":[1,3,18,27,28,35],"killed_by":"3 Darklings","ascension_level":20}}