{"host":"ga4s3hj9m6nkn6gp","time":1610577672,"event":{"mods":["AchievementEnabler","BaseMod","Bestiary","Colored Powertips","Highlight Path","Minty Spire (QoL Compilation)","Relic Stats","everything is the same but u backflip on backflip"],"gold_per_floor":[119,119,135,145,160,160,195,195,195,195,195],"floor_reached":10,"language":"ENG","playtime":463,"items_purged":[],"score":92,"play_id":"2acc41b9-dd20-4d12-bd22-ecd98221b9d0","local_time":"20210113234112","is_ascension_mode":true,"campfire_choices":[{"data":"Lockon","floor":6,"key":"SMITH"},{"data":"Reinforced Body","floor":8,"key":"SMITH"}],"circlet_count":0,"master_deck":["Strike_B","Strike_B","Strike_B","Defend_B","Defend_B","Defend_B","Defend_B","Zap","Dualcast","Compile Driver","Machine Learning","Reinforced Body+1","Genetic Algorithm","Lockon+1","Echo Form"],"relics":["Cracked Core","Bag of Marbles","Pantograph"],"acts_visited":["Exordium"],"potions_floor_usage":[7,10],"damage_taken":[{"damage":0,"enemies":"Small Slimes","floor":1,"turns":3},{"damage":0,"enemies":"2 Louse","floor":3,"turns":4},{"damage":1,"enemies":"Cultist","floor":4,"turns":3},{"damage":58,"enemies":"Exordium Thugs","floor":5,"turns":7},{"damage":11,"enemies":"Lagavulin","floor":7,"turns":7},{"damage":5,"enemies":"3 Sentries","floor":10,"turns":2}],"seed_played":"-5295815919487966913","potions_obtained":[{"floor":1,"key":"FocusPotion"},{"floor":5,"key":"CultistPotion"}],"is_trial":false,"path_per_floor":["M","?","M","M","M","R","E","R","T","E"],"character_chosen":"DEFECT","items_purchased":[],"campfire_rested":0,"item_purchase_floors":[],"current_hp_per_floor":[75,75,75,74,16,16,5,5,5,0,0],"gold":195,"neow_bonus":"TEN_PERCENT_HP_BONUS","is_daily":false,"chose_seed":false,"campfire_upgraded":2,"win_rate":0.0,"timestamp":1610577672,"path_taken":["M","?","M","M","M","R","E","R","T","E"],"items_purchased_type":[],"build_version":"2020-12-22","purchased_purges":0,"victory":false,"max_hp_per_floor":[82,82,82,82,82,82,82,82,82,82,82],"relic_stats":{"counters":[6,26],"Pantograph":0,"obtain_stats":[{"Pantograph":9,"Bag of Marbles":7,"Cracked Core":0},{"Pantograph":5,"Bag of Marbles":5,"Cracked Core":0},{"Pantograph":24,"Bag of Marbles":24,"Cracked Core":0}]},"card_choices":[{"not_picked":["Redo","Rebound"],"picked":"Compile Driver","floor":1},{"not_picked":["Self Repair","Hologram"],"picked":"Reinforced Body","floor":3},{"not_picked":["Turbo","Force Field"],"picked":"Genetic Algorithm","floor":4},{"not_picked":["Hologram","Go for the Eyes"],"picked":"Lockon","floor":5},{"not_picked":["Hyperbeam","Go for the Eyes"],"picked":"Echo Form","floor":7}],"player_experience":620144,"relics_obtained":[{"floor":7,"key":"Bag of Marbles"},{"floor":9,"key":"Pantograph"}],"event_choices":[{"damage_healed":0,"gold_gain":0,"cards_transformed":["Strike_B"],"player_choice":"Change","damage_taken":0,"max_hp_gain":0,"max_hp_loss":0,"event_name":"Living Wall","floor":2,"gold_loss":0,"cards_obtained":["Machine Learning"]}],"is_beta":false,"boss_relics":[],"items_purged_floors":[],"is_endless":false,"potions_floor_spawned":[1,5],"killed_by":"3 Sentries","ascension_level":7}}