{"host":"jl3raagrljzztomj","time":1610504904,"event":{"mods":["BaseMod","BetterRewards","Colored Map","Colored Powertips","Custom Start","Hermit","Highlight Path","Minty Spire (QoL Compilation)","Permanent Neow","StSLib","SuperFastMode"],"gold_per_floor":[117,45,45,57,57,83,83,83,164,174,174,174,192,209,209,312,312,312,312,312,312,155,155,155,155,155,155,155,155,155,155],"floor_reached":30,"language":"ENG","playtime":959,"items_purged":[],"score":271,"play_id":"1d90af87-f3c6-4a51-be73-87ef8c5f5c0b","local_time":"20210112202824","is_ascension_mode":false,"campfire_choices":[{"floor":7,"key":"REST"},{"data":"hermit:Showdown","floor":12,"key":"SMITH"},{"data":"hermit:Brawl","floor":15,"key":"SMITH"},{"floor":23,"key":"REST"},{"floor":28,"key":"REST"}],"circlet_count":0,"master_deck":["hermit:Strike_Hermit","hermit:Strike_Hermit","hermit:Strike_Hermit","hermit:Strike_Hermit","hermit:Defend_Hermit","hermit:Defend_Hermit","hermit:Defend_Hermit","hermit:Defend_Hermit","hermit:Snapshot+1","hermit:Covet+1","hermit:Brawl+1","hermit:Brawl","hermit:Spite","Pain","hermit:Showdown+1","Regret","hermit:Brawl","hermit:OverwhelmingPower","hermit:HighCaliber","hermit:CalledShot+1","hermit:Virtue","hermit:HighCaliber"],"relics":["hermit:Momento","Toy Ornithopter","Question Card","WarpedTongs","Mummified Hand","Strawberry","Ectoplasm","Enchiridion","hermit:RyeStalk","PreservedInsect","Pear","Ice Cream"],"acts_visited":["Exordium","TheCity"],"potions_floor_usage":[6,27,27,27,30],"damage_taken":[{"damage":0,"enemies":"Small Slimes","floor":1,"turns":4},{"damage":0,"enemies":"2 Louse","floor":4,"turns":3},{"damage":22,"enemies":"3 Sentries","floor":6,"turns":7},{"damage":0,"enemies":"Cultist","floor":10,"turns":3},{"damage":0,"enemies":"Large Slime","floor":13,"turns":3},{"damage":18,"enemies":"Exordium Wildlife","floor":14,"turns":4},{"damage":34,"enemies":"Hexaghost","floor":16,"turns":8},{"damage":13,"enemies":"Shell Parasite","floor":18,"turns":4},{"damage":16,"enemies":"Spheric Guardian","floor":21,"turns":4},{"damage":53,"enemies":"Gremlin Leader","floor":24,"turns":5},{"damage":27,"enemies":"Shelled Parasite and Fungi","floor":27,"turns":4},{"damage":49,"enemies":"Slavers","floor":30,"turns":2}],"seed_played":"4429728845760142719","potions_obtained":[{"floor":4,"key":"Block Potion"},{"floor":6,"key":"hermit:BlackBile"},{"floor":21,"key":"Fire Potion"},{"floor":24,"key":"ColorlessPotion"},{"floor":27,"key":"Regen Potion"}],"is_trial":false,"path_per_floor":["M","$","?","M","$","E","R","?","T","M","?","R","M","M","R","B",null,"M","?","?","M","$","R","E","?","T","M","R","$","E"],"character_chosen":"HERMIT","items_purchased":["hermit:Brawl","hermit:RyeStalk"],"campfire_rested":3,"item_purchase_floors":[2,22],"current_hp_per_floor":[75,75,60,60,60,43,65,65,65,65,72,72,72,54,54,20,82,69,53,53,37,37,61,8,18,18,6,33,33,0,0],"gold":155,"neow_bonus":"RANDOM_COMMON_RELIC","is_daily":false,"chose_seed":false,"campfire_upgraded":2,"win_rate":0.0,"timestamp":1610504904,"path_taken":["M","$","?","M","$","E","R","?","T","?","?","R","M","M","R","BOSS","M","?","?","M","?","R","E","?","T","M","R","$","E"],"items_purchased_type":["Card","Relic"],"build_version":"2020-12-22","purchased_purges":0,"victory":false,"max_hp_per_floor":[75,75,75,75,75,75,75,75,75,75,82,82,82,82,82,82,82,82,82,82,82,82,82,82,92,92,92,92,92,92,92],"card_choices":[{"not_picked":["hermit:Vantage","hermit:LowProfile","hermit:CalledShot"],"picked":"SKIP","floor":1},{"not_picked":["hermit:ItchyTrigger","hermit:Manifest"],"picked":"hermit:Brawl","floor":4},{"not_picked":["hermit:LuckOfTheDraw","hermit:HighNoon"],"picked":"hermit:Spite","floor":6},{"not_picked":["hermit:Combo","hermit:Vantage","hermit:FullyLoaded"],"picked":"hermit:Showdown","floor":10},{"not_picked":["hermit:Vantage","hermit:Coalescence","hermit:Roulette"],"picked":"hermit:Brawl","floor":13},{"not_picked":["hermit:TakeAim","hermit:Manifest","hermit:BigShot","hermit:NoHoldsBarred"],"picked":"SKIP","floor":14},{"not_picked":["hermit:EternalForm","hermit:Adapt","hermit:Roughhouse"],"picked":"hermit:OverwhelmingPower","floor":16},{"not_picked":["hermit:SprayPray","hermit:Vantage","hermit:Malice","hermit:Snipe"],"picked":"SKIP","floor":18},{"not_picked":["hermit:TrackingShot+1","hermit:FlashPowder+1","hermit:NoHoldsBarred"],"picked":"hermit:CalledShot+1","floor":21},{"not_picked":["hermit:TakeAim+1","hermit:Coalescence+1","hermit:Roughhouse"],"picked":"hermit:Virtue","floor":24},{"not_picked":["hermit:Quickdraw","hermit:TrackingShot","hermit:SprayPray+1"],"picked":"hermit:HighCaliber","floor":27}],"player_experience":914192,"relics_obtained":[{"floor":6,"key":"Question Card"},{"floor":9,"key":"Mummified Hand"},{"floor":19,"key":"Enchiridion"},{"floor":24,"key":"PreservedInsect"},{"floor":26,"key":"Ice Cream"}],"event_choices":[{"damage_healed":0,"gold_gain":0,"player_choice":"Entered Light","damage_taken":15,"max_hp_gain":0,"max_hp_loss":0,"event_name":"Shining Light","floor":3,"gold_loss":0,"cards_upgraded":["hermit:Snapshot","hermit:Covet"]},{"damage_healed":0,"gold_gain":0,"player_choice":"Rummage","damage_taken":0,"relics_obtained":["WarpedTongs"],"max_hp_gain":0,"max_hp_loss":0,"event_name":"Accursed Blacksmith","floor":8,"gold_loss":0,"cards_obtained":["Pain"]},{"damage_healed":0,"gold_gain":0,"player_choice":"Box","damage_taken":0,"relics_obtained":["Strawberry"],"max_hp_gain":0,"max_hp_loss":0,"event_name":"Big Fish","floor":11,"gold_loss":0,"cards_obtained":["Regret"]},{"damage_healed":0,"gold_gain":0,"player_choice":"Obtained Book","damage_taken":16,"max_hp_gain":0,"max_hp_loss":0,"event_name":"Cursed Tome","floor":19,"gold_loss":0},{"damage_healed":0,"gold_gain":0,"player_choice":"Read","damage_taken":0,"max_hp_gain":0,"max_hp_loss":0,"event_name":"The Library","floor":20,"gold_loss":0,"cards_obtained":["hermit:HighCaliber"]},{"damage_healed":0,"gold_gain":0,"player_choice":"Opened","damage_taken":0,"relics_obtained":["Pear"],"max_hp_gain":0,"max_hp_loss":0,"event_name":"The Mausoleum","floor":25,"gold_loss":0}],"is_beta":false,"boss_relics":[{"not_picked":["Astrolabe","Fusion Hammer"],"picked":"Ectoplasm"}],"items_purged_floors":[],"is_endless":false,"potions_floor_spawned":[4,6,21,24,27],"killed_by":"Slavers","ascension_level":0}}