{"host":"vlqejv0notyktumz","time":1610580588,"event":{"mods":["AchievementEnabler","BaseMod","Googly Eyes","Minty Spire (QoL Compilation)"],"gold_per_floor":[219,4,4,179,179,179,190,190,190,190,205,232,232,245,245,245,245],"floor_reached":16,"language":"ENG","playtime":344,"items_purged":[],"score":178,"play_id":"5e8b7616-8024-4659-ab55-4080fb3dd35b","local_time":"20210113172948","is_ascension_mode":true,"campfire_choices":[{"data":"Adrenaline","floor":6,"key":"SMITH"},{"data":"Blur","floor":8,"key":"SMITH"},{"data":"Footwork","floor":10,"key":"SMITH"},{"data":"Dagger Throw","floor":13,"key":"SMITH"},{"data":"Poisoned Stab","floor":15,"key":"SMITH"}],"circlet_count":0,"master_deck":["Strike_G","Strike_G","Strike_G","Strike_G","Strike_G","Defend_G","Defend_G","Defend_G","Defend_G","Defend_G+1","Survivor+1","Neutralize","Dagger Throw+1","Adrenaline+1","Footwork+1","Doubt","Blur+1","Quick Slash","Poisoned Stab+1"],"relics":["Ring of the Snake","Mummified Hand","InkBottle","Bottled Flame"],"acts_visited":["Exordium"],"potions_floor_usage":[12],"damage_taken":[{"damage":1,"enemies":"2 Louse","floor":1,"turns":3},{"damage":0,"enemies":"Small Slimes","floor":7,"turns":4},{"damage":0,"enemies":"Jaw Worm","floor":11,"turns":4},{"damage":0,"enemies":"3 Sentries","floor":12,"turns":9},{"damage":2,"enemies":"Red Slaver","floor":14,"turns":3},{"damage":34,"enemies":"Slime Boss","floor":16,"turns":8}],"seed_played":"-890173928329140305","potions_obtained":[{"floor":1,"key":"FearPotion"},{"floor":7,"key":"AttackPotion"}],"is_trial":false,"path_per_floor":["M","$","?","?","?","R","M","R","T","R","M","E","R","M","R","B"],"character_chosen":"THE_SILENT","items_purchased":["Adrenaline","Footwork"],"campfire_rested":0,"item_purchase_floors":[2,2],"current_hp_per_floor":[62,62,50,50,36,36,36,36,36,36,36,36,36,34,34,0,0],"gold":245,"neow_bonus":"HUNDRED_GOLD","is_daily":false,"chose_seed":false,"campfire_upgraded":5,"win_rate":0.0,"timestamp":1610580588,"path_taken":["M","$","?","?","?","R","M","R","T","R","M","E","R","M","R","BOSS"],"items_purchased_type":["Card","Card"],"build_version":"2020-12-22","purchased_purges":0,"victory":false,"max_hp_per_floor":[70,70,70,70,70,70,70,70,70,70,70,70,70,70,70,70,70],"card_choices":[{"not_picked":["Leg Sweep","Skewer"],"picked":"Dagger Throw","floor":1},{"not_picked":["Dodge and Roll","Riddle With Holes"],"picked":"Blur","floor":7},{"not_picked":["Bouncing Flask","Sucker Punch"],"picked":"Quick Slash","floor":11},{"not_picked":["Infinite Blades","Slice","Glass Knife"],"picked":"SKIP","floor":12},{"not_picked":["Acrobatics","Slice"],"picked":"Poisoned Stab","floor":14}],"player_experience":335652,"relics_obtained":[{"floor":9,"key":"InkBottle"},{"floor":12,"key":"Bottled Flame"}],"event_choices":[{"damage_healed":0,"gold_gain":0,"player_choice":"Success","damage_taken":12,"relics_obtained":["Mummified Hand"],"max_hp_gain":0,"max_hp_loss":0,"event_name":"Scrap Ooze","floor":3,"gold_loss":0},{"damage_healed":0,"gold_gain":175,"player_choice":"AGREE","damage_taken":0,"max_hp_gain":0,"max_hp_loss":0,"event_name":"Liars Game","floor":4,"gold_loss":0,"cards_obtained":["Doubt"]},{"damage_healed":0,"gold_gain":0,"player_choice":"Entered Light","damage_taken":14,"max_hp_gain":0,"max_hp_loss":0,"event_name":"Shining Light","floor":5,"gold_loss":0,"cards_upgraded":["Survivor","Defend_G"]}],"is_beta":false,"boss_relics":[],"items_purged_floors":[],"is_endless":false,"potions_floor_spawned":[1,7],"killed_by":"Slime Boss","ascension_level":9}}