{"host":"3l94tha3a4jgu0q4","time":1610503859,"event":{"mods":["2.2 Compatiblity","AchievementEnabler","BaseMod","Colored Map","Colored Powertips","Highlight Path","Minty Spire (QoL Compilation)","Permanent Neow","StSLib","SuperFastMode","The IronCluck","slay the spire mod where everything is the same but ironclad has a cowboy hat"],"gold_per_floor":[113,132,16,33,51,79,79,112,112,129,129,129],"floor_reached":11,"language":"ENG","playtime":256,"items_purged":[],"score":153,"play_id":"606a1b06-b3bf-4224-abd8-2d255161ed86","local_time":"20210112181059","is_ascension_mode":true,"campfire_choices":[{"floor":7.0,"key":"REST"}],"circlet_count":0,"master_deck":["AscendersBane","Strike_P","Strike_P","Strike_P","Strike_P","Defend_P","Defend_P","Defend_P","Defend_P","Eruption","Vigilance","WaveOfTheHand","Adaptation","InnerPeace","EmptyFist","FlurryOfBlows","FlurryOfBlows","Vault","EmptyBody"],"relics":["Philosopher\u0027s Stone","Matryoshka","Ice Cream","White Beast Statue","Meat on the Bone"],"acts_visited":["Exordium"],"potions_floor_usage":[10,11],"damage_taken":[{"damage":0.0,"enemies":"Jaw Worm","floor":1.0,"turns":4.0},{"damage":10.0,"enemies":"2 Louse","floor":2.0,"turns":4.0},{"damage":6.0,"enemies":"Cultist","floor":4.0,"turns":4.0},{"damage":19.0,"enemies":"2 Fungi Beasts","floor":5.0,"turns":4.0},{"damage":37.0,"enemies":"Lagavulin","floor":6.0,"turns":11.0},{"damage":23.0,"enemies":"Gremlin Nob","floor":8.0,"turns":5.0},{"damage":0,"enemies":"Red Slaver","floor":10,"turns":2},{"damage":17,"enemies":"3 Sentries","floor":11,"turns":3}],"seed_played":"6568837508201031424","potions_obtained":[{"floor":2.0,"key":"Regen Potion"},{"floor":4.0,"key":"Ambrosia"},{"floor":8.0,"key":"SpeedPotion"},{"floor":10,"key":"BlessingOfTheForge"}],"is_trial":false,"path_per_floor":["M","M","$","M","M","E","R","E","T","M","E"],"character_chosen":"WATCHER","items_purchased":["InnerPeace","EmptyFist"],"campfire_rested":1,"item_purchase_floors":[3,3],"current_hp_per_floor":[61,51,51,45,26,4,24,1,1,13,0,0],"gold":129,"neow_bonus":"BOSS_RELIC","is_daily":false,"chose_seed":false,"campfire_upgraded":0,"win_rate":0.0,"timestamp":1610503859,"path_taken":["M","M","$","M","M","E","R","E","T","M","E"],"items_purchased_type":["Card","Card"],"build_version":"2020-12-22","purchased_purges":0,"victory":false,"max_hp_per_floor":[68,68,68,68,68,68,68,68,68,68,68,68],"card_choices":[{"not_picked":["CutThroughFate","ThirdEye"],"picked":"WaveOfTheHand","floor":1.0},{"not_picked":["FlyingSleeves","Fasting2"],"picked":"Adaptation","floor":2.0},{"not_picked":["ClearTheMind","Indignation"],"picked":"FlurryOfBlows","floor":4.0},{"not_picked":["Study","CrushJoints"],"picked":"FlurryOfBlows","floor":5.0},{"not_picked":["Study","Adaptation"],"picked":"Vault","floor":6.0},{"not_picked":["ThirdEye","Establishment","SashWhip"],"picked":"SKIP","floor":8.0},{"not_picked":["Adaptation","WreathOfFlame"],"picked":"EmptyBody","floor":10}],"player_experience":1934536,"relics_obtained":[{"floor":6.0,"key":"Matryoshka"},{"floor":8.0,"key":"Ice Cream"},{"floor":9.0,"key":"White Beast Statue"},{"floor":9.0,"key":"Meat on the Bone"}],"event_choices":[],"is_beta":false,"boss_relics":[],"items_purged_floors":[],"is_endless":false,"potions_floor_spawned":[2,4,8,10],"killed_by":"3 Sentries","ascension_level":16}}