{"host":"wj90f2q0h2omert0","time":1610564953,"event":{"mods":["BaseMod","Beaked The Cultist","Better Third Choice","ChefMod","Clawfect","Colored Map","DeckTracker","Downfall","Hubris","JesterMod","Minty Spire (QoL Compilation)","Quick Restart","Relic Stats","Robot Space Explorer","Shade Mod","StSLib","The Blackbeard","The Druid","The Necromancer","The Servant 0.9.4"],"gold_per_floor":[114,114,114,39,39,39,58,58,83,103,103,103,103,150,150,248,248,267,267,192,192,35,35,35,35,87,98,98,98,109,136,136,235,235,249,265,39,54,67,67,67,95,95,95,95,126,144,32,32,32,32],"floor_reached":50,"language":"ENG","playtime":1932,"items_purged":["Ricochet+1","Ricochet+1"],"score":727,"play_id":"357b929d-08a4-4c4a-bdb6-9b860961fd7f","local_time":"20210113140913","daily_mods":["SealedDeck","Vintage","Heirloom","Time Dilation","Flight","DeadlyEvents","Elite Swarm"],"is_ascension_mode":false,"campfire_choices":[{"data":"WasteNot","floor":6,"key":"SMITH"},{"data":"MoonPhase","floor":8,"key":"SMITH"},{"data":"StarChef","floor":11,"key":"SMITH"},{"data":"Starlight","floor":12,"key":"SMITH"},{"data":"Starlight","floor":13,"key":"SMITH"},{"data":"Ricochet","floor":15,"key":"SMITH"},{"data":"Solidify","floor":23,"key":"SMITH"},{"data":"Ricochet","floor":24,"key":"SMITH"},{"data":"Ricochet","floor":25,"key":"SMITH"},{"data":"Ricochet","floor":28,"key":"SMITH"},{"floor":29,"key":"REST"},{"data":"Dilation","floor":32,"key":"SMITH"},{"data":"ForgedInTime","floor":40,"key":"SMITH"},{"floor":41,"key":"REST"},{"floor":45,"key":"REST"},{"data":"Solidify","floor":49,"key":"SMITH"}],"circlet_count":0,"master_deck":["Contraction+1","WasteNot+1","Ricochet+1","Starlight+1","Rearm+1","Starlight+1","Ricochet+1","MoonPhase+1","Solidify+1","Dilation+1","ForgedInTime+1","Solidify+1","Solidify+1"],"relics":["Uniform","Gambling Chip","Sundial","hubris:Icosahedron","hubris:Towel","War Paint","Pen Nib","Lantern","Oddly Smooth Stone","expansioncontent:StudyCardRelic","hubris:ToyBattleship","Anchor","jesterMod:MirrorMask","Smiling Mask","Letter Opener","Matryoshka","hubris:CrystalStatue","hubris:Backtick","Membership Card","The Courier","MealTicket","Sling","Omamori","sneckomod:BlankCard","hubris:SphereOfDissonance","Tiny Chest","Ornamental Fan","hexamod:BolsterEngine","Pear","Toy Ornithopter","Bag of Preparation","TheAbacus"],"acts_visited":["Exordium","TheCity","TheBeyond"],"potions_floor_usage":[16,50,50,50],"damage_taken":[{"damage":6,"enemies":"Jaw Worm","floor":1,"turns":2},{"damage":0,"enemies":"2 Louse","floor":7,"turns":2},{"damage":0,"enemies":"Small Slimes","floor":10,"turns":1},{"damage":0,"enemies":"The Guardian","floor":16,"turns":5},{"damage":2,"enemies":"3 Byrds","floor":18,"turns":2},{"damage":0,"enemies":"Spheric Guardian","floor":27,"turns":2},{"damage":0,"enemies":"Snake Plant","floor":30,"turns":2},{"damage":0,"enemies":"Book of Stabbing","floor":31,"turns":4},{"damage":0,"enemies":"hubris:MusketHawk","floor":33,"turns":4},{"damage":0,"enemies":"3 Shapes","floor":35,"turns":1},{"damage":0,"enemies":"3 Darklings","floor":36,"turns":1},{"damage":0,"enemies":"Spire Growth","floor":38,"turns":2},{"damage":0,"enemies":"Jaw Worm Horde","floor":39,"turns":2},{"damage":0,"enemies":"Reptomancer","floor":42,"turns":2},{"damage":0,"enemies":"Giant Head","floor":46,"turns":2},{"damage":0,"enemies":"Sphere and 2 Shapes","floor":47,"turns":3},{"damage":0,"enemies":"Donu and Deca","floor":50,"turns":9}],"seed_played":"-260462851181490802","potions_obtained":[{"floor":7,"key":"BlessingOfTheForge"},{"floor":16,"key":"SteroidPotion"},{"floor":27,"key":"GamblersBrew"},{"floor":30,"key":"SteroidPotion"},{"floor":33,"key":"AttackPotion"},{"floor":35,"key":"Block Potion"}],"is_trial":true,"path_per_floor":["M","?","?","$","$","R","M","R","T","M","R","R","R","T","R","B",null,"M","?","?","$","$","R","R","R","T","M","R","R","M","E","R","B",null,"M","M","$","M","M","R","R","E","T","?","R","E","M","$","R","B"],"character_chosen":"THE_SERVANT","items_purchased":["MoonPhase","jesterMod:MirrorMask","Sling","Omamori","sneckomod:BlankCard","TheAbacus"],"campfire_rested":3,"item_purchase_floors":[4,22,37,37,37,48],"current_hp_per_floor":[59,59,59,59,59,59,59,59,59,59,59,59,59,59,59,59,65,63,57,57,57,57,57,57,57,57,57,57,65,65,65,65,65,65,65,65,65,65,65,65,65,65,75,75,75,75,75,75,75,75,75],"gold":32,"neow_bonus":"","is_daily":false,"chose_seed":false,"campfire_upgraded":13,"win_rate":0.0,"timestamp":1610564953,"path_taken":["M","?","?","$","$","R","M","R","T","M","R","R","R","?","R","BOSS","M","?","?","$","$","R","R","R","T","M","R","R","?","?","R","BOSS","M","M","$","?","?","R","R","E","T","?","R","?","?","$","R","BOSS"],"items_purchased_type":["Card","Relic","Relic","Relic","Relic","Relic"],"build_version":"2020-12-22","purchased_purges":2,"victory":false,"max_hp_per_floor":[65,65,65,65,65,65,65,65,65,65,65,65,65,65,65,65,65,65,65,65,65,65,65,65,65,65,65,65,65,65,65,65,65,65,65,65,65,65,65,65,65,65,75,75,75,75,75,75,75,75,75],"relic_stats":{"counters":[17,46],"Pen Nib":[11],"Bag of Preparation":[2],"Letter Opener":[221],"War Paint":["Contraction","Rearm"],"Smiling Mask":-30,"TheAbacus":[72],"Sundial":[64],"Ornamental Fan":[32],"Gambling Chip":[5],"MealTicket":0,"Tiny Chest":0,"obtain_stats":[{"Lantern":10,"hubris:CrystalStatue":31,"sneckomod:BlankCard":37,"Uniform":0,"expansioncontent:StudyCardRelic":17,"Bag of Preparation":47,"Smiling Mask":26,"Sling":37,"jesterMod:MirrorMask":22,"hubris:Icosahedron":2,"Matryoshka":30,"hubris:Backtick":34,"TheAbacus":48,"Sundial":1,"Gambling Chip":0,"MealTicket":36,"Tiny Chest":39,"Pear":43,"Oddly Smooth Stone":14,"hubris:SphereOfDissonance":38,"Pen Nib":9,"The Courier":35,"Omamori":37,"Letter Opener":27,"hubris:Towel":3,"War Paint":7,"Anchor":19,"Ornamental Fan":42,"hubris:ToyBattleship":18,"Membership Card":34,"hexamod:BolsterEngine":43,"Toy Ornithopter":46},{"Lantern":3,"hubris:CrystalStatue":8,"sneckomod:BlankCard":11,"Uniform":0,"expansioncontent:StudyCardRelic":4,"Bag of Preparation":16,"Smiling Mask":5,"Sling":11,"jesterMod:MirrorMask":5,"hubris:Icosahedron":1,"Matryoshka":7,"hubris:Backtick":9,"TheAbacus":16,"Sundial":1,"Gambling Chip":0,"MealTicket":11,"Tiny Chest":13,"Pear":14,"Oddly Smooth Stone":3,"hubris:SphereOfDissonance":12,"Pen Nib":2,"The Courier":10,"Omamori":11,"Letter Opener":6,"hubris:Towel":1,"War Paint":2,"Anchor":5,"Ornamental Fan":14,"hubris:ToyBattleship":5,"Membership Card":9,"hexamod:BolsterEngine":14,"Toy Ornithopter":15},{"Lantern":5,"hubris:CrystalStatue":20,"sneckomod:BlankCard":26,"Uniform":0,"expansioncontent:StudyCardRelic":10,"Bag of Preparation":37,"Smiling Mask":12,"Sling":26,"jesterMod:MirrorMask":12,"hubris:Icosahedron":2,"Matryoshka":16,"hubris:Backtick":24,"TheAbacus":37,"Sundial":2,"Gambling Chip":0,"MealTicket":26,"Tiny Chest":30,"Pear":32,"Oddly Smooth Stone":5,"hubris:SphereOfDissonance":28,"Pen Nib":4,"The Courier":25,"Omamori":26,"Letter Opener":14,"hubris:Towel":2,"War Paint":4,"Anchor":12,"Ornamental Fan":32,"hubris:ToyBattleship":12,"Membership Card":24,"hexamod:BolsterEngine":32,"Toy Ornithopter":34}],"Toy Ornithopter":0},"card_choices":[{"not_picked":["Deny","LightFlow"],"picked":"Solidify","floor":16},{"not_picked":["Deny","SoulSculpture"],"picked":"Dilation","floor":31},{"not_picked":["Deny","PendulumOfEternity"],"picked":"ForgedInTime","floor":33},{"not_picked":["ForgedInTime","LightFlow","TheWorld"],"picked":"SKIP","floor":42},{"not_picked":["KillingDoll","Deny"],"picked":"Solidify","floor":46}],"player_experience":786699,"relics_obtained":[{"floor":1,"key":"Sundial"},{"floor":7,"key":"War Paint"},{"floor":9,"key":"Pen Nib"},{"floor":10,"key":"Lantern"},{"floor":14,"key":"Oddly Smooth Stone"},{"floor":18,"key":"hubris:ToyBattleship"},{"floor":26,"key":"Smiling Mask"},{"floor":27,"key":"Letter Opener"},{"floor":30,"key":"Matryoshka"},{"floor":31,"key":"hubris:CrystalStatue"},{"floor":35,"key":"The Courier"},{"floor":36,"key":"MealTicket"},{"floor":38,"key":"hubris:SphereOfDissonance"},{"floor":39,"key":"Tiny Chest"},{"floor":42,"key":"Ornamental Fan"},{"floor":43,"key":"hexamod:BolsterEngine"},{"floor":43,"key":"Pear"},{"floor":46,"key":"Toy Ornithopter"},{"floor":47,"key":"Bag of Preparation"}],"event_choices":[{"damage_healed":0,"gold_gain":0,"player_choice":"Anchor","damage_taken":0,"relics_obtained":["Anchor"],"max_hp_gain":0,"max_hp_loss":0,"event_name":"blackbeard:ShipwreckEvent","floor":19,"gold_loss":0},{"cards_removed":["StarChef"],"damage_healed":0,"gold_gain":0,"player_choice":"Gave Gold","damage_taken":0,"max_hp_gain":0,"max_hp_loss":0,"event_name":"Beggar","floor":20,"gold_loss":75},{"damage_healed":0,"gold_gain":0,"player_choice":"Copied","damage_taken":0,"max_hp_gain":0,"max_hp_loss":0,"event_name":"Duplicator","floor":44,"gold_loss":0,"cards_obtained":["Solidify"]}],"is_beta":false,"boss_relics":[{"not_picked":["hubris:GrandSneckoEye","Astrolabe"],"picked":"expansioncontent:StudyCardRelic"},{"not_picked":["Sozu","Runic Pyramid"],"picked":"hubris:Backtick"}],"items_purged_floors":[37,48],"is_endless":true,"potions_floor_spawned":[7,16,27,30,33,35,39,47],"killed_by":"Donu and Deca","ascension_level":0}}