{"host":"yq7vhdvcv08g2502","time":1610505466,"event":{"mods":["2.2 Compatiblity","AchievementEnabler","Act Like it!","BaseMod","CapriCore","Colored Powertips","Custom Start","Gensokyo","Marisa????????","Minty Spire (QoL Compilation)","Quick Restart","Reimu??????","StSLib","The Servant 0.9.4"],"gold_per_floor":[113,113,125,6,21,21,356,356,407,624,724,724,346,346,346,448,448,464,189,189,32,46,71,86,86,86,86,97,126,146,172,172,269,269,287,32,42,42,42,42,60,77,77,77,77,77,96,108,108,108,108],"floor_reached":50,"language":"ENG","playtime":7507,"items_purged":["Strike_MRS","Defend_MRS"],"score":687,"play_id":"9a0fbc3e-8197-4c99-8da0-f6994f86feed","local_time":"20210113023746","is_ascension_mode":true,"campfire_choices":[{"floor":6.0,"key":"REST"},{"data":"PropBag","floor":8.0,"key":"SMITH"},{"data":"ChargeUpSpray","floor":12.0,"key":"SMITH"},{"floor":15.0,"key":"REST"},{"data":"FinalSpark","floor":25,"key":"SMITH"},{"data":"UltimateShortwave","floor":27,"key":"SMITH"},{"floor":32,"key":"REST"},{"data":"MasterSpark","floor":40,"key":"SMITH"},{"floor":46,"key":"REST"},{"floor":49,"key":"REST"}],"circlet_count":0,"master_deck":["Strike_MRS","Strike_MRS","Strike_MRS","Defend_MRS+1","Defend_MRS+1","MasterSpark+1","UpSweep","PropBag+1","GrandCross","ChargeUpSpray+1","Parasite","Parasite","FinalSpark+1","UltimateShortwave+1","OortCloud+1","MilkyWay+1","BlazeAway+1","EscapeVelocity+1","FinalSpark+1","BlazeAway+1","PropBag","EarthLightRay+1","DoubleSpark"],"relics":["MiniHakkero","Bag of Preparation","Boot","War Paint","HandDrill","ShroomBag","RedLine:ReiMu","SimpleLauncher","Sling","Toy Ornithopter","RuthlessExorcism:ReiMu","Mercury Hourglass","Lizard Tail","Frozen Egg 2","Bag of Marbles","Black Star","DollysMirror","Nunchaku","Gensokyo:EmptyGrave","Mummified Hand","Blue Candle","AmplifyWand"],"acts_visited":["Gensokyo:Gensokyo","Gensokyo:Gensokyoer","Gensokyo:Gensokyoest"],"potions_floor_usage":[24,28,28,33,33,35,41,48,50],"damage_taken":[{"damage":6.0,"enemies":"Gensokyo:Gryphon","floor":1.0,"turns":4.0},{"damage":12.0,"enemies":"Gensokyo:Python","floor":3.0,"turns":3.0},{"damage":6.0,"enemies":"Gensokyo:3_Fairies","floor":5.0,"turns":4.0},{"damage":0.0,"enemies":"Gensokyo:Mamizou","floor":7.0,"turns":7.0},{"damage":22.0,"enemies":"Gensokyo:Kitsune","floor":10.0,"turns":3.0},{"damage":59,"enemies":"Gensokyo:Yukari","floor":16,"turns":11},{"damage":0,"enemies":"Gensokyo:CosmicMonolith","floor":18,"turns":2},{"damage":0,"enemies":"Gensokyo:2_Gloops","floor":22,"turns":4},{"damage":39,"enemies":"Gensokyo:Tenshi","floor":23,"turns":4},{"damage":0,"enemies":"Gensokyo:Monolith_and_Dog","floor":24,"turns":4},{"damage":6,"enemies":"Gensokyo:Slime_Group","floor":28,"turns":3},{"damage":35,"enemies":"Gensokyo:Koishi","floor":29,"turns":3},{"damage":16,"enemies":"Gensokyo:Wraith","floor":30,"turns":3},{"damage":39,"enemies":"Gensokyo:Tenshi","floor":31,"turns":3},{"damage":94,"enemies":"Gensokyo:Eternal_Rivals","floor":33,"turns":8},{"damage":32,"enemies":"Gensokyo:3_Boulders","floor":35,"turns":4},{"damage":10,"enemies":"Gensokyo:3_Bats","floor":37,"turns":2},{"damage":28,"enemies":"Gensokyo:Sharpion","floor":41,"turns":5},{"damage":25,"enemies":"Gensokyo:Rafflesia","floor":42,"turns":3},{"damage":0,"enemies":"Gensokyo:SeedOfUnknown","floor":47,"turns":2},{"damage":18,"enemies":"Gensokyo:Dusk_and_Dawn","floor":48,"turns":2},{"damage":83,"enemies":"Gensokyo:Scarlet_Devils","floor":50,"turns":5}],"seed_played":"7592204110103435944","potions_obtained":[{"floor":3.0,"key":"SteroidPotion"},{"floor":7.0,"key":"Energy Potion"},{"floor":23,"key":"DistilledChaos"},{"floor":24,"key":"Explosive Potion"},{"floor":28,"key":"ZuzhouPotion:ReiMu"},{"floor":29,"key":"Explosive Potion"},{"floor":33,"key":"Strength Potion"},{"floor":35,"key":"BlessingOfTheForge"},{"floor":37,"key":"EssenceOfSteel"},{"floor":47,"key":"Fire Potion"},{"floor":48,"key":"DuplicationPotion"}],"is_trial":false,"path_per_floor":["M","?","M","COS","M","R","E","R","T","M","?","R","$","?","R","B",null,"M","COS","?","$","M","E","M","R","T","R","M","E","M","E","R","B",null,"M","$","M","?","?","R","M","M","T","$","?","R","M","M","R","B"],"character_chosen":"MARISA","items_purchased":["HandDrill","ShroomBag","Sling","DollysMirror"],"campfire_rested":5,"item_purchase_floors":[13,13,21,36],"current_hp_per_floor":[62,62,50,50,44,66,66,66,66,44,44,44,44,44,66,11,59,61,61,61,61,65,30,39,39,39,39,47,16,4,40,62,20,61,38,38,42,42,42,42,23,36,36,36,36,56,58,45,65,0,0],"gold":108,"neow_bonus":"RANDOM_COMMON_RELIC","is_daily":false,"chose_seed":false,"campfire_upgraded":5,"win_rate":0.0,"timestamp":1610505466,"path_taken":["M","?","M","COS","M","R","E","R","T","M","?","R","$","?","R","BOSS","M","COS","?","$","M","E","M","R","T","R","?","E","M","E","R","BOSS","M","$","M","?","?","R","?","M","T","$","?","R","M","M","R","BOSS"],"items_purchased_type":["Relic","Relic","Relic","Relic"],"build_version":"2020-12-22","purchased_purges":2,"victory":false,"max_hp_per_floor":[75,75,75,75,75,75,75,75,75,75,75,75,75,75,75,75,75,75,75,75,75,75,75,75,75,75,75,75,75,75,75,75,75,75,75,75,75,75,69,69,69,69,69,69,69,69,69,69,69,69,69],"card_choices":[{"not_picked":["ShootingEcho","MysteriousBeam"],"picked":"PropBag","floor":1.0},{"not_picked":["DarkMatter","SporeBomb"],"picked":"GrandCross","floor":3.0},{"not_picked":["Singularity","SuperPerseids","GravityBeat"],"picked":"SKIP","floor":5.0},{"not_picked":["ShootTheMoon","DarkMatter","MaximisePower"],"picked":"SKIP","floor":7.0},{"not_picked":["Acceleration","EventHorizon"],"picked":"ChargeUpSpray","floor":10.0},{"not_picked":["UltimateShortwave","BlazingStar"],"picked":"FinalSpark","floor":16},{"not_picked":["Orbital","GalacticHalo"],"picked":"Acceleration+1","floor":18},{"not_picked":["WitchOfGreed","6A","IllusionStar"],"picked":"SKIP","floor":22},{"not_picked":["GalacticHalo","EventHorizon"],"picked":"OortCloud+1","floor":23},{"not_picked":["ShootTheMoon+1","PulseMagic+1"],"picked":"MilkyWay+1","floor":24},{"not_picked":["MilkyWay+1","WitchLeyline"],"picked":"BlazeAway+1","floor":28},{"not_picked":["EventHorizon+1","PulseMagic","DeepEcoloBomb+1"],"picked":"SKIP","floor":29},{"not_picked":["LuminesStrike","Robbery","PulseMagic"],"picked":"SKIP","floor":30},{"not_picked":["ManaRampage","GravityBeat+1","GrandCross"],"picked":"SKIP","floor":31},{"not_picked":["StarDustReverie","MaximisePower"],"picked":"EscapeVelocity+1","floor":33},{"not_picked":["ManaConvection","6A","IllusionStar+1"],"picked":"SKIP","floor":35},{"not_picked":["MysteriousBeam","MeteoricShower+1","NonDirectionalLaser"],"picked":"SKIP","floor":37},{"not_picked":["PowerUp","Robbery"],"picked":"BlazeAway+1","floor":41},{"not_picked":["LuminesStrike","Acceleration"],"picked":"PropBag","floor":42},{"not_picked":["MysteriousBeam","IllusionStar"],"picked":"EarthLightRay+1","floor":47},{"not_picked":["Orbital+1","SporeBomb+1"],"picked":"DoubleSpark","floor":48}],"player_experience":281572,"relics_obtained":[{"floor":7.0,"key":"Boot"},{"floor":9.0,"key":"War Paint"},{"floor":23,"key":"Toy Ornithopter"},{"floor":26,"key":"Mercury Hourglass"},{"floor":29,"key":"Frozen Egg 2"},{"floor":31,"key":"Bag of Marbles"},{"floor":43,"key":"Mummified Hand"}],"event_choices":[],"is_beta":false,"boss_relics":[{"not_picked":["Sozu","Runic Pyramid"],"picked":"RedLine:ReiMu"},{"not_picked":["Snecko Eye","SlaversCollar"],"picked":"Black Star"}],"items_purged_floors":[13,36],"is_endless":false,"potions_floor_spawned":[3,7,23,24,28,29,33,35,37,47,48],"killed_by":"Gensokyo:Scarlet_Devils","ascension_level":6}}