{"host":"y193d0agu1dp5x1y","time":1610554469,"event":{"mods":["AchievementEnabler","BaseMod","Googly Eyes","Minty Spire (QoL Compilation)"],"gold_per_floor":[114,39,52,2,2,37,37,61,61,79,79,99,114,130,130,225,225,245,69,168,1,17,17,35,64,144,163,163,117,117,130,130,231,231,244,244,52,62,28,28,47,82,163,182,182,202,214,214,214,214],"floor_reached":51,"language":"ENG","playtime":3127,"items_purged":["Strike_G","Dodge and Roll"],"score":749,"play_id":"ff931516-7094-49e6-831a-25e6f8b57a6e","local_time":"20210113101429","is_ascension_mode":false,"campfire_choices":[{"data":"Deadly Poison","floor":11,"key":"SMITH"},{"data":"Deadly Poison","floor":15,"key":"SMITH"},{"data":"Envenom","floor":23,"key":"SMITH"},{"floor":30,"key":"REST"},{"data":"Infinite Blades","floor":32,"key":"SMITH"},{"data":"Accuracy","floor":40,"key":"SMITH"},{"floor":45,"key":"REST"},{"data":"Deadly Poison","floor":49,"key":"SMITH"}],"circlet_count":0,"master_deck":["Strike_G+1","Strike_G+1","Strike_G","Defend_G","Defend_G","Defend_G","Defend_G","Defend_G","Survivor","Neutralize","Backflip","Deadly Poison+1","Deadly Poison+1","Deflect","Sucker Punch","Slice","Envenom+1","Slice","Infinite Blades+1","Slice","Poisoned Stab+1","Poisoned Stab","Dodge and Roll+1","Backflip+1","Slice","Leg Sweep+1","Adrenaline","Poisoned Stab","Deadly Poison+1","Backstab","Accuracy+1","Slice","Distraction+1","Escape Plan+1","Cloak And Dagger+1","Terror+1"],"relics":["Ring of the Snake","NeowsBlessing","Whetstone","Happy Flower","Orichalcum","Mummified Hand","Runic Pyramid","PreservedInsect","The Specimen","Letter Opener","Pantograph","HoveringKite","Vajra","Boot","Toxic Egg 2","HornCleat"],"acts_visited":["Exordium","TheCity","TheBeyond"],"potions_floor_usage":[50,50],"damage_taken":[{"damage":0,"enemies":"Jaw Worm","floor":1,"turns":1},{"damage":0,"enemies":"2 Louse","floor":3,"turns":1},{"damage":0,"enemies":"3 Sentries","floor":6,"turns":1},{"damage":0,"enemies":"Cultist","floor":10,"turns":4},{"damage":0,"enemies":"Red Slaver","floor":12,"turns":3},{"damage":0,"enemies":"Exordium Wildlife","floor":13,"turns":4},{"damage":0,"enemies":"Blue Slaver","floor":14,"turns":4},{"damage":14,"enemies":"Hexaghost","floor":16,"turns":10},{"damage":4,"enemies":"Shell Parasite","floor":18,"turns":4},{"damage":11,"enemies":"3 Byrds","floor":22,"turns":4},{"damage":0,"enemies":"Snecko","floor":24,"turns":5},{"damage":21,"enemies":"Gremlin Leader","floor":25,"turns":5},{"damage":0,"enemies":"Centurion and Healer","floor":27,"turns":4},{"damage":15,"enemies":"Snake Plant","floor":31,"turns":3},{"damage":39,"enemies":"Automaton","floor":33,"turns":12},{"damage":10,"enemies":"3 Shapes","floor":35,"turns":4},{"damage":0,"enemies":"Orb Walker","floor":38,"turns":4},{"damage":4,"enemies":"Sphere and 2 Shapes","floor":41,"turns":4},{"damage":17,"enemies":"Reptomancer","floor":42,"turns":6},{"damage":4,"enemies":"Jaw Worm Horde","floor":44,"turns":4},{"damage":1,"enemies":"Transient","floor":46,"turns":5},{"damage":3,"enemies":"Maw","floor":47,"turns":6},{"damage":58,"enemies":"Donu and Deca","floor":50,"turns":8}],"seed_played":"5587331024464297598","potions_obtained":[{"floor":3,"key":"Weak Potion"},{"floor":10,"key":"Swift Potion"},{"floor":12,"key":"Poison Potion"},{"floor":24,"key":"BlessingOfTheForge"},{"floor":47,"key":"LiquidMemories"}],"is_trial":false,"path_per_floor":["M","$","M","?","$","E","?","T","T","M","R","M","M","M","R","B",null,"M","$","?","$","M","R","M","E","T","M","T","$","R","M","R","B",null,"M","?","$","M","$","R","M","E","T","M","R","M","M","T","R","B",null],"character_chosen":"THE_SILENT","items_purchased":["Infinite Blades","Slice","PreservedInsect","Slice","Deadly Poison","Vajra","Accuracy"],"campfire_rested":2,"item_purchase_floors":[19,21,21,29,37,37,39],"current_hp_per_floor":[70,70,70,70,70,70,58,58,58,58,58,58,58,58,58,44,70,66,66,66,66,55,55,55,34,34,34,34,34,55,40,40,26,70,60,60,60,60,60,60,56,39,39,35,56,55,52,52,52,12],"gold":214,"neow_bonus":"THREE_ENEMY_KILL","is_daily":false,"chose_seed":false,"campfire_upgraded":6,"win_rate":0.0,"timestamp":1610554469,"path_taken":["M","$","M","?","$","E","?","?","T","M","R","M","M","?","R","BOSS","M","?","?","?","M","R","M","E","T","M","?","$","R","M","R","BOSS","M","?","$","M","$","R","?","E","T","M","R","M","M","?","R","BOSS"],"items_purchased_type":["Card","Card","Relic","Card","Card","Relic","Card"],"build_version":"2020-12-22","purchased_purges":2,"victory":true,"max_hp_per_floor":[70,70,70,70,70,70,70,70,70,70,70,70,70,70,70,70,70,70,70,70,70,70,70,70,70,70,70,70,70,70,70,70,70,70,70,70,70,70,70,70,70,70,70,70,70,70,70,70,70,70],"card_choices":[{"not_picked":["Finisher","Caltrops"],"picked":"Backflip","floor":1},{"not_picked":["Flying Knee","Acrobatics"],"picked":"Deadly Poison","floor":3},{"not_picked":["Flechettes","Malaise"],"picked":"Dodge and Roll","floor":6},{"not_picked":["Dagger Throw","Predator"],"picked":"Deadly Poison","floor":10},{"not_picked":["Bane","Dagger Throw"],"picked":"Deflect","floor":12},{"not_picked":["Flying Knee","Cloak And Dagger"],"picked":"Sucker Punch","floor":13},{"not_picked":["Well Laid Plans","Dagger Throw"],"picked":"Slice","floor":14},{"not_picked":["Doppelganger","Unload"],"picked":"Envenom","floor":16},{"not_picked":["Blade Dance","Backflip"],"picked":"Slice","floor":18},{"not_picked":["Bane","Expertise"],"picked":"Poisoned Stab+1","floor":22},{"not_picked":["Bane+1","Phantasmal Killer"],"picked":"Poisoned Stab","floor":24},{"not_picked":["Heel Hook","Well Laid Plans+1"],"picked":"Dodge and Roll+1","floor":25},{"not_picked":["Quick Slash","Dagger Spray"],"picked":"Backflip+1","floor":27},{"not_picked":["Acrobatics+1","PiercingWail"],"picked":"Leg Sweep","floor":31},{"not_picked":["Die Die Die","Doppelganger"],"picked":"Adrenaline","floor":33},{"not_picked":["Deflect","Dagger Throw+1"],"picked":"Poisoned Stab","floor":35},{"not_picked":["Sucker Punch","Underhanded Strike+1"],"picked":"Backstab","floor":38},{"not_picked":["Outmaneuver+1","Poisoned Stab"],"picked":"Slice","floor":41},{"not_picked":["Bullet Time","Dash+1"],"picked":"Distraction+1","floor":42},{"not_picked":["Reflex+1","Backflip+1"],"picked":"Escape Plan+1","floor":44},{"not_picked":["Heel Hook","Expertise+1"],"picked":"Cloak And Dagger+1","floor":46},{"not_picked":["Prepared+1","Dagger Spray+1"],"picked":"Terror+1","floor":47}],"player_experience":70131,"relics_obtained":[{"floor":6,"key":"Whetstone"},{"floor":8,"key":"Orichalcum"},{"floor":9,"key":"Mummified Hand"},{"floor":25,"key":"The Specimen"},{"floor":26,"key":"Letter Opener"},{"floor":28,"key":"Pantograph"},{"floor":42,"key":"Boot"},{"floor":43,"key":"Toxic Egg 2"},{"floor":48,"key":"HornCleat"}],"event_choices":[{"cards_removed":["Strike_G"],"damage_healed":0,"gold_gain":0,"player_choice":"Card Removal","damage_taken":0,"max_hp_gain":0,"max_hp_loss":0,"event_name":"The Cleric","floor":4,"gold_loss":50},{"damage_healed":0,"gold_gain":0,"player_choice":"Success","damage_taken":12,"relics_obtained":["Happy Flower"],"max_hp_gain":0,"max_hp_loss":0,"event_name":"Scrap Ooze","floor":7,"gold_loss":0},{"damage_healed":0,"gold_gain":99,"player_choice":"Stole From Cult","damage_taken":0,"max_hp_gain":0,"max_hp_loss":0,"event_name":"Nest","floor":20,"gold_loss":0},{"damage_healed":0,"gold_gain":0,"player_choice":"Forge","damage_taken":0,"max_hp_gain":0,"max_hp_loss":0,"event_name":"Accursed Blacksmith","floor":36,"gold_loss":0,"cards_upgraded":["Leg Sweep"]}],"is_beta":false,"boss_relics":[{"not_picked":["Cursed Key","Sozu"],"picked":"Runic Pyramid"},{"not_picked":["Runic Dome","Snecko Eye"],"picked":"HoveringKite"}],"items_purged_floors":[2,19],"is_endless":false,"potions_floor_spawned":[3,10,12,24,25,33,35,42,44,47],"ascension_level":0}}