{"host":"jl3raagrljzztomj","time":1610507447,"event":{"mods":["BaseMod","BetterRewards","Colored Map","Colored Powertips","Custom Start","Hermit","Highlight Path","Minty Spire (QoL Compilation)","Permanent Neow","StSLib","SuperFastMode"],"gold_per_floor":[112,132,142,160,160,160,187,187,187,1,21,75,92,24,24,24,24],"floor_reached":16,"language":"ENG","playtime":684,"items_purged":[],"score":102,"play_id":"8b9e1c77-0392-48d1-a4c7-a0ca221f4b33","local_time":"20210112211047","is_ascension_mode":false,"campfire_choices":[{"data":"hermit:Cheat","floor":6,"key":"SMITH"},{"floor":8,"key":"REST"},{"floor":15,"key":"REST"}],"circlet_count":0,"master_deck":["hermit:Strike_Hermit","hermit:Strike_Hermit","hermit:Strike_Hermit","hermit:Strike_Hermit","hermit:Defend_Hermit","hermit:Defend_Hermit","hermit:Defend_Hermit","hermit:Defend_Hermit","hermit:Snapshot+1","hermit:Covet","hermit:Virtue","hermit:Cheat+1","hermit:Virtue","Injury","hermit:Reprieve","hermit:FromBeyond","hermit:SprayPray","hermit:FromBeyond","hermit:FlashPowder"],"relics":["hermit:Momento","Centennial Puzzle","Ancient Tea Set","Art of War"],"acts_visited":["Exordium"],"potions_floor_usage":[16,16],"damage_taken":[{"damage":1,"enemies":"Cultist","floor":1,"turns":3},{"damage":1,"enemies":"2 Louse","floor":2,"turns":2},{"damage":8,"enemies":"Jaw Worm","floor":3,"turns":3},{"damage":17,"enemies":"Looter","floor":4,"turns":4},{"damage":44,"enemies":"3 Sentries","floor":7,"turns":11},{"damage":14,"enemies":"Blue Slaver","floor":11,"turns":3},{"damage":0,"enemies":"Large Slime","floor":13,"turns":4},{"damage":62,"enemies":"Hexaghost","floor":16,"turns":12}],"seed_played":"-8680525001017884306","potions_obtained":[{"floor":1,"key":"hermit:BlackBile"},{"floor":2,"key":"SpeedPotion"},{"floor":3,"key":"Block Potion"}],"is_trial":false,"path_per_floor":["M","M","M","M","?","R","E","R","T","$","M","T","M","$","R","B"],"character_chosen":"HERMIT","items_purchased":["hermit:FromBeyond","hermit:SprayPray","hermit:FlashPowder"],"campfire_rested":2,"item_purchase_floors":[10,10,14],"current_hp_per_floor":[74,73,65,48,48,48,12,34,34,34,28,28,32,32,54,0,0],"gold":24,"neow_bonus":"UPGRADE_CARD","is_daily":false,"chose_seed":false,"campfire_upgraded":1,"win_rate":0.0,"timestamp":1610507447,"path_taken":["M","?","M","M","?","R","E","R","T","?","M","?","M","$","R","BOSS"],"items_purchased_type":["Card","Card","Card"],"build_version":"2020-12-22","purchased_purges":0,"victory":false,"max_hp_per_floor":[75,75,75,75,75,75,75,75,75,75,75,75,75,75,75,75,75],"card_choices":[{"not_picked":["hermit:TrackingShot","hermit:Glare"],"picked":"hermit:Virtue","floor":1},{"not_picked":["hermit:CursedWeapon","hermit:Manifest"],"picked":"hermit:Cheat","floor":2},{"not_picked":["hermit:Snipe","hermit:Headshot"],"picked":"hermit:Virtue","floor":3},{"not_picked":["hermit:BigShot","hermit:GoldenBullet","hermit:Ricochet"],"picked":"SKIP","floor":4},{"not_picked":["hermit:Grudge","hermit:WideOpen","hermit:Quickdraw"],"picked":"SKIP","floor":7},{"not_picked":["hermit:Roulette","hermit:Grudge","hermit:NoHoldsBarred"],"picked":"SKIP","floor":11},{"not_picked":["hermit:CursedWeapon","hermit:WideOpen"],"picked":"hermit:FromBeyond","floor":13}],"player_experience":916965,"relics_obtained":[{"floor":7,"key":"Centennial Puzzle"},{"floor":9,"key":"Ancient Tea Set"},{"floor":12,"key":"Art of War"}],"event_choices":[{"damage_healed":0,"gold_gain":0,"player_choice":"2 cards matched","damage_taken":0,"max_hp_gain":0,"max_hp_loss":0,"event_name":"Match and Keep!","floor":5,"gold_loss":0,"cards_obtained":["Injury","hermit:Reprieve"]},{"damage_healed":0,"gold_gain":0,"player_choice":"2 cards matched","damage_taken":0,"max_hp_gain":0,"max_hp_loss":0,"event_name":"Match and Keep!","floor":5,"gold_loss":0,"cards_obtained":["Injury","hermit:Reprieve"]}],"is_beta":false,"boss_relics":[],"items_purged_floors":[],"is_endless":false,"potions_floor_spawned":[1,2,3,7],"killed_by":"Hexaghost","ascension_level":0}}