{"host":"adv1uqz3812gqgbw","time":1610572532,"event":{"mods":["BaseMod","Better Note","Colored Powertips","Custom Start","GifTheSpireLib","Hermit","Minty Spire (QoL Compilation)","SacredBarkPlus","StSLib","The Runesmith","Uncapped"],"gold_per_floor":[114,133,133,143,218,218,237,237,237,256,21,21,35,54,54,156,156,169,169,169,20,47,47,64,93,93,93,193,212,10,38,38,38,38],"floor_reached":33,"language":"ENG","playtime":1686,"items_purged":[],"score":266,"play_id":"b6542ffe-aae2-446d-9b5a-3326311c09f9","local_time":"20210113191532","is_ascension_mode":false,"campfire_choices":[{"data":"hermit:WideOpen","floor":6,"key":"SMITH"},{"floor":8,"key":"REST"},{"data":"hermit:EyeOfTheStorm","floor":12,"key":"SMITH"},{"floor":15,"key":"REST"},{"data":"hermit:DeadOrAlive","floor":23,"key":"SMITH"},{"floor":27,"key":"REST"},{"floor":32,"key":"REST"}],"circlet_count":0,"master_deck":["hermit:Strike_Hermit","hermit:Strike_Hermit","hermit:Strike_Hermit","hermit:Strike_Hermit","hermit:Defend_Hermit","hermit:Defend_Hermit+1","hermit:Defend_Hermit","hermit:Defend_Hermit","hermit:Snapshot","hermit:Covet+1","hermit:FullyLoaded+1","hermit:Misfire","hermit:WideOpen+1","hermit:EyeOfTheStorm+1","Dramatic Entrance","hermit:Quickdraw","hermit:DeadOrAlive+1","Clash+1","hermit:Quickdraw","hermit:Quickdraw"],"relics":["hermit:Momento","Letter Opener","War Paint","Membership Card","Mango","Unceasing Top","Bottled Flame","Blue Candle","Strange Spoon"],"acts_visited":["Exordium","TheCity"],"potions_floor_usage":[16,16,16,31,33,33],"damage_taken":[{"damage":0,"enemies":"2 Louse","floor":1,"turns":2},{"damage":6,"enemies":"Jaw Worm","floor":2,"turns":4},{"damage":5,"enemies":"Small Slimes","floor":4,"turns":2},{"damage":12,"enemies":"Blue Slaver","floor":7,"turns":2},{"damage":16,"enemies":"Large Slime","floor":10,"turns":2},{"damage":1,"enemies":"Exordium Wildlife","floor":13,"turns":2},{"damage":10,"enemies":"Looter","floor":14,"turns":2},{"damage":58,"enemies":"Hexaghost","floor":16,"turns":10},{"damage":0,"enemies":"Chosen","floor":18,"turns":3},{"damage":17,"enemies":"3 Byrds","floor":22,"turns":5},{"damage":26,"enemies":"Snecko","floor":24,"turns":4},{"damage":14,"enemies":"Centurion and Healer","floor":25,"turns":4},{"damage":21,"enemies":"Colosseum Slavers","floor":28,"turns":3},{"damage":18,"enemies":"Colosseum Nobs","floor":28,"turns":5},{"damage":13,"enemies":"Shelled Parasite and Fungi","floor":29,"turns":3},{"damage":8,"enemies":"3 Cultists","floor":31,"turns":3},{"damage":38,"enemies":"Champ","floor":33,"turns":7}],"seed_played":"4201760354883552005","potions_obtained":[{"floor":7,"key":"Block Potion"},{"floor":10,"key":"LiquidBronze"},{"floor":14,"key":"AttackPotion"},{"floor":18,"key":"PowerPotion"},{"floor":24,"key":"hermit:Tonic"},{"floor":29,"key":"Swift Potion"},{"floor":31,"key":"Ancient Potion"}],"is_trial":false,"path_per_floor":["M","M","?","M","?","R","M","R","T","M","$","R","M","M","R","B",null,"M","?","?","$","M","R","M","M","T","R","?","M","$","M","R","B"],"character_chosen":"HERMIT","items_purchased":["War Paint","Dramatic Entrance","Membership Card","Blue Candle","Strange Spoon"],"campfire_rested":4,"item_purchase_floors":[11,11,21,30,30],"current_hp_per_floor":[82,76,76,71,60,60,48,72,72,56,56,56,55,45,69,11,82,82,82,82,82,65,65,39,25,39,67,28,15,15,7,35,0,0],"gold":38,"neow_bonus":"TEN_PERCENT_HP_BONUS","is_daily":false,"chose_seed":false,"campfire_upgraded":3,"win_rate":0.0,"timestamp":1610572532,"path_taken":["M","M","?","M","?","R","M","R","T","M","$","R","M","M","R","BOSS","M","?","?","$","M","R","?","M","T","R","?","M","$","M","R","BOSS"],"items_purchased_type":["Relic","Card","Relic","Relic","Relic"],"build_version":"2020-12-22","purchased_purges":0,"victory":false,"max_hp_per_floor":[82,82,82,82,82,82,82,82,82,82,82,82,82,82,82,82,82,82,82,82,82,82,82,82,82,96,96,96,96,96,96,96,96,96],"card_choices":[{"not_picked":["hermit:ItchyTrigger","hermit:Snipe"],"picked":"hermit:FullyLoaded","floor":1},{"not_picked":["hermit:Cheat","hermit:Vantage"],"picked":"hermit:Misfire","floor":2},{"not_picked":["hermit:Deadeye","hermit:Maintenance"],"picked":"hermit:WideOpen","floor":4},{"not_picked":["hermit:Virtue","hermit:BigShot"],"picked":"hermit:EyeOfTheStorm","floor":7},{"not_picked":["hermit:Brawl","hermit:Showdown","hermit:EyeOfTheStorm"],"picked":"SKIP","floor":10},{"not_picked":["hermit:Dissolve","hermit:LoneWolf","hermit:LowProfile"],"picked":"SKIP","floor":13},{"not_picked":["hermit:NoHoldsBarred","hermit:Dive"],"picked":"hermit:Quickdraw","floor":14},{"not_picked":["hermit:Gambit","hermit:FromBeyond"],"picked":"hermit:DeadOrAlive","floor":16},{"not_picked":["hermit:Feint+1","hermit:Scavenge","hermit:BodyArmor"],"picked":"SKIP","floor":18},{"not_picked":["hermit:Desperado+1","hermit:Determination+1"],"picked":"hermit:Quickdraw","floor":22},{"not_picked":["hermit:CursedWeapon","hermit:LowProfile","hermit:Manifest+1"],"picked":"SKIP","floor":24},{"not_picked":["hermit:GoldenBullet","hermit:Glare","hermit:FlashPowder"],"picked":"SKIP","floor":25},{"not_picked":["hermit:Feint","hermit:CursedWeapon"],"picked":"hermit:Quickdraw","floor":28},{"not_picked":["hermit:FlashPowder+1","hermit:HighCaliber+1","hermit:Determination"],"picked":"SKIP","floor":29},{"not_picked":["hermit:FromBeyond","hermit:Misfire","hermit:Showdown+1"],"picked":"SKIP","floor":31}],"player_experience":364376,"relics_obtained":[{"floor":9,"key":"Letter Opener"},{"floor":26,"key":"Mango"},{"floor":28,"key":"Unceasing Top"},{"floor":28,"key":"Bottled Flame"}],"event_choices":[{"damage_healed":0,"gold_gain":0,"player_choice":"Grow","damage_taken":0,"max_hp_gain":0,"max_hp_loss":0,"event_name":"Living Wall","floor":3,"gold_loss":0,"cards_upgraded":["hermit:FullyLoaded"]},{"damage_healed":0,"gold_gain":75,"player_choice":"Gather Gold","damage_taken":11,"max_hp_gain":0,"max_hp_loss":0,"event_name":"World of Goop","floor":5,"gold_loss":0},{"cards_removed":["hermit:Quickdraw"],"damage_healed":0,"gold_gain":0,"player_choice":"Take \u0026 Give","damage_taken":0,"max_hp_gain":0,"max_hp_loss":0,"event_name":"betterNote:BetterNote","floor":19,"gold_loss":0,"cards_obtained":["Clash"]},{"damage_healed":0,"gold_gain":0,"player_choice":"Ignored","damage_taken":0,"max_hp_gain":0,"max_hp_loss":0,"event_name":"Cursed Tome","floor":20,"gold_loss":0},{"damage_healed":0,"gold_gain":0,"player_choice":"Fight","damage_taken":0,"max_hp_gain":0,"max_hp_loss":0,"event_name":"Colosseum","floor":28,"gold_loss":0},{"damage_healed":0,"gold_gain":0,"player_choice":"Fought Nobs","damage_taken":0,"max_hp_gain":0,"max_hp_loss":0,"event_name":"Colosseum","floor":28,"gold_loss":0}],"is_beta":false,"boss_relics":[{"not_picked":["Snecko Eye","Calling Bell","Cursed Key"]}],"items_purged_floors":[],"is_endless":false,"potions_floor_spawned":[7,10,14,18,24,29,31],"killed_by":"Champ","ascension_level":0}}