{"host":"ygfasg9u7olr7skw","time":1610579647,"event":{"mods":["AchievementEnabler","BaseMod","Better Note","Better Vampires","Colored Powertips","Minty Spire (QoL Compilation)","Replay The Spire","Spicy Shops","StSLib","The IronCluck"],"gold_per_floor":[114,114,114,5,19,19,19,55,55,71,71,71,91,107,107,228,228,252,27,27,40,40,40,40,40,40,58,97,97,77,102,102,102,102],"floor_reached":33,"language":"ENG","playtime":2017,"items_purged":["Clumsy"],"score":276,"play_id":"357cf6f3-a58d-4db6-8b31-77773e1e06f9","local_time":"20210113181407","is_ascension_mode":true,"campfire_choices":[{"floor":6,"key":"RECALL"},{"floor":12,"key":"REST"},{"data":"Strike_G","floor":15,"key":"PURGE"},{"data":"Draining Mist","floor":23,"key":"SMITH"},{"data":"Toxin Wave","floor":25,"key":"SMITH"},{"floor":32,"key":"REST"}],"circlet_count":0,"master_deck":["Strike_G","Strike_G","Strike_G","Strike_G","Defend_G","Defend_G","Defend_G","Defend_G","Defend_G","Survivor+1","Neutralize","Blade Dance","Deadly Poison","Deadly Poison","Draining Mist+1","Bane","Replay:Bag of Tricks+1","Poisoned Stab+1","Poisoned Stab+1","Replay:Poison Smokescreen","Toxin Wave+1","Noxious Fumes","Poison Darts+1"],"relics":["Ring of the Snake","Golden Idol","Bronze Scales","Chemical X","Golden Egg","InkBottle","ReplayTheSpireMod:CursedCoin","DollysMirror","Gremlin Food","Nunchaku","Replay:Bottled Snecko","Toy Ornithopter"],"acts_visited":["Exordium","TheCity"],"potions_floor_usage":[8,28,33],"damage_taken":[{"damage":0,"enemies":"Small Slimes","floor":1,"turns":3},{"damage":1,"enemies":"Jaw Worm","floor":5,"turns":3},{"damage":20,"enemies":"3 Sentries","floor":8,"turns":12},{"damage":1,"enemies":"Cultist","floor":10,"turns":3},{"damage":4,"enemies":"Looter","floor":13,"turns":3},{"damage":0,"enemies":"2 Fungi Beasts","floor":14,"turns":4},{"damage":71,"enemies":"Fading Forest","floor":16,"turns":11},{"damage":4,"enemies":"Chosen","floor":18,"turns":4},{"damage":7,"enemies":"Spheric Guardian","floor":21,"turns":4},{"damage":0,"enemies":"Snecko","floor":27,"turns":3},{"damage":27,"enemies":"Slavers","floor":28,"turns":4},{"damage":0,"enemies":"Snake Plant","floor":31,"turns":3},{"damage":68,"enemies":"Champ","floor":33,"turns":6}],"seed_played":"-4192596040830859022","potions_obtained":[{"floor":1,"key":"Adrenaline Potion"},{"floor":13,"key":"FearPotion"},{"floor":16,"key":"GhostInAJar"},{"floor":21,"key":"Milkshake"},{"floor":27,"key":"Strength Potion"},{"floor":30,"key":"ColorlessPotion"}],"is_trial":false,"path_per_floor":["M","?","?","$","M","R","$","E","T","M","T","R","M","M","R","B",null,"M","$","?","M","$","R","?","R","T","M","E","?","?","M","R","B"],"character_chosen":"THE_SILENT","items_purchased":["Chemical X","Deadly Poison","ReplayTheSpireMod:CursedCoin","DollysMirror","Gremlin Food"],"campfire_rested":2,"item_purchase_floors":[4,4,19,19,19],"current_hp_per_floor":[77,71,68,68,67,67,67,47,47,46,46,67,63,63,63,10,71,67,67,67,60,60,60,60,60,60,60,33,33,33,33,54,0,0],"gold":102,"neow_bonus":"TEN_PERCENT_HP_BONUS","is_daily":false,"chose_seed":false,"campfire_upgraded":2,"win_rate":0.0,"timestamp":1610579647,"path_taken":["M","?","?","$","M","R","?","E","T","?","?","R","M","M","R","BOSS","M","$","?","M","$","R","?","R","T","M","E","?","?","M","R","BOSS"],"items_purchased_type":["Relic","Card","Relic","Relic","Relic"],"build_version":"2020-12-22","purchased_purges":1,"victory":false,"max_hp_per_floor":[77,71,71,71,71,71,71,71,71,71,71,71,71,71,71,71,71,71,71,71,71,71,71,71,71,71,71,71,71,71,71,71,71,71],"card_choices":[{"not_picked":["Replay:Poison Smokescreen","Outmaneuver"],"picked":"Blade Dance","floor":1},{"not_picked":["Setup","Fluid Movement","Cloak And Dagger"],"picked":"SKIP","floor":5},{"not_picked":["PiercingWail","Slice","Blade Dance"],"picked":"SKIP","floor":8},{"not_picked":["ReplayTheSpireMod:Shiv Toss","Dagger Spray","Sneak Up"],"picked":"SKIP","floor":10},{"not_picked":["Slice","PiercingWail"],"picked":"Draining Mist","floor":13},{"not_picked":["Hidden Blade","PiercingWail"],"picked":"Bane","floor":14},{"not_picked":["Night Terror","Phantasmal Killer"],"picked":"Replay:Bag of Tricks","floor":16},{"not_picked":["Dagger Spray","Calculated Gamble"],"picked":"Poisoned Stab+1","floor":18},{"not_picked":["Cloak And Dagger","Slice"],"picked":"Toxin Wave","floor":21},{"not_picked":["Quick Slash","Hidden Blade+1"],"picked":"Noxious Fumes","floor":27},{"not_picked":["ReplayTheSpireMod:Scrap Shanks+1","Masterful Stab","Underhanded Strike"],"picked":"SKIP","floor":28},{"not_picked":["Prepared","Predator"],"picked":"Poison Darts","floor":31}],"player_experience":270531,"relics_obtained":[{"floor":8,"key":"Golden Egg"},{"floor":11,"key":"InkBottle"},{"floor":26,"key":"Replay:Bottled Snecko"},{"floor":28,"key":"Toy Ornithopter"}],"event_choices":[{"damage_healed":0,"gold_gain":0,"player_choice":"Lose Max HP","damage_taken":0,"relics_obtained":["Golden Idol"],"max_hp_gain":0,"max_hp_loss":6,"event_name":"Golden Idol","floor":2,"gold_loss":0},{"damage_healed":0,"gold_gain":0,"player_choice":"Success","damage_taken":3,"relics_obtained":["Bronze Scales"],"max_hp_gain":0,"max_hp_loss":0,"event_name":"Scrap Ooze","floor":3,"gold_loss":0},{"damage_healed":0,"gold_gain":0,"player_choice":"Read","damage_taken":0,"max_hp_gain":0,"max_hp_loss":0,"event_name":"The Library","floor":20,"gold_loss":0,"cards_obtained":["Replay:Poison Smokescreen"]},{"damage_healed":0,"gold_gain":0,"player_choice":"Ignored","damage_taken":0,"max_hp_gain":0,"max_hp_loss":0,"event_name":"Vampires","floor":29,"gold_loss":0},{"damage_healed":0,"gold_gain":0,"player_choice":"Bought 1 Potion","damage_taken":0,"max_hp_gain":0,"max_hp_loss":0,"event_name":"The Woman in Blue","floor":30,"gold_loss":0}],"is_beta":false,"boss_relics":[{"not_picked":["Busted Crown","ReplayTheSpireMod:DimensionalGlitch","Velvet Choker"]}],"items_purged_floors":[19],"is_endless":false,"potions_floor_spawned":[1,13,16,21,27],"killed_by":"Champ","ascension_level":1}}