{"host":"sum4dy402bbv9y4o","time":1610567241,"event":{"mods":["Aspiration","BaseMod","Conspire","Highlight Path","Minty Spire (QoL Compilation)","StSLib"],"gold_per_floor":[16,16,16,28,47,80,99,127,182,182,198,228,242,253,253,324,324,342,362,4,4,21,21,21],"floor_reached":23,"language":"ENG","playtime":918,"items_purged":[],"score":630,"play_id":"d658ef91-2445-49f0-a7cd-b0b2504225bb","local_time":"20210113224721","is_ascension_mode":true,"campfire_choices":[{"data":"Eruption","floor":10,"key":"SMITH"},{"data":"Vigilance","floor":15,"key":"SMITH"}],"circlet_count":0,"master_deck":["AscendersBane","conspire:GhostlyStrike","conspire:GhostlyStrike","conspire:GhostlyStrike","conspire:GhostlyStrike","conspire:GhostlyDefend","conspire:GhostlyDefend","conspire:GhostlyDefend","conspire:GhostlyDefend","Eruption+1","Vigilance+1","Wish","FlurryOfBlows","WindmillStrike","Halt","CrushJoints","WheelKick","SashWhip+1","Conclude","FlurryOfBlows","Brilliance","MentalFortress","LikeWater","Tantrum"],"relics":["PureWater","aspiration:StickyExplosives","Ornamental Fan","Toy Ornithopter","PreservedInsect","Prayer Wheel","aspiration:SecretTechniqueScroll","Shuriken"],"acts_visited":["Exordium","TheCity"],"potions_floor_usage":[8,13,16,18,22,23],"damage_taken":[{"damage":1,"enemies":"2 Louse","floor":1,"turns":3},{"damage":3,"enemies":"Jaw Worm","floor":4,"turns":4},{"damage":0,"enemies":"Cultist","floor":5,"turns":4},{"damage":0,"enemies":"Lagavulin","floor":6,"turns":5},{"damage":0,"enemies":"Large Slime","floor":7,"turns":4},{"damage":0,"enemies":"Gremlin Nob","floor":8,"turns":2},{"damage":0,"enemies":"Looter","floor":11,"turns":2},{"damage":0,"enemies":"Lagavulin","floor":12,"turns":4},{"damage":4,"enemies":"Exordium Wildlife","floor":13,"turns":3},{"damage":0,"enemies":"2 Fungi Beasts","floor":14,"turns":2},{"damage":39,"enemies":"Hexaghost","floor":16,"turns":6},{"damage":15,"enemies":"3 Byrds","floor":18,"turns":4},{"damage":9,"enemies":"Spheric Guardian","floor":19,"turns":3},{"damage":43,"enemies":"Shelled Parasite and Fungi","floor":22,"turns":4},{"damage":26,"enemies":"Book of Stabbing","floor":23,"turns":3}],"seed_played":"-1369913770876690867","potions_obtained":[{"floor":4,"key":"DistilledChaos"},{"floor":7,"key":"Ancient Potion"},{"floor":8,"key":"SpeedPotion"},{"floor":11,"key":"DistilledChaos"},{"floor":14,"key":"Weak Potion"},{"floor":16,"key":"Explosive Potion"},{"floor":22,"key":"Dexterity Potion"}],"is_trial":false,"path_per_floor":["M","?","T","M","M","E","M","E","T","R","M","E","M","M","R","B",null,"M","M","$","?","M","E"],"character_chosen":"WATCHER","items_purchased":["Shuriken","Regen Potion"],"campfire_rested":0,"item_purchase_floors":[20,20],"current_hp_per_floor":[60,60,60,57,57,57,57,57,57,57,57,57,58,58,58,24,57,47,38,38,38,12,0,0],"gold":21,"neow_bonus":"THREE_RARE_CARDS","is_daily":false,"chose_seed":false,"campfire_upgraded":2,"win_rate":0.0,"timestamp":1610567241,"path_taken":["M","?","?","M","M","E","M","E","T","R","M","E","M","M","R","BOSS","M","M","$","?","M","E"],"items_purchased_type":["Relic","Potion"],"build_version":"2020-12-22","purchased_purges":0,"victory":false,"max_hp_per_floor":[68,68,68,68,68,68,68,68,68,68,68,68,68,68,68,68,68,68,68,68,68,68,68,68],"card_choices":[{"not_picked":["DeusExMachina","MasterReality"],"picked":"Wish","floor":0},{"not_picked":["ThirdEye","CarveReality"],"picked":"FlurryOfBlows","floor":1},{"not_picked":["WreathOfFlame","Meditate"],"picked":"WindmillStrike","floor":4},{"not_picked":["LikeWater","Evaluate"],"picked":"Halt","floor":5},{"not_picked":["BattleHymn","InnerPeace"],"picked":"CrushJoints","floor":6},{"not_picked":["Prostrate","ThirdEye"],"picked":"WheelKick","floor":7},{"not_picked":["Swivel","Collect"],"picked":"SashWhip","floor":8},{"not_picked":["WheelKick","ClearTheMind"],"picked":"Conclude","floor":11},{"not_picked":["CrushJoints","CarveReality"],"picked":"FlurryOfBlows","floor":12},{"not_picked":["Halt","ThirdEye"],"picked":"Brilliance","floor":13},{"not_picked":["CrushJoints","Vault","FollowUp"],"picked":"SKIP","floor":13},{"not_picked":["EmptyMind","Conclude","DeceiveReality"],"picked":"SKIP","floor":14},{"not_picked":["CrushJoints","Protect","Nirvana"],"picked":"SKIP","floor":14},{"not_picked":["SandsOfTime","PathToVictory"],"picked":"MentalFortress","floor":18},{"not_picked":["Meditate","ClearTheMind"],"picked":"LikeWater","floor":18},{"not_picked":["CutThroughFate","InnerPeace","FollowUp"],"picked":"SKIP","floor":19},{"not_picked":["Conclude","Prostrate","EmptyFist+1"],"picked":"SKIP","floor":19},{"not_picked":["Halt","ThirdEye"],"picked":"Tantrum","floor":22},{"not_picked":["CrushJoints","Crescendo","ClearTheMind"],"picked":"SKIP","floor":22}],"player_experience":2941237,"relics_obtained":[{"floor":3,"key":"aspiration:StickyExplosives"},{"floor":6,"key":"Ornamental Fan"},{"floor":8,"key":"Toy Ornithopter"},{"floor":9,"key":"PreservedInsect"},{"floor":12,"key":"Prayer Wheel"}],"event_choices":[{"damage_healed":0,"gold_gain":0,"player_choice":"Agree","damage_taken":0,"max_hp_gain":0,"max_hp_loss":0,"event_name":"conspire:LoneGhost","floor":2,"gold_loss":0},{"damage_healed":0,"gold_gain":0,"player_choice":"Upgraded","damage_taken":0,"max_hp_gain":0,"max_hp_loss":0,"event_name":"Upgrade Shrine","floor":21,"gold_loss":0,"cards_upgraded":["SashWhip"]}],"is_beta":false,"boss_relics":[{"not_picked":["Runic Pyramid","aspiration:DefectSkillbook"],"picked":"aspiration:SecretTechniqueScroll"}],"items_purged_floors":[],"is_endless":false,"potions_floor_spawned":[4,7,8,11,14,16,22],"killed_by":"Book of Stabbing","ascension_level":20}}