{"host":"1a32ffxog1zcqoh0","time":1610579040,"event":{"mods":["BaseMod","Block Reminder","Colored Map","Colored Powertips","Googly Eyes","Minty Spire (QoL Compilation)","Quick Restart","Rare Cards Sparkle","Relic Stats","StSLib","Unceasing Turn Reminder","everything is the same but u backflip on backflip","slay the spire mod where everything is the same but ironclad has a cowboy hat"],"gold_per_floor":[113,133,133,133,133,158,178,178,178,178,3,25,58,40,40,143,143,154,170,170,182,282,282,298,298,298],"floor_reached":25,"language":"ENG","playtime":817,"items_purged":["Regret"],"score":369,"play_id":"9c55cd8a-28f0-466a-a53f-2813a0be66d5","local_time":"20210113180400","is_ascension_mode":true,"campfire_choices":[{"data":"Noxious Fumes","floor":8,"key":"SMITH"},{"data":"Poisoned Stab","floor":10,"key":"SMITH"},{"data":"Dagger Spray","floor":15,"key":"SMITH"},{"floor":23,"key":"REST"}],"circlet_count":0,"master_deck":["Strike_G","Strike_G","Strike_G","Strike_G","Defend_G","Defend_G","Defend_G","Defend_G","Defend_G","Survivor","Neutralize","Poisoned Stab+1","Cloak And Dagger","Slice","Noxious Fumes+1","Poisoned Stab","Poisoned Stab","Dagger Spray+1","Envenom","Bane+1","Blade Dance+1","Backflip","Blade Dance+1"],"relics":["Ring of the Snake","NeowsBlessing","Mummified Hand","FossilizedHelix","The Courier","Snake Skull","Odd Mushroom","InkBottle","Sozu"],"acts_visited":["Exordium","TheCity"],"potions_floor_usage":[12],"damage_taken":[{"damage":0,"enemies":"Jaw Worm","floor":1,"turns":1},{"damage":0,"enemies":"Small Slimes","floor":2,"turns":1},{"damage":0,"enemies":"Lagavulin","floor":6,"turns":1},{"damage":2,"enemies":"2 Louse","floor":7,"turns":3},{"damage":6,"enemies":"The Mushroom Lair","floor":12,"turns":3},{"damage":6,"enemies":"Gremlin Nob","floor":13,"turns":4},{"damage":0,"enemies":"Slime Boss","floor":16,"turns":7},{"damage":6,"enemies":"3 Byrds","floor":18,"turns":3},{"damage":17,"enemies":"2 Thieves","floor":19,"turns":3},{"damage":31,"enemies":"Shelled Parasite and Fungi","floor":21,"turns":3},{"damage":0,"enemies":"3 Cultists","floor":24,"turns":3},{"damage":36,"enemies":"Book of Stabbing","floor":25,"turns":4}],"seed_played":"7386061090669602001","potions_obtained":[{"floor":6,"key":"Strength Potion"},{"floor":12,"key":"Ancient Potion"}],"is_trial":false,"path_per_floor":["M","M","?","?","?","E","M","R","T","R","$","?","E","$","R","B",null,"M","M","?","M","?","R","M","E"],"character_chosen":"THE_SILENT","items_purchased":["Snake Skull","Dagger Spray"],"campfire_rested":1,"item_purchase_floors":[11,14],"current_hp_per_floor":[63,63,56,56,56,56,54,54,54,54,54,48,42,42,42,42,63,57,40,40,9,9,30,30,0,0],"gold":298,"neow_bonus":"THREE_ENEMY_KILL","is_daily":false,"chose_seed":false,"campfire_upgraded":3,"win_rate":0.0,"timestamp":1610579040,"path_taken":["M","M","?","?","?","E","M","R","T","R","?","?","E","$","R","BOSS","M","M","?","M","?","R","?","E"],"items_purchased_type":["Relic","Card"],"build_version":"2020-12-22","purchased_purges":1,"victory":false,"max_hp_per_floor":[70,70,70,70,70,70,70,70,70,70,70,70,70,70,70,70,70,70,70,70,70,70,70,70,70,70],"relic_stats":{"Sozu":1,"counters":[12,36],"Mummified Hand":[11],"Snake Skull":[95],"obtain_stats":[{"Sozu":17,"NeowsBlessing":0,"Mummified Hand":4,"The Courier":9,"Snake Skull":11,"Odd Mushroom":12,"FossilizedHelix":6,"InkBottle":13,"Ring of the Snake":0},{"Sozu":7,"NeowsBlessing":0,"Mummified Hand":2,"The Courier":4,"Snake Skull":4,"Odd Mushroom":5,"FossilizedHelix":3,"InkBottle":6,"Ring of the Snake":0},{"Sozu":20,"NeowsBlessing":0,"Mummified Hand":2,"The Courier":6,"Snake Skull":6,"Odd Mushroom":9,"FossilizedHelix":3,"InkBottle":13,"Ring of the Snake":0}],"InkBottle":[10],"Ring of the Snake":[24]},"card_choices":[{"not_picked":["Sucker Punch","Deadly Poison"],"picked":"Poisoned Stab","floor":1},{"not_picked":["Heel Hook","Flechettes"],"picked":"Cloak And Dagger","floor":2},{"not_picked":["Quick Slash","Masterful Stab"],"picked":"Slice","floor":6},{"not_picked":["Deflect","Deadly Poison"],"picked":"Noxious Fumes","floor":7},{"not_picked":["Slice","Dodge and Roll"],"picked":"Poisoned Stab","floor":12},{"not_picked":["Die Die Die","Tactician"],"picked":"Poisoned Stab","floor":13},{"not_picked":["Night Terror","Wraith Form v2"],"picked":"Envenom","floor":16},{"not_picked":["Backflip","Predator"],"picked":"Bane+1","floor":18},{"not_picked":["PiercingWail+1","Bane"],"picked":"Blade Dance+1","floor":19},{"not_picked":["Finisher","Distraction"],"picked":"Backflip","floor":21},{"not_picked":["Deflect","Outmaneuver"],"picked":"Blade Dance+1","floor":24}],"player_experience":273632,"relics_obtained":[{"floor":6,"key":"FossilizedHelix"},{"floor":9,"key":"The Courier"},{"floor":12,"key":"Odd Mushroom"},{"floor":13,"key":"InkBottle"}],"event_choices":[{"cards_removed":["Strike_G"],"damage_healed":0,"gold_gain":0,"player_choice":"Card Removal","damage_taken":7,"max_hp_gain":0,"max_hp_loss":0,"event_name":"Golden Wing","floor":3,"gold_loss":0},{"damage_healed":0,"gold_gain":0,"player_choice":"Box","damage_taken":0,"relics_obtained":["Mummified Hand"],"max_hp_gain":0,"max_hp_loss":0,"event_name":"Big Fish","floor":4,"gold_loss":0,"cards_obtained":["Regret"]},{"damage_healed":0,"gold_gain":0,"player_choice":"Ignored","damage_taken":0,"max_hp_gain":0,"max_hp_loss":0,"event_name":"Liars Game","floor":5,"gold_loss":0},{"damage_healed":0,"gold_gain":0,"player_choice":"Fought Mushrooms","damage_taken":0,"max_hp_gain":0,"max_hp_loss":0,"event_name":"Mushrooms","floor":12,"gold_loss":0},{"damage_healed":0,"gold_gain":0,"player_choice":"Ignored","damage_taken":0,"max_hp_gain":0,"max_hp_loss":0,"event_name":"Cursed Tome","floor":20,"gold_loss":0},{"damage_healed":0,"gold_gain":100,"player_choice":"Pray","damage_taken":0,"max_hp_gain":0,"max_hp_loss":0,"event_name":"Golden Shrine","floor":22,"gold_loss":0}],"is_beta":false,"boss_relics":[{"not_picked":["Astrolabe","HoveringKite"],"picked":"Sozu"}],"items_purged_floors":[11],"is_endless":false,"potions_floor_spawned":[6,12,19],"killed_by":"Book of Stabbing","ascension_level":6}}