{"host":"36t3qd3wjvajtu1z","time":1610519129,"event":{"mods":["AchievementEnabler","BaseMod","Block Reminder","Colored Powertips","Minty Spire (QoL Compilation)","Permanent Neow","Quick Restart","Random Character Button","Rare Cards Sparkle","Relic Stats","Slay-I","StSLib"],"gold_per_floor":[117,117,117,134,153,184,184,359,383,77,9,20,20,51,51,147,147,157,157,82,99,0,35,35,69,96,96,111,121,135,167,167,272,272,282,300,300,310,55,90,90,103,103,122,157,157,157,186,186,186,186,186,8,41,41],"floor_reached":56,"language":"ENG","playtime":3568,"items_purged":["Doubt","Strike_G","Defend_G"],"score":1381,"play_id":"fa4e05dc-2b06-4988-bb31-84a42f195944","local_time":"20210112222529","is_ascension_mode":true,"campfire_choices":[{"data":"Venomology","floor":7,"key":"SMITH"},{"data":"Blade Dance","floor":13,"key":"SMITH"},{"data":"Survivor","floor":15,"key":"SMITH"},{"floor":24,"key":"REST"},{"data":"Backflip","floor":32,"key":"SMITH"},{"floor":41,"key":"RECALL"},{"floor":46,"key":"REST"},{"floor":49,"key":"REST"},{"data":"Dagger Throw","floor":52,"key":"SMITH"}],"circlet_count":0,"master_deck":["Strike_G","Strike_G","Defend_G","Defend_G","Defend_G","Survivor+1","Neutralize+1","Blade Dance+1","Dagger Throw+1","Caltrops+1","Noxious Fumes+1","Venomology+1","Well Laid Plans+1","Accuracy+1","Slice+1","Poisoned Stab+1","After Image+1","Underhanded Strike+1","Acrobatics+1","Infinite Blades+1","Backflip+1","Reflex","Reflex","Dagger Throw+1","Envenom+1","Accuracy+1","Cloak And Dagger+1","Panache+1","Dash+1","Corpse Explosion","PiercingWail+1","Panache+1","Caltrops+1"],"relics":["Ring of the Snake","Frozen Egg 2","Molten Egg 2","Boot","Bronze Scales","Snake Skull","Philosopher\u0027s Stone","Bag of Marbles","Happy Flower","Potion Belt","Smiling Mask","Runic Pyramid","Singing Bowl","Paper Crane","Blood Vial","Sundial"],"acts_visited":["Exordium","TheCity","TheBeyond","TheEnding"],"potions_floor_usage":[14,16,23,25,25,30,31,31,31,31,31,31,31,33,33,33,33,35,36,38,42,42,44,48,48,48,50,50,54,54,55,55],"damage_taken":[{"damage":0,"enemies":"Jaw Worm","floor":1,"turns":5},{"damage":0,"enemies":"Small Slimes","floor":4,"turns":2},{"damage":0,"enemies":"2 Louse","floor":5,"turns":2},{"damage":15,"enemies":"Lagavulin","floor":6,"turns":7},{"damage":6,"enemies":"2 Fungi Beasts","floor":12,"turns":3},{"damage":1,"enemies":"3 Sentries","floor":14,"turns":5},{"damage":14,"enemies":"Hexaghost","floor":16,"turns":6},{"damage":0,"enemies":"Chosen","floor":18,"turns":4},{"damage":2,"enemies":"Shell Parasite","floor":21,"turns":4},{"damage":10,"enemies":"Slavers","floor":23,"turns":4},{"damage":15,"enemies":"Book of Stabbing","floor":25,"turns":4},{"damage":1,"enemies":"Snecko","floor":28,"turns":4},{"damage":0,"enemies":"Snake Plant","floor":29,"turns":3},{"damage":0,"enemies":"Centurion and Healer","floor":30,"turns":5},{"damage":0,"enemies":"Gremlin Leader","floor":31,"turns":4},{"damage":2,"enemies":"Champ","floor":33,"turns":8},{"damage":20,"enemies":"3 Darklings","floor":35,"turns":4},{"damage":0,"enemies":"Orb Walker","floor":36,"turns":4},{"damage":19,"enemies":"Writhing Mass","floor":38,"turns":5},{"damage":0,"enemies":"Giant Head","floor":40,"turns":5},{"damage":0,"enemies":"Spire Growth","floor":42,"turns":3},{"damage":6,"enemies":"Jaw Worm Horde","floor":44,"turns":4},{"damage":20,"enemies":"Nemesis","floor":45,"turns":5},{"damage":13,"enemies":"Reptomancer","floor":48,"turns":6},{"damage":15,"enemies":"Time Eater","floor":50,"turns":8},{"damage":12,"enemies":"Shield and Spear","floor":54,"turns":4},{"damage":94,"enemies":"The Heart","floor":55,"turns":7}],"seed_played":"5386586222763938102","potions_obtained":[{"floor":6,"key":"SpeedPotion"},{"floor":14,"key":"SmokeBomb"},{"floor":16,"key":"Strength Potion"},{"floor":23,"key":"PowerPotion"},{"floor":25,"key":"FearPotion"},{"floor":28,"key":"BlessingOfTheForge"},{"floor":29,"key":"FearPotion"},{"floor":33,"key":"SpeedPotion"},{"floor":40,"key":"Regen Potion"},{"floor":42,"key":"Dexterity Potion"},{"floor":45,"key":"GhostInAJar"},{"floor":48,"key":"SkillPotion"}],"is_trial":false,"path_per_floor":["M","?","T","M","M","E","R","?","T","$","$","M","R","E","R","B",null,"M","?","?","M","?","E","R","E","T","$","M","M","M","E","R","B",null,"M","M","?","M","$","E","R","M","T","M","E","R","?","E","R","B",null,"R","$","E","B",null],"character_chosen":"THE_SILENT","items_purchased":["Bronze Scales","Well Laid Plans+1","Accuracy+1","Panache+1","Dash+1","Caltrops+1","Block Potion"],"campfire_rested":3,"item_purchase_floors":[10,10,11,39,39,53,53],"current_hp_per_floor":[70,70,70,70,70,55,55,55,55,55,55,49,49,48,48,34,70,70,57,57,55,55,45,67,52,52,52,51,51,51,51,51,49,75,55,55,55,36,36,36,36,47,47,41,23,46,46,35,59,46,81,81,81,71,3],"gold":41,"neow_bonus":"UPGRADE_CARD","is_daily":false,"chose_seed":false,"campfire_upgraded":5,"win_rate":0.0,"timestamp":1610519129,"path_taken":["M","?","?","M","M","E","R","?","T","?","$","M","R","E","R","BOSS","M","?","?","M","?","E","R","E","T","?","M","?","M","E","R","BOSS","M","M","?","M","$","E","R","M","T","M","E","R","?","E","R","BOSS","R","$","E","BOSS"],"items_purchased_type":["Relic","Card","Card","Card","Card","Card","Potion"],"build_version":"2020-12-22","purchased_purges":3,"victory":true,"max_hp_per_floor":[70,70,70,70,70,70,70,70,70,70,70,70,70,70,70,70,70,70,75,75,75,75,75,75,75,75,75,75,75,75,75,75,75,75,75,75,75,75,75,75,75,77,77,77,79,79,79,81,81,81,81,81,81,83,83],"relic_stats":{"Blood Vial":4,"Happy Flower":[26],"Singing Bowl":8,"counters":[27,125],"Sundial":[0],"Bronze Scales":[369],"Snake Skull":[186],"Boot":[108],"Smiling Mask":125,"obtain_stats":[{"Potion Belt":26,"Happy Flower":25,"Singing Bowl":40,"Snake Skull":14,"Frozen Egg 2":3,"Paper Crane":45,"Boot":9,"Smiling Mask":31,"Blood Vial":48,"Sundial":54,"Bronze Scales":10,"Molten Egg 2":6,"Philosopher\u0027s Stone":17,"Bag of Marbles":23,"Ring of the Snake":0,"Runic Pyramid":34},{"Potion Belt":11,"Happy Flower":11,"Singing Bowl":20,"Snake Skull":6,"Frozen Egg 2":1,"Paper Crane":23,"Boot":4,"Smiling Mask":15,"Blood Vial":24,"Sundial":26,"Bronze Scales":4,"Molten Egg 2":4,"Philosopher\u0027s Stone":7,"Bag of Marbles":10,"Ring of the Snake":0,"Runic Pyramid":16},{"Potion Belt":46,"Happy Flower":46,"Singing Bowl":88,"Snake Skull":24,"Frozen Egg 2":5,"Paper Crane":100,"Boot":16,"Smiling Mask":62,"Blood Vial":106,"Sundial":118,"Bronze Scales":16,"Molten Egg 2":16,"Philosopher\u0027s Stone":30,"Bag of Marbles":42,"Ring of the Snake":0,"Runic Pyramid":70}],"Ring of the Snake":[54]},"card_choices":[{"not_picked":["Acrobatics","Deadly Poison"],"picked":"Blade Dance","floor":1},{"not_picked":["Outmaneuver","PiercingWail"],"picked":"Caltrops+1","floor":4},{"not_picked":["Acrobatics","Distraction"],"picked":"Noxious Fumes+1","floor":5},{"not_picked":["Skewer+1","Underhanded Strike+1"],"picked":"Venomology","floor":6},{"not_picked":["Outmaneuver","Quick Slash+1"],"picked":"Slice+1","floor":12},{"not_picked":["Underhanded Strike+1","Tactician"],"picked":"Poisoned Stab+1","floor":14},{"not_picked":["Unload+1","Malaise"],"picked":"After Image+1","floor":16},{"not_picked":["Expertise","Deflect+1"],"picked":"Underhanded Strike+1","floor":18},{"not_picked":["Prepared","Dagger Spray+1"],"picked":"Acrobatics+1","floor":21},{"not_picked":["Masterful Stab+1","Escape Plan"],"picked":"Infinite Blades+1","floor":23},{"not_picked":["Flechettes+1","Prepared"],"picked":"Backflip","floor":25},{"not_picked":["Poisoned Stab+1","Noxious Fumes+1"],"picked":"Reflex","floor":28},{"not_picked":["Flying Knee+1","Prepared"],"picked":"Reflex","floor":29},{"not_picked":["Setup","Distraction"],"picked":"Dagger Throw+1","floor":30},{"not_picked":["Prepared","Quick Slash+1","Deadly Poison+1"],"picked":"SKIP","floor":31},{"not_picked":["Venomology","Unload+1"],"picked":"Envenom+1","floor":33},{"not_picked":["PiercingWail+1","Underhanded Strike+1"],"picked":"Accuracy+1","floor":35},{"not_picked":["Heel Hook+1","Deflect+1","Bouncing Flask"],"picked":"SKIP","floor":36},{"not_picked":["Dagger Throw+1","Catalyst"],"picked":"Cloak And Dagger+1","floor":38},{"not_picked":["Bane+1","Setup+1"],"picked":"Corpse Explosion","floor":40},{"not_picked":["Outmaneuver+1","Infinite Blades+1","Slice+1"],"picked":"Singing Bowl","floor":42},{"not_picked":["Skewer+1","Outmaneuver+1"],"picked":"PiercingWail+1","floor":44},{"not_picked":["Unload+1","Dodge and Roll","Expertise"],"picked":"Singing Bowl","floor":45},{"not_picked":["Deep Breath","Good Instincts"],"picked":"Panache+1","floor":47},{"not_picked":["Dagger Spray+1","Cloak And Dagger","Choke+1"],"picked":"Singing Bowl","floor":48},{"not_picked":["Skewer+1","Setup","Dodge and Roll+1"],"picked":"Singing Bowl","floor":54}],"player_experience":334448,"relics_obtained":[{"floor":3,"key":"Frozen Egg 2"},{"floor":6,"key":"Molten Egg 2"},{"floor":9,"key":"Boot"},{"floor":14,"key":"Snake Skull"},{"floor":23,"key":"Bag of Marbles"},{"floor":25,"key":"Happy Flower"},{"floor":26,"key":"Potion Belt"},{"floor":31,"key":"Smiling Mask"},{"floor":40,"key":"Singing Bowl"},{"floor":45,"key":"Paper Crane"},{"floor":48,"key":"Blood Vial"},{"floor":54,"key":"Sundial"}],"event_choices":[{"damage_healed":0,"gold_gain":0,"cards_transformed":["Strike_G"],"player_choice":"Change","damage_taken":0,"max_hp_gain":0,"max_hp_loss":0,"event_name":"Living Wall","floor":2,"gold_loss":0,"cards_obtained":["Dagger Throw"]},{"damage_healed":0,"gold_gain":175,"player_choice":"AGREE","damage_taken":0,"max_hp_gain":0,"max_hp_loss":0,"event_name":"Liars Game","floor":8,"gold_loss":0,"cards_obtained":["Doubt"]},{"damage_healed":0,"gold_gain":0,"player_choice":"Shed Blood","damage_taken":18,"max_hp_gain":5,"max_hp_loss":0,"event_name":"Forgotten Altar","floor":19,"gold_loss":0},{"cards_removed":["Strike_G"],"damage_healed":0,"gold_gain":0,"player_choice":"Gave Gold","damage_taken":0,"max_hp_gain":0,"max_hp_loss":0,"event_name":"Beggar","floor":20,"gold_loss":75},{"damage_healed":0,"gold_gain":0,"player_choice":"Paid Fearfully","damage_taken":0,"max_hp_gain":0,"max_hp_loss":0,"event_name":"Masked Bandits","floor":22,"gold_loss":99},{"cards_removed":["Defend_G"],"damage_healed":0,"gold_gain":0,"player_choice":"Removed Skill","damage_taken":0,"max_hp_gain":0,"max_hp_loss":0,"event_name":"Falling","floor":37,"gold_loss":0},{"damage_healed":0,"gold_gain":0,"player_choice":"Memory 1","damage_taken":0,"max_hp_gain":0,"max_hp_loss":0,"event_name":"SensoryStone","floor":47,"gold_loss":0}],"is_beta":false,"boss_relics":[{"not_picked":["Fusion Hammer","Cursed Key"],"picked":"Philosopher\u0027s Stone"},{"not_picked":["Coffee Dripper","Sozu"],"picked":"Runic Pyramid"}],"items_purged_floors":[10,39,53],"is_endless":false,"potions_floor_spawned":[6,14,16,23,25,28,29,33,40,42,45,48],"ascension_level":1}}