{"host":"bb5r3ba2ig485dr2","time":1610577321,"event":{"mods":["Act Like it!","BaseMod","CapriCore","Chen","Curses Come First","Gensokyo","Hallownest","Koishi","Lobotomy","LobotomyExtend","Marisa（霧雨　魔理沙）","Minty Spire (QoL Compilation)","Random Character Button","Rare Cards Sparkle","Reimu（博??梦）","StSLib","Steal the Spire","The Administrix","The Bug Knight","The Immortal","The Servant 0.9.4","The Wild Card"],"gold_per_floor":[111,122,136,101,101,134,151,165,165,165,180,180,9,23,23,123,123,91,91,111,111,121,149,149,162,231,264,278,13,33,33,33,134,134,154,254,270,286,306,337,337,347,347,134,150,150,150,200,200,200,200,200,9,9,9],"floor_reached":56,"language":"ENG","playtime":6584,"items_purged":["theWildCard:Alice"],"score":1225,"play_id":"e7464342-7668-4c49-9ac8-0c1d6c6dde21","local_time":"20210113233521","is_ascension_mode":false,"campfire_choices":[{"floor":12.0,"key":"RECALL"},{"data":"theWildCard:FinalHour","floor":15.0,"key":"SMITH"},{"data":"theWildCard:Abstinence","floor":24,"key":"SMITH"},{"data":"theWildCard:PaleRider","floor":32,"key":"SMITH"},{"floor":41,"key":"REST"},{"data":"theWildCard:Michael","floor":47,"key":"SMITH"},{"floor":49,"key":"DIG"},{"floor":52,"key":"DIG"}],"circlet_count":0,"master_deck":["theWildCard:BasicStrike+1","theWildCard:BasicStrike+1","theWildCard:BasicStrike+1","theWildCard:BasicStrike+1","theWildCard:BasicDefend+1","theWildCard:BasicDefend+1","theWildCard:BasicDefend+1","theWildCard:BasicDefend+1","theWildCard:CallToAdventure","theWildCard:Arsene","theWildCard:Polydeuces+1","theWildCard:Unburden","theWildCard:MaskChange","theWildCard:StingingStrike+1","theWildCard:FinalHour+1","theWildCard:Proficiency","theWildCard:Michael+1","theWildCard:SeveringSlash","theWildCard:Abstinence+1","theWildCard:Amaterasu+1","theWildCard:Salvation+1","theWildCard:ArcaneArts","theWildCard:SeveringSlash+1","theWildCard:Patience","theWildCard:PaleRider+1","theWildCard:MagicalMight+1","theWildCard:ArcaneArts","theWildCard:MagicalMight+1","theWildCard:Caesar","theWildCard:StalwartBlade+1","theWildCard:Odin"],"relics":["Velvet Choker","LetterFromLob","MealTicket","Lizard Tail","Membership Card","SlaversCollar","War Paint","Letter Opener","White Beast Statue","StoneCalendar","Medical Kit","RedLine:ReiMu","Shovel","Molten Egg 2","Lee\u0027s Waffle","Anchor","Unceasing Top","Centennial Puzzle","Pear","Ornamental Fan"],"acts_visited":["Exordium","TheCity","TheBeyond","TheEnding"],"potions_floor_usage":[22,23,23,30,33,35,37,39,40,40,40,42,45,45,50,55],"damage_taken":[{"damage":0.0,"enemies":"Small Slimes","floor":1.0,"turns":3.0},{"damage":0.0,"enemies":"Jaw Worm","floor":2.0,"turns":3.0},{"damage":0.0,"enemies":"Cultist","floor":3.0,"turns":3.0},{"damage":21.0,"enemies":"Exordium Thugs","floor":4.0,"turns":5.0},{"damage":20.0,"enemies":"3 Sentries","floor":6.0,"turns":18.0},{"damage":0.0,"enemies":"2 Fungi Beasts","floor":7.0,"turns":4.0},{"damage":0.0,"enemies":"Lots of Slimes","floor":8.0,"turns":2.0},{"damage":4.0,"enemies":"Exordium Wildlife","floor":11.0,"turns":3.0},{"damage":0.0,"enemies":"Gremlin Gang","floor":14.0,"turns":2.0},{"damage":27.0,"enemies":"The Guardian","floor":16.0,"turns":12.0},{"damage":15,"enemies":"2 Thieves","floor":18,"turns":5},{"damage":31,"enemies":"Cultist and Chosen","floor":20,"turns":8},{"damage":0,"enemies":"Snecko","floor":22,"turns":5},{"damage":2,"enemies":"HollowMod:Nosk","floor":23,"turns":8},{"damage":9,"enemies":"Centurion and Healer","floor":25,"turns":9},{"damage":0,"enemies":"Book of Stabbing","floor":27,"turns":6},{"damage":0,"enemies":"Snake Plant","floor":28,"turns":3},{"damage":0,"enemies":"Snecko","floor":30,"turns":2},{"damage":17,"enemies":"Collector","floor":33,"turns":6},{"damage":3,"enemies":"3 Shapes","floor":35,"turns":2},{"damage":12,"enemies":"3 Darklings","floor":37,"turns":5},{"damage":8,"enemies":"4 Shapes","floor":38,"turns":4},{"damage":16,"enemies":"Writhing Mass","floor":39,"turns":4},{"damage":49,"enemies":"Nemesis","floor":40,"turns":7},{"damage":23,"enemies":"Jaw Worm Horde","floor":42,"turns":4},{"damage":11,"enemies":"Maw","floor":45,"turns":7},{"damage":0,"enemies":"Mind Bloom Boss Battle","floor":48,"turns":7},{"damage":87,"enemies":"Time Eater","floor":50,"turns":13},{"damage":88,"enemies":"The Heart","floor":55,"turns":8}],"seed_played":"4937681807736616616","potions_obtained":[{"floor":4.0,"key":"EssenceOfSteel"},{"floor":6.0,"key":"Explosive Potion"},{"floor":7.0,"key":"Fruit Juice"},{"floor":14.0,"key":"PowerPotion"},{"floor":20,"key":"Block Potion"},{"floor":22,"key":"FearPotion"},{"floor":23,"key":"Dexterity Potion"},{"floor":27,"key":"AttackPotion"},{"floor":28,"key":"FearPotion"},{"floor":30,"key":"FearPotion"},{"floor":33,"key":"Weak Potion"},{"floor":35,"key":"ColorlessPotion"},{"floor":37,"key":"ColorlessPotion"},{"floor":38,"key":"Block Potion"},{"floor":39,"key":"Dexterity Potion"},{"floor":40,"key":"SteroidPotion"},{"floor":42,"key":"FearPotion"},{"floor":45,"key":"Fruit Juice"},{"floor":48,"key":"SmokeBomb"}],"is_trial":false,"path_per_floor":["M","M","M","M","?","E","M","M","T","?","M","R","$","M","R","B",null,"M","?","M","?","M","E","R","M","T","E","M","$","M","T","R","B",null,"M","?","M","M","M","E","R","M","T","$","M","?","R","?","R","B",null,"R","$","E","B",null],"character_chosen":"THE_WILD_CARD","items_purchased":["Membership Card","theWildCard:SeveringSlash","StoneCalendar","Medical Kit","Lee\u0027s Waffle","Anchor","theWildCard:Caesar","Fire Potion","theWildCard:Odin","Ornamental Fan","FearPotion"],"campfire_rested":1,"item_purchase_floors":[13,13,29,29,44,44,44,44,53,53,53],"current_hp_per_floor":[60,60,60,39,39,19,19,19,19,19,20,20,35,35,35,8,65,50,50,31,19,62,70,70,61,61,63,63,70,70,70,70,59,70,67,67,55,55,51,30,51,44,44,77,79,79,79,82,82,32,82,92,92,92,37],"gold":9,"neow_bonus":"BOSS_RELIC","is_daily":false,"chose_seed":false,"campfire_upgraded":4,"win_rate":0.0,"timestamp":1610577321,"path_taken":["M","M","M","M","?","E","M","M","T","?","M","R","$","M","R","BOSS","M","?","M","?","?","E","R","M","T","E","M","$","M","?","R","BOSS","M","?","M","M","?","E","R","M","T","?","M","?","R","?","R","BOSS","R","$","E","BOSS"],"items_purchased_type":["Relic","Card","Relic","Relic","Relic","Relic","Card","Potion","Card","Relic","Potion"],"build_version":"2020-12-22","purchased_purges":1,"victory":true,"max_hp_per_floor":[60,60,60,60,60,60,60,60,60,60,65,65,65,65,65,65,65,65,65,65,65,65,70,70,70,70,70,70,70,70,70,70,70,70,70,70,70,70,70,70,70,70,70,77,82,82,82,82,82,82,82,92,92,92,92],"card_choices":[{"not_picked":["theWildCard:SeveringSlash","theWildCard:StingingStrike"],"picked":"theWildCard:Polydeuces","floor":1.0},{"not_picked":["theWildCard:StingingStrike","theWildCard:Proficiency"],"picked":"theWildCard:Alice","floor":2.0},{"not_picked":["theWildCard:StingingStrike","theWildCard:StalwartBlade"],"picked":"theWildCard:Unburden","floor":3.0},{"not_picked":["theWildCard:Sakuya","theWildCard:UnderLockAndKey"],"picked":"theWildCard:MaskChange","floor":4.0},{"not_picked":["theWildCard:Safeguard","theWildCard:ManOfManyFaces"],"picked":"theWildCard:StingingStrike","floor":6.0},{"not_picked":["theWildCard:MagicMettle","theWildCard:ArchaicAssault"],"picked":"theWildCard:FinalHour","floor":7.0},{"not_picked":["theWildCard:Attunement","theWildCard:SeveringSlash"],"picked":"theWildCard:Proficiency","floor":8.0},{"not_picked":["theWildCard:ArcaneArts","theWildCard:Loki"],"picked":"theWildCard:Michael","floor":11.0},{"not_picked":["theWildCard:BladeOfGenerations","theWildCard:Scathach"],"picked":"theWildCard:Abstinence","floor":14.0},{"not_picked":["theWildCard:FuelForTheFire","theWildCard:Desolation"],"picked":"theWildCard:Amaterasu","floor":16.0},{"not_picked":["theWildCard:Unburden","theWildCard:Impatience","theWildCard:Polydeuces"],"picked":"SKIP","floor":18},{"not_picked":["theWildCard:Loki","theWildCard:Attunement"],"picked":"theWildCard:Salvation+1","floor":20},{"not_picked":["theWildCard:MaskChange","theWildCard:ArcanaArtistry"],"picked":"theWildCard:ArcaneArts","floor":22},{"not_picked":["theWildCard:BladeOfGenerations+1","theWildCard:TheGreatSeal"],"picked":"theWildCard:SeveringSlash+1","floor":23},{"not_picked":["theWildCard:SacrificialStroke+1","theWildCard:SeveringSlash"],"picked":"theWildCard:Patience","floor":25},{"not_picked":["theWildCard:UnderLockAndKey+1","theWildCard:LadyLuck","theWildCard:MaskChange"],"picked":"SKIP","floor":27},{"not_picked":["theWildCard:StingingStrike+1","theWildCard:MagicalMight"],"picked":"theWildCard:PaleRider","floor":28},{"not_picked":["theWildCard:ArcaneArts","theWildCard:StingingStrike"],"picked":"theWildCard:MagicalMight+1","floor":30},{"not_picked":["theWildCard:MasterPlan+1","theWildCard:Polydeuces+1"],"picked":"theWildCard:ArcaneArts","floor":35},{"not_picked":["theWildCard:ArcaneArts+1","theWildCard:Patience+1"],"picked":"theWildCard:MagicalMight+1","floor":37},{"not_picked":["theWildCard:Unburden","theWildCard:ArcaneArts","theWildCard:Abstinence+1"],"picked":"SKIP","floor":38},{"not_picked":["theWildCard:Salvation+1","theWildCard:Michael"],"picked":"theWildCard:SeveringSlash+1","floor":39},{"not_picked":["theWildCard:StingingStrike","theWildCard:SeveringSlash+1","theWildCard:Providence"],"picked":"SKIP","floor":40},{"not_picked":["theWildCard:StingingStrike+1","theWildCard:Safeguard+1","theWildCard:Proficiency+1"],"picked":"SKIP","floor":42},{"not_picked":["theWildCard:ArcaneArts+1","theWildCard:Attunement"],"picked":"theWildCard:StalwartBlade+1","floor":45}],"player_experience":175968,"relics_obtained":[{"floor":3.0,"key":"LetterFromLob"},{"floor":6.0,"key":"MealTicket"},{"floor":9.0,"key":"Lizard Tail"},{"floor":23,"key":"War Paint"},{"floor":26,"key":"Letter Opener"},{"floor":27,"key":"White Beast Statue"},{"floor":40,"key":"Shovel"},{"floor":43,"key":"Molten Egg 2"},{"floor":48,"key":"Unceasing Top"},{"floor":49,"key":"Centennial Puzzle"},{"floor":52,"key":"Pear"}],"event_choices":[{"damage_healed":0.0,"max_hp_gain":0.0,"max_hp_loss":0.0,"gold_gain":0.0,"event_name":"Liars Game","player_choice":"Ignored","floor":5.0,"gold_loss":0.0,"damage_taken":0.0},{"damage_healed":0.0,"max_hp_gain":0.0,"max_hp_loss":0.0,"gold_gain":0.0,"event_name":"Living Wall","player_choice":"Grow","floor":10.0,"gold_loss":0.0,"damage_taken":0.0,"cards_upgraded":["theWildCard:StingingStrike"]},{"damage_healed":0,"gold_gain":0,"player_choice":"Simplicity","damage_taken":0,"max_hp_gain":0,"max_hp_loss":0,"event_name":"Back to Basics","floor":19,"gold_loss":0,"cards_upgraded":["theWildCard:BasicStrike","theWildCard:BasicStrike","theWildCard:BasicStrike","theWildCard:BasicStrike","theWildCard:BasicDefend","theWildCard:BasicDefend","theWildCard:BasicDefend","theWildCard:BasicDefend"]},{"damage_healed":0,"gold_gain":0,"player_choice":"POTION ","damage_taken":12,"max_hp_gain":0,"max_hp_loss":0,"event_name":"Knowing Skull","floor":21,"potions_obtained":["Fruit Juice"],"gold_loss":0,"cards_obtained":[]},{"damage_healed":0,"gold_gain":100,"player_choice":"Pray","damage_taken":0,"max_hp_gain":0,"max_hp_loss":0,"event_name":"Golden Shrine","floor":36,"gold_loss":0},{"cards_removed":["theWildCard:SeveringSlash"],"damage_healed":0,"gold_gain":0,"player_choice":"Removed Attack","damage_taken":0,"max_hp_gain":0,"max_hp_loss":0,"event_name":"Falling","floor":46,"gold_loss":0},{"damage_healed":0,"gold_gain":0,"player_choice":"Fight","damage_taken":0,"max_hp_gain":0,"max_hp_loss":0,"event_name":"MindBloom","floor":48,"gold_loss":0}],"is_beta":false,"boss_relics":[{"not_picked":["Tiny House","Philosopher\u0027s Stone"],"picked":"SlaversCollar"},{"not_picked":["Calling Bell","Runic Dome"],"picked":"RedLine:ReiMu"}],"items_purged_floors":[29],"is_endless":false,"potions_floor_spawned":[4,6,7,14,20,22,23,27,28,30,33,35,37,38,39,40,42,45,48],"ascension_level":0}}