{"host":"359hz4210ybch7ku","time":1610573639,"event":{"mods":["BaseMod","Block Reminder","Colored Map","Colored Powertips","Highlight Path","Minty Spire (QoL Compilation)","Slay the Relics Exporter","StSLib"],"gold_per_floor":[118,118,118,130,205,236,236,250,250,280,290,28,28,28,28,132,132,148,148,0,13,193,193,228,248,248,248,277,277,21,32,32,134,134,150,77,94,107,33,58,58,72,72,72,72,90,102,131,131,131],"floor_reached":51,"language":"ENG","playtime":3029,"items_purged":["Strike_G","Defend_G"],"score":868,"play_id":"b14d36eb-0d54-4a3a-8754-342ebebdc3db","local_time":"20210113133359","is_ascension_mode":true,"campfire_choices":[{"data":"Neutralize","floor":7,"key":"SMITH"},{"data":"Footwork","floor":13,"key":"SMITH"},{"data":"Caltrops","floor":15,"key":"SMITH"},{"data":"Terror","floor":23,"key":"SMITH"},{"data":"Tools of the Trade","floor":27,"key":"SMITH"},{"data":"Accuracy","floor":32,"key":"SMITH"},{"data":"After Image","floor":41,"key":"SMITH"},{"data":"Accuracy","floor":45,"key":"SMITH"},{"data":"Footwork","floor":49,"key":"SMITH"}],"circlet_count":0,"master_deck":["Strike_G","Strike_G","Defend_G","Defend_G","Defend_G","Defend_G","Survivor","Neutralize+1","Predator+1","Blade Dance","PiercingWail","Footwork+1","Caltrops+1","Terror+1","Backstab","Tools of the Trade+1","Escape Plan","Accuracy+1","Quick Slash+1","Caltrops","After Image+1","Accuracy+1","Caltrops+1","Cloak And Dagger+1","Footwork+1","Blade Dance+1"],"relics":["Ring of the Snake","NeowsBlessing","Darkstone Periapt","Orichalcum","Mummified Hand","Tingsha","PreservedInsect","Runic Pyramid","Thread and Needle","Eternal Feather","Bottled Tornado","Centennial Puzzle","Shuriken","Empty Cage","Ginger","Meat on the Bone","Frozen Egg 2"],"acts_visited":["Exordium","TheCity","TheBeyond"],"potions_floor_usage":[16,25,33],"damage_taken":[{"damage":0,"enemies":"Cultist","floor":1,"turns":1},{"damage":0,"enemies":"Small Slimes","floor":4,"turns":1},{"damage":0,"enemies":"Lagavulin","floor":6,"turns":1},{"damage":2,"enemies":"Jaw Worm","floor":8,"turns":2},{"damage":12,"enemies":"Gremlin Nob","floor":10,"turns":4},{"damage":1,"enemies":"2 Fungi Beasts","floor":11,"turns":3},{"damage":13,"enemies":"Slime Boss","floor":16,"turns":7},{"damage":19,"enemies":"2 Thieves","floor":18,"turns":4},{"damage":0,"enemies":"Shell Parasite","floor":21,"turns":3},{"damage":3,"enemies":"Book of Stabbing","floor":24,"turns":4},{"damage":7,"enemies":"Shelled Parasite and Fungi","floor":25,"turns":5},{"damage":0,"enemies":"Gremlin Leader","floor":28,"turns":3},{"damage":6,"enemies":"Snake Plant","floor":31,"turns":3},{"damage":26,"enemies":"Automaton","floor":33,"turns":9},{"damage":0,"enemies":"Orb Walker","floor":35,"turns":2},{"damage":4,"enemies":"3 Shapes","floor":37,"turns":3},{"damage":8,"enemies":"Jaw Worm Horde","floor":38,"turns":5},{"damage":0,"enemies":"Nemesis","floor":40,"turns":5},{"damage":0,"enemies":"3 Darklings","floor":42,"turns":3},{"damage":2,"enemies":"Spire Growth","floor":46,"turns":3},{"damage":9,"enemies":"Jaw Worm Horde","floor":47,"turns":4},{"damage":0,"enemies":"Giant Head","floor":48,"turns":4},{"damage":14,"enemies":"Time Eater","floor":50,"turns":8}],"seed_played":"-775740158105799399","potions_obtained":[{"floor":1,"key":"ColorlessPotion"},{"floor":8,"key":"EntropicBrew"},{"floor":16,"key":"Regen Potion"},{"floor":24,"key":"FairyPotion"},{"floor":25,"key":"CunningPotion"},{"floor":33,"key":"Strength Potion"},{"floor":37,"key":"Dexterity Potion"},{"floor":44,"key":"Energy Potion"},{"floor":44,"key":"LiquidMemories"}],"is_trial":false,"path_per_floor":["M","?","?","M","?","E","R","M","T","E","M","$","R","$","R","B",null,"M","?","$","M","?","R","E","M","T","R","E","?","$","M","R","B",null,"M","$","M","M","$","E","R","M","T","?","R","M","M","E","R","B",null],"character_chosen":"THE_SILENT","items_purchased":["PreservedInsect","Backstab","ColorlessPotion","Shuriken","Accuracy","Footwork"],"campfire_rested":0,"item_purchase_floors":[12,12,20,30,36,39],"current_hp_per_floor":[70,58,58,58,47,47,47,45,45,33,32,32,32,32,32,19,70,51,51,51,51,32,32,29,31,31,43,43,43,43,37,49,23,70,70,70,66,58,58,58,70,70,70,70,70,68,59,59,70,56],"gold":131,"neow_bonus":"THREE_ENEMY_KILL","is_daily":false,"chose_seed":false,"campfire_upgraded":9,"win_rate":0.0,"timestamp":1610573639,"path_taken":["M","?","?","M","?","E","R","M","T","E","?","$","R","$","R","BOSS","M","?","$","M","?","R","E","?","T","R","E","?","$","M","R","BOSS","M","$","M","M","$","E","R","M","T","?","R","M","?","E","R","BOSS"],"items_purchased_type":["Relic","Card","Potion","Relic","Card","Card"],"build_version":"2020-12-22","purchased_purges":2,"victory":true,"max_hp_per_floor":[70,70,70,70,70,70,70,70,70,70,70,70,70,70,70,70,70,70,70,70,70,70,70,70,70,70,70,70,70,70,70,70,70,70,70,70,70,70,70,70,70,70,70,70,70,70,70,70,70,70],"card_choices":[{"not_picked":["Leg Sweep","Bane"],"picked":"Predator","floor":1},{"not_picked":["Dagger Throw","Slice"],"picked":"Blade Dance","floor":4},{"not_picked":["Underhanded Strike","Dagger Throw"],"picked":"PiercingWail","floor":6},{"not_picked":["Leg Sweep","PiercingWail"],"picked":"Footwork","floor":8},{"not_picked":["Bane","Dagger Throw"],"picked":"Caltrops","floor":10},{"not_picked":["Blade Dance","Poisoned Stab"],"picked":"Terror","floor":11},{"not_picked":["Die Die Die","Malaise"],"picked":"Tools of the Trade","floor":16},{"not_picked":["Flying Knee","Finisher"],"picked":"Escape Plan","floor":18},{"not_picked":["Crippling Poison","Dodge and Roll"],"picked":"Accuracy","floor":21},{"not_picked":["Bane","Sucker Punch"],"picked":"Quick Slash+1","floor":24},{"not_picked":["Leg Sweep+1","Riddle With Holes","Expertise+1"],"picked":"SKIP","floor":25},{"not_picked":["Venomology","All Out Attack","Acrobatics"],"picked":"SKIP","floor":28},{"not_picked":["Finisher+1","Backflip"],"picked":"Caltrops","floor":31},{"not_picked":["Burst","Tools of the Trade"],"picked":"After Image","floor":33},{"not_picked":["Quick Slash","Blade Dance","Bane+1"],"picked":"SKIP","floor":35},{"not_picked":["Poisoned Stab","Distraction"],"picked":"Caltrops+1","floor":37},{"not_picked":["Envenom","Skewer"],"picked":"Cloak And Dagger+1","floor":38},{"not_picked":["Calculated Gamble","Skewer+1","Flechettes+1"],"picked":"SKIP","floor":40},{"not_picked":["Poisoned Stab","Prepared","Acrobatics+1"],"picked":"SKIP","floor":42},{"not_picked":["Deadly Poison","Bane","Choke"],"picked":"SKIP","floor":46},{"not_picked":["Deflect","Bane+1"],"picked":"Blade Dance+1","floor":47},{"not_picked":["Eviscerate+1","Skewer+1","Dodge and Roll"],"picked":"SKIP","floor":48}],"player_experience":195389,"relics_obtained":[{"floor":6,"key":"Orichalcum"},{"floor":9,"key":"Mummified Hand"},{"floor":10,"key":"Tingsha"},{"floor":24,"key":"Eternal Feather"},{"floor":26,"key":"Bottled Tornado"},{"floor":28,"key":"Centennial Puzzle"},{"floor":40,"key":"Ginger"},{"floor":43,"key":"Meat on the Bone"},{"floor":48,"key":"Frozen Egg 2"}],"event_choices":[{"damage_healed":0,"gold_gain":0,"player_choice":"Success","damage_taken":12,"relics_obtained":["Darkstone Periapt"],"max_hp_gain":0,"max_hp_loss":0,"event_name":"Scrap Ooze","floor":2,"gold_loss":0},{"damage_healed":0,"gold_gain":0,"player_choice":"Grow","damage_taken":0,"max_hp_gain":0,"max_hp_loss":0,"event_name":"Living Wall","floor":3,"gold_loss":0,"cards_upgraded":["Predator"]},{"damage_healed":0,"gold_gain":75,"player_choice":"Gather Gold","damage_taken":11,"max_hp_gain":0,"max_hp_loss":0,"event_name":"World of Goop","floor":5,"gold_loss":0},{"damage_healed":0,"gold_gain":0,"player_choice":"Opened","damage_taken":0,"relics_obtained":["Thread and Needle"],"max_hp_gain":0,"max_hp_loss":0,"event_name":"The Mausoleum","floor":19,"gold_loss":0},{"damage_healed":0,"gold_gain":180,"player_choice":"GOLD GOLD ","damage_taken":19,"max_hp_gain":0,"max_hp_loss":0,"event_name":"Knowing Skull","floor":22,"potions_obtained":[],"gold_loss":0,"cards_obtained":[]},{"damage_healed":0,"gold_gain":0,"player_choice":"Got Potions","damage_taken":0,"max_hp_gain":0,"max_hp_loss":0,"event_name":"Lab","floor":44,"gold_loss":0}],"is_beta":false,"boss_relics":[{"not_picked":["Astrolabe","Snecko Eye"],"picked":"Runic Pyramid"},{"not_picked":["Ring of the Serpent","SlaversCollar"],"picked":"Empty Cage"}],"items_purged_floors":[12,20],"is_endless":false,"potions_floor_spawned":[1,8,16,24,25,28,31,33,37,46,47],"ascension_level":1}}