{"host":"Stephanie","time":1610552761,"event":{"mods":["BaseMod","Colored Powertips","Minty Spire (QoL Compilation)","Rare Cards Sparkle","Relic Stats","StSLib","The Marked"],"gold_per_floor":[118,138,138,148,164,193,193,222,268,293,148,159,159,176,176,176,176],"floor_reached":16,"language":"ENG","playtime":589,"items_purged":["Strike_B"],"score":153,"play_id":"4f797636-71a3-4d0a-b771-523c3c0fb0dd","local_time":"20210113104601","is_ascension_mode":true,"campfire_choices":[{"floor":7,"key":"REST"},{"floor":13,"key":"REST"},{"data":"Darkness","floor":15,"key":"SMITH"}],"circlet_count":0,"master_deck":["Strike_B","Strike_B","Defend_B","Defend_B","Defend_B+1","Defend_B","Zap","Dualcast","Gash","Ball Lightning","Conserve Battery+1","Echo Form","Leap","Darkness+1","Capacitor"],"relics":["Cracked Core","Tiny Chest","Darkstone Periapt","Art of War","War Paint"],"acts_visited":["Exordium"],"potions_floor_usage":[6,10,16],"damage_taken":[{"damage":5,"enemies":"Small Slimes","floor":1,"turns":3},{"damage":7,"enemies":"Jaw Worm","floor":2,"turns":2},{"damage":0,"enemies":"Cultist","floor":4,"turns":2},{"damage":10,"enemies":"Gremlin Gang","floor":5,"turns":4},{"damage":32,"enemies":"Gremlin Nob","floor":6,"turns":4},{"damage":21,"enemies":"Lagavulin","floor":8,"turns":7},{"damage":14,"enemies":"3 Sentries","floor":10,"turns":7},{"damage":1,"enemies":"Looter","floor":12,"turns":3},{"damage":6,"enemies":"3 Louse","floor":14,"turns":4},{"damage":28,"enemies":"The Guardian","floor":16,"turns":6}],"seed_played":"-4314886507878185110","potions_obtained":[{"floor":2,"key":"PotionOfCapacity"},{"floor":5,"key":"LiquidMemories"},{"floor":6,"key":"SkillPotion"},{"floor":8,"key":"Explosive Potion"}],"is_trial":false,"path_per_floor":["M","M","?","M","M","E","R","E","T","E","$","M","R","M","R","B"],"character_chosen":"DEFECT","items_purchased":["Darkness"],"campfire_rested":2,"item_purchase_floors":[11],"current_hp_per_floor":[77,70,63,63,53,21,45,24,24,10,10,9,33,27,27,0,0],"gold":176,"neow_bonus":"TEN_PERCENT_HP_BONUS","is_daily":false,"chose_seed":false,"campfire_upgraded":1,"win_rate":0.0,"timestamp":1610552761,"path_taken":["M","M","?","M","M","E","R","E","T","E","$","M","R","M","R","BOSS"],"items_purchased_type":["Card"],"build_version":"2020-12-18","purchased_purges":1,"victory":false,"max_hp_per_floor":[82,82,82,82,82,82,82,82,82,82,82,82,82,82,82,82,82],"relic_stats":{"Darkstone Periapt":0,"counters":[10,42],"Tiny Chest":0,"Art of War":[6],"War Paint":["Conserve Battery","Defend_B"],"obtain_stats":[{"Darkstone Periapt":8,"Tiny Chest":6,"Art of War":9,"War Paint":10,"Cracked Core":0},{"Darkstone Periapt":6,"Tiny Chest":5,"Art of War":6,"War Paint":7,"Cracked Core":0},{"Darkstone Periapt":22,"Tiny Chest":15,"Art of War":22,"War Paint":29,"Cracked Core":0}]},"card_choices":[{"not_picked":["Rebound","Reprogram"],"picked":"Gash","floor":1},{"not_picked":["Steam","Gash"],"picked":"Ball Lightning","floor":2},{"not_picked":["Recycle","Fusion","BootSequence"],"picked":"SKIP","floor":4},{"not_picked":["Turbo","Sweeping Beam"],"picked":"Conserve Battery","floor":5},{"not_picked":["Heatsinks","Fusion"],"picked":"Echo Form","floor":6},{"not_picked":["Ball Lightning","Melter","Double Energy"],"picked":"SKIP","floor":8},{"not_picked":["Blizzard","Fusion"],"picked":"Leap","floor":10},{"not_picked":["Turbo","Aggregate","Consume"],"picked":"SKIP","floor":12},{"not_picked":["Sweeping Beam","Compile Driver"],"picked":"Capacitor","floor":14}],"player_experience":846048,"relics_obtained":[{"floor":6,"key":"Tiny Chest"},{"floor":8,"key":"Darkstone Periapt"},{"floor":9,"key":"Art of War"},{"floor":10,"key":"War Paint"}],"event_choices":[{"cards_removed":["Strike_B"],"damage_healed":0,"gold_gain":0,"player_choice":"Card Removal","damage_taken":7,"max_hp_gain":0,"max_hp_loss":0,"event_name":"Golden Wing","floor":3,"gold_loss":0}],"is_beta":true,"boss_relics":[],"items_purged_floors":[11],"is_endless":false,"potions_floor_spawned":[2,5,6,8],"killed_by":"The Guardian","ascension_level":5}}