{"host":"1c17lcvl7acx821p","time":1610566027,"event":{"mods":["AchievementEnabler","BaseMod","Colored Map","Minty Spire (QoL Compilation)","StSLib"],"gold_per_floor":[111,129,144,162,162,162,177,211,211,228,256,267,295,306,306,409,409,427,442,164,79,107,119,160,189,201,265,277,316,364,376,376],"floor_reached":31,"language":"ENG","playtime":1656,"items_purged":["Strike_B"],"score":388,"play_id":"e4fa161e-580a-4c6e-a672-e881c7551a6a","local_time":"20210113212707","is_ascension_mode":true,"campfire_choices":[{"data":"Sunder","floor":6.0,"key":"SMITH"},{"floor":15.0,"key":"REST"},{"floor":23.0,"key":"REST"}],"circlet_count":0,"master_deck":["Strike_B","Strike_B","Defend_B","Defend_B","Defend_B","Defend_B","Zap","Dualcast","Fission","Sweeping Beam","Defragment","Leap","Sunder+1","Doom and Gloom","Go for the Eyes","Echo Form","White Noise","Coolheaded","Turbo","Conserve Battery","Biased Cognition","HandOfGreed","Heatsinks","Cold Snap","Glacier+1","Storm+1"],"relics":["Cracked Core","Eternal Feather","Sundial","White Beast Statue","Bag of Preparation","Inserter","MawBank","Frozen Egg 2","Singing Bowl","Lantern","Blood Vial"],"acts_visited":["Exordium","TheCity"],"potions_floor_usage":[31,31],"damage_taken":[{"damage":0.0,"enemies":"2 Louse","floor":1.0,"turns":1.0},{"damage":1.0,"enemies":"Cultist","floor":2.0,"turns":4.0},{"damage":4.0,"enemies":"Jaw Worm","floor":3.0,"turns":4.0},{"damage":12.0,"enemies":"Looter","floor":4.0,"turns":4.0},{"damage":19.0,"enemies":"Lots of Slimes","floor":7.0,"turns":3.0},{"damage":13.0,"enemies":"Gremlin Nob","floor":8.0,"turns":4.0},{"damage":0.0,"enemies":"2 Fungi Beasts","floor":10.0,"turns":2.0},{"damage":5.0,"enemies":"Lagavulin","floor":11.0,"turns":5.0},{"damage":0.0,"enemies":"Red Slaver","floor":12.0,"turns":1.0},{"damage":16.0,"enemies":"3 Sentries","floor":13.0,"turns":5.0},{"damage":1.0,"enemies":"3 Louse","floor":14.0,"turns":2.0},{"damage":16.0,"enemies":"Hexaghost","floor":16.0,"turns":9.0},{"damage":18.0,"enemies":"Shell Parasite","floor":18.0,"turns":6.0},{"damage":17.0,"enemies":"3 Byrds","floor":19.0,"turns":3.0},{"damage":39.0,"enemies":"3 Cultists","floor":22.0,"turns":5.0},{"damage":9.0,"enemies":"Book of Stabbing","floor":24.0,"turns":7.0},{"damage":0.0,"enemies":"Sentry and Sphere","floor":25.0,"turns":4.0},{"damage":16.0,"enemies":"Slavers","floor":27.0,"turns":5.0},{"damage":0.0,"enemies":"Snake Plant","floor":28.0,"turns":1.0},{"damage":9.0,"enemies":"Book of Stabbing","floor":29.0,"turns":5.0},{"damage":0.0,"enemies":"Cultist and Chosen","floor":30.0,"turns":6.0},{"damage":15,"enemies":"Slavers","floor":31,"turns":1}],"seed_played":"-546745094675756094","potions_obtained":[{"floor":2.0,"key":"Strength Potion"},{"floor":3.0,"key":"PotionOfCapacity"},{"floor":10.0,"key":"SteroidPotion"},{"floor":11.0,"key":"Fire Potion"},{"floor":12.0,"key":"EssenceOfSteel"},{"floor":13.0,"key":"Dexterity Potion"},{"floor":16.0,"key":"DistilledChaos"},{"floor":22.0,"key":"EntropicBrew"},{"floor":24.0,"key":"PowerPotion"},{"floor":25.0,"key":"Energy Potion"},{"floor":27.0,"key":"SmokeBomb"},{"floor":29.0,"key":"LiquidMemories"},{"floor":30.0,"key":"LiquidMemories"}],"is_trial":false,"path_per_floor":["M","M","M","M","?","R","M","E","T","M","E","M","E","M","R","B",null,"M","M","$","?","M","R","E","M","T","E","M","E","M","E"],"character_chosen":"DEFECT","items_purchased":["HandOfGreed","Heatsinks"],"campfire_rested":2,"item_purchase_floors":[20,20],"current_hp_per_floor":[75,74,70,58,58,58,39,26,26,26,21,21,5,4,38,22,75,57,40,40,40,1,35,26,26,26,12,12,5,7,0,0],"gold":376,"neow_bonus":"ONE_RANDOM_RARE_CARD","is_daily":false,"chose_seed":false,"campfire_upgraded":1,"win_rate":0.0,"timestamp":1610566027,"path_taken":["M","M","M","M","?","R","M","E","T","M","E","M","E","?","R","BOSS","M","?","$","?","M","R","E","M","T","E","M","E","M","E"],"items_purchased_type":["Card","Card"],"build_version":"2020-12-22","purchased_purges":1,"victory":false,"max_hp_per_floor":[75,75,75,75,75,75,75,75,75,75,75,75,75,75,75,75,75,75,75,75,75,75,75,75,75,75,77,77,79,79,79,79],"card_choices":[{"not_picked":["Conserve Battery","Storm"],"picked":"Sweeping Beam","floor":1.0},{"not_picked":["Rebound","Ball Lightning"],"picked":"Defragment","floor":2.0},{"not_picked":["Turbo","Rebound"],"picked":"Leap","floor":3.0},{"not_picked":["Stack","Turbo"],"picked":"Sunder","floor":4.0},{"not_picked":["Storm","Reprogram"],"picked":"Go for the Eyes","floor":7.0},{"not_picked":["Amplify","Streamline","Chaos"],"picked":"SKIP","floor":8.0},{"not_picked":["Hologram","Rebound"],"picked":"Echo Form","floor":10.0},{"not_picked":["Coolheaded","Turbo"],"picked":"White Noise","floor":11.0},{"not_picked":["Ball Lightning","Melter"],"picked":"Coolheaded","floor":12.0},{"not_picked":["Lockon","Conserve Battery"],"picked":"Turbo","floor":13.0},{"not_picked":["Compile Driver","Go for the Eyes"],"picked":"Conserve Battery","floor":14.0},{"not_picked":["Buffer","Electrodynamics"],"picked":"Biased Cognition","floor":16.0},{"not_picked":["Hologram","Ball Lightning+1","Leap"],"picked":"SKIP","floor":18.0},{"not_picked":["Rebound+1","Ball Lightning","Compile Driver"],"picked":"SKIP","floor":19.0},{"not_picked":["Stack","Leap"],"picked":"Cold Snap","floor":22.0},{"not_picked":["Hologram","Streamline","Steam"],"picked":"SKIP","floor":24.0},{"not_picked":["Electrodynamics+1","Sweeping Beam"],"picked":"Glacier+1","floor":25.0},{"not_picked":["Static Discharge+1","Hologram","Coolheaded+1"],"picked":"Singing Bowl","floor":27.0},{"not_picked":["Hologram","Gash","Capacitor+1"],"picked":"Singing Bowl","floor":29.0},{"not_picked":["Conserve Battery","Gash"],"picked":"Storm+1","floor":30.0}],"player_experience":73479,"relics_obtained":[{"floor":8.0,"key":"Eternal Feather"},{"floor":9.0,"key":"Sundial"},{"floor":11.0,"key":"White Beast Statue"},{"floor":13.0,"key":"Bag of Preparation"},{"floor":24.0,"key":"Frozen Egg 2"},{"floor":26.0,"key":"Singing Bowl"},{"floor":27.0,"key":"Lantern"},{"floor":29.0,"key":"Blood Vial"}],"event_choices":[{"damage_healed":0.0,"max_hp_gain":0.0,"max_hp_loss":0.0,"gold_gain":0.0,"cards_transformed":["Strike_B"],"event_name":"Transmorgrifier","player_choice":"Transformed","floor":5.0,"gold_loss":0.0,"damage_taken":0.0,"cards_obtained":["Doom and Gloom"]},{"damage_healed":0.0,"max_hp_gain":0.0,"max_hp_loss":0.0,"gold_gain":0.0,"event_name":"Addict","player_choice":"Obtained Relic","floor":21.0,"gold_loss":85.0,"damage_taken":0.0,"relics_obtained":["MawBank"]}],"is_beta":false,"boss_relics":[{"not_picked":["Snecko Eye","Astrolabe"],"picked":"Inserter"}],"items_purged_floors":[20],"is_endless":false,"potions_floor_spawned":[2,3,10,11,12,13,14,16,18,19,22,24,25,27,28,29,30],"killed_by":"Slavers","ascension_level":4}}