{"host":"drk0p5jtlzl1xmwe","time":1610577068,"event":{"mods":["2.2 Compatiblity","AchievementEnabler","Act Like it!","Bard","BaseMod","Better Note","Better Vampires","Ekko","Friendly Minions","Hermit","Hubris","Infinite Spire","Luminous","Marisa????????","Minty Spire (QoL Compilation)","Rare Cards Sparkle","Relic Stats","Replay The Spire","Shade Mod","StSLib","The Animator","The Bug Knight","The Cursed","The Disciple","The Gatherer","The Servant 0.9.4","The Spell Scribe"],"gold_per_floor":[114,114,114,129,62,89,89,89,89],"floor_reached":8,"language":"ENG","playtime":241,"items_purged":[],"score":65,"play_id":"bf7f4888-dbd9-4c53-993c-8d1644a3a95a","local_time":"20210113223108","is_ascension_mode":true,"campfire_choices":[{"floor":7,"key":"REST"}],"circlet_count":0,"master_deck":["Strike_G","Strike_G","Strike_G","Strike_G","Strike_G","Defend_G","Defend_G","Defend_G","Defend_G","Defend_G","Survivor","Neutralize+1","Cloak And Dagger","Fluid Movement"],"relics":["Ring of the Snake","hubris:OldNail"],"acts_visited":["Exordium"],"potions_floor_usage":[4,6,6],"damage_taken":[{"damage":0,"enemies":"Small Slimes","floor":1,"turns":3},{"damage":2,"enemies":"2 Louse","floor":4,"turns":4},{"damage":50,"enemies":"Lagavulin","floor":6,"turns":12},{"damage":56,"enemies":"Gremlin Nob","floor":8,"turns":5}],"seed_played":"-2041907632466737445","potions_obtained":[{"floor":4,"key":"EntropicBrew"}],"is_trial":false,"path_per_floor":["M","?","?","M","$","E","R","E"],"character_chosen":"THE_SILENT","items_purchased":["Fluid Movement"],"campfire_rested":1,"item_purchase_floors":[5],"current_hp_per_floor":[77,77,77,75,75,25,48,0,0],"gold":89,"neow_bonus":"TEN_PERCENT_HP_BONUS","is_daily":false,"chose_seed":false,"campfire_upgraded":0,"win_rate":0.0,"timestamp":1610577068,"path_taken":["M","?","?","M","$","E","R","E"],"items_purchased_type":["Card"],"build_version":"2020-12-22","purchased_purges":0,"victory":false,"max_hp_per_floor":[77,77,77,77,77,77,77,77,77],"relic_stats":{"counters":[4,24],"obtain_stats":[{"hubris:OldNail":6,"Ring of the Snake":0},{"hubris:OldNail":3,"Ring of the Snake":0},{"hubris:OldNail":19,"Ring of the Snake":0}],"Ring of the Snake":[8]},"card_choices":[{"not_picked":["Deflect","Underhanded Strike","Acrobatics"],"picked":"SKIP","floor":1},{"not_picked":["Slice","PiercingWail"],"picked":"Cloak And Dagger","floor":4},{"not_picked":["Hidden Blade","Deflect","Eviscerate"],"picked":"SKIP","floor":6}],"player_experience":665754,"relics_obtained":[{"floor":6,"key":"hubris:OldNail"}],"event_choices":[{"damage_healed":0,"gold_gain":0,"player_choice":"Grow","damage_taken":0,"max_hp_gain":0,"max_hp_loss":0,"event_name":"Living Wall","floor":3,"gold_loss":0,"cards_upgraded":["Neutralize"]}],"is_beta":false,"boss_relics":[],"items_purged_floors":[],"is_endless":false,"potions_floor_spawned":[4],"killed_by":"Gremlin Nob","ascension_level":4}}