{"host":"1xbm3ney5cpi8dx3","time":1610499968,"event":{"mods":["BaseMod","Curses Come First","Downfall","Duelist Mod","GifTheSpireLib","Hero for Fun","Highlight Path","Minty Spire (QoL Compilation)","READ ME - Guardian Mod","Random Character Button","Relic Sorter","Shop Mod","StSLib","The Cursed"],"gold_per_floor":[112,15,27,27,27,27,57,73,73,91,4,34,34,53,53,149,149,160,170,170,180,194,194,214,241,241,241,66,66,66,66,66,66,66],"floor_reached":33,"language":"ENG","playtime":1332,"items_purged":[],"score":485,"play_id":"0ccbc363-2ad8-4937-83c4-49c3dfaafca4","local_time":"20210113020608","is_ascension_mode":true,"campfire_choices":[{"data":"expansioncontent:TimeRipple","floor":6,"key":"SMITH"},{"data":"Rampage","floor":13,"key":"SMITH"},{"data":"Clothesline","floor":15,"key":"SMITH"},{"floor":23,"key":"REST"},{"floor":27,"key":"REST"},{"floor":30,"key":"RECALL"},{"floor":32,"key":"REST"}],"circlet_count":0,"master_deck":["Strike_R","Strike_R","Strike_R","Strike_R","Strike_R","Defend_R","Defend_R","Defend_R","Defend_R","Bash","Metallicize","expansioncontent:TimeRipple+1","Headbutt","Clothesline+1","Rampage+1","Good Instincts+1","Intimidate+1","Power Through+1","Impervious+1","Dual Wield+1","Shrug It Off+1","Necronomicurse","Twin Strike+1","Heavy Blade+1","Havoc+1","Berserk","Armaments+1","Uppercut","Impatience+1","Writhe","Ghostly+1","Ghostly+1","Ghostly+1","Ghostly+1","Ghostly+1"],"relics":["Burning Blood","NeowsBlessing","Toxic Egg 2","Red Skull","Ornamental Fan","Fusion Hammer","Necronomicon","Prayer Wheel","Shuriken","Regal Pillow"],"acts_visited":["Exordium","TheCity"],"potions_floor_usage":[16],"damage_taken":[{"damage":0,"enemies":"2 Louse","floor":1,"turns":1},{"damage":0,"enemies":"Cultist","floor":3,"turns":1},{"damage":0,"enemies":"3 Sentries","floor":7,"turns":1},{"damage":2,"enemies":"Jaw Worm","floor":8,"turns":3},{"damage":9,"enemies":"2 Fungi Beasts","floor":10,"turns":2},{"damage":35,"enemies":"Gremlin Nob","floor":12,"turns":6},{"damage":8,"enemies":"Looter","floor":14,"turns":2},{"damage":13,"enemies":"The Guardian","floor":16,"turns":13},{"damage":13,"enemies":"Shell Parasite","floor":18,"turns":7},{"damage":8,"enemies":"Chosen","floor":19,"turns":6},{"damage":12,"enemies":"Snecko","floor":21,"turns":4},{"damage":13,"enemies":"Sentry and Sphere","floor":22,"turns":5},{"damage":12,"enemies":"Snake Plant","floor":24,"turns":4},{"damage":24,"enemies":"Gremlin Leader","floor":25,"turns":8},{"damage":50,"enemies":"Automaton","floor":33,"turns":6}],"seed_played":"7926591212839647346","potions_obtained":[{"floor":1,"key":"FearPotion"},{"floor":3,"key":"Ancient Potion"},{"floor":7,"key":"SpeedPotion"},{"floor":14,"key":"Dexterity Potion"},{"floor":22,"key":"hexamod:EctoCoolerPotion"},{"floor":25,"key":"CultistPotion"}],"is_trial":false,"path_per_floor":["M","$","M","$","?","R","E","M","T","M","$","E","R","M","R","B",null,"M","M","?","M","M","R","M","E","T","R","$","?","R","?","R","B"],"character_chosen":"IRONCLAD","items_purchased":["expansioncontent:TimeRipple","Good Instincts+1","Armaments+1","Uppercut","Impatience+1"],"campfire_rested":3,"item_purchase_floors":[2,11,28,28,28],"current_hp_per_floor":[78,78,80,80,80,80,80,80,80,77,77,48,48,46,46,39,70,63,61,45,39,32,56,50,32,32,56,56,56,56,40,40,0,0],"gold":66,"neow_bonus":"THREE_ENEMY_KILL","is_daily":false,"chose_seed":false,"campfire_upgraded":3,"win_rate":0.0,"timestamp":1610499968,"path_taken":["M","$","M","$","?","R","E","M","T","?","?","E","R","M","R","BOSS","M","M","?","M","M","R","M","E","T","R","$","?","R","?","R","BOSS"],"items_purchased_type":["Card","Card","Card","Card","Card"],"build_version":"2020-12-22","purchased_purges":0,"victory":false,"max_hp_per_floor":[80,80,80,80,80,80,80,80,80,80,80,80,80,80,80,80,80,80,80,80,80,80,80,80,80,80,80,80,80,80,40,40,40,40],"card_choices":[{"not_picked":["Sentinel","Shrug It Off"],"picked":"Metallicize","floor":1},{"not_picked":["Clash","True Grit","Pommel Strike"],"picked":"SKIP","floor":3},{"not_picked":["Wild Strike","Blood for Blood"],"picked":"Headbutt","floor":7},{"not_picked":["Headbutt","Cleave"],"picked":"Clothesline","floor":8},{"not_picked":["True Grit+1","Sword Boomerang"],"picked":"Rampage","floor":10},{"not_picked":["Fiend Fire","Headbutt"],"picked":"Intimidate+1","floor":12},{"not_picked":["Dropkick","Havoc+1"],"picked":"Power Through+1","floor":14},{"not_picked":["Brutality","Demon Form"],"picked":"Impervious+1","floor":16},{"not_picked":["Flex+1","Clash"],"picked":"Dual Wield+1","floor":18},{"not_picked":["Reckless Charge","Perfected Strike"],"picked":"Shrug It Off+1","floor":19},{"not_picked":["Flex+1","Cleave"],"picked":"Twin Strike+1","floor":21},{"not_picked":["Iron Wave","Fire Breathing"],"picked":"Heavy Blade+1","floor":22},{"not_picked":["Headbutt","Sword Boomerang"],"picked":"Havoc+1","floor":24},{"not_picked":["Sword Boomerang","Rampage"],"picked":"Berserk","floor":25}],"player_experience":217171,"relics_obtained":[{"floor":7,"key":"Toxic Egg 2"},{"floor":9,"key":"Red Skull"},{"floor":12,"key":"Ornamental Fan"},{"floor":20,"key":"Necronomicon"},{"floor":25,"key":"Prayer Wheel"},{"floor":26,"key":"Shuriken"}],"event_choices":[{"damage_healed":0,"gold_gain":0,"player_choice":"Full Heal","damage_taken":0,"max_hp_gain":0,"max_hp_loss":0,"event_name":"Wheel of Change","floor":5,"gold_loss":0},{"damage_healed":0,"gold_gain":0,"player_choice":"Obtained Book","damage_taken":16,"max_hp_gain":0,"max_hp_loss":0,"event_name":"Cursed Tome","floor":20,"gold_loss":0},{"damage_healed":0,"gold_gain":0,"player_choice":"Opened","damage_taken":0,"relics_obtained":["Regal Pillow"],"max_hp_gain":0,"max_hp_loss":0,"event_name":"The Mausoleum","floor":29,"gold_loss":0,"cards_obtained":["Writhe"]},{"damage_healed":0,"gold_gain":0,"player_choice":"Became a Ghost","damage_taken":0,"max_hp_gain":0,"max_hp_loss":40,"event_name":"Ghosts","floor":31,"gold_loss":0,"cards_obtained":["Ghostly","Ghostly","Ghostly","Ghostly","Ghostly"]}],"is_beta":false,"boss_relics":[{"not_picked":["Astrolabe","Snecko Eye"],"picked":"Fusion Hammer"}],"items_purged_floors":[],"is_endless":false,"potions_floor_spawned":[1,3,7,14,22,25],"killed_by":"Automaton","ascension_level":9}}