{"host":"3jpwrwmmgyabjceh","time":1610566323,"event":{"mods":["AchievementEnabler","BaseMod","Colored Map","Colored Powertips","Highlight Path","Minty Spire (QoL Compilation)","Quick Restart","Relic Stats","StSLib","SuperFastMode"],"gold_per_floor":[111,111,111,135,99,132,157,157,157,42,42,67,110,135,135,135,135],"floor_reached":16,"language":"ENG","playtime":322,"items_purged":[],"score":162,"play_id":"0b7c18cc-c5ef-4a80-bb78-6b1ce9753019","local_time":"20210113223203","is_ascension_mode":true,"campfire_choices":[{"data":"Whirlwind","floor":8,"key":"SMITH"},{"data":"Barricade","floor":15,"key":"SMITH"}],"circlet_count":0,"master_deck":["Strike_R","Strike_R","Strike_R","Strike_R","Strike_R","Defend_R","Defend_R","Defend_R","Defend_R","Bash+1","Whirlwind+1","Feel No Pain","Barricade+1","Shrug It Off","Carnage"],"relics":["Burning Blood","NeowsBlessing","Golden Idol","The Courier","Paper Frog","OrangePellets","Bottled Flame","InkBottle"],"acts_visited":["Exordium"],"potions_floor_usage":[13,14,16],"damage_taken":[{"damage":0,"enemies":"Cultist","floor":1,"turns":1},{"damage":0,"enemies":"Jaw Worm","floor":4,"turns":1},{"damage":0,"enemies":"3 Sentries","floor":6,"turns":2},{"damage":9,"enemies":"Small Slimes","floor":7,"turns":5},{"damage":16,"enemies":"Blue Slaver","floor":12,"turns":3},{"damage":39,"enemies":"Lagavulin","floor":13,"turns":7},{"damage":0,"enemies":"Looter","floor":14,"turns":2},{"damage":41,"enemies":"Hexaghost","floor":16,"turns":9}],"seed_played":"-4819763319470689989","potions_obtained":[{"floor":4,"key":"Weak Potion"},{"floor":7,"key":"Regen Potion"},{"floor":13,"key":"Block Potion"}],"is_trial":false,"path_per_floor":["M","?","?","M","$","E","M","R","T","$","T","M","E","M","R","B"],"character_chosen":"IRONCLAD","items_purchased":["Feel No Pain","OrangePellets"],"campfire_rested":0,"item_purchase_floors":[5,10],"current_hp_per_floor":[80,60,60,66,66,72,69,69,69,69,69,59,35,41,41,0,0],"gold":135,"neow_bonus":"THREE_ENEMY_KILL","is_daily":false,"chose_seed":false,"campfire_upgraded":2,"win_rate":0.0,"timestamp":1610566323,"path_taken":["M","?","?","M","$","E","?","R","T","$","?","M","E","M","R","BOSS"],"items_purchased_type":["Card","Relic"],"build_version":"2020-12-22","purchased_purges":0,"victory":false,"max_hp_per_floor":[80,80,80,80,80,80,80,80,80,80,80,80,80,80,80,80,80],"relic_stats":{"OrangePellets":[0],"counters":[8,30],"Golden Idol":36,"obtain_stats":[{"OrangePellets":10,"Bottled Flame":11,"NeowsBlessing":0,"Golden Idol":2,"The Courier":6,"Burning Blood":0,"InkBottle":13,"Paper Frog":9},{"OrangePellets":4,"Bottled Flame":4,"NeowsBlessing":0,"Golden Idol":1,"The Courier":3,"Burning Blood":0,"InkBottle":6,"Paper Frog":4},{"OrangePellets":9,"Bottled Flame":9,"NeowsBlessing":0,"Golden Idol":1,"The Courier":4,"Burning Blood":0,"InkBottle":19,"Paper Frog":9}],"Burning Blood":36,"InkBottle":[2]},"card_choices":[{"not_picked":["Twin Strike","Body Slam"],"picked":"Whirlwind","floor":1},{"not_picked":["Anger","Dual Wield","Armaments"],"picked":"SKIP","floor":4},{"not_picked":["Cleave","Clothesline"],"picked":"Barricade","floor":6},{"not_picked":["Bloodletting","Reckless Charge"],"picked":"Shrug It Off","floor":7},{"not_picked":["Reckless Charge","Sword Boomerang","Thunderclap"],"picked":"SKIP","floor":12},{"not_picked":["Armaments","Shrug It Off"],"picked":"Carnage","floor":13},{"not_picked":["Pummel","Headbutt","Body Slam"],"picked":"SKIP","floor":14}],"player_experience":243330,"relics_obtained":[{"floor":6,"key":"The Courier"},{"floor":9,"key":"Paper Frog"},{"floor":11,"key":"Bottled Flame"},{"floor":13,"key":"InkBottle"}],"event_choices":[{"damage_healed":0,"gold_gain":0,"player_choice":"Take Damage","damage_taken":20,"relics_obtained":["Golden Idol"],"max_hp_gain":0,"max_hp_loss":0,"event_name":"Golden Idol","floor":2,"gold_loss":0},{"damage_healed":0,"gold_gain":0,"player_choice":"Upgraded","damage_taken":0,"max_hp_gain":0,"max_hp_loss":0,"event_name":"Upgrade Shrine","floor":3,"gold_loss":0,"cards_upgraded":["Bash"]}],"is_beta":false,"boss_relics":[],"items_purged_floors":[],"is_endless":false,"potions_floor_spawned":[4,7,13],"killed_by":"Hexaghost","ascension_level":4}}