{"host":"fkig9nrckec4xsh0","time":1610513761,"event":{"mods":["BaseMod","Colored Map","Minty Spire (QoL Compilation)","Quick Restart","Replay The Spire","StSLib"],"gold_per_floor":[113,113,125,300,313,313,345,365,365,402,414,454,493,505,517,529,529],"floor_reached":16,"language":"ENG","playtime":530,"items_purged":[],"score":136,"play_id":"93c8b458-5a07-42f8-9239-f2f7c56ca8d0","local_time":"20210112235601","is_ascension_mode":true,"campfire_choices":[{"data":"Riddle With Holes","floor":6,"key":"SMITH"},{"floor":11,"key":"REST"},{"floor":15,"key":"REST"}],"circlet_count":0,"master_deck":["Strike_G","Strike_G+1","Strike_G+1","Strike_G+1","Strike_G","Defend_G","Defend_G","Defend_G","Defend_G","Defend_G","Survivor+1","Neutralize","Riddle With Holes+1","Poisoned Stab","Doubt","Slice","Hidden Blade","Draining Mist","Hidden Blade","Adrenaline"],"relics":["Ring of the Snake","NeowsBlessing","Ancient Tea Set","MawBank","Blue Candle","Replay:Baseball","Whetstone"],"acts_visited":["Exordium"],"potions_floor_usage":[12,14,16,16],"damage_taken":[{"damage":0,"enemies":"Small Slimes","floor":1,"turns":1},{"damage":0,"enemies":"Jaw Worm","floor":3,"turns":1},{"damage":0,"enemies":"2 Louse","floor":5,"turns":1},{"damage":32,"enemies":"Gremlin Nob","floor":7,"turns":4},{"damage":6,"enemies":"2 Fungi Beasts","floor":8,"turns":3},{"damage":24,"enemies":"3 Sentries","floor":10,"turns":8},{"damage":18,"enemies":"Lagavulin","floor":12,"turns":5},{"damage":58,"enemies":"Fading Forest","floor":16,"turns":10}],"seed_played":"-4639728315993138065","potions_obtained":[{"floor":1,"key":"Fruit Juice"},{"floor":7,"key":"Block Potion"},{"floor":10,"key":"SkillPotion"},{"floor":12,"key":"GhostInAJar"}],"is_trial":false,"path_per_floor":["M","?","M","?","M","R","E","M","T","E","R","E","T","?","R","B"],"character_chosen":"THE_SILENT","items_purchased":[],"campfire_rested":2,"item_purchase_floors":[],"current_hp_per_floor":[70,70,70,70,70,70,38,32,32,8,29,11,11,2,24,0,0],"gold":529,"neow_bonus":"THREE_ENEMY_KILL","is_daily":false,"chose_seed":false,"campfire_upgraded":1,"win_rate":0.0,"timestamp":1610513761,"path_taken":["M","?","M","?","M","R","E","M","T","E","R","E","?","?","R","BOSS"],"items_purchased_type":[],"build_version":"2020-12-22","purchased_purges":0,"victory":false,"max_hp_per_floor":[70,70,70,70,70,70,70,70,70,70,70,70,70,75,75,75,75],"card_choices":[{"not_picked":["Choke","Backflip"],"picked":"Riddle With Holes","floor":1},{"not_picked":["Flying Knee","Endless Agony"],"picked":"Poisoned Stab","floor":3},{"not_picked":["Skewer","Heel Hook"],"picked":"Slice","floor":5},{"not_picked":["PiercingWail","All Out Attack"],"picked":"Hidden Blade","floor":7},{"not_picked":["Fluid Movement","Backflip"],"picked":"Draining Mist","floor":8},{"not_picked":["Sucker Punch","Caltrops"],"picked":"Hidden Blade","floor":10},{"not_picked":["Poisoned Stab","Deflect"],"picked":"Adrenaline","floor":12}],"player_experience":306162,"relics_obtained":[{"floor":7,"key":"Ancient Tea Set"},{"floor":9,"key":"MawBank"},{"floor":10,"key":"Blue Candle"},{"floor":12,"key":"Replay:Baseball"},{"floor":13,"key":"Whetstone"}],"event_choices":[{"damage_healed":0,"gold_gain":175,"player_choice":"AGREE","damage_taken":0,"max_hp_gain":0,"max_hp_loss":0,"event_name":"Liars Game","floor":4,"gold_loss":0,"cards_obtained":["Doubt"]},{"damage_healed":0,"gold_gain":0,"player_choice":"Entered Light","damage_taken":14,"max_hp_gain":0,"max_hp_loss":0,"event_name":"Shining Light","floor":14,"gold_loss":0,"cards_upgraded":["Strike_G","Survivor"]}],"is_beta":false,"boss_relics":[],"items_purged_floors":[],"is_endless":false,"potions_floor_spawned":[1,7,10,12],"killed_by":"Fading Forest","ascension_level":3}}