{"host":"3ghjvsatr2fxka2l","time":1610571788,"event":{"mods":["2.2 Compatiblity","AchievementEnabler","Act Like it!","Aspiration","BaseMod","Better Third Choice","Better Vampires","BetterRewards","Colored Powertips","Conspire","Curses Come First","Dark Map","Defuse TimeMaze Blight","Displayed Cursed Tome","Energized Spire","Evolution","Gold Saver","Grow up Mod","Hubris","Infinite Spire","Ironclad Rager","Marisa????????","Marked Mod","Minty Spire (QoL Compilation)","Permanent Neow","Poor People Problems","Quick Restart","Replay The Spire","Robot Space Explorer","SacredBarkPlus","StSLib","The Blue Laboratory","The Cursed","Transform Curses","Uncapped","Waifu the Spire","Wandering Minibosses","vexMod","??????REMEMod"],"gold_per_floor":[19,36,36,55,55,87,101,134,158,158,223,223,237,255,255,357,357,376,388,72,82,100,100],"floor_reached":22,"language":"ENG","playtime":8491,"items_purged":["ReplayTheSpireMod:Restless Dread"],"score":260,"play_id":"90f172e2-3d40-4cf0-8b8d-fe6dcb482397","local_time":"20210113130308","is_ascension_mode":true,"campfire_choices":[{"data":"FIFO Queue","floor":15,"key":"SMITH"}],"circlet_count":0,"master_deck":["Compile Driver","Zap","Dualcast","Ball Lightning","Cold Snap","Ball Lightning","Leap","Leap","Leap","Leap","Conserve Battery","Barrage","Static Discharge","Defragment","Rip and Tear","Loop","FIFO Queue+1","Defragment","Ball Lightning","Cold Snap","Capacitor","Echo Form"],"relics":["Cracked Core","EVO:Axolotl","REME_ComplimentaryCards","Prayer Wheel","PreservedInsect","Gremlin Food","Ornamental Fan","conspire:TopHat","Replay:Wax Seal","Happy Flower","Regal Pillow","energizedSpire:MagnifyingGlass","Mummified Hand","wanderingMiniBosses:Inkheart"],"acts_visited":["Exordium","TheCity"],"potions_floor_usage":[],"damage_taken":[{"damage":15,"enemies":"Small Slimes","floor":1,"turns":3},{"damage":0,"enemies":"Cultist","floor":2,"turns":2},{"damage":0,"enemies":"2 Louse","floor":4,"turns":2},{"damage":1,"enemies":"Gremlin Nob","floor":6,"turns":3},{"damage":0,"enemies":"Large Slime","floor":7,"turns":3},{"damage":36,"enemies":"Lagavulin","floor":8,"turns":4},{"damage":20,"enemies":"Gremlin Nob","floor":11,"turns":5},{"damage":20,"enemies":"Blue Slaver","floor":13,"turns":3},{"damage":6,"enemies":"Lots of Slimes","floor":14,"turns":3},{"damage":20,"enemies":"Fading Forest","floor":16,"turns":11},{"damage":12,"enemies":"3 Byrds","floor":18,"turns":2},{"damage":22,"enemies":"conspire:FuzzyDice","floor":19,"turns":7},{"damage":9,"enemies":"3 Cultists","floor":21,"turns":5},{"damage":25,"enemies":"Sentry and Sphere","floor":22,"turns":5}],"seed_played":"-538280871237137075","potions_obtained":[{"floor":16,"key":"blueLaboratory:ConsumingVoid"},{"floor":19,"key":"Weak Potion"}],"is_trial":false,"path_per_floor":["M","M","?","M","$","E","M","E","T","?","?","T","M","M","R","B",null,"M","M","$","M","M"],"character_chosen":"DEFECT","items_purchased":["Mummified Hand"],"campfire_rested":0,"item_purchase_floors":[20],"current_hp_per_floor":[55,65,75,85,95,104,114,88,98,90,80,90,80,84,94,94,248,246,234,244,245,220,220],"gold":100,"neow_bonus":"DEFECT_STORMLORD","is_daily":false,"chose_seed":false,"campfire_upgraded":1,"win_rate":0.0,"timestamp":1610571788,"path_taken":["M","M","?","?","$","E","M","E","T","?","?","?","M","M","R","BOSS","M","M","?","?","M"],"items_purchased_type":["Relic"],"build_version":"2020-12-22","purchased_purges":1,"victory":false,"max_hp_per_floor":[88,98,108,118,128,138,148,158,168,178,188,198,208,218,228,238,248,258,268,278,288,288,288],"card_choices":[{"not_picked":["BasicCrystalCard","Panic Button"],"picked":"Conserve Battery","floor":1},{"not_picked":["Rip and Tear","FTL"],"picked":"Barrage","floor":1},{"not_picked":["Turbo","Beam Cell"],"picked":"Lockon","floor":2},{"not_picked":["Redo","ReplayGash"],"picked":"Static Discharge","floor":2},{"not_picked":["Rebound","Cold Snap"],"picked":"Defragment","floor":4},{"not_picked":["ReplayTheSpireMod:GoodbyeWorld","Steam","hubris:PowerSurge"],"picked":"SKIP","floor":4},{"not_picked":["Doom and Gloom","ReplayTheSpireMod:System Scan"],"picked":"Rip and Tear","floor":6},{"not_picked":["Glacier","Ball Lightning"],"picked":"Loop","floor":7},{"not_picked":["Sweeping Beam","Genetic Algorithm"],"picked":"FIFO Queue","floor":7},{"not_picked":["Steam","ReplayTheSpireMod:GoodbyeWorld","Hello World"],"picked":"SKIP","floor":8},{"not_picked":["Genetic Algorithm","Amplify"],"picked":"Defragment","floor":11},{"not_picked":["Streamline","BasicCrystalCard"],"picked":"Ball Lightning","floor":13},{"not_picked":["ReplayTheSpireMod:System Scan","Panic Button"],"picked":"Cold Snap","floor":13},{"not_picked":["ReplaySolidLightProjector","Fusion","Scrape"],"picked":"SKIP","floor":14},{"not_picked":["Glacier","Compile Driver","Coolheaded"],"picked":"SKIP","floor":14},{"not_picked":["Stack","BasicCrystalCard+1"],"picked":"Capacitor","floor":18},{"not_picked":["Barrage+1","conspire:SharedLibrary","Panic Button+1"],"picked":"SKIP","floor":18},{"not_picked":["BootSequence+1","Aggregate+1","Barrage"],"picked":"SKIP","floor":19},{"not_picked":["Leap","Stack","Biased Cognition"],"picked":"SKIP","floor":19},{"not_picked":["Undo+1","REME_DataAnalysis","Coolheaded"],"picked":"SKIP","floor":21},{"not_picked":["Turbo","Beam Cell","BasicCrystalCard"],"picked":"SKIP","floor":21},{"not_picked":["Lockon","Panic Button"],"picked":"Echo Form","floor":22}],"player_experience":283385,"relics_obtained":[{"floor":6,"key":"Gremlin Food"},{"floor":8,"key":"Ornamental Fan"},{"floor":9,"key":"conspire:TopHat"},{"floor":11,"key":"Happy Flower"},{"floor":12,"key":"Regal Pillow"},{"floor":22,"key":"wanderingMiniBosses:Inkheart"}],"event_choices":[{"cards_removed":["Lockon"],"damage_healed":0,"gold_gain":0,"player_choice":"Gave Card","damage_taken":0,"relics_obtained":["PreservedInsect"],"max_hp_gain":0,"max_hp_loss":0,"event_name":"WeMeetAgain","floor":3,"gold_loss":0},{"damage_healed":0,"gold_gain":0,"player_choice":"Relic ","damage_taken":18,"max_hp_gain":0,"max_hp_loss":0,"event_name":"betterThird:BetterScrap","floor":10,"gold_loss":0,"cards_obtained":["MarkedMod:OneThousandNeedles"]},{"damage_healed":0,"gold_gain":0,"player_choice":"Searched \u00271\u0027 times","damage_taken":0,"max_hp_gain":0,"max_hp_loss":0,"event_name":"Dead Adventurer","floor":11,"gold_loss":0}],"is_beta":false,"boss_relics":[{"not_picked":["energizedSpire:StickyHand","ChewingGum"],"picked":"energizedSpire:MagnifyingGlass"}],"items_purged_floors":[20],"is_endless":false,"potions_floor_spawned":[2,6,11,14,16,19,22],"killed_by":"Sentry and Sphere","ascension_level":1}}