{"host":"t9zjxed0utvsfjwc","time":1610527103,"event":{"mods":["2.2 Compatiblity","Aspiration","BaseMod","Block Reminder","Colored Map","Colored Powertips","Highlight Path","Hubris","Infinite Spire","Minty Spire (QoL Compilation)","Quick Restart","Replay The Spire","StSLib","The Marked","Unceasing Turn Reminder","everything is the same but u backflip on backflip"],"gold_per_floor":[113,132,132,57,132,163,175,200,223,252,262,280,280,359,359,458,458,473,540,555,41,51,84,84,119,146,174,243,243,243],"floor_reached":29,"language":"ENG","playtime":3274,"items_purged":["Strike_R","Defend_R"],"score":383,"play_id":"d2698a39-a310-42d8-9fe9-8409b9027b58","local_time":"20210113083823","is_ascension_mode":true,"campfire_choices":[{"data":"Armaments","floor":13,"key":"SMITH"},{"data":"hubris:CleavingFinish","floor":13,"key":"SMITH"},{"data":"Bash","floor":15,"key":"SMITH"},{"data":"Clothesline","floor":15,"key":"SMITH"},{"data":"Demon Form","floor":24,"key":"SMITH"},{"data":"Shrug It Off","floor":24,"key":"SMITH"}],"circlet_count":0,"master_deck":["Strike_R","Defend_R","Defend_R","Defend_R","Bash+1","Pommel Strike","Clothesline+1","Masterful Stab","Slice","Grand Finale","hubris:CleavingFinish+1","Eclipse","Armaments+1","Pommel Strike","Demon Form+1","AbeCurse","Iron Wave+1","Armaments+1","Shrug It Off+1","Entrench","Feed","Flame Barrier"],"relics":["Painkiller Herb","ReplayTheSpireMod:TigerMarble","Replay:Arrowhead","Orichalcum","hubris:MobiusCoin","Strawberry","Abe\u0027s Treasure","Bronze Scales","infinitespire:FocusingShard","Ancient Tea Set","hubris:CuriousFeather","ReplayFunnel","Onion Ring"],"acts_visited":["Exordium","TheCity"],"potions_floor_usage":[6,10,16,16,23,27,28],"damage_taken":[{"damage":0,"enemies":"Small Slimes","floor":1,"turns":2},{"damage":1,"enemies":"Jaw Worm","floor":2,"turns":2},{"damage":3,"enemies":"Gremlin Nob","floor":6,"turns":3},{"damage":0,"enemies":"Cultist","floor":7,"turns":2},{"damage":13,"enemies":"3 Sentries","floor":8,"turns":5},{"damage":0,"enemies":"Gremlin Nob","floor":10,"turns":3},{"damage":1,"enemies":"Large Slime","floor":11,"turns":4},{"damage":2,"enemies":"2 Fungi Beasts","floor":12,"turns":3},{"damage":8,"enemies":"Lagavulin","floor":14,"turns":4},{"damage":23,"enemies":"The Guardian","floor":16,"turns":7},{"damage":0,"enemies":"Shell Parasite","floor":18,"turns":2},{"damage":5,"enemies":"Spheric Guardian","floor":19,"turns":3},{"damage":0,"enemies":"Centurion and Healer","floor":20,"turns":5},{"damage":12,"enemies":"3 Cultists","floor":22,"turns":4},{"damage":49,"enemies":"Slavers","floor":23,"turns":4},{"damage":4,"enemies":"Gremlin Leader","floor":25,"turns":5},{"damage":0,"enemies":"Book of Stabbing","floor":27,"turns":5},{"damage":14,"enemies":"Shelled Parasite and Fungi","floor":28,"turns":4},{"damage":10,"enemies":"Gremlin Leader","floor":29,"turns":5}],"seed_played":"-5909651958479985299","potions_obtained":[{"floor":1,"key":"Elixir"},{"floor":2,"key":"FearPotion"},{"floor":8,"key":"Reflective Coating"},{"floor":12,"key":"Venom Potion"},{"floor":22,"key":"GamblersBrew"},{"floor":23,"key":"ElixirPotion"},{"floor":27,"key":"SpeedPotion"}],"is_trial":false,"path_per_floor":["?","?","?","T","?","E","?","E","T","E","?","?","T","E","T","B",null,"?","?","?","T","?","E","T","E","T","E","?","E"],"character_chosen":"IRONCLAD","items_purchased":["Bronze Scales","infinitespire:FocusingShard"],"campfire_rested":0,"item_purchase_floors":[21,21],"current_hp_per_floor":[80,79,79,79,71,68,68,55,55,55,54,52,52,51,51,28,87,87,82,82,82,70,21,21,17,17,17,6,0,0],"gold":243,"neow_bonus":"BOSS_RELIC","is_daily":false,"chose_seed":false,"campfire_upgraded":6,"win_rate":0.0,"timestamp":1610527103,"path_taken":["?","?","?","T","?","E","?","E","T","E","?","?","T","E","T","BOSS","?","?","?","T","?","E","T","E","T","E","?","E"],"items_purchased_type":["Relic","Relic"],"build_version":"2020-12-22","purchased_purges":2,"victory":false,"max_hp_per_floor":[80,80,80,80,80,80,80,80,80,80,80,80,80,87,87,87,87,87,87,87,87,87,87,87,87,87,87,90,90,90],"card_choices":[{"not_picked":["Warcry","Run Through"],"picked":"Pommel Strike","floor":1},{"not_picked":["Clash","Reckless Charge"],"picked":"Clothesline","floor":2},{"not_picked":["Sword Boomerang","Combust","Sever Soul"],"picked":"SKIP","floor":6},{"not_picked":["Flame Barrier","Rampage"],"picked":"hubris:CleavingFinish","floor":7},{"not_picked":["Blood for Blood","Headbutt","ReplayTheSpireMod:Muscle Training"],"picked":"SKIP","floor":8},{"not_picked":["Second Wind","Sword Boomerang"],"picked":"Eclipse","floor":10},{"not_picked":["True Grit","Searing Blow","Run Through"],"picked":"SKIP","floor":11},{"not_picked":["Massacre","Rupture"],"picked":"Armaments","floor":12},{"not_picked":["Headbutt","Combust"],"picked":"Pommel Strike","floor":14},{"not_picked":["Eclipse","Immolate"],"picked":"Demon Form","floor":16},{"not_picked":["Armaments","Body Slam+1"],"picked":"Iron Wave+1","floor":18},{"not_picked":["Dropkick","Thunderclap"],"picked":"Armaments+1","floor":19},{"not_picked":["Feel No Pain+1","Pommel Strike+1","Shockwave+1"],"picked":"SKIP","floor":20},{"not_picked":["infinitespire:OneForAll","hubris:ReadiedAction+1","Pummel"],"picked":"SKIP","floor":22},{"not_picked":["Flex","Perfected Strike+1"],"picked":"Shrug It Off","floor":23},{"not_picked":["Armaments","Flex"],"picked":"Entrench","floor":25},{"not_picked":["Rampage","Pommel Strike"],"picked":"Feed","floor":27},{"not_picked":["Shrug It Off","Body Slam+1"],"picked":"Flame Barrier","floor":28}],"player_experience":279293,"relics_obtained":[{"floor":6,"key":"ReplayTheSpireMod:TigerMarble"},{"floor":8,"key":"Replay:Arrowhead"},{"floor":9,"key":"Orichalcum"},{"floor":10,"key":"hubris:MobiusCoin"},{"floor":14,"key":"Strawberry"},{"floor":23,"key":"Ancient Tea Set"},{"floor":25,"key":"hubris:CuriousFeather"},{"floor":26,"key":"ReplayFunnel"},{"floor":27,"key":"Onion Ring"}],"event_choices":[{"damage_healed":0,"gold_gain":75,"player_choice":"Touch","damage_taken":8,"max_hp_gain":0,"max_hp_loss":0,"event_name":"FaceTrader","floor":5,"gold_loss":0}],"is_beta":false,"boss_relics":[{"not_picked":["hubris:ScarierMask","hubris:BlackHole"],"picked":"Abe\u0027s Treasure"}],"items_purged_floors":[4,21],"is_endless":false,"potions_floor_spawned":[1,2,8,12,22,23,27],"killed_by":"Gremlin Leader","ascension_level":1}}