{"host":"uuef13iiy6j2c50k","time":1610508094,"event":{"mods":["BaseMod","Minty Spire (QoL Compilation)","Quick Restart","Relic Stats","Slay-I","StSLib","SuperFastMode"],"gold_per_floor":[117,117,117,131,16,50,64,64,64,64,64],"floor_reached":10,"language":"ENG","playtime":271,"items_purged":[],"score":83,"play_id":"bc3e6332-82f4-4b09-b181-f1b3963ed6b2","local_time":"20210112172134","is_ascension_mode":true,"campfire_choices":[{"data":"Defragment","floor":8,"key":"SMITH"}],"circlet_count":0,"master_deck":["Strike_B","Strike_B","Defend_B","Defend_B","Defend_B","Defend_B","Zap","Dualcast","All For One","Gash","Reinforced Body","Glacier","Defragment+1","Beam Cell","Conserve Battery"],"relics":["Cracked Core","Letter Opener","Anchor","Unceasing Top"],"acts_visited":["Exordium"],"potions_floor_usage":[],"damage_taken":[{"damage":1,"enemies":"Cultist","floor":1,"turns":4},{"damage":1,"enemies":"2 Louse","floor":4,"turns":2},{"damage":10,"enemies":"3 Sentries","floor":6,"turns":10},{"damage":0,"enemies":"Small Slimes","floor":7,"turns":3},{"damage":20,"enemies":"Gremlin Nob","floor":10,"turns":5}],"seed_played":"-5906605109489460305","potions_obtained":[],"is_trial":false,"path_per_floor":["M","?","?","M","$","E","M","R","T","E"],"character_chosen":"DEFECT","items_purchased":["Glacier","Defragment"],"campfire_rested":0,"item_purchase_floors":[5,5],"current_hp_per_floor":[74,41,41,40,40,30,30,30,30,10,10],"gold":64,"neow_bonus":"TRANSFORM_CARD","is_daily":false,"chose_seed":false,"campfire_upgraded":1,"win_rate":0.0,"timestamp":1610508094,"path_taken":["M","?","?","?","?","E","M","R","T","E"],"items_purchased_type":["Card","Card"],"build_version":"2020-12-22","purchased_purges":0,"victory":false,"max_hp_per_floor":[75,75,75,75,75,75,75,75,75,75,75],"relic_stats":{"counters":[5,24],"Letter Opener":[6],"obtain_stats":[{"Anchor":6,"Letter Opener":2,"Cracked Core":0,"Unceasing Top":9},{"Anchor":3,"Letter Opener":1,"Cracked Core":0,"Unceasing Top":4},{"Anchor":16,"Letter Opener":4,"Cracked Core":0,"Unceasing Top":19}],"Unceasing Top":[0]},"card_choices":[{"not_picked":["Stack","Redo"],"picked":"Gash","floor":1},{"not_picked":["Tempest","Hologram"],"picked":"Reinforced Body","floor":4},{"not_picked":["Sweeping Beam","Buffer"],"picked":"Beam Cell","floor":6},{"not_picked":["Rebound","Sunder"],"picked":"Conserve Battery","floor":7}],"player_experience":42935,"relics_obtained":[{"floor":6,"key":"Anchor"},{"floor":9,"key":"Unceasing Top"}],"event_choices":[{"damage_healed":0,"gold_gain":0,"player_choice":"Success","damage_taken":33,"relics_obtained":["Letter Opener"],"max_hp_gain":0,"max_hp_loss":0,"event_name":"Scrap Ooze","floor":2,"gold_loss":0},{"cards_removed":["Strike_B"],"damage_healed":0,"gold_gain":0,"player_choice":"Purged","damage_taken":0,"max_hp_gain":0,"max_hp_loss":0,"event_name":"Purifier","floor":3,"gold_loss":0}],"is_beta":false,"boss_relics":[],"items_purged_floors":[],"is_endless":false,"potions_floor_spawned":[],"killed_by":"Gremlin Nob","ascension_level":5}}