{"host":"2lo6hma6kymb0g9i","time":1610566167,"event":{"mods":["BaseMod","Colored Map","DeckTracker","Minty Spire (QoL Compilation)"],"gold_per_floor":[119,119,119,135,147,147,147,161,161,161,181,181,198,198,198,275,275,286,286,166,166,81,114,114,131,131,131,131,31,51,64,64,141,141,156,174,193,212,222,222,222,222,222,240,240,240],"floor_reached":45,"language":"JPN","playtime":3081,"items_purged":["Strike_B","Strike_B"],"score":811,"play_id":"11836d29-5dfa-410b-899f-aa463469a8cc","local_time":"20210114042927","is_ascension_mode":true,"campfire_choices":[{"data":"Zap","floor":6.0,"key":"SMITH"},{"data":"Barrage","floor":10.0,"key":"SMITH"},{"floor":12.0,"key":"REST"},{"data":"Beam Cell","floor":15.0,"key":"SMITH"},{"floor":24.0,"key":"REST"},{"floor":28.0,"key":"REST"},{"floor":32,"key":"REST"},{"floor":40,"key":"REST"},{"data":"Coolheaded","floor":42,"key":"SMITH"}],"circlet_count":0,"master_deck":["AscendersBane","Zap+1","Dualcast+1","Go for the Eyes","Coolheaded+1","Barrage+1","Beam Cell+1","Biased Cognition","Electrodynamics","Reinforced Body","Lockon","Glacier","Conserve Battery","Rebound","Melter","Consume","Echo Form","Rainbow","Melter","Reinforced Body","Amplify","BootSequence","Parasite"],"relics":["Cracked Core","Torii","NlothsMask","Inserter","Singing Bowl","Strawberry","Calipers","Pandora\u0027s Box","Bottled Tornado"],"acts_visited":["Exordium","TheCity","TheBeyond"],"potions_floor_usage":[33,37,39,44],"damage_taken":[{"damage":0.0,"enemies":"2 Louse","floor":1.0,"turns":2.0},{"damage":0.0,"enemies":"Small Slimes","floor":4.0,"turns":3.0},{"damage":0.0,"enemies":"Cultist","floor":5.0,"turns":3.0},{"damage":10.0,"enemies":"Large Slime","floor":8.0,"turns":8.0},{"damage":2.0,"enemies":"Red Slaver","floor":11.0,"turns":3.0},{"damage":8.0,"enemies":"Blue Slaver","floor":13.0,"turns":3.0},{"damage":5.0,"enemies":"Hexaghost","floor":16.0,"turns":7.0},{"damage":24.0,"enemies":"2 Thieves","floor":18.0,"turns":3.0},{"damage":28.0,"enemies":"Gremlin Leader","floor":23.0,"turns":7.0},{"damage":2.0,"enemies":"Shell Parasite","floor":25.0,"turns":6.0},{"damage":11,"enemies":"Cultist and Chosen","floor":30,"turns":7},{"damage":15,"enemies":"Shelled Parasite and Fungi","floor":31,"turns":7},{"damage":2,"enemies":"Automaton","floor":33,"turns":15},{"damage":1,"enemies":"3 Shapes","floor":35,"turns":7},{"damage":37,"enemies":"3 Darklings","floor":36,"turns":4},{"damage":16,"enemies":"Spire Growth","floor":37,"turns":5},{"damage":12,"enemies":"Writhing Mass","floor":38,"turns":10},{"damage":0,"enemies":"Sphere and 2 Shapes","floor":39,"turns":4},{"damage":33,"enemies":"Spire Growth","floor":44,"turns":7},{"damage":10,"enemies":"Writhing Mass","floor":45,"turns":1}],"seed_played":"-7824297502950036514","potions_obtained":[{"floor":1.0,"key":"EssenceOfDarkness"},{"floor":11.0,"key":"SneckoOil"},{"floor":31,"key":"Strength Potion"},{"floor":33,"key":"PowerPotion"},{"floor":38,"key":"ColorlessPotion"},{"floor":39,"key":"Dexterity Potion"}],"is_trial":false,"path_per_floor":["M","?","?","M","M","R","?","M","T","R","M","R","M","?","R","B",null,"M","?","$","?","?","E","R","M","T","?","R","$","M","M","R","B",null,"M","M","M","M","M","R","?","R","T","M","M"],"character_chosen":"DEFECT","items_purchased":["Lockon"],"campfire_rested":5,"item_purchase_floors":[20],"current_hp_per_floor":[64,45,45,45,45,45,45,35,35,35,33,52,44,44,44,39,58,34,34,34,34,34,13,34,34,34,34,55,55,44,29,50,50,69,70,33,19,9,11,35,37,37,37,6,0,0],"gold":240,"neow_bonus":"ONE_RARE_RELIC","is_daily":false,"chose_seed":false,"campfire_upgraded":4,"win_rate":0.0,"timestamp":1610566167,"path_taken":["M","?","?","M","?","R","?","?","T","R","M","R","M","?","R","BOSS","M","?","$","?","?","E","R","M","T","?","R","?","M","M","R","BOSS","M","M","M","M","M","R","?","R","T","M","M"],"items_purchased_type":["Card"],"build_version":"2020-12-22","purchased_purges":2,"victory":false,"max_hp_per_floor":[64,64,64,64,64,64,64,64,64,64,64,64,64,64,64,64,64,64,64,64,64,64,71,71,73,73,73,73,73,73,73,73,75,75,77,77,79,81,83,83,85,85,85,87,87,87],"card_choices":[{"not_picked":["Recycle","Aggregate"],"picked":"Go for the Eyes","floor":1.0},{"not_picked":["Auto Shields","Turbo"],"picked":"Coolheaded","floor":4.0},{"not_picked":["Coolheaded","Loop","Go for the Eyes"],"picked":"SKIP","floor":5.0},{"not_picked":["Rebound","Cold Snap"],"picked":"Barrage","floor":8.0},{"not_picked":["Aggregate","Sweeping Beam"],"picked":"Beam Cell","floor":11.0},{"not_picked":["Hologram","Turbo"],"picked":"Biased Cognition","floor":13.0},{"not_picked":["Multi-Cast","Buffer"],"picked":"Electrodynamics","floor":16.0},{"not_picked":["Sweeping Beam+1","Go for the Eyes"],"picked":"Reinforced Body","floor":18.0},{"not_picked":["Stack","Compile Driver"],"picked":"Conserve Battery","floor":23.0},{"not_picked":["Turbo","Compile Driver","Loop"],"picked":"Singing Bowl","floor":25.0},{"not_picked":["Steam Power","Steam"],"picked":"Consume","floor":30},{"not_picked":["Coolheaded+1","Go for the Eyes"],"picked":"Echo Form","floor":31},{"not_picked":["Creative AI","Meteor Strike","Echo Form"],"picked":"Singing Bowl","floor":33},{"not_picked":["Hologram","Conserve Battery","Redo"],"picked":"Singing Bowl","floor":35},{"not_picked":["Steam+1","Ball Lightning"],"picked":"BootSequence","floor":36},{"not_picked":["Sweeping Beam+1","Barrage","Loop"],"picked":"Singing Bowl","floor":37},{"not_picked":["Streamline","Lockon+1","Fusion"],"picked":"Singing Bowl","floor":38},{"not_picked":["Stack","Gash","White Noise"],"picked":"Singing Bowl","floor":39},{"not_picked":["Discovery","Jack Of All Trades","Deep Breath"],"picked":"Singing Bowl","floor":41},{"not_picked":["Go for the Eyes","Blizzard","Reprogram"],"picked":"Singing Bowl","floor":44}],"player_experience":1064397,"relics_obtained":[{"floor":23.0,"key":"Strawberry"},{"floor":26.0,"key":"Calipers"},{"floor":43,"key":"Bottled Tornado"}],"event_choices":[{"damage_healed":0.0,"max_hp_gain":0.0,"max_hp_loss":0.0,"gold_gain":0.0,"event_name":"Shining Light","player_choice":"Entered Light","floor":2.0,"gold_loss":0.0,"damage_taken":19.0,"cards_upgraded":["Defend_B","Defend_B"]},{"damage_healed":0.0,"max_hp_gain":0.0,"max_hp_loss":0.0,"gold_gain":0.0,"event_name":"FaceTrader","player_choice":"Trade","floor":3.0,"gold_loss":0.0,"damage_taken":0.0,"relics_obtained":["NlothsMask"]},{"damage_healed":0.0,"max_hp_gain":0.0,"max_hp_loss":0.0,"gold_gain":0.0,"event_name":"Upgrade Shrine","player_choice":"Upgraded","floor":7.0,"gold_loss":0.0,"damage_taken":0.0,"cards_upgraded":["Dualcast"]},{"damage_healed":0.0,"max_hp_gain":0.0,"max_hp_loss":0.0,"gold_gain":0.0,"event_name":"Liars Game","player_choice":"Ignored","floor":14.0,"gold_loss":0.0,"damage_taken":0.0},{"damage_healed":0.0,"max_hp_gain":0.0,"max_hp_loss":0.0,"gold_gain":0.0,"event_name":"Cursed Tome","player_choice":"Ignored","floor":19.0,"gold_loss":0.0,"damage_taken":0.0},{"damage_healed":0.0,"max_hp_gain":0.0,"max_hp_loss":0.0,"gold_gain":0.0,"event_name":"The Library","player_choice":"Read","floor":21.0,"gold_loss":0.0,"damage_taken":0.0,"cards_obtained":["Glacier"]},{"damage_healed":0.0,"max_hp_gain":0.0,"max_hp_loss":0.0,"gold_gain":0.0,"event_name":"Addict","player_choice":"Obtained Relic","floor":22.0,"gold_loss":85.0,"damage_taken":0.0,"relics_obtained":["Singing Bowl"]},{"damage_healed":0.0,"max_hp_gain":0.0,"max_hp_loss":0.0,"gold_gain":0.0,"cards_transformed":["Strike_B","Strike_B"],"event_name":"Drug Dealer","player_choice":"Became Test Subject","floor":27.0,"gold_loss":0.0,"damage_taken":0.0,"cards_obtained":["Rebound","Melter"]},{"damage_healed":0,"gold_gain":0,"player_choice":"Memory 1","damage_taken":0,"max_hp_gain":0,"max_hp_loss":0,"event_name":"SensoryStone","floor":41,"gold_loss":0}],"is_beta":false,"boss_relics":[{"not_picked":["FrozenCore","Cursed Key"],"picked":"Inserter"},{"not_picked":["Sozu","Philosopher\u0027s Stone"],"picked":"Pandora\u0027s Box"}],"items_purged_floors":[20,29],"is_endless":false,"potions_floor_spawned":[1,11,31,33,38,39],"killed_by":"Writhing Mass","ascension_level":18}}