{"host":"hgppx942rrnelsya","time":1610505916,"event":{"mods":["Act Like it!","BaseMod","Friendly Minions","Gensokyo","GifTheSpireLib","Hallownest","KinomotoSakuraMod(????)","Koishi","Marisa????????","Minty Spire (QoL Compilation)","Prisma Mod","Remilia??????","StSLib","The Alterego","The Animator","The Forsaken","The Hierophant","The Mystic","The Runesmith","The Servant 0.9.4"],"gold_per_floor":[117,135,145,165,3,38,56,56,132,145,162,162,175,189,189,288,288,306,337,355,355,51,51,51,51],"floor_reached":24,"language":"ENG","playtime":1031,"items_purged":[],"score":227,"play_id":"defd6c7c-acce-47b9-8b19-f5a752302801","local_time":"20210113024516","is_ascension_mode":false,"campfire_choices":[{"floor":12,"key":"REST"},{"floor":15,"key":"REST"},{"floor":23,"key":"REST"}],"circlet_count":0,"master_deck":["Defend_S","Defend_S","Defend_S","KidneyShot","Exchange","MurderousAura","Revamp","TimeWarp","Ricochet","Ricochet","SurpressingFire","Flash of Steel","Luminosity+1","Defy","Rearm","Rearm","Moondial","Moonlight","FlawlessForm+1","Manipulate","Moonlight","Starlight","Bite","Bite","Bite","Bite","Bite","Moonlight","Swift Strike"],"relics":["Uniform","Frozen Egg 2","Question Card","theForsaken:PaleLantern","Red Mask","Regal Pillow"],"acts_visited":["Exordium","TheCity"],"potions_floor_usage":[16,16,16,18,24],"damage_taken":[{"damage":1,"enemies":"Cultist","floor":1,"turns":4},{"damage":1,"enemies":"Jaw Worm","floor":2,"turns":3},{"damage":1,"enemies":"2 Louse","floor":3,"turns":3},{"damage":12,"enemies":"Red Slaver","floor":4,"turns":5},{"damage":25,"enemies":"Gremlin Nob","floor":6,"turns":4},{"damage":0,"enemies":"Looter","floor":7,"turns":4},{"damage":0,"enemies":"Lots of Slimes","floor":10,"turns":2},{"damage":3,"enemies":"Blue Slaver","floor":11,"turns":4},{"damage":2,"enemies":"2 Fungi Beasts","floor":13,"turns":3},{"damage":21,"enemies":"Lots of Slimes","floor":14,"turns":4},{"damage":12,"enemies":"Slime Boss","floor":16,"turns":7},{"damage":19,"enemies":"3 Byrds","floor":18,"turns":6},{"damage":36,"enemies":"Masked Bandits","floor":19,"turns":5},{"damage":5,"enemies":"2 Thieves","floor":20,"turns":5},{"damage":43,"enemies":"Book of Stabbing","floor":24,"turns":3}],"seed_played":"8147041515392631393","potions_obtained":[{"floor":2,"key":"Energy Potion"},{"floor":6,"key":"CultistPotion"},{"floor":7,"key":"FearPotion"},{"floor":8,"key":"SteroidPotion"},{"floor":8,"key":"SpeedPotion"},{"floor":8,"key":"BlessingOfTheForge"},{"floor":11,"key":"DuplicationPotion"},{"floor":16,"key":"FearPotion"},{"floor":20,"key":"Explosive Potion"}],"is_trial":false,"path_per_floor":["M","M","M","M","$","E","M","?","T","M","M","R","M","M","R","B",null,"M","?","M","?","$","R","E"],"character_chosen":"THE_SERVANT","items_purchased":["SurpressingFire","Flash of Steel","Moonlight","Swift Strike","Regal Pillow"],"campfire_rested":3,"item_purchase_floors":[5,5,22,22,22],"current_hp_per_floor":[64,63,62,50,50,25,25,25,25,25,22,41,39,18,37,25,65,46,10,5,5,5,33,0,0],"gold":51,"neow_bonus":"TRANSFORM_CARD","is_daily":false,"chose_seed":false,"campfire_upgraded":0,"win_rate":0.0,"timestamp":1610505916,"path_taken":["M","M","M","M","$","E","?","?","T","?","M","R","M","M","R","BOSS","M","?","M","?","$","R","E"],"items_purchased_type":["Card","Card","Card","Card","Relic"],"build_version":"2020-12-22","purchased_purges":0,"victory":false,"max_hp_per_floor":[65,65,65,65,65,65,65,65,65,65,65,65,65,65,65,65,65,65,65,65,45,45,45,45,45],"card_choices":[{"not_picked":["Advance","FastForward"],"picked":"Revamp","floor":1},{"not_picked":["Unruled","Defy"],"picked":"TimeWarp","floor":2},{"not_picked":["Alleviate","ShatteredReality"],"picked":"Ricochet","floor":3},{"not_picked":["DoubleEdge","Unruled"],"picked":"Ricochet","floor":4},{"not_picked":["ShiftingGears","Read"],"picked":"Luminosity+1","floor":6},{"not_picked":["ShatteredReality","Replace"],"picked":"Defy","floor":7},{"not_picked":["Reset","DualDimension","ShatteredReality"],"picked":"Rearm","floor":10},{"not_picked":["Defy","Alleviate","TheWorld"],"picked":"Rearm","floor":11},{"not_picked":["Misdirection","Replace","TimeWarp"],"picked":"Moondial","floor":13},{"not_picked":["Revamp","Potential","TimeWarp"],"picked":"Moonlight","floor":14},{"not_picked":["Sunlight","Dilation","Deny"],"picked":"FlawlessForm+1","floor":16},{"not_picked":["Spin","Snipe","FastForward"],"picked":"Manipulate","floor":18},{"not_picked":["Alleviate+1","Solidify","Rearm"],"picked":"Moonlight","floor":19},{"not_picked":["Manipulate","Desolation+1","Shuttle"],"picked":"Starlight","floor":20}],"player_experience":43895,"relics_obtained":[{"floor":6,"key":"Frozen Egg 2"},{"floor":9,"key":"Question Card"},{"floor":19,"key":"Red Mask"}],"event_choices":[{"damage_healed":0,"gold_gain":0,"player_choice":"Got Potions","damage_taken":0,"max_hp_gain":0,"max_hp_loss":0,"event_name":"Lab","floor":8,"gold_loss":0},{"damage_healed":0,"gold_gain":0,"player_choice":"Fought Bandits","damage_taken":0,"max_hp_gain":0,"max_hp_loss":0,"event_name":"Masked Bandits","floor":19,"gold_loss":0},{"damage_healed":0,"gold_gain":0,"player_choice":"Became a vampire","damage_taken":0,"max_hp_gain":0,"max_hp_loss":20,"event_name":"Vampires","floor":21,"gold_loss":0,"cards_obtained":["Bite","Bite","Bite","Bite","Bite"]}],"is_beta":false,"boss_relics":[{"not_picked":["Sozu","Black Star"],"picked":"theForsaken:PaleLantern"}],"items_purged_floors":[],"is_endless":false,"potions_floor_spawned":[2,6,7,11,13,16,20],"killed_by":"Book of Stabbing","ascension_level":0}}