{"host":"uv231blk40vjdojr","time":1610547611,"event":{"mods":["AchievementEnabler","BaseMod","Bestiary","Minty Spire (QoL Compilation)","Relic Stats"],"gold_per_floor":[117,18,93,103,103,138,88,102,129,129,146,160,173,184,184,284,284,294,294,314,314,314,314,27,62,62,62,72,88,88,88],"floor_reached":30,"language":"ENG","playtime":916,"items_purged":["Strike_P","SignatureMove"],"score":277,"play_id":"33a1358e-c9df-4504-aff7-d2f06cde9784","local_time":"20210113152011","is_ascension_mode":false,"campfire_choices":[{"data":"Wallop","floor":15,"key":"SMITH"},{"data":"Devotion","floor":23,"key":"SMITH"},{"data":"DevaForm","floor":27,"key":"SMITH"}],"circlet_count":0,"master_deck":["Eruption+1","Vigilance","Tantrum","CrushJoints","ReachHeaven+1","Wallop+1","Worship","Protect","DevaForm+1","LessonLearned+1","FlyingSleeves","DeusExMachina","Devotion+1","MentalFortress+1","Study+1","Perseverance+1","TalkToTheHand+1","Ghostly","Ghostly","Ghostly","Ghostly","Ghostly","Conclude","Consecrate+1"],"relics":["Runic Pyramid","Art of War","Ancient Tea Set","Pandora\u0027s Box","ClockworkSouvenir","GoldenEye","Mummified Hand"],"acts_visited":["Exordium","TheCity"],"potions_floor_usage":[16,16,16,29,29,30],"damage_taken":[{"damage":0,"enemies":"Jaw Worm","floor":1,"turns":2},{"damage":0,"enemies":"2 Louse","floor":4,"turns":3},{"damage":17,"enemies":"3 Sentries","floor":6,"turns":4},{"damage":10,"enemies":"Small Slimes","floor":8,"turns":2},{"damage":8,"enemies":"Red Slaver","floor":11,"turns":3},{"damage":7,"enemies":"2 Fungi Beasts","floor":12,"turns":4},{"damage":3,"enemies":"3 Louse","floor":13,"turns":3},{"damage":2,"enemies":"Blue Slaver","floor":14,"turns":3},{"damage":14,"enemies":"Hexaghost","floor":16,"turns":6},{"damage":22,"enemies":"3 Byrds","floor":18,"turns":3},{"damage":4,"enemies":"Chosen","floor":20,"turns":6},{"damage":3,"enemies":"Book of Stabbing","floor":25,"turns":4},{"damage":9,"enemies":"Snake Plant","floor":28,"turns":3},{"damage":12,"enemies":"Cultist and Chosen","floor":29,"turns":4},{"damage":15,"enemies":"Gremlin Leader","floor":30,"turns":2}],"seed_played":"-752445849724359355","potions_obtained":[{"floor":1,"key":"Dexterity Potion"},{"floor":12,"key":"SpeedPotion"},{"floor":13,"key":"PowerPotion"},{"floor":14,"key":"Explosive Potion"},{"floor":20,"key":"Strength Potion"},{"floor":25,"key":"Explosive Potion"},{"floor":28,"key":"Fire Potion"}],"is_trial":false,"path_per_floor":["M","$","?","M","?","E","?","M","T","?","M","M","M","M","R","B",null,"M","?","M","?","?","R","$","E","T","R","M","M","E"],"character_chosen":"WATCHER","items_purchased":["CrushJoints","ClockworkSouvenir","Conclude"],"campfire_rested":0,"item_purchase_floors":[2,24,24],"current_hp_per_floor":[72,72,61,61,66,49,49,39,39,39,31,24,21,19,19,5,77,55,41,37,37,37,37,37,34,34,34,25,13,0,0],"gold":88,"neow_bonus":"BOSS_RELIC","is_daily":false,"chose_seed":false,"campfire_upgraded":3,"win_rate":0.0,"timestamp":1610547611,"path_taken":["M","$","?","M","?","E","?","M","T","?","?","M","M","M","R","BOSS","M","?","M","?","?","R","$","E","T","R","M","M","E"],"items_purchased_type":["Card","Relic","Card"],"build_version":"2020-12-22","purchased_purges":2,"victory":false,"max_hp_per_floor":[72,72,72,72,77,77,77,77,77,77,77,77,77,77,77,77,77,77,82,82,82,41,41,41,41,41,41,41,41,41,41],"relic_stats":{"counters":[15,52],"Mummified Hand":[12],"Pandora\u0027s Box":["Judgement","FlyingSleeves","DeusExMachina","Devotion","MentalFortress"],"Art of War":[7],"GoldenEye":[0],"obtain_stats":[{"Mummified Hand":26,"Pandora\u0027s Box":17,"Art of War":6,"PureWater":0,"Ancient Tea Set":9,"GoldenEye":25,"Runic Pyramid":0,"ClockworkSouvenir":24},{"Mummified Hand":12,"Pandora\u0027s Box":9,"Art of War":3,"PureWater":0,"Ancient Tea Set":4,"GoldenEye":12,"Runic Pyramid":0,"ClockworkSouvenir":11},{"Mummified Hand":43,"Pandora\u0027s Box":30,"Art of War":9,"PureWater":0,"Ancient Tea Set":11,"GoldenEye":43,"Runic Pyramid":0,"ClockworkSouvenir":39}]},"card_choices":[{"not_picked":["ThirdEye","TalkToTheHand"],"picked":"Tantrum","floor":1},{"not_picked":["Evaluate","Prostrate"],"picked":"ReachHeaven","floor":4},{"not_picked":["Prostrate","CrushJoints"],"picked":"Wallop","floor":6},{"not_picked":["PathToVictory","FlurryOfBlows"],"picked":"Worship","floor":8},{"not_picked":["MasterReality","BowlingBash"],"picked":"Protect","floor":11},{"not_picked":["Tantrum","Protect","PathToVictory"],"picked":"SKIP","floor":12},{"not_picked":["ThirdEye","SandsOfTime"],"picked":"SashWhip","floor":13},{"not_picked":["InnerPeace","Prostrate"],"picked":"DevaForm","floor":14},{"not_picked":["Judgement","Scrawl"],"picked":"LessonLearned","floor":16},{"not_picked":["EmptyBody","BattleHymn+1"],"picked":"Study+1","floor":18},{"not_picked":["Vengeance","Swivel+1"],"picked":"Perseverance+1","floor":20},{"not_picked":["EmptyBody","WaveOfTheHand","LessonLearned"],"picked":"SKIP","floor":25},{"not_picked":["Halt+1","CutThroughFate"],"picked":"Consecrate+1","floor":28},{"not_picked":["WindmillStrike","BowlingBash+1","TalkToTheHand"],"picked":"SKIP","floor":29}],"player_experience":678654,"relics_obtained":[{"floor":6,"key":"Art of War"},{"floor":9,"key":"Ancient Tea Set"},{"floor":25,"key":"GoldenEye"},{"floor":26,"key":"Mummified Hand"}],"event_choices":[{"damage_healed":0,"gold_gain":75,"player_choice":"Gather Gold","damage_taken":11,"max_hp_gain":0,"max_hp_loss":0,"event_name":"World of Goop","floor":3,"gold_loss":0},{"damage_healed":0,"gold_gain":0,"player_choice":"Donut","damage_taken":0,"max_hp_gain":5,"max_hp_loss":0,"event_name":"Big Fish","floor":5,"gold_loss":0},{"cards_removed":["Defend_P"],"damage_healed":0,"gold_gain":0,"player_choice":"Card Removal","damage_taken":0,"max_hp_gain":0,"max_hp_loss":0,"event_name":"The Cleric","floor":7,"gold_loss":50},{"cards_removed":["Strike_P"],"damage_healed":0,"gold_gain":0,"player_choice":"Offered Basic","damage_taken":0,"max_hp_gain":0,"max_hp_loss":0,"event_name":"Bonfire Elementals","floor":10,"gold_loss":0},{"damage_healed":0,"gold_gain":0,"player_choice":"Shed Blood","damage_taken":19,"max_hp_gain":5,"max_hp_loss":0,"event_name":"Forgotten Altar","floor":19,"gold_loss":0},{"damage_healed":0,"gold_gain":0,"cards_transformed":["Judgement","SashWhip"],"player_choice":"Became Test Subject","damage_taken":0,"max_hp_gain":0,"max_hp_loss":0,"event_name":"Drug Dealer","floor":21,"gold_loss":0,"cards_obtained":["TalkToTheHand","SignatureMove"]},{"damage_healed":0,"gold_gain":0,"player_choice":"Became a Ghost","damage_taken":0,"max_hp_gain":0,"max_hp_loss":41,"event_name":"Ghosts","floor":22,"gold_loss":0,"cards_obtained":["Ghostly","Ghostly","Ghostly","Ghostly","Ghostly"]}],"is_beta":false,"boss_relics":[{"not_picked":["Runic Dome","VioletLotus"],"picked":"Pandora\u0027s Box"}],"items_purged_floors":[2,24],"is_endless":false,"potions_floor_spawned":[1,12,13,14,20,25,28],"killed_by":"Gremlin Leader","ascension_level":0}}