{"host":"hgkb2zpbo2dcws21","time":1610546182,"event":{"mods":["AchievementEnabler","BaseMod","Colored Map","Colored Powertips","Custom Start","DeckTracker","KOR Keyword Fix","Keyboard Shortcuts","Minty Spire (QoL Compilation)","Relic Stats","StSLib","SuperFastMode"],"gold_per_floor":[117,42,42,42,42,42,60,95,121,121,121,121,151,169,169,244,244,257,269,269,269],"floor_reached":20,"language":"KOR","playtime":303,"items_purged":[],"score":379,"play_id":"73f09b31-26a5-45ff-bb95-d8eb1b1145c6","local_time":"20210113225622","is_ascension_mode":true,"campfire_choices":[{"data":"Eruption","floor":6,"key":"SMITH"},{"data":"Pray","floor":10,"key":"SMITH"},{"data":"SignatureMove","floor":12,"key":"SMITH"},{"data":"EmptyMind","floor":15,"key":"SMITH"}],"circlet_count":0,"master_deck":["AscendersBane","Strike_P","Defend_P","Defend_P","Defend_P","Defend_P","Eruption+1","Vigilance","Pray+1","SignatureMove+1","EmptyMind+1","FollowUp","Vengeance+1"],"relics":["PureWater","NeowsBlessing","Akabeko","Oddly Smooth Stone","Orichalcum","Gremlin Horn","Empty Cage"],"acts_visited":["Exordium","TheCity"],"potions_floor_usage":[],"damage_taken":[{"damage":0,"enemies":"Small Slimes","floor":1,"turns":1},{"damage":0,"enemies":"Jaw Worm","floor":7,"turns":1},{"damage":0,"enemies":"3 Sentries","floor":8,"turns":2},{"damage":23,"enemies":"Gremlin Nob","floor":13,"turns":4},{"damage":0,"enemies":"Cultist","floor":14,"turns":2},{"damage":14,"enemies":"The Guardian","floor":16,"turns":5},{"damage":26,"enemies":"2 Thieves","floor":18,"turns":5},{"damage":0,"enemies":"Spheric Guardian","floor":19,"turns":2},{"damage":35,"enemies":"Snake Plant","floor":20,"turns":3}],"seed_played":"-9014581650664606588","potions_obtained":[{"floor":13,"key":"ColorlessPotion"},{"floor":19,"key":"Strength Potion"}],"is_trial":false,"path_per_floor":["M","?","$","?","$","R","M","E","T","R","?","R","E","M","R","B",null,"M","M","M"],"character_chosen":"WATCHER","items_purchased":[],"campfire_rested":0,"item_purchase_floors":[],"current_hp_per_floor":[61,61,61,66,66,66,66,66,66,66,55,55,32,32,32,18,59,33,33,0,0],"gold":269,"neow_bonus":"THREE_ENEMY_KILL","is_daily":false,"chose_seed":false,"campfire_upgraded":4,"win_rate":0.0,"timestamp":1610546182,"path_taken":["M","?","$","?","?","R","?","E","T","R","?","R","E","M","R","BOSS","M","M","M"],"items_purchased_type":[],"build_version":"2020-12-22","purchased_purges":0,"victory":false,"max_hp_per_floor":[68,68,68,73,73,73,73,73,73,73,73,73,73,73,73,73,73,73,73,73,73],"relic_stats":{"Gremlin Horn":[1,1],"counters":[9,25],"Orichalcum":[48],"obtain_stats":[{"NeowsBlessing":0,"Gremlin Horn":13,"Oddly Smooth Stone":9,"PureWater":0,"Orichalcum":11,"Empty Cage":17,"Akabeko":8},{"NeowsBlessing":0,"Gremlin Horn":4,"Oddly Smooth Stone":3,"PureWater":0,"Orichalcum":3,"Empty Cage":6,"Akabeko":3},{"NeowsBlessing":0,"Gremlin Horn":8,"Oddly Smooth Stone":4,"PureWater":0,"Orichalcum":4,"Empty Cage":15,"Akabeko":4}]},"card_choices":[{"not_picked":["ThirdEye","Evaluate"],"picked":"Pray","floor":1},{"not_picked":["Nirvana","PathToVictory"],"picked":"SignatureMove","floor":7},{"not_picked":["LikeWater","Nirvana"],"picked":"EmptyMind","floor":8},{"not_picked":["Sanctity","CarveReality"],"picked":"FollowUp","floor":13},{"not_picked":["FollowUp","LikeWater","Pray"],"picked":"SKIP","floor":14},{"not_picked":["SignatureMove","Consecrate"],"picked":"Vengeance+1","floor":18},{"not_picked":["EmptyBody","Evaluate","FlyingSleeves"],"picked":"SKIP","floor":19}],"player_experience":1142006,"relics_obtained":[{"floor":8,"key":"Akabeko"},{"floor":9,"key":"Oddly Smooth Stone"},{"floor":13,"key":"Gremlin Horn"}],"event_choices":[{"cards_removed":["Strike_P"],"damage_healed":0,"gold_gain":0,"player_choice":"Card Removal","damage_taken":0,"max_hp_gain":0,"max_hp_loss":0,"event_name":"The Cleric","floor":2,"gold_loss":75},{"damage_healed":0,"gold_gain":0,"player_choice":"Donut","damage_taken":0,"max_hp_gain":5,"max_hp_loss":0,"event_name":"Big Fish","floor":4,"gold_loss":0},{"damage_healed":0,"gold_gain":0,"player_choice":"Success","damage_taken":11,"relics_obtained":["Orichalcum"],"max_hp_gain":0,"max_hp_loss":0,"event_name":"Scrap Ooze","floor":11,"gold_loss":0}],"is_beta":false,"boss_relics":[{"not_picked":["Tiny House","Coffee Dripper"],"picked":"Empty Cage"}],"items_purged_floors":[],"is_endless":false,"potions_floor_spawned":[13,19],"killed_by":"Snake Plant","ascension_level":17}}