{"host":"pbf6u3tyx46snqc7","time":1610547515,"event":{"mods":["AchievementEnabler","BaseMod","Colored Map","Minty Spire (QoL Compilation)","Rare Cards Sparkle","SuperFastMode"],"gold_per_floor":[118,22,22,22,45,83,83,107,131,154,170,170,194,73,73,203,203,219,219,18,18,33,52,52,52,52,52,72,72,97,115,115,239,239,263,263,3,3,23,23,42,42,42],"floor_reached":42,"language":"KOR","playtime":1502,"items_purged":["Strike_G"],"score":655,"play_id":"97ead07f-862d-4a6b-a943-d36893d28614","local_time":"20210113231835","is_ascension_mode":true,"campfire_choices":[{"data":"Dagger Spray","floor":7.0,"key":"SMITH"},{"data":"Bouncing Flask","floor":12.0,"key":"SMITH"},{"data":"Survivor","floor":15.0,"key":"SMITH"},{"data":"Corpse Explosion","floor":24.0,"key":"SMITH"},{"data":"Catalyst","floor":32.0,"key":"SMITH"},{"floor":40.0,"key":"RECALL"}],"circlet_count":0,"master_deck":["Strike_G","Strike_G","Defend_G","Defend_G","Defend_G","Defend_G","Defend_G","Survivor+1","Neutralize+1","Dagger Spray+1","PiercingWail","Dagger Throw","Reflex","Poisoned Stab","Bouncing Flask+1","Underhanded Strike","PiercingWail","Corpse Explosion+1","Crippling Poison","Ghostly","Ghostly","Ghostly","Ghostly","Ghostly","Bane+1","Deadly Poison+1","Noxious Fumes","Catalyst+1","Bouncing Flask+1","After Image","Escape Plan+1"],"relics":["Ring of the Snake","NeowsBlessing","Golden Idol","MealTicket","Empty Cage","Bag of Preparation","Vajra","Bag of Marbles","Fusion Hammer","Toxic Egg 2","Lantern"],"acts_visited":["Exordium","TheCity","TheBeyond"],"potions_floor_usage":[42,42],"damage_taken":[{"damage":0.0,"enemies":"2 Louse","floor":1.0,"turns":1.0},{"damage":0.0,"enemies":"Cultist","floor":5.0,"turns":1.0},{"damage":0.0,"enemies":"Lagavulin","floor":6.0,"turns":1.0},{"damage":4.0,"enemies":"Jaw Worm","floor":8.0,"turns":4.0},{"damage":1.0,"enemies":"Blue Slaver","floor":10.0,"turns":5.0},{"damage":7.0,"enemies":"Looter","floor":11.0,"turns":4.0},{"damage":7.0,"enemies":"Exordium Thugs","floor":13.0,"turns":4.0},{"damage":42.0,"enemies":"The Guardian","floor":16.0,"turns":9.0},{"damage":12.0,"enemies":"Spheric Guardian","floor":18.0,"turns":5.0},{"damage":2.0,"enemies":"Chosen","floor":22.0,"turns":5.0},{"damage":15.0,"enemies":"Centurion and Healer","floor":23.0,"turns":6.0},{"damage":0.0,"enemies":"Snake Plant","floor":28.0,"turns":3.0},{"damage":4.0,"enemies":"3 Cultists","floor":30.0,"turns":5.0},{"damage":3.0,"enemies":"Cultist and Chosen","floor":31.0,"turns":7.0},{"damage":3.0,"enemies":"Champ","floor":33.0,"turns":9.0},{"damage":2.0,"enemies":"Orb Walker","floor":35.0,"turns":4.0},{"damage":1.0,"enemies":"3 Shapes","floor":39.0,"turns":3.0},{"damage":0.0,"enemies":"Transient","floor":41.0,"turns":5.0},{"damage":46,"enemies":"Giant Head","floor":42,"turns":6}],"seed_played":"-4170721155150325009","potions_obtained":[{"floor":1.0,"key":"SteroidPotion"},{"floor":4.0,"key":"Fruit Juice"},{"floor":4.0,"key":"ColorlessPotion"},{"floor":13.0,"key":"Dexterity Potion"},{"floor":18.0,"key":"Swift Potion"},{"floor":23.0,"key":"Poison Potion"},{"floor":39.0,"key":"GamblersBrew"}],"is_trial":false,"path_per_floor":["M","$","?","?","M","E","R","M","T","M","M","R","M","$","R","B",null,"M","?","$","?","M","M","R","T","T","$","M","?","M","M","R","B",null,"M","?","$","T","M","R","M","E"],"character_chosen":"THE_SILENT","items_purchased":["GhostInAJar","PiercingWail","Bag of Preparation","Bane","Toxic Egg 2"],"campfire_rested":0,"item_purchase_floors":[2,14,20,20,37],"current_hp_per_floor":[63,63,46,46,46,46,46,47,47,46,39,39,32,47,47,5,58,46,37,37,37,35,20,20,20,20,35,35,35,31,28,28,25,34,32,32,37,37,36,36,36,0,0],"gold":42,"neow_bonus":"THREE_ENEMY_KILL","is_daily":false,"chose_seed":false,"campfire_upgraded":5,"win_rate":0.0,"timestamp":1610547515,"path_taken":["M","$","?","?","M","E","R","M","T","M","M","R","?","$","R","BOSS","M","?","$","?","?","M","R","?","T","?","M","?","M","M","R","BOSS","M","?","$","?","M","R","M","E"],"items_purchased_type":["Potion","Card","Relic","Card","Relic"],"build_version":"2020-12-22","purchased_purges":1,"victory":false,"max_hp_per_floor":[70,70,70,70,70,70,70,75,75,75,75,75,75,75,75,75,75,75,37,37,37,37,37,37,37,37,37,37,37,37,37,37,37,37,37,37,37,37,37,37,37,37,37],"card_choices":[{"not_picked":["Backflip","Crippling Poison"],"picked":"Dagger Spray","floor":1.0},{"not_picked":["Bane","Caltrops"],"picked":"PiercingWail","floor":5.0},{"not_picked":["Bane","Leg Sweep"],"picked":"Dagger Throw","floor":6.0},{"not_picked":["Dagger Throw","Cloak And Dagger"],"picked":"Reflex","floor":8.0},{"not_picked":["Blade Dance","Endless Agony"],"picked":"Poisoned Stab","floor":10.0},{"not_picked":["Skewer","Heel Hook"],"picked":"Bouncing Flask","floor":11.0},{"not_picked":["All Out Attack","Quick Slash"],"picked":"Underhanded Strike","floor":13.0},{"not_picked":["Glass Knife","Burst"],"picked":"Corpse Explosion","floor":16.0},{"not_picked":["Calculated Gamble","Finisher"],"picked":"Crippling Poison","floor":18.0},{"not_picked":["Cloak And Dagger","Predator+1","Dagger Throw"],"picked":"SKIP","floor":22.0},{"not_picked":["Calculated Gamble","Dash+1"],"picked":"Deadly Poison+1","floor":23.0},{"not_picked":["Blur","Finisher+1"],"picked":"Noxious Fumes","floor":28.0},{"not_picked":["Blade Dance","PiercingWail"],"picked":"Catalyst","floor":30.0},{"not_picked":["Bane","Dodge and Roll"],"picked":"Bouncing Flask+1","floor":31.0},{"not_picked":["Envenom","Grand Finale"],"picked":"After Image","floor":33.0},{"not_picked":["Dagger Spray+1","Slice+1","Deflect"],"picked":"SKIP","floor":35.0},{"not_picked":["Quick Slash+1","Flying Knee","Dagger Spray+1"],"picked":"SKIP","floor":39.0},{"not_picked":["Dodge and Roll+1","Cloak And Dagger+1"],"picked":"Escape Plan+1","floor":41.0}],"player_experience":418926,"relics_obtained":[{"floor":6.0,"key":"MealTicket"},{"floor":25.0,"key":"Vajra"},{"floor":26.0,"key":"Bag of Marbles"},{"floor":38.0,"key":"Lantern"}],"event_choices":[{"damage_healed":0.0,"max_hp_gain":0.0,"max_hp_loss":0.0,"gold_gain":0.0,"event_name":"Golden Idol","player_choice":"Take Damage","floor":3.0,"gold_loss":0.0,"damage_taken":17.0,"relics_obtained":["Golden Idol"]},{"damage_healed":0.0,"max_hp_gain":0.0,"max_hp_loss":0.0,"gold_gain":0.0,"event_name":"Lab","player_choice":"Got Potions","floor":4.0,"gold_loss":0.0,"damage_taken":0.0},{"damage_healed":0.0,"max_hp_gain":0.0,"max_hp_loss":38.0,"gold_gain":0.0,"event_name":"Ghosts","player_choice":"Became a Ghost","floor":19.0,"gold_loss":0.0,"damage_taken":0.0,"cards_obtained":["Ghostly","Ghostly","Ghostly","Ghostly","Ghostly"]},{"damage_healed":0.0,"max_hp_gain":0.0,"max_hp_loss":0.0,"gold_gain":0.0,"event_name":"Upgrade Shrine","player_choice":"Upgraded","floor":21.0,"gold_loss":0.0,"damage_taken":0.0,"cards_upgraded":["Bane"]},{"damage_healed":0.0,"max_hp_gain":0.0,"max_hp_loss":0.0,"gold_gain":0.0,"event_name":"Cursed Tome","player_choice":"Ignored","floor":29.0,"gold_loss":0.0,"damage_taken":0.0},{"damage_healed":0.0,"max_hp_gain":0.0,"max_hp_loss":0.0,"gold_gain":0.0,"event_name":"Upgrade Shrine","player_choice":"Upgraded","floor":36.0,"gold_loss":0.0,"damage_taken":0.0,"cards_upgraded":["Neutralize"]}],"is_beta":false,"boss_relics":[{"not_picked":["WristBlade","Ectoplasm"],"picked":"Empty Cage"},{"not_picked":["Coffee Dripper","HoveringKite"],"picked":"Fusion Hammer"}],"items_purged_floors":[14],"is_endless":false,"potions_floor_spawned":[1,6,13,18,22,23,31,39],"killed_by":"Giant Head","ascension_level":8}}