{"host":"mai03x2ekbjy4059","time":1610581645,"event":{"mods":["2.2 Compatiblity","BaseMod","DeckTracker","Highlight Path","Keyboard Shortcuts","Minty Spire (QoL Compilation)","Permanent Neow","Quick Restart","SuperFastMode","everything is the same but u backflip on backflip"],"gold_per_floor":[119,119,130,150,160,191,202,233,280,308,308,338,338,263,263,335,335,350,400,325,343,343,343,343],"floor_reached":23,"language":"KOR","playtime":524,"items_purged":["Strike_P"],"score":501,"play_id":"329863df-366d-4d43-8ede-baa528350943","local_time":"20210114084725","is_ascension_mode":true,"campfire_choices":[{"data":"Eruption","floor":15.0,"key":"SMITH"}],"circlet_count":0,"master_deck":["AscendersBane","Defend_P","Defend_P","Defend_P","Eruption+1","Vigilance","SignatureMove","FearNoEvil","InnerPeace","Vault"],"relics":["PureWater","CaptainsWheel","StrikeDummy","Potion Belt","Meat on the Bone","Damaru","Black Star"],"acts_visited":["Exordium","TheCity"],"potions_floor_usage":[],"damage_taken":[{"damage":7.0,"enemies":"Jaw Worm","floor":1.0,"turns":4.0},{"damage":9.0,"enemies":"Cultist","floor":3.0,"turns":5.0},{"damage":2.0,"enemies":"2 Louse","floor":4.0,"turns":4.0},{"damage":3.0,"enemies":"Blue Slaver","floor":5.0,"turns":3.0},{"damage":0.0,"enemies":"Gremlin Nob","floor":6.0,"turns":2.0},{"damage":0.0,"enemies":"2 Fungi Beasts","floor":7.0,"turns":2.0},{"damage":17.0,"enemies":"3 Sentries","floor":8.0,"turns":6.0},{"damage":0.0,"enemies":"Lagavulin","floor":10.0,"turns":3.0},{"damage":13.0,"enemies":"Gremlin Nob","floor":12.0,"turns":3.0},{"damage":17.0,"enemies":"Slime Boss","floor":16.0,"turns":6.0},{"damage":11.0,"enemies":"2 Thieves","floor":18.0,"turns":4.0},{"damage":3.0,"enemies":"Spheric Guardian","floor":21.0,"turns":3.0},{"damage":0.0,"enemies":"3 Cultists","floor":22.0,"turns":1.0},{"damage":0,"enemies":"Slavers","floor":23,"turns":1}],"seed_played":"8061345535957089350","potions_obtained":[{"floor":1.0,"key":"LiquidBronze"},{"floor":7.0,"key":"SteroidPotion"},{"floor":10.0,"key":"SmokeBomb"}],"is_trial":false,"path_per_floor":["M","?","M","M","M","E","M","E","T","E","?","E","?","$","R","B",null,"M","?","?","M","M","E"],"character_chosen":"WATCHER","items_purchased":[],"campfire_rested":0,"item_purchase_floors":[],"current_hp_per_floor":[54,54,45,43,40,40,40,23,23,23,23,22,22,22,22,17,55,44,44,44,41,41,41,41],"gold":343,"neow_bonus":"TRANSFORM_CARD","is_daily":false,"chose_seed":false,"campfire_upgraded":1,"win_rate":0.0,"timestamp":1610581645,"path_taken":["M","?","?","M","M","E","M","E","T","E","?","E","?","$","R","BOSS","M","?","?","M","M","E"],"items_purchased_type":[],"build_version":"2020-12-22","purchased_purges":1,"victory":false,"max_hp_per_floor":[68,68,68,68,68,68,68,68,68,68,68,68,68,68,68,68,68,68,68,68,68,68,68,68],"card_choices":[{"not_picked":["Nirvana","CutThroughFate"],"picked":"FearNoEvil","floor":1.0},{"not_picked":["Consecrate","ForeignInfluence","Evaluate"],"picked":"SKIP","floor":3.0},{"not_picked":["Swivel","WheelKick","Consecrate"],"picked":"SKIP","floor":4.0},{"not_picked":["ClearTheMind","PathToVictory","ThirdEye"],"picked":"SKIP","floor":5.0},{"not_picked":["WheelKick","Meditate","SandsOfTime"],"picked":"SKIP","floor":6.0},{"not_picked":["EmptyMind","PathToVictory","BowlingBash"],"picked":"SKIP","floor":7.0},{"not_picked":["SashWhip","Evaluate","Wish"],"picked":"SKIP","floor":8.0},{"not_picked":["WindmillStrike","FollowUp","Indignation"],"picked":"SKIP","floor":10.0},{"not_picked":["TalkToTheHand","Prostrate"],"picked":"InnerPeace","floor":12.0},{"not_picked":["Blasphemy","Scrawl"],"picked":"Vault","floor":16.0},{"not_picked":["CutThroughFate+1","SandsOfTime","Consecrate"],"picked":"SKIP","floor":18.0},{"not_picked":["FlyingSleeves","WindmillStrike","EmptyFist+1"],"picked":"SKIP","floor":21.0}],"player_experience":1130313,"relics_obtained":[{"floor":6.0,"key":"CaptainsWheel"},{"floor":8.0,"key":"StrikeDummy"},{"floor":9.0,"key":"Potion Belt"},{"floor":10.0,"key":"Meat on the Bone"},{"floor":12.0,"key":"Damaru"}],"event_choices":[{"cards_removed":["Strike_P"],"damage_healed":0.0,"max_hp_gain":0.0,"max_hp_loss":0.0,"gold_gain":0.0,"event_name":"Purifier","player_choice":"Purged","floor":2.0,"gold_loss":0.0,"damage_taken":0.0},{"damage_healed":0.0,"max_hp_gain":0.0,"max_hp_loss":0.0,"gold_gain":0.0,"event_name":"Liars Game","player_choice":"Ignored","floor":11.0,"gold_loss":0.0,"damage_taken":0.0},{"cards_removed":["Strike_P"],"damage_healed":0.0,"max_hp_gain":0.0,"max_hp_loss":0.0,"gold_gain":0.0,"event_name":"Living Wall","player_choice":"Forget","floor":13.0,"gold_loss":0.0,"damage_taken":0.0},{"damage_healed":0.0,"max_hp_gain":0.0,"max_hp_loss":0.0,"gold_gain":50.0,"event_name":"Nest","player_choice":"Stole From Cult","floor":19.0,"gold_loss":0.0,"damage_taken":0.0},{"cards_removed":["Strike_P"],"damage_healed":0.0,"max_hp_gain":0.0,"max_hp_loss":0.0,"gold_gain":0.0,"event_name":"Beggar","player_choice":"Gave Gold","floor":20.0,"gold_loss":75.0,"damage_taken":0.0}],"is_beta":false,"boss_relics":[{"not_picked":["Busted Crown","VioletLotus"],"picked":"Black Star"}],"items_purged_floors":[14],"is_endless":false,"potions_floor_spawned":[1,7,10,22],"killed_by":"Slavers","ascension_level":17}}