{"host":"s9znsjs818tlhh47","time":1610561190,"event":{"mods":["2.2 Compatiblity","AchievementEnabler","Act Like it!","BaseMod","Bestiary","Better Note","Better Skull","Better Third Choice","Better Vampires","Card Forge","Colored Powertips","Evolution","Force Act Four","Gensokyo","Ironclad Rager","Marked Mod","Minty Spire (QoL Compilation)","Permanent Neow","Quick Restart","RumiaBox-露米娅的神秘盒子","StSLib","The Invoker Mod","【功能Mod】混沌之环修复补丁","【遗物卡牌】REMEMod","残留之物"],"gold_per_floor":[113,124,124,138,313,313,339,32,32,32,52,115,134,134,134,248,257,272,285,305,350,66,146,146],"floor_reached":23,"language":"ZHS","playtime":2059,"items_purged":["theInvoker:CommonAttack","theInvoker:CommonAttack"],"score":266,"play_id":"b2cd309b-22df-4901-bf71-737df67793e1","local_time":"20210113130630","is_ascension_mode":false,"campfire_choices":[{"data":"theInvoker:MagusApex","floor":6.0,"key":"SMITH"},{"data":"theInvoker:ElementalAffinity","floor":10.0,"key":"SMITH"},{"data":"theInvoker:InvokeElement","floor":15.0,"key":"SMITH"}],"circlet_count":0,"master_deck":["theInvoker:Quas","theInvoker:Quas","theInvoker:Exort","theInvoker:Exort","theInvoker:Invoke","theInvoker:CommonDefense","theInvoker:CommonDefense","theInvoker:CommonDefense","Reboot","theInvoker:MagusApex+1","theInvoker:Wex","theInvoker:InvokeElement+1","theInvoker:ElementalAffinity+1","theInvoker:Wex","theInvoker:Multicast+1","CurseOfTheBell","Ghostly+1","Ghostly+1","Ghostly+1","Ghostly+1","Ghostly+1","REME_WheelOfFate+1"],"relics":["Hammer of Thor","Seething Fire","Anvil of the Gods","EVO:Axolotl","REME_ComplimentaryCards","Philosopher\u0027s Stone","Peace Pipe","REME_HourglassOfDeath","CeramicFish","Calling Bell","Pen Nib","Matryoshka","Turnip"],"acts_visited":["Exordium","TheCity"],"potions_floor_usage":[],"damage_taken":[{"damage":7.0,"enemies":"Jaw Worm","floor":1.0,"turns":3.0},{"damage":2.0,"enemies":"Cultist","floor":2.0,"turns":4.0},{"damage":0.0,"enemies":"2 Louse","floor":4.0,"turns":4.0},{"damage":6.0,"enemies":"3 Sentries","floor":7.0,"turns":8.0},{"damage":3.0,"enemies":"Large Slime","floor":11.0,"turns":4.0},{"damage":22.0,"enemies":"Lagavulin Event","floor":12.0,"turns":4.0},{"damage":7.0,"enemies":"2 Fungi Beasts","floor":13.0,"turns":2.0},{"damage":0.0,"enemies":"The Guardian","floor":16.0,"turns":9.0},{"damage":18.0,"enemies":"3 Byrds","floor":18.0,"turns":4.0},{"damage":42.0,"enemies":"2 Thieves","floor":19.0,"turns":4.0},{"damage":18.0,"enemies":"Snake Plant","floor":20.0,"turns":4.0},{"damage":2,"enemies":"Book of Stabbing","floor":23,"turns":2}],"seed_played":"4749380832304309216","potions_obtained":[{"floor":1.0,"key":"SpeedPotion"},{"floor":2.0,"key":"EntropicBrew"},{"floor":16.0,"key":"SteroidPotion"}],"is_trial":false,"path_per_floor":["M","M","?","M","?","R","E","$","T","R","M","?","M","?","R","B",null,"M","M","M","?","$","E"],"character_chosen":"THE_DEFAULT","items_purchased":["theInvoker:ElementalAffinity","theInvoker:Wex","REME_WheelOfFate"],"campfire_rested":0,"item_purchase_floors":[8,8,22],"current_hp_per_floor":[69,71,71,75,75,75,72,72,72,72,72,51,45,45,45,53,75,58,18,4,4,4,2,2],"gold":146,"neow_bonus":"BOSS_RELIC","is_daily":false,"chose_seed":false,"campfire_upgraded":3,"win_rate":0.0,"timestamp":1610561190,"path_taken":["M","M","?","?","?","R","E","$","T","R","M","?","M","?","R","BOSS","M","M","M","?","$","E"],"items_purchased_type":["Card","Card","Card"],"build_version":"2020-12-22","purchased_purges":2,"victory":false,"max_hp_per_floor":[75,75,75,75,75,75,75,75,75,75,75,75,75,75,75,75,75,75,75,75,37,37,37,37],"card_choices":[{"not_picked":["theInvoker:Exort","theInvoker:DarkArtistry"],"picked":"theInvoker:MagusApex","floor":1.0},{"not_picked":["theInvoker:ArcaneMadness","theInvoker:Exort","theInvoker:Quas"],"picked":"SKIP","floor":2.0},{"not_picked":["theInvoker:InvokeElement","theInvoker:DarkArtistry"],"picked":"theInvoker:Wex","floor":4.0},{"not_picked":["theInvoker:Quas","theInvoker:MagusApex"],"picked":"theInvoker:InvokeElement","floor":7.0},{"not_picked":["theInvoker:Exort","theInvoker:Wex","theInvoker:Quas"],"picked":"SKIP","floor":11.0},{"not_picked":["theInvoker:Exort","theInvoker:Wex","theInvoker:Quas"],"picked":"SKIP","floor":11.0},{"not_picked":["theInvoker:ArcaneMadness","theInvoker:Quas","theInvoker:Wex"],"picked":"SKIP","floor":13.0},{"not_picked":["theInvoker:FingerOfDeath","theInvoker:ElementalAffinity"],"picked":"theInvoker:Multicast","floor":16.0},{"not_picked":["theInvoker:MagusApex","theInvoker:DarkArtistry","theInvoker:InvokeElement"],"picked":"SKIP","floor":18.0},{"not_picked":["theInvoker:InvokeElement","theInvoker:Wex","theInvoker:MagusApex"],"picked":"SKIP","floor":19.0},{"not_picked":["theInvoker:Exort","theInvoker:MagusApex","theInvoker:Quas"],"picked":"SKIP","floor":20.0}],"player_experience":304456,"relics_obtained":[{"floor":7.0,"key":"Peace Pipe"},{"floor":9.0,"key":"REME_HourglassOfDeath"},{"floor":12.0,"key":"CeramicFish"},{"floor":17.0,"key":"Pen Nib"},{"floor":17.0,"key":"Matryoshka"},{"floor":17.0,"key":"Turnip"}],"event_choices":[{"cards_removed":["theInvoker:CommonAttack"],"damage_healed":0.0,"max_hp_gain":0.0,"max_hp_loss":0.0,"gold_gain":0.0,"event_name":"Bonfire Elementals","player_choice":"Offered Basic","floor":3.0,"gold_loss":0.0,"damage_taken":0.0},{"damage_healed":0.0,"max_hp_gain":0.0,"max_hp_loss":0.0,"gold_gain":175.0,"event_name":"betterThird:BetterSerpent","player_choice":"AGREE","floor":5.0,"gold_loss":0.0,"damage_taken":138.0},{"damage_healed":0.0,"max_hp_gain":0.0,"max_hp_loss":0.0,"gold_gain":30.0,"event_name":"Dead Adventurer","player_choice":"Searched \u00273\u0027 times","floor":12.0,"gold_loss":0.0,"damage_taken":0.0},{"cards_removed":["Reboot"],"damage_healed":0.0,"max_hp_gain":0.0,"max_hp_loss":0.0,"gold_gain":0.0,"event_name":"betterNote:BetterNote","player_choice":"Give","floor":14.0,"gold_loss":0.0,"damage_taken":0.0,"cards_obtained":["Bouncing Flask"]},{"damage_healed":0.0,"max_hp_gain":0.0,"max_hp_loss":38.0,"gold_gain":0.0,"event_name":"Ghosts","player_choice":"Became a Ghost","floor":21.0,"gold_loss":0.0,"damage_taken":0.0,"cards_obtained":["Ghostly","Ghostly","Ghostly","Ghostly","Ghostly"]}],"is_beta":false,"boss_relics":[{"not_picked":["REME_DuelDisc","AddBug"],"picked":"Calling Bell"}],"items_purged_floors":[8,22],"is_endless":false,"potions_floor_spawned":[1,2,16],"killed_by":"Book of Stabbing","ascension_level":0}}