{"host":"ymn6un3ro3vi042j","time":1610515267,"event":{"mods":["AchievementEnabler","Act Like it!","BaseMod","Bestiary","Better Third Choice","BetterRewards","Colored Map","Colored Powertips","Curses Come First","Dark Map","DeckTracker","Downfall","Googly Eyes","Highlight Path","Minty Spire (QoL Compilation)","Poor People Problems","Rare Cards Sparkle","StSLib","everything is the same but u backflip on backflip"],"gold_per_floor":[115,126,140,158,171,196,32,50,75,86,86,104,120,120,120,215,215,188,207,122,122,196,196,211,211,211,211,221,221,235,235,235],"floor_reached":31,"language":"ENG","playtime":2174,"items_purged":[],"score":243,"play_id":"16fb5297-4c37-48fb-8d48-1ed3f61d6ae0","local_time":"20210112212107","is_ascension_mode":false,"campfire_choices":[{"floor":11,"key":"REST"},{"floor":15,"key":"REST"},{"floor":23,"key":"REST"},{"floor":25,"key":"REST"},{"floor":27,"key":"REST"}],"circlet_count":0,"master_deck":["Strike_G","Strike_G","Strike_G","Strike_G","Strike_G","Defend_G","Defend_G","Defend_G","Defend_G","Defend_G","Survivor","Neutralize","Deadly Poison","Escape Plan","PiercingWail","Flying Knee","Predator","Quick Slash","Leg Sweep","expansioncontent:DefensiveStance","Well Laid Plans","Footwork","Choke","Slice","Parasite","Doppelganger","Dash","Noxious Fumes","Crippling Poison+1","Blur+1","Masterful Stab+1"],"relics":["Ring of the Serpent","Mercury Hourglass","Tiny Chest","Ice Cream","Shuriken","HornCleat","Ornamental Fan","betterThird:NestCultRelic"],"acts_visited":["Exordium","TheCity"],"potions_floor_usage":[5,6,13,30,31,31],"damage_taken":[{"damage":0,"enemies":"Cultist","floor":1,"turns":5},{"damage":0,"enemies":"Small Slimes","floor":2,"turns":4},{"damage":0,"enemies":"Jaw Worm","floor":3,"turns":4},{"damage":15,"enemies":"Exordium Wildlife","floor":4,"turns":8},{"damage":13,"enemies":"Large Slime","floor":5,"turns":5},{"damage":17,"enemies":"Gremlin Nob","floor":6,"turns":4},{"damage":0,"enemies":"Blue Slaver","floor":8,"turns":4},{"damage":6,"enemies":"Exordium Thugs","floor":10,"turns":6},{"damage":3,"enemies":"Looter","floor":12,"turns":4},{"damage":17,"enemies":"Exordium Wildlife","floor":13,"turns":6},{"damage":37,"enemies":"The Guardian","floor":16,"turns":14},{"damage":24,"enemies":"2 Thieves","floor":18,"turns":5},{"damage":35,"enemies":"Spheric Guardian","floor":19,"turns":7},{"damage":18,"enemies":"3 Cultists","floor":24,"turns":7},{"damage":23,"enemies":"Centurion and Healer","floor":28,"turns":7},{"damage":22,"enemies":"Cultist and Chosen","floor":30,"turns":7},{"damage":20,"enemies":"3 Cultists","floor":31,"turns":5}],"seed_played":"-6581160905939439066","potions_obtained":[{"floor":3,"key":"BlessingOfTheForge"},{"floor":4,"key":"ColorlessPotion"},{"floor":8,"key":"SteroidPotion"},{"floor":13,"key":"Ancient Potion"},{"floor":16,"key":"Swift Potion"},{"floor":28,"key":"Block Potion"}],"is_trial":false,"path_per_floor":["M","M","M","M","M","E","$","M","T","M","R","M","M","?","R","B",null,"M","M","?","T","T","R","M","R","T","R","M","?","M","M"],"character_chosen":"THE_SILENT","items_purchased":["expansioncontent:DefensiveStance","Well Laid Plans"],"campfire_rested":5,"item_purchase_floors":[7,7],"current_hp_per_floor":[70,70,70,55,42,25,25,25,25,19,40,37,20,37,58,21,70,46,11,11,11,11,32,14,35,35,56,33,33,11,0,0],"gold":235,"neow_bonus":"THREE_CARDS","is_daily":false,"chose_seed":false,"campfire_upgraded":0,"win_rate":0.0,"timestamp":1610515267,"path_taken":["M","M","M","M","M","E","?","M","T","M","R","M","M","?","R","BOSS","M","M","?","?","?","R","M","R","T","R","M","?","M","?"],"items_purchased_type":["Card","Card"],"build_version":"2020-12-22","purchased_purges":0,"victory":false,"max_hp_per_floor":[70,70,70,70,70,70,70,70,70,70,70,70,70,70,70,70,70,70,70,70,70,70,70,70,70,70,70,70,70,70,70,70],"card_choices":[{"not_picked":["Deflect","Slice"],"picked":"Deadly Poison","floor":0},{"not_picked":["Slice","Tactician"],"picked":"Escape Plan","floor":1},{"not_picked":["Calculated Gamble","Dodge and Roll"],"picked":"PiercingWail","floor":2},{"not_picked":["Flechettes","Deflect"],"picked":"Flying Knee","floor":3},{"not_picked":["Dagger Spray","Quick Slash"],"picked":"Predator","floor":4},{"not_picked":["Escape Plan","Flying Knee"],"picked":"Quick Slash","floor":5},{"not_picked":["Eviscerate","Flechettes"],"picked":"Leg Sweep","floor":6},{"not_picked":["Quick Slash","Slice","Eviscerate"],"picked":"SKIP","floor":8},{"not_picked":["Dagger Throw","Blade Dance"],"picked":"Footwork","floor":10},{"not_picked":["Riddle With Holes","Dash"],"picked":"Choke","floor":12},{"not_picked":["Infinite Blades","Quick Slash"],"picked":"Slice","floor":13},{"not_picked":["Glass Knife","Adrenaline"],"picked":"Doppelganger","floor":16},{"not_picked":["Backflip","PiercingWail"],"picked":"Dash","floor":18},{"not_picked":["Dagger Throw","Escape Plan"],"picked":"Noxious Fumes","floor":19},{"not_picked":["Dodge and Roll","Sucker Punch"],"picked":"Crippling Poison+1","floor":24},{"not_picked":["Backflip","Poisoned Stab"],"picked":"Blur+1","floor":28},{"not_picked":["Slice","Prepared"],"picked":"Masterful Stab+1","floor":30}],"player_experience":25620,"relics_obtained":[{"floor":6,"key":"Mercury Hourglass"},{"floor":9,"key":"Tiny Chest"},{"floor":21,"key":"Shuriken"},{"floor":22,"key":"HornCleat"},{"floor":26,"key":"Ornamental Fan"}],"event_choices":[{"damage_healed":17,"gold_gain":0,"player_choice":"Healed and dodged fight","damage_taken":0,"max_hp_gain":0,"max_hp_loss":0,"event_name":"Mushrooms","floor":14,"gold_loss":0,"cards_obtained":["Parasite"]},{"damage_healed":0,"gold_gain":0,"player_choice":"Obtained Relic","damage_taken":0,"relics_obtained":["Ice Cream"],"max_hp_gain":0,"max_hp_loss":0,"event_name":"Addict","floor":20,"gold_loss":85},{"damage_healed":0,"gold_gain":0,"player_choice":"Madness","damage_taken":0,"relics_obtained":["betterThird:NestCultRelic"],"max_hp_gain":0,"max_hp_loss":0,"event_name":"betterThird:BetterNest","floor":29,"gold_loss":0}],"is_beta":false,"boss_relics":[{"not_picked":["Coffee Dripper","Empty Cage"],"picked":"Ring of the Serpent"}],"items_purged_floors":[],"is_endless":false,"potions_floor_spawned":[3,4,8,13,16,28],"killed_by":"3 Cultists","ascension_level":0}}