{"host":"l84l8xigz5v5foa2","time":1610540367,"event":{"mods":["2.2 Compatiblity","AchievementEnabler","BaseMod","Better Note","Better Vampires","Card Filter","Colored Map","DeckTracker","Downfall","Gremlin Skip","Highlight Path","Keyboard Shortcuts","Minty Spire (QoL Compilation)","Permanent Neow","Quick Restart","Relic Filter","Relic Stats","StSLib","SuperFastMode","Transform Curses","Unknown Chances"],"gold_per_floor":[99,117,136,136,13,13,88,108,128,143,168,186,186,8,19,92,92,92,92,109,20,20,127,154,169,169,180,30,57,89,24,37,109,109,34,52,1051,1070,1070,1087,1159,1312,1091,1091,779,779,792,260,277,277,277,311,177,177,177],"floor_reached":56,"language":"ENG","playtime":3477,"items_purged":["hexamod:Strike","hexamod:Strike+1","Normality","Normality","hexamod:Strike+1","hexamod:Sear","hexamod:EmpoweringStance"],"score":2324,"play_id":"c0b60ece-086f-49fb-be09-ae8b59da4bd5","local_time":"20210113211927","is_ascension_mode":true,"campfire_choices":[{"data":"hexamod:Float","floor":1.0,"key":"SMITH"},{"data":"hexamod:Incineration","floor":6.0,"key":"SMITH"},{"floor":13.0,"key":"REST"},{"data":"hexamod:HexaLevel","floor":18.0,"key":"SMITH"},{"floor":26.0,"key":"RECALL"},{"data":"Madness","floor":28.0,"key":"SMITH"},{"data":"hexamod:FastForward","floor":35.0,"key":"SMITH"},{"data":"expansioncontent:CaCaw","floor":44,"key":"SMITH"},{"floor":46,"key":"REST"},{"floor":54,"key":"REST"}],"circlet_count":0,"master_deck":["AscendersBane","hexamod:Defend","hexamod:Defend+1","hexamod:Defend+1","hexamod:Float+1","hexamod:SoulSteal+1","hexamod:Incineration+1","hexamod:PhantomFireball","hexamod:BacktrackSmack+1","hexamod:AdvancingGuard","Madness+1","hexamod:SuperheatedStrike+1","hexamod:TimeWarp+1","hexamod:GhostShield+1","hexamod:NightmareGuise+1","hexamod:HexaLevel+1","hexamod:HeatMetal","hexamod:Hexaguard+1","hexamod:ThirdSeal","hexamod:ThirdSeal","hexamod:GiftsFromTheDead","hexamod:SearingWound+1","hexamod:FastForward+1","hexamod:FourthSeal","hexamod:SixthSeal","hexamod:FourthSeal","hexamod:TimeWarp","hexamod:HauntingEcho+1","hexamod:TimeWarp+1","hexamod:RainOfEmbers+1","expansioncontent:DefensiveStance+1","expansioncontent:CaCaw+1","hexamod:ThermalTransfer+1","hexamod:GhostShield+1","hexamod:GhostOfSpireFuture+1","hexamod:PowerFromBeyond+1","hexamod:PhantomCloak+1","hexamod:RecurringNightmare+1","hexamod:ShieldOfDarkness+1"],"relics":["hexamod:SpiritBrand","Matryoshka","Pocketwatch","Philosopher\u0027s Stone","hexamod:TheBrokenSeal","WingedGreaves","Ornamental Fan","Bottled Lightning","downfall:HeartBlessingRed","downfall:HeartBlessingBlue","Dream Catcher","Smiling Mask","SlaversCollar","downfall:HeartBlessingGreen","Meat on the Bone","Frozen Egg 2","Guardian:PocketSentry","Chemical X","Toxic Egg 2","Guardian:BottledAnomaly","Bag of Preparation","Anchor","Blood Vial"],"acts_visited":["Exordium","TheCity","TheBeyond","TheEnding"],"potions_floor_usage":[47,52,55,55],"damage_taken":[{"damage":1.0,"enemies":"Jaw Worm","floor":2.0,"turns":3.0},{"damage":2.0,"enemies":"2 Louse","floor":3.0,"turns":2.0},{"damage":0.0,"enemies":"downfall:FleeingMerchant","floor":5.0,"turns":4.0},{"damage":0.0,"enemies":"Cultist","floor":8.0,"turns":2.0},{"damage":3.0,"enemies":"Red Slaver","floor":9.0,"turns":3.0},{"damage":0.0,"enemies":"2 Fungi Beasts","floor":10.0,"turns":3.0},{"damage":15.0,"enemies":"Gremlin Nob","floor":11.0,"turns":4.0},{"damage":7.0,"enemies":"Exordium Wildlife","floor":12.0,"turns":3.0},{"damage":0.0,"enemies":"downfall:FleeingMerchant","floor":14.0,"turns":4.0},{"damage":17.0,"enemies":"3 Louse","floor":15.0,"turns":3.0},{"damage":38.0,"enemies":"downfall:Silent","floor":16.0,"turns":9.0},{"damage":0.0,"enemies":"Spheric Guardian","floor":20.0,"turns":5.0},{"damage":0.0,"enemies":"downfall:FleeingMerchant","floor":21.0,"turns":4.0},{"damage":25.0,"enemies":"downfall:Watcher","floor":23.0,"turns":8.0},{"damage":0.0,"enemies":"Snecko","floor":25.0,"turns":5.0},{"damage":7.0,"enemies":"3 Cultists","floor":27.0,"turns":5.0},{"damage":7.0,"enemies":"Gremlin Leader","floor":29.0,"turns":4.0},{"damage":33.0,"enemies":"Slavers","floor":30.0,"turns":5.0},{"damage":3.0,"enemies":"downfall:FleeingMerchant","floor":31.0,"turns":4.0},{"damage":20.0,"enemies":"Snake Plant","floor":32.0,"turns":4.0},{"damage":0.0,"enemies":"downfall:Defect","floor":33.0,"turns":6.0},{"damage":12.0,"enemies":"Orb Walker","floor":36.0,"turns":3.0},{"damage":4.0,"enemies":"3 Shapes","floor":38.0,"turns":5.0},{"damage":29.0,"enemies":"Sphere and 2 Shapes","floor":40.0,"turns":6.0},{"damage":0,"enemies":"downfall:FleeingMerchant","floor":42,"turns":1},{"damage":0,"enemies":"Maw","floor":47,"turns":6},{"damage":0,"enemies":"4 Shapes","floor":49,"turns":3},{"damage":0,"enemies":"downfall:Ironclad","floor":50,"turns":9},{"damage":14,"enemies":"downfall:CharBossMerchant","floor":52,"turns":7},{"damage":8,"enemies":"downfall:NeowBoss","floor":55,"turns":17}],"seed_played":"-139221148126992227","potions_obtained":[{"floor":3.0,"key":"EntropicBrew"},{"floor":8.0,"key":"AttackPotion"},{"floor":10.0,"key":"Block Potion"},{"floor":15.0,"key":"sneckomod:MuddlingPotion"},{"floor":16.0,"key":"Guardian:BlockOnCardUsePotion"},{"floor":23.0,"key":"Slimebound:ThreeZeroPotion"},{"floor":25.0,"key":"DistilledChaos"},{"floor":25.0,"key":"EssenceOfSteel"},{"floor":27.0,"key":"LiquidBronze"},{"floor":27.0,"key":"SneckoOil"},{"floor":27.0,"key":"Slimebound:ThreeZeroPotion"},{"floor":29.0,"key":"Fire Potion"},{"floor":29.0,"key":"Ancient Potion"},{"floor":30.0,"key":"EntropicBrew"},{"floor":30.0,"key":"Strength Potion"},{"floor":31.0,"key":"LiquidMemories"},{"floor":32.0,"key":"Slimebound:ThreeZeroPotion"},{"floor":32.0,"key":"Regen Potion"},{"floor":33.0,"key":"ColorlessPotion"},{"floor":36.0,"key":"EntropicBrew"},{"floor":38.0,"key":"Strength Potion"},{"floor":38.0,"key":"PowerPotion"},{"floor":38.0,"key":"SpeedPotion"},{"floor":40.0,"key":"DistilledChaos"},{"floor":47,"key":"Weak Potion"},{"floor":49,"key":"ColorlessPotion"},{"floor":52,"key":"DistilledChaos"}],"is_trial":false,"path_per_floor":["R","M","M","?","$","R","T","M","M","M","E","M","R","$","M","B",null,"R","?","M","$","?","?","T","M","R","M","R","E","E","$","M","B",null,"R","M","?","M","?","M","T","$","$","R","?","R","M","$","M","B",null,"E","$","R","B",null],"character_chosen":"THE_SPIRIT","items_purchased":["Madness","hexamod:ThirdSeal","hexamod:SecondSeal","Guardian:PocketSentry","Chemical X","Toxic Egg 2","Guardian:BottledAnomaly","Bag of Preparation","Anchor","DuplicationPotion"],"campfire_rested":3,"item_purchase_floors":[5,14,21,42,43,45,48,48,48,53],"current_hp_per_floor":[42,41,39,39,39,39,39,39,36,36,21,14,32,32,15,29,55,55,55,55,55,55,73,73,73,73,66,76,69,36,33,13,28,69,69,57,57,53,43,14,14,26,26,26,26,50,50,50,50,50,75,61,61,83,75],"gold":177,"neow_bonus":"TRANSFORM_TWO_CARDS","is_daily":false,"chose_seed":false,"campfire_upgraded":6,"win_rate":0.0,"timestamp":1610540367,"path_taken":["R","M","M","?","$","R","T","M","M","M","E","M","R","$","M","BOSS","R","?","?","?","?","?","T","M","R","M","R","E","E","$","M","BOSS","R","M","?","M","?","M","T","$","$","R","?","R","M","$","M","BOSS","E","$","R","BOSS"],"items_purchased_type":["Card","Card","Card","Relic","Relic","Relic","Relic","Relic","Relic","Potion"],"build_version":"2020-12-22","purchased_purges":7,"victory":true,"max_hp_per_floor":[63,63,63,63,63,63,63,63,63,63,63,63,63,63,63,63,63,63,63,63,63,63,73,73,73,73,73,83,83,83,83,83,83,83,83,83,83,83,83,83,83,83,83,83,83,83,83,83,83,83,83,83,83,83,83],"relic_stats":{"Blood Vial":0,"Dream Catcher":2,"counters":[30,147],"Ornamental Fan":[188],"Bag of Preparation":[8],"Chemical X":[11],"Smiling Mask":675,"obtain_stats":[{"downfall:HeartBlessingRed":28,"hexamod:TheBrokenSeal":23,"downfall:HeartBlessingGreen":35,"Guardian:PocketSentry":42,"Bag of Preparation":48,"Frozen Egg 2":41,"Smiling Mask":30,"Blood Vial":52,"SlaversCollar":34,"Dream Catcher":29,"Anchor":48,"Matryoshka":7,"Ornamental Fan":23,"downfall:HeartBlessingBlue":28,"Philosopher\u0027s Stone":17,"WingedGreaves":23,"Bottled Lightning":24,"Chemical X":43,"Toxic Egg 2":45,"Guardian:BottledAnomaly":48,"hexamod:SpiritBrand":0,"Pocketwatch":11,"Meat on the Bone":41},{"downfall:HeartBlessingRed":16,"hexamod:TheBrokenSeal":14,"downfall:HeartBlessingGreen":21,"Guardian:PocketSentry":25,"Bag of Preparation":26,"Frozen Egg 2":24,"Smiling Mask":18,"Blood Vial":29,"SlaversCollar":21,"Dream Catcher":17,"Anchor":26,"Matryoshka":3,"Ornamental Fan":14,"downfall:HeartBlessingBlue":16,"Philosopher\u0027s Stone":11,"WingedGreaves":14,"Bottled Lightning":14,"Chemical X":25,"Toxic Egg 2":25,"Guardian:BottledAnomaly":26,"hexamod:SpiritBrand":0,"Pocketwatch":7,"Meat on the Bone":24},{"downfall:HeartBlessingRed":67,"hexamod:TheBrokenSeal":55,"downfall:HeartBlessingGreen":90,"Guardian:PocketSentry":105,"Bag of Preparation":111,"Frozen Egg 2":104,"Smiling Mask":76,"Blood Vial":130,"SlaversCollar":90,"Dream Catcher":71,"Anchor":111,"Matryoshka":9,"Ornamental Fan":57,"downfall:HeartBlessingBlue":67,"Philosopher\u0027s Stone":40,"WingedGreaves":57,"Bottled Lightning":57,"Chemical X":105,"Toxic Egg 2":105,"Guardian:BottledAnomaly":111,"hexamod:SpiritBrand":0,"Pocketwatch":21,"Meat on the Bone":104}],"Pocketwatch":[84],"Meat on the Bone":12},"card_choices":[{"not_picked":["hexamod:RainOfEmbers","hexamod:SpectersWail"],"picked":"hexamod:PhantomFireball","floor":2.0},{"not_picked":["hexamod:BurningTouch","hexamod:SwordOfDarkness"],"picked":"hexamod:AdvancingGuard","floor":3.0},{"not_picked":["hexamod:GhostOfSpireFuture","hexamod:GhostShield"],"picked":"hexamod:BacktrackSmack","floor":5.0},{"not_picked":["hexamod:GhostLash","hexamod:EtherealExpedition"],"picked":"hexamod:AdvancingGuard","floor":5.0},{"not_picked":["hexamod:AdvancingGuard","hexamod:Incineration"],"picked":"hexamod:SuperheatedStrike","floor":8.0},{"not_picked":["hexamod:RetreatToShadows","hexamod:BurningTouch","hexamod:SwordOfDarkness"],"picked":"SKIP","floor":8.0},{"not_picked":["hexamod:SkipABeat","hexamod:InspiringFlames"],"picked":"hexamod:TimeWarp","floor":9.0},{"not_picked":["hexamod:RainOfEmbers","hexamod:BacktrackSmack"],"picked":"hexamod:GhostShield","floor":9.0},{"not_picked":["hexamod:Incineration","hexamod:InspiringFlames"],"picked":"hexamod:NightmareGuise","floor":10.0},{"not_picked":["hexamod:BurningTouch","hexamod:GhostLash","hexamod:RainOfEmbers"],"picked":"SKIP","floor":10.0},{"not_picked":["hexamod:AdvancingGuard","hexamod:GhostflameBarrier"],"picked":"hexamod:HexaLevel","floor":11.0},{"not_picked":["hexamod:SpectersWail","hexamod:AdvancingGuard","hexamod:HauntingEcho"],"picked":"SKIP","floor":11.0},{"not_picked":["hexamod:HauntingEcho","hexamod:Hexaguard"],"picked":"hexamod:HeatMetal","floor":12.0},{"not_picked":["hexamod:SoulSteal","hexamod:SkipABeat","hexamod:RainOfEmbers"],"picked":"SKIP","floor":12.0},{"not_picked":["hexamod:NightmareGuise","hexamod:SpectersWail"],"picked":"hexamod:Hexaguard","floor":14.0},{"not_picked":["hexamod:BurningTouch","hexamod:BacktrackSmack","hexamod:RadiantFlame"],"picked":"SKIP","floor":14.0},{"not_picked":["hexamod:PhantomCloak","hexamod:Hexaguard"],"picked":"hexamod:ThirdSeal","floor":15.0},{"not_picked":["hexamod:RainOfEmbers","hexamod:ThermalTransfer","hexamod:Hexaguard"],"picked":"SKIP","floor":15.0},{"not_picked":["hexamod:SoulSteal","hexamod:NightmareGuise","hexamod:HauntingEcho"],"picked":"SKIP","floor":15.0},{"not_picked":["hexamod:EmpoweringStance","hexamod:ApocalypticArmor"],"picked":"hexamod:GiftsFromTheDead","floor":16.0},{"not_picked":["hexamod:EmpoweringStance","hexamod:UnleashSpirits"],"picked":"hexamod:SixthSeal","floor":16.0},{"not_picked":["hexamod:Toasty","hexamod:ApocalypticArmor"],"picked":"hexamod:FifthSeal","floor":16.0},{"not_picked":["hexamod:WildfireWeapon","hexamod:Toasty"],"picked":"hexamod:SearingWound","floor":16.0},{"not_picked":["hexamod:SecondSeal","hexamod:SixthSeal"],"picked":"hexamod:FourthSeal","floor":20.0},{"not_picked":["hexamod:FastForward+1","hexamod:SpectralAdrenaline","hexamod:GhostOfSpireFuture"],"picked":"SKIP","floor":20.0},{"not_picked":["hexamod:DynamicBlow","hexamod:ShieldOfDarkness+1","hexamod:PowerFromBeyond"],"picked":"SKIP","floor":20.0},{"not_picked":["hexamod:FastForward","hexamod:Haunt","hexamod:SwordOfDarkness+1"],"picked":"SKIP","floor":20.0},{"not_picked":["hexamod:Haunt","hexamod:SwordOfDarkness+1"],"picked":"hexamod:FastForward","floor":20.0},{"not_picked":["hexamod:FastForward+1","hexamod:SpectralAdrenaline","hexamod:GhostOfSpireFuture"],"picked":"SKIP","floor":20.0},{"not_picked":["hexamod:DynamicBlow","hexamod:ShieldOfDarkness+1","hexamod:PowerFromBeyond"],"picked":"SKIP","floor":20.0},{"not_picked":["hexamod:SwordOfDarkness","hexamod:Toasty"],"picked":"hexamod:FirstSeal","floor":21.0},{"not_picked":["hexamod:FastForward","hexamod:Again"],"picked":"hexamod:FourthSeal","floor":21.0},{"not_picked":["hexamod:FirstSeal","hexamod:ThirdSeal"],"picked":"hexamod:SixthSeal","floor":21.0},{"not_picked":["hexamod:ThirdSeal","hexamod:SixthSeal"],"picked":"hexamod:FourthSeal","floor":23.0},{"not_picked":["hexamod:EtherealExpedition+1","hexamod:Firestarter"],"picked":"hexamod:TimeWarp","floor":25.0},{"not_picked":["hexamod:EmpoweredFlame","hexamod:FastForward+1"],"picked":"hexamod:HauntingEcho+1","floor":25.0},{"not_picked":["hexamod:GhostLash","hexamod:FourthSeal","hexamod:AdvancingGuard"],"picked":"SKIP","floor":25.0},{"not_picked":["hexamod:SpectersWail","hexamod:NightmareStrike","hexamod:FastForward"],"picked":"SKIP","floor":27.0},{"not_picked":["hexamod:NightmareGuise","hexamod:HauntingEcho","hexamod:SpectersWail+1"],"picked":"SKIP","floor":27.0},{"not_picked":["hexamod:Again","hexamod:HeatShield","hexamod:Firestarter"],"picked":"SKIP","floor":27.0},{"not_picked":["hexamod:CatchUp+1","hexamod:NightmareStrike","hexamod:GhostOfSpireFuture"],"picked":"SKIP","floor":29.0},{"not_picked":["hexamod:Firestarter","hexamod:Toasty","hexamod:FastForward"],"picked":"SKIP","floor":29.0},{"not_picked":["hexamod:HeatMetal","hexamod:RainOfEmbers","hexamod:SwordOfDarkness+1"],"picked":"SKIP","floor":29.0},{"not_picked":["hexamod:FastForward","hexamod:ThermalTransfer+1"],"picked":"hexamod:TimeWarp","floor":30.0},{"not_picked":["hexamod:Incineration","hexamod:BurningTouch+1","hexamod:InspiringFlames"],"picked":"SKIP","floor":30.0},{"not_picked":["hexamod:BacktrackSmack","hexamod:UnleashSpirits","hexamod:GhostflameBarrier"],"picked":"SKIP","floor":30.0},{"not_picked":["hexamod:TimeOfNeed","hexamod:SpectralAdrenaline","hexamod:ShieldOfDarkness"],"picked":"SKIP","floor":31.0},{"not_picked":["hexamod:CatchUp","hexamod:SpectralAdrenaline","hexamod:NecessarySacrifice+1"],"picked":"SKIP","floor":31.0},{"not_picked":["hexamod:FastForward","hexamod:GiftsFromTheDead","hexamod:BacktrackSmack"],"picked":"SKIP","floor":31.0},{"not_picked":["hexamod:GhostLash","hexamod:NightmareStrike","hexamod:HauntingEcho"],"picked":"SKIP","floor":32.0},{"not_picked":["hexamod:RadiantFlame","hexamod:NecessarySacrifice","hexamod:ExtraCrispy"],"picked":"SKIP","floor":32.0},{"not_picked":["hexamod:BacktrackSmack","hexamod:RetreatToShadows+1","hexamod:BurningTouch+1"],"picked":"SKIP","floor":32.0},{"not_picked":["hexamod:GiftsFromTheDead","hexamod:GhostflameInferno"],"picked":"hexamod:EmpoweringStance","floor":33.0},{"not_picked":["hexamod:BurningTouch","hexamod:SwordOfDarkness"],"picked":"hexamod:RainOfEmbers+1","floor":36.0},{"not_picked":["hexamod:SkipABeat","hexamod:BacktrackSmack","hexamod:HauntingEcho"],"picked":"SKIP","floor":36.0},{"not_picked":["hexamod:SwordOfDarkness","hexamod:ShieldOfDarkness+1","hexamod:SpectersWail"],"picked":"SKIP","floor":38.0},{"not_picked":["hexamod:Haunt","hexamod:EtherealExpedition+1","hexamod:ThermalTransfer"],"picked":"SKIP","floor":38.0},{"not_picked":["hexamod:ThermalTransfer","hexamod:ExtraCrispy","hexamod:SpectralAdrenaline"],"picked":"SKIP","floor":38.0},{"not_picked":["expansioncontent:SlimeTackle","expansioncontent:GuardianWhirl"],"picked":"expansioncontent:DefensiveStance","floor":39.0},{"not_picked":["expansioncontent:SlimeTackle","expansioncontent:DefensiveMode"],"picked":"expansioncontent:CaCaw","floor":39.0},{"not_picked":["hexamod:GhostLash","hexamod:BacktrackSmack"],"picked":"hexamod:ThermalTransfer+1","floor":40.0},{"not_picked":["hexamod:Hexaguard","hexamod:BurningTouch+1"],"picked":"hexamod:GhostShield+1","floor":40.0},{"not_picked":["hexamod:RainOfEmbers","hexamod:SpectralSpark","hexamod:InspiringFlames+1"],"picked":"SKIP","floor":40.0},{"not_picked":["hexamod:AdvancingGuard","hexamod:ExtraCrispy+1","hexamod:FastForward+1"],"picked":"SKIP","floor":42},{"not_picked":["hexamod:HauntingEcho+1","hexamod:AdvancingGuard+1"],"picked":"hexamod:GhostOfSpireFuture+1","floor":46},{"not_picked":["hexamod:VolcanoVisage+1","hexamod:HauntingEcho"],"picked":"hexamod:PowerFromBeyond+1","floor":47},{"not_picked":["hexamod:GhostShield+1","hexamod:BurningTouch+1","hexamod:PowerFromBeyond+1"],"picked":"SKIP","floor":47},{"not_picked":["hexamod:BacktrackSmack","hexamod:GhostflameBarrier+1","hexamod:Hexaguard+1"],"picked":"SKIP","floor":47},{"not_picked":["hexamod:RainOfEmbers","hexamod:BacktrackSmack"],"picked":"hexamod:PhantomCloak+1","floor":49},{"not_picked":["hexamod:GhostLash","hexamod:SoulSteal+1","hexamod:BurningTouch+1"],"picked":"SKIP","floor":49},{"not_picked":["hexamod:SpectersWail","hexamod:PowerFromBeyond+1"],"picked":"hexamod:RecurringNightmare+1","floor":52},{"not_picked":["hexamod:Hexaguard+1","hexamod:BurningTouch+1","hexamod:TimeWarp"],"picked":"SKIP","floor":52},{"not_picked":["hexamod:EtherealExpedition+1","hexamod:SwordOfDarkness","hexamod:Incineration"],"picked":"SKIP","floor":52},{"not_picked":["hexamod:RainOfEmbers+1","hexamod:GhostLash"],"picked":"hexamod:ShieldOfDarkness+1","floor":54}],"player_experience":3156896,"relics_obtained":[{"floor":7.0,"key":"Matryoshka"},{"floor":11.0,"key":"Pocketwatch"},{"floor":23.0,"key":"WingedGreaves"},{"floor":23.0,"key":"Ornamental Fan"},{"floor":24.0,"key":"Bottled Lightning"},{"floor":29.0,"key":"Dream Catcher"},{"floor":30.0,"key":"Smiling Mask"},{"floor":41.0,"key":"Meat on the Bone"},{"floor":41.0,"key":"Frozen Egg 2"},{"floor":52,"key":"Blood Vial"}],"event_choices":[],"is_beta":false,"boss_relics":[{"not_picked":["Sozu","sneckomod:SneckoTalon"],"picked":"Philosopher\u0027s Stone"},{"not_picked":["Coffee Dripper","Busted Crown"],"picked":"SlaversCollar"}],"items_purged_floors":[14,31,42,43,45,48,53],"is_endless":false,"potions_floor_spawned":[3,8,10,15,16,27,30,32,38,40,47,49,52],"ascension_level":20}}