{"host":"ee5exjejqz6r5zx9","time":1610539871,"event":{"mods":["Act Like it!","BaseMod","Card Forge","Colored Powertips","Custom Start","Gensokyo","HololiveMod","Lobotomy","LobotomyExtend","Minty Spire (QoL Compilation)","MostiFishMod","Pale of the Ancients","Quick Restart","Rare Cards Sparkle","Remove Card Discount Mod","Replay The Spire","RumiaBox-露米娅的神秘盒子","Ryuuou龙王","Shop Mod","StSLib","TestMod","Yakumo Yukari mod","【功能Mod】混沌之环修复补丁","【遗物卡牌】REMEMod"],"gold_per_floor":[3333,3346,2817,2837,2071,2071,2082,2113,2140,2156,2189,2189,2189,2202,2202,2279,2279,2294,2294,2294],"floor_reached":19,"language":"ZHS","playtime":1050,"items_purged":[],"score":358,"play_id":"6f7d2ed7-f0f0-4ce1-83e4-7d5aacf86810","local_time":"20210113201111","is_ascension_mode":true,"campfire_choices":[{"floor":6.0,"key":"RECALL"},{"floor":12.0,"key":"REST"},{"data":"Feel No Pain","floor":15.0,"key":"SMITH"}],"circlet_count":0,"master_deck":["AscendersBane","Strike_R+1","Strike_R+1","Strike_R+1","Defend_R+1","Defend_R+1","Defend_R+1","Bash+1","MostiFishMod:Culaccino+1","True Grit+1","Feel No Pain+1","Evolve+1","Rampage+1","Alriune","Feel No Pain+1","SilentOrchestra","Barricade"],"relics":["Burning Blood","Hammer of Thor","Seething Fire","Anvil of the Gods","testmod-TestBox","REME_ComplimentaryCards","DaveBox","Medical Kit","testmod-FatalChain","CogitoBucket","LetterFromLob","SynthV:TestCard","Gremlin Horn","Sling","OrangePellets","MagicDraw4","Replay:Accelerometer","Akabeko","ChangeAnything","testmod-Antiphasic","InspiredRelic"],"acts_visited":["Exordium","TheCity"],"potions_floor_usage":[],"damage_taken":[{"damage":1.0,"enemies":"2 Louse","floor":1.0,"turns":2.0},{"damage":1.0,"enemies":"Small Slimes","floor":2.0,"turns":3.0},{"damage":0.0,"enemies":"Cultist","floor":4.0,"turns":4.0},{"damage":7.0,"enemies":"2 Fungi Beasts","floor":7.0,"turns":3.0},{"damage":7.0,"enemies":"Lagavulin","floor":8.0,"turns":6.0},{"damage":10.0,"enemies":"Blue Slaver","floor":10.0,"turns":3.0},{"damage":26.0,"enemies":"Replay:BlueRogue","floor":11.0,"turns":4.0},{"damage":0.0,"enemies":"Looter","floor":14.0,"turns":2.0},{"damage":7.0,"enemies":"The Guardian","floor":16.0,"turns":8.0},{"damage":35.0,"enemies":"Chosen","floor":18.0,"turns":5.0},{"damage":36,"enemies":"3 Byrds","floor":19,"turns":5}],"seed_played":"-3372619219349243544","potions_obtained":[{"floor":2.0,"key":"Dexterity Potion"},{"floor":7.0,"key":"GamblersBrew"},{"floor":11.0,"key":"BloodPotion"},{"floor":14.0,"key":"BloodPotion"},{"floor":16.0,"key":"Energy Potion"},{"floor":18.0,"key":"SteroidPotion"}],"is_trial":false,"path_per_floor":["M","M","$","M","$","R","M","E","T","M","E","R","E","M","R","B",null,"M","M"],"character_chosen":"IRONCLAD","items_purchased":["Gremlin Horn","Feel No Pain","Sling","Rampage","OrangePellets","MagicDraw4","Replay:Accelerometer"],"campfire_rested":1,"item_purchase_floors":[3,3,3,5,5,5,5],"current_hp_per_floor":[73,75,75,75,75,75,74,73,73,71,68,75,75,75,75,74,75,51,15,15],"gold":2294,"neow_bonus":"","is_daily":false,"chose_seed":false,"campfire_upgraded":1,"win_rate":0.0,"timestamp":1610539871,"path_taken":["M","M","$","M","$","R","M","E","T","M","E","R","E","M","R","BOSS","M","M"],"items_purchased_type":["Relic","Card","Relic","Card","Relic","Relic","Relic"],"build_version":"2020-12-22","purchased_purges":0,"victory":false,"max_hp_per_floor":[75,75,75,75,75,75,75,75,75,75,75,75,75,75,75,75,75,80,80,80],"card_choices":[{"not_picked":["ReplayReversal","Sword Boomerang"],"picked":"True Grit","floor":1.0},{"not_picked":["CherryBlossoms","Scorched","VoidDream"],"picked":"Singing Bowl","floor":2.0},{"not_picked":["Rupture","Life Link","Uppercut","Headbutt","Rage"],"picked":"SKIP","floor":2.0},{"not_picked":["Iron Wave","Perfected Strike","Heavy Blade","Cleave"],"picked":"Evolve","floor":4.0},{"not_picked":["ReplayTheSpireMod:Muscle Training","Blood for Blood","REME_SingleHolding","Heavy Blade","REME_FearOfPain"],"picked":"SKIP","floor":7.0},{"not_picked":["MeatLantern","Bloodbath","WallGazer"],"picked":"Singing Bowl","floor":8.0},{"not_picked":["Sword Boomerang","Anger","Headbutt","Wild Strike","Abandon"],"picked":"SKIP","floor":8.0},{"not_picked":["OldLady","BeautyBeast"],"picked":"Alriune","floor":10.0},{"not_picked":["Inflame","Clothesline","Warcry","Rupture","Dual Wield"],"picked":"SKIP","floor":10.0},{"not_picked":["Infernal Blade","Twin Strike","Replay:Undeath\u0027s Touch","Havoc","Hemogenesis"],"picked":"SKIP","floor":11.0},{"not_picked":["ReplayTheSpireMod:Strike From Hell","Run Through","Anger","Clash"],"picked":"Feel No Pain","floor":14.0},{"not_picked":["Wellcheers","CherryBlossoms"],"picked":"SilentOrchestra","floor":16.0},{"not_picked":["Berserk","Demon Form","REME_TheLastStrike","MostiFishMod:RacingGame"],"picked":"Barricade","floor":16.0},{"not_picked":["Armaments","Uppercut","Thunderclap","Spot Weakness","Clash"],"picked":"SKIP","floor":18.0}],"player_experience":433156,"relics_obtained":[{"floor":1.0,"key":"LetterFromLob"},{"floor":1.0,"key":"SynthV:TestCard"},{"floor":8.0,"key":"Akabeko"},{"floor":11.0,"key":"testmod-Antiphasic"}],"event_choices":[],"is_beta":false,"boss_relics":[{"not_picked":["GreenFoldingFan","testmod-Recursion","Kintsugi"]}],"items_purged_floors":[],"is_endless":false,"potions_floor_spawned":[2,7,11,14,16,18],"killed_by":"3 Byrds","ascension_level":20}}