{"host":"6pgtslebjnyv5xmi","time":1610517411,"event":{"mods":["AchievementEnabler","BaseMod","Colored Map","Minty Spire (QoL Compilation)","Rare Cards Sparkle","StSLib","SuperFastMode","The Cursed","everything is the same but u backflip on backflip"],"gold_per_floor":[115,5,5,19,19,19,39,58,83,96,96,140,166,191,191,299,299,313,353,452,377,399,399,418,461,461,461,481,18,18,44,44,148,148,173,173,173,193,213,213,213],"floor_reached":40,"language":"KOR","playtime":1481,"items_purged":["Strike_B","Defend_B"],"score":574,"play_id":"1b85bcc6-b1cf-4316-ad90-b5454400c9ba","local_time":"20210113145651","is_ascension_mode":true,"campfire_choices":[{"data":"Chaos","floor":6.0,"key":"SMITH"},{"data":"Electrodynamics","floor":11.0,"key":"SMITH"},{"data":"Storm","floor":15.0,"key":"SMITH"},{"data":"Double Energy","floor":23.0,"key":"SMITH"},{"data":"Thunder Strike","floor":27.0,"key":"SMITH"},{"floor":30.0,"key":"REST"},{"floor":32.0,"key":"REST"}],"circlet_count":0,"master_deck":["Defend_B","Defend_B","Defend_B","Zap+1","Dualcast","Rebound","Chaos+1","Ball Lightning","Storm+1","Barrage","Electrodynamics+1","Self Repair","Lockon","Lockon","Thunder Strike+1","Loop","Double Energy+1","BootSequence","Seek","Forethought","Ball Lightning+1","Core Surge","Hologram+1","Steam+1","Steam+1"],"relics":["Cracked Core","Centennial Puzzle","CeramicFish","Empty Cage","Red Mask","Tiny Chest","Singing Bowl","Bottled Tornado","Nuclear Battery"],"acts_visited":["Exordium","TheCity","TheBeyond"],"potions_floor_usage":[33,33,33],"damage_taken":[{"damage":3.0,"enemies":"2 Louse","floor":1.0,"turns":3.0},{"damage":1.0,"enemies":"Cultist","floor":4.0,"turns":4.0},{"damage":2.0,"enemies":"Jaw Worm","floor":7.0,"turns":3.0},{"damage":6.0,"enemies":"2 Fungi Beasts","floor":8.0,"turns":3.0},{"damage":8.0,"enemies":"Blue Slaver","floor":10.0,"turns":3.0},{"damage":7.0,"enemies":"Gremlin Nob","floor":12.0,"turns":3.0},{"damage":6.0,"enemies":"Large Slime","floor":13.0,"turns":3.0},{"damage":0.0,"enemies":"3 Louse","floor":14.0,"turns":1.0},{"damage":31.0,"enemies":"Hexaghost","floor":16.0,"turns":6.0},{"damage":7.0,"enemies":"Chosen","floor":18.0,"turns":4.0},{"damage":12.0,"enemies":"Masked Bandits","floor":19.0,"turns":2.0},{"damage":3.0,"enemies":"2 Thieves","floor":22.0,"turns":2.0},{"damage":8.0,"enemies":"Snake Plant","floor":24.0,"turns":2.0},{"damage":49.0,"enemies":"Gremlin Leader","floor":25.0,"turns":4.0},{"damage":0.0,"enemies":"Cultist and Chosen","floor":28.0,"turns":3.0},{"damage":18.0,"enemies":"Snecko","floor":31.0,"turns":4.0},{"damage":50,"enemies":"Champ","floor":33,"turns":6},{"damage":0,"enemies":"3 Shapes","floor":35,"turns":2},{"damage":2,"enemies":"Orb Walker","floor":38,"turns":2},{"damage":51,"enemies":"Spire Growth","floor":39,"turns":4},{"damage":27,"enemies":"Maw","floor":40,"turns":4}],"seed_played":"-5089197446961876807","potions_obtained":[{"floor":5.0,"key":"LiquidMemories"},{"floor":5.0,"key":"Block Potion"},{"floor":5.0,"key":"GamblersBrew"},{"floor":8.0,"key":"LiquidBronze"},{"floor":13.0,"key":"Regen Potion"},{"floor":16.0,"key":"Ancient Potion"},{"floor":19.0,"key":"SneckoOil"},{"floor":22.0,"key":"Energy Potion"},{"floor":28.0,"key":"EssenceOfSteel"},{"floor":31.0,"key":"Explosive Potion"},{"floor":35,"key":"DuplicationPotion"},{"floor":39,"key":"FearPotion"}],"is_trial":false,"path_per_floor":["M","$","?","M","?","R","M","M","T","M","R","E","M","M","R","B",null,"M","?","?","?","M","R","M","E","T","R","M","$","R","M","R","B",null,"M","?","$","M","M","M"],"character_chosen":"DEFECT","items_purchased":["Chaos","Bottled Tornado","AttackPotion","Forethought"],"campfire_rested":2,"item_purchase_floors":[2,29,29,29],"current_hp_per_floor":[65,65,65,64,64,64,62,56,56,48,48,41,42,42,42,33,65,65,60,60,60,57,57,56,14,14,14,16,16,39,28,51,8,60,60,60,60,65,21,0,0],"gold":213,"neow_bonus":"THREE_CARDS","is_daily":false,"chose_seed":false,"campfire_upgraded":5,"win_rate":0.0,"timestamp":1610517411,"path_taken":["M","$","?","M","?","R","M","M","T","M","R","E","?","M","R","BOSS","M","?","?","?","M","R","M","E","T","R","M","$","R","M","R","BOSS","M","?","$","M","M","M"],"items_purchased_type":["Card","Relic","Potion","Card"],"build_version":"2020-12-22","purchased_purges":2,"victory":false,"max_hp_per_floor":[75,75,75,75,75,75,75,75,75,75,75,75,75,75,75,75,75,75,75,75,75,75,75,75,75,75,75,77,77,77,77,77,77,77,77,73,73,73,73,73,73],"card_choices":[{"not_picked":["Compile Driver","Leap"],"picked":"Rebound","floor":0.0},{"not_picked":["Redo","Recycle","Reprogram"],"picked":"SKIP","floor":1.0},{"not_picked":["Coolheaded","Conserve Battery"],"picked":"Ball Lightning","floor":4.0},{"not_picked":["Beam Cell","Sweeping Beam"],"picked":"Storm","floor":7.0},{"not_picked":["Go for the Eyes","Leap"],"picked":"Barrage","floor":8.0},{"not_picked":["Go for the Eyes","Coolheaded"],"picked":"Electrodynamics","floor":10.0},{"not_picked":["Hologram","Gash"],"picked":"Self Repair","floor":12.0},{"not_picked":["Static Discharge","Cold Snap"],"picked":"Lockon","floor":13.0},{"not_picked":["Ball Lightning","Genetic Algorithm"],"picked":"Lockon","floor":14.0},{"not_picked":["Seek","Core Surge"],"picked":"Thunder Strike","floor":16.0},{"not_picked":["Coolheaded","Beam Cell","Barrage"],"picked":"SKIP","floor":18.0},{"not_picked":["Turbo+1","Gash"],"picked":"Loop","floor":19.0},{"not_picked":["Streamline","Rebound"],"picked":"Double Energy","floor":22.0},{"not_picked":["Cold Snap","Chaos"],"picked":"BootSequence","floor":24.0},{"not_picked":["Lockon","Melter"],"picked":"Seek","floor":25.0},{"not_picked":["Redo","Steam","Gash"],"picked":"Singing Bowl","floor":28.0},{"not_picked":["Storm","Sweeping Beam"],"picked":"Ball Lightning+1","floor":31.0},{"not_picked":["Multi-Cast","Electrodynamics"],"picked":"Core Surge","floor":33},{"not_picked":["Cold Snap+1","Beam Cell+1"],"picked":"Hologram+1","floor":35},{"not_picked":["Cold Snap+1","Ball Lightning+1"],"picked":"Steam+1","floor":38},{"not_picked":["Storm+1","Scrape+1"],"picked":"Steam+1","floor":39}],"player_experience":946292,"relics_obtained":[{"floor":9.0,"key":"Centennial Puzzle"},{"floor":12.0,"key":"CeramicFish"},{"floor":19.0,"key":"Red Mask"},{"floor":25.0,"key":"Tiny Chest"},{"floor":26.0,"key":"Singing Bowl"}],"event_choices":[{"damage_healed":0.0,"max_hp_gain":0.0,"max_hp_loss":0.0,"gold_gain":0.0,"event_name":"Living Wall","player_choice":"Grow","floor":3.0,"gold_loss":0.0,"damage_taken":0.0,"cards_upgraded":["Zap"]},{"damage_healed":0.0,"max_hp_gain":0.0,"max_hp_loss":0.0,"gold_gain":0.0,"event_name":"Lab","player_choice":"Got Potions","floor":5.0,"gold_loss":0.0,"damage_taken":0.0},{"damage_healed":0.0,"max_hp_gain":0.0,"max_hp_loss":0.0,"gold_gain":0.0,"event_name":"Masked Bandits","player_choice":"Fought Bandits","floor":19.0,"gold_loss":0.0,"damage_taken":0.0},{"damage_healed":0.0,"max_hp_gain":0.0,"max_hp_loss":0.0,"gold_gain":99.0,"event_name":"Nest","player_choice":"Stole From Cult","floor":20.0,"gold_loss":0.0,"damage_taken":0.0},{"cards_removed":["Strike_B"],"damage_healed":0.0,"max_hp_gain":0.0,"max_hp_loss":0.0,"gold_gain":0.0,"event_name":"Beggar","player_choice":"Gave Gold","floor":21.0,"gold_loss":75.0,"damage_taken":0.0},{"damage_healed":0,"gold_gain":0,"player_choice":"Max HP","damage_taken":0,"max_hp_gain":0,"max_hp_loss":4,"event_name":"Winding Halls","floor":36,"gold_loss":0}],"is_beta":false,"boss_relics":[{"not_picked":["Velvet Choker","Busted Crown"],"picked":"Empty Cage"},{"not_picked":["Tiny House","Philosopher\u0027s Stone"],"picked":"Nuclear Battery"}],"items_purged_floors":[2,29],"is_endless":false,"potions_floor_spawned":[8,13,16,19,22,28,31,35,39],"killed_by":"Maw","ascension_level":8}}