{"host":"jn2qdns2nxijvlnt","time":1610522625,"event":{"mods":["BaseMod","Minty Spire (QoL Compilation)","Quick Restart"],"gold_per_floor":[118,83,97,97,21,54,54,88,161,161,191,191,38,38,38,143,143,162,15,30,30,47,47,78,78,105,123,141,141,141,175,175,175,175],"floor_reached":33,"language":"ENG","playtime":2264,"items_purged":[],"score":350,"play_id":"acf61061-9b4b-4e87-a869-3c8a9c82b9c2","local_time":"20210113022345","is_ascension_mode":true,"campfire_choices":[{"floor":7.0,"key":"REST"},{"floor":10.0,"key":"REST"},{"floor":12.0,"key":"REST"},{"floor":15.0,"key":"REST"},{"data":"Adrenaline","floor":23.0,"key":"SMITH"},{"floor":25.0,"key":"REST"},{"floor":32.0,"key":"REST"}],"circlet_count":0,"master_deck":["Strike_G","Strike_G","Strike_G","Strike_G","Strike_G","Defend_G","Defend_G","Defend_G","Defend_G","Defend_G","Survivor","Neutralize","Unload+1","Cloak And Dagger","Distraction","Backflip","Sucker Punch","Backstab+1","Slice","Adrenaline+1","Dash+1","Poisoned Stab","Footwork+1","Terror","Injury","Flying Knee+1","Deflect","Blur+1"],"relics":["Ring of the Snake","Juzu Bracelet","Whetstone","White Beast Statue","Orichalcum","Cursed Key","Lee\u0027s Waffle","MealTicket","Regal Pillow","Enchiridion","Red Mask"],"acts_visited":["Exordium","TheCity"],"potions_floor_usage":[33,33],"damage_taken":[{"damage":0.0,"enemies":"2 Louse","floor":1.0,"turns":2.0},{"damage":0.0,"enemies":"Cultist","floor":3.0,"turns":3.0},{"damage":40.0,"enemies":"Lagavulin","floor":6.0,"turns":8.0},{"damage":45.0,"enemies":"Gremlin Nob","floor":8.0,"turns":5.0},{"damage":63.0,"enemies":"Slime Boss","floor":16.0,"turns":15.0},{"damage":1.0,"enemies":"Spheric Guardian","floor":18.0,"turns":3.0},{"damage":0.0,"enemies":"Shell Parasite","floor":20.0,"turns":2.0},{"damage":0.0,"enemies":"Sentry and Sphere","floor":22.0,"turns":3.0},{"damage":21.0,"enemies":"Slavers","floor":24.0,"turns":5.0},{"damage":12.0,"enemies":"Snake Plant","floor":27.0,"turns":4.0},{"damage":13.0,"enemies":"Snecko","floor":28.0,"turns":4.0},{"damage":1.0,"enemies":"Masked Bandits","floor":31.0,"turns":5.0},{"damage":64,"enemies":"Champ","floor":33,"turns":21}],"seed_played":"6619383621804289735","potions_obtained":[{"floor":6.0,"key":"GamblersBrew"},{"floor":8.0,"key":"DistilledChaos"},{"floor":16.0,"key":"EntropicBrew"},{"floor":18.0,"key":"FearPotion"},{"floor":20.0,"key":"Fire Potion"},{"floor":22.0,"key":"SteroidPotion"},{"floor":24.0,"key":"LiquidMemories"},{"floor":27.0,"key":"Dexterity Potion"},{"floor":28.0,"key":"Swift Potion"},{"floor":31.0,"key":"Fire Potion"}],"is_trial":false,"path_per_floor":["M","?","M","?","$","E","R","E","T","R","?","R","$","?","R","B",null,"M","$","M","?","M","R","E","R","T","M","M","?","?","?","R","B"],"character_chosen":"THE_SILENT","items_purchased":["Backflip","Sucker Punch","Orichalcum","Lee\u0027s Waffle"],"campfire_rested":6,"item_purchase_floors":[5,5,13,19],"current_hp_per_floor":[63,70,70,70,70,30,51,6,6,27,27,48,48,65,70,7,54,53,77,77,74,74,74,53,74,74,62,49,73,57,56,74,10,10],"gold":175,"neow_bonus":"ONE_RANDOM_RARE_CARD","is_daily":false,"chose_seed":false,"campfire_upgraded":1,"win_rate":0.0,"timestamp":1610522625,"path_taken":["M","?","M","?","$","E","R","E","T","R","?","R","$","?","R","BOSS","M","$","M","?","M","R","E","R","T","M","M","?","?","?","R","BOSS"],"items_purchased_type":["Card","Card","Relic","Relic"],"build_version":"2020-12-22","purchased_purges":0,"victory":false,"max_hp_per_floor":[70,70,70,70,70,70,70,70,70,70,70,70,70,70,70,70,70,70,77,77,74,74,74,74,74,74,74,74,74,74,74,74,74,74],"card_choices":[{"not_picked":["Prepared","Deflect"],"picked":"Cloak And Dagger","floor":1.0},{"not_picked":["Heel Hook","Acrobatics"],"picked":"Distraction","floor":3.0},{"not_picked":["PiercingWail","Blade Dance"],"picked":"Backstab","floor":6.0},{"not_picked":["Finisher","Underhanded Strike"],"picked":"Slice","floor":8.0},{"not_picked":["Phantasmal Killer","Storm of Steel"],"picked":"Adrenaline","floor":16.0},{"not_picked":["Reflex","Dagger Throw+1"],"picked":"Dash+1","floor":18.0},{"not_picked":["Underhanded Strike","Finisher"],"picked":"Poisoned Stab","floor":20.0},{"not_picked":["Quick Slash+1","Poisoned Stab"],"picked":"Footwork+1","floor":22.0},{"not_picked":["Deflect","Backflip"],"picked":"Terror","floor":24.0},{"not_picked":["Blade Dance","PiercingWail+1"],"picked":"Flying Knee+1","floor":27.0},{"not_picked":["Acrobatics","Doppelganger"],"picked":"Deflect","floor":28.0},{"not_picked":["Outmaneuver","Prepared"],"picked":"Blur+1","floor":31.0}],"player_experience":501876,"relics_obtained":[{"floor":6.0,"key":"Juzu Bracelet"},{"floor":8.0,"key":"Whetstone"},{"floor":9.0,"key":"White Beast Statue"},{"floor":24.0,"key":"MealTicket"},{"floor":26.0,"key":"Regal Pillow"},{"floor":30.0,"key":"Enchiridion"},{"floor":31.0,"key":"Red Mask"}],"event_choices":[{"damage_healed":17.0,"max_hp_gain":0.0,"max_hp_loss":0.0,"gold_gain":0.0,"event_name":"The Cleric","player_choice":"Healed","floor":2.0,"gold_loss":35.0,"damage_taken":0.0},{"damage_healed":0.0,"max_hp_gain":0.0,"max_hp_loss":0.0,"gold_gain":0.0,"event_name":"Purifier","player_choice":"Ignored","floor":4.0,"gold_loss":0.0,"damage_taken":0.0},{"damage_healed":0.0,"max_hp_gain":0.0,"max_hp_loss":0.0,"gold_gain":30.0,"event_name":"Dead Adventurer","player_choice":"Searched \u00271\u0027 times","floor":11.0,"gold_loss":0.0,"damage_taken":0.0},{"damage_healed":17.0,"max_hp_gain":0.0,"max_hp_loss":0.0,"gold_gain":0.0,"event_name":"Mushrooms","player_choice":"Healed and dodged fight","floor":14.0,"gold_loss":0.0,"damage_taken":0.0,"cards_obtained":["Parasite"]},{"cards_removed":["Parasite"],"damage_healed":0.0,"max_hp_gain":0.0,"max_hp_loss":0.0,"gold_gain":0.0,"event_name":"Purifier","player_choice":"Purged","floor":21.0,"gold_loss":0.0,"damage_taken":0.0},{"damage_healed":24.0,"max_hp_gain":0.0,"max_hp_loss":0.0,"gold_gain":0.0,"event_name":"The Library","player_choice":"Heal","floor":29.0,"gold_loss":0.0,"damage_taken":0.0},{"damage_healed":0.0,"max_hp_gain":0.0,"max_hp_loss":0.0,"gold_gain":0.0,"event_name":"Cursed Tome","player_choice":"Obtained Book","floor":30.0,"gold_loss":0.0,"damage_taken":16.0},{"damage_healed":0.0,"max_hp_gain":0.0,"max_hp_loss":0.0,"gold_gain":0.0,"event_name":"Masked Bandits","player_choice":"Fought Bandits","floor":31.0,"gold_loss":0.0,"damage_taken":0.0}],"is_beta":false,"boss_relics":[{"not_picked":["Ring of the Serpent","WristBlade"],"picked":"Cursed Key"}],"items_purged_floors":[],"is_endless":false,"potions_floor_spawned":[6,8,16,18,20,22,24,27,28,31],"killed_by":"Champ","ascension_level":6}}