{"host":"kn32u0f2pym5bozc","time":1610519719,"event":{"mods":["2.2 Compatiblity","BaseMod","Better Third Choice","Downfall","Minty Spire (QoL Compilation)","Permanent Neow","Relic Stats","StSLib","The Animator","The Marked"],"gold_per_floor":[99,118,131,4,16,16,39,102,117,134,134,148,148,176,191,290,290,290,290],"floor_reached":17,"language":"ENG","playtime":1279,"items_purged":[],"score":159,"play_id":"3bce93d5-84a0-45c3-a9e8-d4d264f2b969","local_time":"20210113013519","is_ascension_mode":false,"campfire_choices":[{"data":"champ:Taunt","floor":1.0,"key":"SMITH"},{"data":"champ:RecklessLeap","floor":6,"key":"SMITH"},{"data":"champ:Execute","floor":11,"key":"SMITH"},{"data":"champ:CrookedStrike","floor":13,"key":"SMITH"}],"circlet_count":0,"master_deck":["champ:Strike","champ:Strike","champ:Strike","champ:Strike","champ:Defend","champ:Defend","champ:Defend","champ:Defend","champ:Execute+1","champ:Taunt+1","champ:StanceDance","champ:DefensiveShout","champ:BringItOn","champ:SteelEdge","champ:RecklessLeap+1","champ:ShieldWall","champ:FlashCut","champ:FanOfKnives","champ:DefensiveShout","champ:CrookedStrike+1","champ:GladiatorsShout","champ:Circumvent","champ:HoldFirm"],"relics":["champ:ChampionCrown","Bag of Marbles","FossilizedHelix","Akabeko","Black Star"],"acts_visited":["Exordium","TheCity"],"potions_floor_usage":[4,8,14,15],"damage_taken":[{"damage":12.0,"enemies":"Small Slimes","floor":2.0,"turns":4.0},{"damage":8,"enemies":"Jaw Worm","floor":3,"turns":4},{"damage":8,"enemies":"downfall:FleeingMerchant","floor":4,"turns":4},{"damage":3,"enemies":"2 Louse","floor":5,"turns":3},{"damage":36,"enemies":"3 Sentries","floor":8,"turns":6},{"damage":17,"enemies":"3 Louse","floor":9,"turns":2},{"damage":8,"enemies":"Red Slaver","floor":10,"turns":3},{"damage":0,"enemies":"2 Fungi Beasts","floor":12,"turns":2},{"damage":8,"enemies":"Lagavulin","floor":14,"turns":3},{"damage":20,"enemies":"Large Slime","floor":15,"turns":4},{"damage":56,"enemies":"downfall:Ironclad","floor":16,"turns":8}],"seed_played":"9050054437087566429","potions_obtained":[{"floor":3,"key":"Guardian:BlockOnCardUsePotion"},{"floor":5,"key":"Explosive Potion"},{"floor":8,"key":"Fire Potion"},{"floor":10,"key":"Strength Potion"},{"floor":15,"key":"Dexterity Potion"}],"is_trial":false,"path_per_floor":["R","M","M","$","M","R","T","?","M","M","R","M","R","E","M","B",null],"character_chosen":"THE_CHAMP","items_purchased":["champ:RecklessLeap","champ:ShieldWall"],"campfire_rested":0,"item_purchase_floors":[4,4],"current_hp_per_floor":[90,88,88,88,85,85,85,74,68,68,68,88,88,90,90,59,90,90,90],"gold":290,"neow_bonus":"THREE_CARDS","is_daily":false,"chose_seed":false,"campfire_upgraded":4,"win_rate":0.0,"timestamp":1610519719,"path_taken":["R","M","M","$","M","R","T","?","M","M","R","M","R","E","M","BOSS"],"items_purchased_type":["Card","Card"],"build_version":"2020-12-22","purchased_purges":0,"victory":false,"max_hp_per_floor":[90,90,90,90,90,90,90,90,90,90,90,90,90,90,90,90,90,90,90],"relic_stats":{"counters":[11,43],"Black Star":0,"obtain_stats":[{"champ:ChampionCrown":0,"Bag of Marbles":7,"Black Star":17,"FossilizedHelix":8,"Akabeko":14},{"champ:ChampionCrown":0,"Bag of Marbles":4,"Black Star":11,"FossilizedHelix":5,"Akabeko":9},{"champ:ChampionCrown":0,"Bag of Marbles":15,"Black Star":43,"FossilizedHelix":21,"Akabeko":31}]},"card_choices":[{"not_picked":["champ:Duel","champ:BerserkersShout"],"picked":"champ:StanceDance","floor":0.0},{"not_picked":["champ:Riposte","champ:FlashCut"],"picked":"champ:DefensiveShout","floor":2},{"not_picked":["champ:ArenaPreparation","champ:StanceDance"],"picked":"champ:BringItOn","floor":3},{"not_picked":["champ:Backstep","champ:BladeFlurry"],"picked":"champ:SteelEdge","floor":4},{"not_picked":["champ:PreciseThrust","champ:ShieldWall"],"picked":"champ:FlashCut","floor":5},{"not_picked":["champ:DefensiveShout","champ:FocusedBerserking"],"picked":"champ:FanOfKnives","floor":8},{"not_picked":["champ:PerfectedStrike","champ:FanOfKnives"],"picked":"champ:DefensiveShout","floor":9},{"not_picked":["champ:RapidStrikes","champ:Encircle"],"picked":"champ:CrookedStrike","floor":10},{"not_picked":["champ:DefensiveShout","champ:FocusedBerserking"],"picked":"champ:GladiatorsShout","floor":12},{"not_picked":["champ:EndlessRage","champ:FocusedDefense","champ:ShieldThrow"],"picked":"SKIP","floor":14},{"not_picked":["champ:FanOfKnives","champ:DefensiveStyle"],"picked":"champ:Circumvent","floor":15},{"not_picked":["champ:Devastate","champ:CrownThrow"],"picked":"champ:HoldFirm","floor":16}],"player_experience":864889,"relics_obtained":[{"floor":7,"key":"Bag of Marbles"},{"floor":8,"key":"FossilizedHelix"},{"floor":14,"key":"Akabeko"}],"event_choices":[],"is_beta":false,"boss_relics":[{"not_picked":["Runic Pyramid","Velvet Choker"],"picked":"Black Star"}],"items_purged_floors":[],"is_endless":false,"potions_floor_spawned":[3,5,8,10,15],"ascension_level":0}}