{"host":"2se5dq1do2gp0x9k","time":1610517903,"event":{"mods":["AchievementEnabler","BaseMod","Block Reminder","Colored Map","Colored Powertips","Minty Spire (QoL Compilation)","Relic Stats","StSLib","SuperFastMode"],"gold_per_floor":[111,111,111,111,138,177,189,227,263,275,275],"floor_reached":10,"language":"ENG","playtime":170,"items_purged":[],"score":188,"play_id":"f2af2314-7e63-4cfd-853d-e8ed59c8945c","local_time":"20210112220503","is_ascension_mode":true,"campfire_choices":[{"data":"Tantrum","floor":7,"key":"SMITH"}],"circlet_count":0,"master_deck":["AscendersBane","Strike_P","Strike_P","Strike_P","Strike_P","Defend_P","Defend_P","Defend_P","Eruption","Vigilance","Tantrum+1","Halt","Adaptation","Halt"],"relics":["PureWater","NeowsBlessing","Singing Bowl","MawBank","Pen Nib","Juzu Bracelet","Tiny Chest"],"acts_visited":["Exordium"],"potions_floor_usage":[],"damage_taken":[{"damage":0,"enemies":"Jaw Worm","floor":1,"turns":1},{"damage":0,"enemies":"Small Slimes","floor":5,"turns":1},{"damage":0,"enemies":"Lagavulin","floor":6,"turns":1},{"damage":28,"enemies":"3 Sentries","floor":8,"turns":6},{"damage":29,"enemies":"Lagavulin","floor":10,"turns":5}],"seed_played":"8301479131170050544","potions_obtained":[{"floor":1,"key":"BottledMiracle"},{"floor":8,"key":"Explosive Potion"}],"is_trial":false,"path_per_floor":["M","?","T","?","M","E","R","E","T","E"],"character_chosen":"WATCHER","items_purchased":[],"campfire_rested":0,"item_purchase_floors":[],"current_hp_per_floor":[61,54,54,54,54,54,54,26,26,0,0],"gold":275,"neow_bonus":"THREE_ENEMY_KILL","is_daily":false,"chose_seed":false,"campfire_upgraded":1,"win_rate":0.0,"timestamp":1610517903,"path_taken":["M","?","?","?","?","E","R","E","T","E"],"items_purchased_type":[],"build_version":"2020-12-22","purchased_purges":0,"victory":false,"max_hp_per_floor":[68,68,68,68,68,68,68,68,68,68,68],"relic_stats":{"Singing Bowl":0,"counters":[5,14],"Tiny Chest":0,"Pen Nib":[1],"Juzu Bracelet":0,"MawBank":72,"obtain_stats":[{"NeowsBlessing":0,"Singing Bowl":3,"Tiny Chest":9,"Pen Nib":6,"Juzu Bracelet":8,"PureWater":0,"MawBank":4},{"NeowsBlessing":0,"Singing Bowl":1,"Tiny Chest":4,"Pen Nib":3,"Juzu Bracelet":4,"PureWater":0,"MawBank":1},{"NeowsBlessing":0,"Singing Bowl":1,"Tiny Chest":9,"Pen Nib":3,"Juzu Bracelet":9,"PureWater":0,"MawBank":1}]},"card_choices":[{"not_picked":["BowlingBash","Evaluate"],"picked":"Tantrum","floor":1},{"not_picked":["Worship","Prostrate"],"picked":"Halt","floor":5},{"not_picked":["SandsOfTime","JustLucky"],"picked":"Adaptation","floor":6},{"not_picked":["Worship","ClearTheMind"],"picked":"Halt","floor":8}],"player_experience":3855485,"relics_obtained":[{"floor":3,"key":"Singing Bowl"},{"floor":6,"key":"Pen Nib"},{"floor":8,"key":"Juzu Bracelet"},{"floor":9,"key":"Tiny Chest"}],"event_choices":[{"cards_removed":["Defend_P"],"damage_healed":0,"gold_gain":0,"player_choice":"Card Removal","damage_taken":7,"max_hp_gain":0,"max_hp_loss":0,"event_name":"Golden Wing","floor":2,"gold_loss":0},{"damage_healed":0,"gold_gain":0,"player_choice":"Gave Potion","damage_taken":0,"relics_obtained":["MawBank"],"max_hp_gain":0,"max_hp_loss":0,"event_name":"WeMeetAgain","floor":4,"gold_loss":0}],"is_beta":false,"boss_relics":[],"items_purged_floors":[],"is_endless":false,"potions_floor_spawned":[1,8],"killed_by":"Lagavulin","ascension_level":18}}