{"host":"0c22z74nxhh6l98a","time":1610499397,"event":{"mods":["BaseMod","BetterRewards","Card Forge","GungeonMod","Hubris","Infinite Spire","Minty Spire (QoL Compilation)","Potionbrewer","Shop Mod","StSLib"],"gold_per_floor":[114,114,129,129,144,174,189,219,244,259,109,124,139,154,154,254,254,269,284,284,75,125,155,5,5,30,30,55,55,70,70,70,170,170,185,185,185,123,123,138,168,183,183,183,21,36,36,36,36,136,136,136],"floor_reached":51,"language":"ENG","playtime":2306,"items_purged":["Parasite"],"score":1155,"play_id":"2b983bdc-aa19-43a9-a748-4604ce3d27d6","local_time":"20210112185637","daily_mods":["Cursed Run","Vintage","Lethality"],"is_ascension_mode":false,"campfire_choices":[{"data":"Deflect","floor":15,"key":"SMITH"},{"data":"After Image","floor":25,"key":"SMITH"},{"data":"Prepared","floor":27,"key":"SMITH"},{"data":"Acrobatics","floor":32,"key":"SMITH"},{"data":"Tactician","floor":49,"key":"SMITH"}],"circlet_count":0,"master_deck":["A Thousand Cuts+1","Prepared+1","Reflex","hubris:Sniper+1","Blade Dance+1","Prepared+1","Reflex","Acrobatics+1","Tactician+1","Adrenaline","After Image+1","infinitespire:UltimateForm","hubris:Gluttony"],"relics":["Cursed Key","Darkstone Periapt","Du-Vu Doll","Hammer of Thor","Seething Fire","Anvil of the Gods","DemoMod:WhiteGuonStone","Boot","potionbrewer:WarMedal","infinitespire:CheckeredPen","infinitespire:PuzzleCube","DemoMod:GlassGuonStoneRelic","Centennial Puzzle","DemoMod:Metronome","Tiny Chest","DemoMod:Relodestone","Toy Ornithopter","hubris:CrystalStatue","potionbrewer:BhaskarasWheel","Oddly Smooth Stone","WarpedTongs","MerchantsRug","infinitespire:EmpoweringShard","Bag of Marbles","potionbrewer:SlideRule","Toolbox","Juzu Bracelet","hubris:Metronome","Blood Vial","Bottled Lightning","hubris:MysteriousPyramids","TheAbacus","infinitespire:Lucky Rock","Happy Flower","DemoMod:DecoyRelic","Black Star","MealTicket","Bronze Scales","PreservedInsect","hubris:Icosahedron","DemoMod:BlueGuonStone","hubris:HollowSoul"],"acts_visited":["Exordium","TheCity","TheBeyond","Exordium"],"potions_floor_usage":[45],"damage_taken":[{"damage":0,"enemies":"Cultist","floor":1,"turns":1},{"damage":0,"enemies":"Jaw Worm","floor":3,"turns":1},{"damage":0,"enemies":"2 Louse","floor":5,"turns":1},{"damage":0,"enemies":"Gremlin Nob","floor":6,"turns":1},{"damage":0,"enemies":"Exordium Thugs","floor":7,"turns":1},{"damage":0,"enemies":"Lagavulin","floor":8,"turns":1},{"damage":0,"enemies":"Exordium Wildlife","floor":10,"turns":1},{"damage":0,"enemies":"Looter","floor":12,"turns":1},{"damage":0,"enemies":"Large Slime","floor":13,"turns":1},{"damage":0,"enemies":"Red Slaver","floor":14,"turns":1},{"damage":0,"enemies":"Slime Boss","floor":16,"turns":1},{"damage":0,"enemies":"Shell Parasite","floor":18,"turns":1},{"damage":0,"enemies":"Spheric Guardian","floor":19,"turns":1},{"damage":0,"enemies":"Nightmare","floor":23,"turns":1},{"damage":0,"enemies":"Snecko","floor":30,"turns":1},{"damage":0,"enemies":"Champ","floor":33,"turns":1},{"damage":0,"enemies":"3 Shapes","floor":35,"turns":1},{"damage":0,"enemies":"Orb Walker","floor":40,"turns":1},{"damage":0,"enemies":"Giant Head","floor":41,"turns":1},{"damage":0,"enemies":"3 Darklings","floor":42,"turns":1},{"damage":0,"enemies":"Writhing Mass","floor":46,"turns":1},{"damage":0,"enemies":"hubris:GrandSnecko","floor":50,"turns":1}],"seed_played":"-4624312993155624390","potions_obtained":[{"floor":3,"key":"CultistPotion"},{"floor":5,"key":"PowerPotion"},{"floor":30,"key":"SteroidPotion"},{"floor":42,"key":"LiquidBronze"}],"is_trial":false,"path_per_floor":["M","?","M","?","M","E","M","E","T","M","$","M","M","M","R","B",null,"M","M","?","$","T","NM","$","R","T","R","T","?","M","?","R","B",null,"M","?","T","$","?","M","E","M","T","AVR","$","M","?","T","R","B",null],"character_chosen":"THE_SILENT","items_purchased":["Tiny Chest","MerchantsRug","infinitespire:EmpoweringShard","Toolbox","TheAbacus","Bronze Scales","Fruit Juice"],"campfire_rested":0,"item_purchase_floors":[11,21,21,24,38,45,45],"current_hp_per_floor":[70,63,63,63,63,63,63,63,69,69,69,69,69,69,69,69,76,83,83,83,83,89,89,89,89,95,95,101,101,101,101,101,107,107,107,107,113,113,113,113,113,113,119,116,121,121,121,127,127,133,133,133],"gold":136,"neow_bonus":"","is_daily":true,"chose_seed":false,"campfire_upgraded":5,"win_rate":0.0,"timestamp":1610499397,"path_taken":["M","?","M","?","M","E","M","E","T","M","?","M","M","M","R","BOSS","M","M","?","$","?","NM","?","R","T","R","?","?","M","?","R","BOSS","M","?","?","$","?","M","E","M","T","AVR","?","M","?","?","R","BOSS"],"items_purchased_type":["Relic","Relic","Relic","Relic","Relic","Relic","Potion"],"build_version":"2020-12-22","purchased_purges":1,"victory":false,"max_hp_per_floor":[70,70,70,70,70,70,70,70,76,76,76,76,76,76,76,76,76,83,83,83,83,89,89,89,89,95,95,101,101,101,101,101,107,107,107,107,113,113,113,113,113,113,119,116,121,121,121,127,127,133,133,133],"card_choices":[{"not_picked":["Slice","Blade Dance","Acrobatics"],"picked":"SKIP","floor":6},{"not_picked":["Blade Dance","Finisher"],"picked":"Deflect","floor":8},{"not_picked":["Glass Knife","Bullet Time"],"picked":"Adrenaline","floor":16},{"not_picked":["Acrobatics","Accuracy"],"picked":"After Image","floor":23},{"not_picked":["Quick Slash+1","Finisher+1","Underhanded Strike+1"],"picked":"SKIP","floor":41}],"player_experience":840794,"relics_obtained":[{"floor":1,"key":"DemoMod:WhiteGuonStone"},{"floor":3,"key":"potionbrewer:WarMedal"},{"floor":5,"key":"infinitespire:CheckeredPen"},{"floor":6,"key":"infinitespire:PuzzleCube"},{"floor":7,"key":"Mummified Hand"},{"floor":8,"key":"Centennial Puzzle"},{"floor":9,"key":"DemoMod:Metronome"},{"floor":10,"key":"Omamori"},{"floor":12,"key":"DemoMod:Relodestone"},{"floor":13,"key":"Toy Ornithopter"},{"floor":14,"key":"hubris:CrystalStatue"},{"floor":18,"key":"Strawberry"},{"floor":19,"key":"Oddly Smooth Stone"},{"floor":22,"key":"Bag of Marbles"},{"floor":23,"key":"potionbrewer:SlideRule"},{"floor":26,"key":"hubris:TenFootPole"},{"floor":28,"key":"Juzu Bracelet"},{"floor":30,"key":"hubris:Metronome"},{"floor":35,"key":"Bottled Lightning"},{"floor":37,"key":"hubris:MysteriousPyramids"},{"floor":40,"key":"Paper Crane"},{"floor":41,"key":"infinitespire:Lucky Rock"},{"floor":42,"key":"Happy Flower"},{"floor":43,"key":"DemoMod:DecoyRelic"},{"floor":46,"key":"PreservedInsect"},{"floor":48,"key":"DemoMod:BlueGuonStone"}],"event_choices":[{"damage_healed":0,"gold_gain":0,"player_choice":"Success","damage_taken":7,"relics_obtained":["Boot"],"max_hp_gain":0,"max_hp_loss":0,"event_name":"Scrap Ooze","floor":2,"gold_loss":0},{"damage_healed":0,"gold_gain":0,"player_choice":"Grow","damage_taken":0,"max_hp_gain":0,"max_hp_loss":0,"event_name":"Living Wall","floor":4,"gold_loss":0,"cards_upgraded":["Prepared"]},{"damage_healed":0,"gold_gain":0,"player_choice":"Rummage","damage_taken":0,"relics_obtained":["WarpedTongs"],"max_hp_gain":0,"max_hp_loss":0,"event_name":"Accursed Blacksmith","floor":20,"gold_loss":0,"cards_obtained":["Pain"]},{"cards_removed":["Clumsy"],"damage_healed":0,"gold_gain":0,"player_choice":"Elegance","damage_taken":0,"max_hp_gain":0,"max_hp_loss":0,"event_name":"Back to Basics","floor":29,"gold_loss":0},{"damage_healed":0,"gold_gain":0,"player_choice":"Opened","damage_taken":0,"relics_obtained":["Blood Vial"],"max_hp_gain":0,"max_hp_loss":0,"event_name":"The Mausoleum","floor":31,"gold_loss":0},{"cards_removed":["Deflect"],"damage_healed":0,"gold_gain":0,"player_choice":"Removed Skill","damage_taken":0,"max_hp_gain":0,"max_hp_loss":0,"event_name":"Falling","floor":39,"gold_loss":0}],"is_beta":false,"boss_relics":[{"not_picked":["Runic Dome","Runic Pyramid"],"picked":"potionbrewer:BhaskarasWheel"},{"not_picked":["infinitespire:Cupcake","Busted Crown","Calling Bell"]},{"not_picked":["hubris:RunicObelisk","Fusion Hammer"],"picked":"hubris:HollowSoul"}],"items_purged_floors":[44],"is_endless":true,"potions_floor_spawned":[3,5,8,12,16,30,35,42],"ascension_level":0}}