{"host":"jl3raagrljzztomj","time":1610524992,"event":{"mods":["BaseMod","BetterRewards","Colored Map","Colored Powertips","Custom Start","Hermit","Highlight Path","Minty Spire (QoL Compilation)","Permanent Neow","StSLib","The Runesmith"],"gold_per_floor":[117,117,131,149,149,149,192,192,192,206,227,92,111,135,135,270,270,293,149,149,149,167,167,172,172],"floor_reached":24,"language":"ENG","playtime":1404,"items_purged":[],"score":248,"play_id":"1e8fa70a-6dfb-4090-a521-43160ff4a8ed","local_time":"20210113020312","is_ascension_mode":false,"campfire_choices":[{"data":"hermit:Dive","floor":6,"key":"SMITH"},{"floor":15,"key":"REST"},{"floor":23,"key":"REST"}],"circlet_count":0,"master_deck":["hermit:Strike_Hermit+1","hermit:Strike_Hermit+1","hermit:Strike_Hermit+1","hermit:Strike_Hermit+1","hermit:Defend_Hermit+1","hermit:Defend_Hermit+1","hermit:Defend_Hermit+1","hermit:Defend_Hermit+1","hermit:Snapshot+1","hermit:Covet","hermit:LoneWolf+1","hermit:Dive+1","hermit:RoundhouseKick","Injury","hermit:EyeOfTheStorm","hermit:TakeAim","hermit:Vantage","hermit:TrackingShot","hermit:Scavenge","hermit:Deadeye","hermit:DeadOrAlive","hermit:Dive"],"relics":["hermit:Momento","Golden Idol","Bottled Flame","Centennial Puzzle","hermit:DentedPlate","Regal Pillow","Art of War"],"acts_visited":["Exordium","TheCity"],"potions_floor_usage":[7,16,16,16,24],"damage_taken":[{"damage":3,"enemies":"Jaw Worm","floor":1,"turns":3},{"damage":0,"enemies":"Small Slimes","floor":3,"turns":3},{"damage":5,"enemies":"2 Louse","floor":4,"turns":4},{"damage":36,"enemies":"Lagavulin","floor":7,"turns":11},{"damage":4,"enemies":"2 Fungi Beasts","floor":10,"turns":2},{"damage":5,"enemies":"Looter","floor":11,"turns":3},{"damage":0,"enemies":"Large Slime","floor":13,"turns":7},{"damage":3,"enemies":"Gremlin Gang","floor":14,"turns":3},{"damage":19,"enemies":"Hexaghost","floor":16,"turns":11},{"damage":18,"enemies":"Spheric Guardian","floor":18,"turns":8},{"damage":4,"enemies":"3 Byrds","floor":22,"turns":6},{"damage":69,"enemies":"Book of Stabbing","floor":24,"turns":8}],"seed_played":"6063179239069486037","potions_obtained":[{"floor":1,"key":"AttackPotion"},{"floor":3,"key":"Dexterity Potion"},{"floor":10,"key":"PowerPotion"},{"floor":13,"key":"Explosive Potion"},{"floor":22,"key":"Dexterity Potion"}],"is_trial":false,"path_per_floor":["M","?","M","M","?","R","E","?","T","M","M","$","M","M","R","B",null,"M","$","?","?","M","R","E"],"character_chosen":"HERMIT","items_purchased":["hermit:TrackingShot","hermit:Scavenge","Regal Pillow"],"campfire_rested":2,"item_purchase_floors":[12,12,19],"current_hp_per_floor":[72,72,72,67,67,67,31,16,16,12,7,7,7,4,26,7,39,21,21,21,21,17,64,0,0],"gold":172,"neow_bonus":"UPGRADE_CARD","is_daily":false,"chose_seed":false,"campfire_upgraded":1,"win_rate":0.0,"timestamp":1610524992,"path_taken":["M","?","M","M","?","R","E","?","T","M","M","$","M","M","R","BOSS","M","$","?","?","M","R","E"],"items_purchased_type":["Card","Card","Relic"],"build_version":"2020-12-22","purchased_purges":0,"victory":false,"max_hp_per_floor":[75,75,75,75,75,75,75,75,75,75,75,75,75,75,75,75,107,107,107,107,107,107,107,107,107],"card_choices":[{"not_picked":["hermit:TakeAim","hermit:Snipe"],"picked":"hermit:LoneWolf","floor":1},{"not_picked":["hermit:Brawl","hermit:PistolWhip"],"picked":"hermit:Dive","floor":3},{"not_picked":["hermit:Coalescence","hermit:Manifest"],"picked":"hermit:RoundhouseKick","floor":4},{"not_picked":["hermit:CursedWeapon","hermit:Manifest"],"picked":"hermit:EyeOfTheStorm","floor":7},{"not_picked":["hermit:CursedWeapon","hermit:Manifest"],"picked":"hermit:TakeAim","floor":10},{"not_picked":["hermit:Grudge","hermit:Spite"],"picked":"hermit:Vantage","floor":11},{"not_picked":["hermit:HoleUp","hermit:NoHoldsBarred","hermit:Glare"],"picked":"SKIP","floor":13},{"not_picked":["hermit:Glare","hermit:Dive"],"picked":"hermit:Deadeye","floor":14},{"not_picked":["hermit:HeroicBravado","hermit:Magnum"],"picked":"hermit:DeadOrAlive","floor":16},{"not_picked":["hermit:Combo","hermit:WideOpen"],"picked":"hermit:Dive","floor":18},{"not_picked":["hermit:TrackingShot","hermit:Quickdraw","hermit:HoleUp"],"picked":"SKIP","floor":22}],"player_experience":925957,"relics_obtained":[{"floor":7,"key":"Bottled Flame"},{"floor":9,"key":"Centennial Puzzle"}],"event_choices":[{"damage_healed":0,"gold_gain":0,"player_choice":"Grow","damage_taken":0,"max_hp_gain":0,"max_hp_loss":0,"event_name":"Living Wall","floor":2,"gold_loss":0,"cards_upgraded":["hermit:LoneWolf"]},{"damage_healed":0,"gold_gain":0,"player_choice":"Take Wound","damage_taken":0,"relics_obtained":["Golden Idol"],"max_hp_gain":0,"max_hp_loss":0,"event_name":"Golden Idol","floor":5,"gold_loss":0,"cards_obtained":["Injury"]},{"damage_healed":0,"gold_gain":0,"player_choice":"Entered Light","damage_taken":15,"max_hp_gain":0,"max_hp_loss":0,"event_name":"Shining Light","floor":8,"gold_loss":0,"cards_upgraded":["hermit:Defend_Hermit","hermit:Defend_Hermit"]},{"damage_healed":0,"gold_gain":0,"player_choice":"Opened","damage_taken":0,"relics_obtained":["Art of War"],"max_hp_gain":0,"max_hp_loss":0,"event_name":"The Mausoleum","floor":20,"gold_loss":0},{"damage_healed":0,"gold_gain":0,"player_choice":"Simplicity","damage_taken":0,"max_hp_gain":0,"max_hp_loss":0,"event_name":"Back to Basics","floor":21,"gold_loss":0,"cards_upgraded":["hermit:Strike_Hermit","hermit:Strike_Hermit","hermit:Strike_Hermit","hermit:Strike_Hermit","hermit:Defend_Hermit","hermit:Defend_Hermit"]}],"is_beta":false,"boss_relics":[{"not_picked":["Velvet Choker","Busted Crown"],"picked":"hermit:DentedPlate"}],"items_purged_floors":[],"is_endless":false,"potions_floor_spawned":[1,3,10,13,22],"killed_by":"Book of Stabbing","ascension_level":0}}