{"host":"usrgk25etjl0nf5i","time":1610510632,"event":{"mods":["2.2 Compatiblity","BaseMod","Downfall","Hubris","Minty Spire (QoL Compilation)","StSLib","SuperFastMode"],"gold_per_floor":[119,119,119,135,151,151,168,168,193,193,213,242,207,236,236,333,333,350,350,350,350,13,38,38,55,81,98,108,119,152,171,171,171,171],"floor_reached":33,"language":"ENG","playtime":1669,"items_purged":[],"score":446,"play_id":"d96d3dc7-b3c6-40bf-9b50-c707f8c81ad6","local_time":"20210112200352","is_ascension_mode":true,"campfire_choices":[{"floor":15,"key":"REST"},{"floor":24,"key":"REST"},{"floor":32,"key":"REST"}],"circlet_count":0,"master_deck":["AscendersBane","Strike_B","Strike_B","Strike_B","Strike_B","Defend_B","Defend_B+1","Defend_B","Defend_B","Zap+1","Dualcast+1","Barrage","hubris:Ukulele","Leap","Glacier","Capacitor","Creative AI","Beam Cell+1","Capacitor","Electrodynamics","Conserve Battery+1","Hologram+1","Lockon","Ball Lightning","Conserve Battery","Multi-Cast"],"relics":["Cracked Core","hubris:DeckOfHolding","hubris:TinFlute","Oddly Smooth Stone","hubris:Icosahedron","Anchor","Guardian:PocketSentry","Nuclear Battery","Thread and Needle","DataDisk","hubris:ToyBattleship","hubris:BottledRain"],"acts_visited":["Exordium","TheCity"],"potions_floor_usage":[12,12,14,14,30,30,31,33],"damage_taken":[{"damage":3,"enemies":"Jaw Worm","floor":1,"turns":4},{"damage":0,"enemies":"2 Louse","floor":4,"turns":3},{"damage":0,"enemies":"Small Slimes","floor":5,"turns":3},{"damage":13,"enemies":"Blue Slaver","floor":7,"turns":3},{"damage":6,"enemies":"2 Fungi Beasts","floor":11,"turns":3},{"damage":22,"enemies":"Gremlin Nob","floor":12,"turns":4},{"damage":4,"enemies":"Lagavulin","floor":14,"turns":6},{"damage":32,"enemies":"The Guardian","floor":16,"turns":14},{"damage":6,"enemies":"Shell Parasite","floor":18,"turns":8},{"damage":41,"enemies":"Book of Stabbing","floor":23,"turns":7},{"damage":2,"enemies":"Chosen","floor":25,"turns":5},{"damage":0,"enemies":"Sentry and Sphere","floor":27,"turns":4},{"damage":0,"enemies":"Shelled Parasite and Fungi","floor":28,"turns":5},{"damage":2,"enemies":"Snecko","floor":29,"turns":6},{"damage":5,"enemies":"Slavers","floor":30,"turns":5},{"damage":5,"enemies":"Cultist and Chosen","floor":31,"turns":4},{"damage":51,"enemies":"Collector","floor":33,"turns":3}],"seed_played":"-6567765348064114445","potions_obtained":[{"floor":7,"key":"Dexterity Potion"},{"floor":11,"key":"ColorlessPotion"},{"floor":12,"key":"LiquidMemories"},{"floor":25,"key":"SteroidPotion"},{"floor":27,"key":"SpeedPotion"},{"floor":29,"key":"Ancient Potion"}],"is_trial":false,"path_per_floor":["M","?","?","M","M","?","M","T","T","?","M","E","?","E","R","B",null,"M","?","?","?","$","E","R","M","T","M","M","M","E","M","R","B"],"character_chosen":"DEFECT","items_purchased":["Thread and Needle","Capacitor"],"campfire_rested":3,"item_purchase_floors":[22,22],"current_hp_per_floor":[72,60,44,44,44,44,31,31,31,31,25,3,23,19,43,11,64,58,58,58,58,58,17,41,39,39,39,39,37,32,27,51,0,0],"gold":171,"neow_bonus":"TEN_PERCENT_HP_BONUS","is_daily":false,"chose_seed":false,"campfire_upgraded":0,"win_rate":0.0,"timestamp":1610510632,"path_taken":["M","?","?","M","M","?","M","?","T","?","?","E","?","E","R","BOSS","M","?","?","?","?","E","R","M","T","M","M","M","E","M","R","BOSS"],"items_purchased_type":["Relic","Card"],"build_version":"2020-12-22","purchased_purges":0,"victory":false,"max_hp_per_floor":[82,82,82,82,82,82,82,82,82,82,82,82,82,82,82,82,82,82,82,82,82,82,82,82,82,82,82,82,82,82,82,82,82,82],"card_choices":[{"not_picked":["Rebound","Blizzard"],"picked":"Barrage","floor":1},{"not_picked":["Recycle","Go for the Eyes"],"picked":"hubris:Ukulele","floor":4},{"not_picked":["Force Field","Steam"],"picked":"Leap","floor":5},{"not_picked":["Coolheaded","Scrape","Consume"],"picked":"SKIP","floor":7},{"not_picked":["Doom and Gloom","Turbo"],"picked":"Glacier","floor":11},{"not_picked":["Doom and Gloom","Streamline","Coolheaded"],"picked":"SKIP","floor":12},{"not_picked":["Beam Cell","Compile Driver"],"picked":"Capacitor","floor":14},{"not_picked":["Machine Learning","Hyperbeam"],"picked":"Creative AI","floor":16},{"not_picked":["Compile Driver","Cold Snap"],"picked":"Beam Cell+1","floor":18},{"not_picked":["Conserve Battery","Stack"],"picked":"Electrodynamics","floor":23},{"not_picked":["BootSequence","Beam Cell"],"picked":"Conserve Battery+1","floor":25},{"not_picked":["Gash+1","Chaos"],"picked":"Hologram+1","floor":27},{"not_picked":["Beam Cell","Undo"],"picked":"Lockon","floor":28},{"not_picked":["Doom and Gloom+1","Compile Driver"],"picked":"Ball Lightning","floor":29},{"not_picked":["Streamline+1","Reprogram"],"picked":"Conserve Battery","floor":30},{"not_picked":["Darkness+1","Barrage"],"picked":"Multi-Cast","floor":31}],"player_experience":632475,"relics_obtained":[{"floor":8,"key":"hubris:TinFlute"},{"floor":9,"key":"Oddly Smooth Stone"},{"floor":12,"key":"Anchor"},{"floor":14,"key":"Guardian:PocketSentry"},{"floor":23,"key":"DataDisk"},{"floor":26,"key":"hubris:ToyBattleship"},{"floor":30,"key":"hubris:BottledRain"}],"event_choices":[{"damage_healed":0,"gold_gain":0,"player_choice":"Success","damage_taken":12,"relics_obtained":["hubris:DeckOfHolding"],"max_hp_gain":0,"max_hp_loss":0,"event_name":"Scrap Ooze","floor":2,"gold_loss":0},{"damage_healed":0,"gold_gain":0,"player_choice":"Entered Light","damage_taken":16,"max_hp_gain":0,"max_hp_loss":0,"event_name":"Shining Light","floor":3,"gold_loss":0,"cards_upgraded":["Defend_B","Dualcast"]},{"damage_healed":0,"gold_gain":0,"player_choice":"Grow","damage_taken":0,"max_hp_gain":0,"max_hp_loss":0,"event_name":"Living Wall","floor":6,"gold_loss":0,"cards_upgraded":["Zap"]},{"damage_healed":20,"gold_gain":0,"player_choice":"Healed","damage_taken":0,"max_hp_gain":0,"max_hp_loss":0,"event_name":"The Cleric","floor":13,"gold_loss":35},{"damage_healed":0,"gold_gain":0,"player_choice":"Ignored","damage_taken":0,"max_hp_gain":0,"max_hp_loss":0,"event_name":"Vampires","floor":20,"gold_loss":0}],"is_beta":false,"boss_relics":[{"not_picked":["SlaversCollar","Empty Cage"],"picked":"Nuclear Battery"}],"items_purged_floors":[],"is_endless":false,"potions_floor_spawned":[7,11,12,25,27,29],"killed_by":"Collector","ascension_level":10}}