{"host":"52jmisti11ysmja4","time":1610579009,"event":{"mods":["Aspiration","BaseMod","Better Third Choice","Minty Spire (QoL Compilation)","Remove Card Discount Mod","StSLib","The Bladedancer"],"gold_per_floor":[115,115,128,146,134,134,134,149,149,149,149],"floor_reached":10,"language":"ENG","playtime":1398,"items_purged":["blademaster:Defend","blademaster:Defend","blademaster:Defend","blademaster:Defend","blademaster:Strike","blademaster:Strike"],"score":93,"play_id":"ef9e9622-129b-45b4-b935-7fdb4d19bd52","local_time":"20210113150329","is_ascension_mode":true,"campfire_choices":[{"data":"blademaster:LightningCrash","floor":6,"key":"SMITH"}],"circlet_count":0,"master_deck":["AscendersBane","blademaster:Strike","blademaster:Strike","blademaster:RagingBlow","blademaster:HighVoltage","blademaster:Flash","blademaster:Overcharge","blademaster:Flurry","blademaster:LightningCrash+1","blademaster:Breeze"],"relics":["blademaster:DancersAmulet","Lizard Tail","Omamori"],"acts_visited":["Exordium"],"potions_floor_usage":[],"damage_taken":[{"damage":6,"enemies":"Cultist","floor":1,"turns":4},{"damage":7,"enemies":"Jaw Worm","floor":3,"turns":5},{"damage":0,"enemies":"2 Louse","floor":4,"turns":4},{"damage":6,"enemies":"Lots of Slimes","floor":8,"turns":3},{"damage":10,"enemies":"3 Sentries","floor":10,"turns":2}],"seed_played":"5319740870502146284","potions_obtained":[],"is_trial":false,"path_per_floor":["M","T","M","M","$","R","?","M","T","E"],"character_chosen":"THE_BLADEMASTER","items_purchased":[],"campfire_rested":0,"item_purchase_floors":[],"current_hp_per_floor":[62,62,55,55,55,55,55,49,49,39,39],"gold":149,"neow_bonus":"ONE_RANDOM_RARE_CARD","is_daily":false,"chose_seed":false,"campfire_upgraded":1,"win_rate":0.0,"timestamp":1610579009,"path_taken":["M","?","M","?","$","R","?","M","T","E"],"items_purchased_type":[],"build_version":"2020-12-22","purchased_purges":6,"victory":false,"max_hp_per_floor":[75,75,75,75,75,75,75,75,75,75,75],"card_choices":[{"not_picked":["blademaster:Frenzy","blademaster:LeechingStrike"],"picked":"blademaster:Overcharge","floor":1},{"not_picked":["blademaster:Frontflip","blademaster:BladeMastery"],"picked":"blademaster:Flurry","floor":3},{"not_picked":["blademaster:ParryingStrike","blademaster:BladeMastery"],"picked":"blademaster:LightningCrash","floor":4},{"not_picked":["blademaster:DeadlyDance","blademaster:SlyStabs"],"picked":"blademaster:Breeze","floor":8}],"player_experience":560135,"relics_obtained":[{"floor":2,"key":"Lizard Tail"},{"floor":9,"key":"Omamori"}],"event_choices":[{"damage_healed":0,"gold_gain":0,"player_choice":"Ignored","damage_taken":0,"max_hp_gain":0,"max_hp_loss":0,"event_name":"Transmorgrifier","floor":7,"gold_loss":0}],"is_beta":false,"boss_relics":[],"items_purged_floors":[5,5,5,5,5,5],"is_endless":false,"potions_floor_spawned":[],"killed_by":"3 Sentries","ascension_level":12}}