{"host":"vm8b3ptwl81uq21f","time":1610559541,"event":{"mods":["Aspiration","BaseMod","BetterRewards","Colored Map","Colored Powertips","Downfall","GifTheSpireLib","Googly Eyes","GungeonMod","Halation","Hubris","Infinite Spire","Minty Spire (QoL Compilation)","Quick Restart","Rare Cards Sparkle","Replay The Spire","Shop Mod","Spicy Shops","StSLib","Stuff the Spire","The IronCluck","[IsaacMod]????"],"gold_per_floor":[115,133,186,21,21,21,82,109,109,109,147,147,179,179,272,376,376,394,394,394,394,413,413,459,459,459,495,507,507,532,553,553,657,657,679,691,807,928,949,1001,1001,1001,1028,1065,1079,1118,1153,1178,1178,1178],"floor_reached":51,"language":"ENG","playtime":1376,"items_purged":["DemoMod:RustySidearm","DemoMod:Strike_Huntress","Regret","Regret","DemoMod:Strike_Huntress"],"score":1472,"play_id":"00beca2f-59cf-4d25-851e-c8340a6834a7","local_time":"20210113123901","is_ascension_mode":true,"campfire_choices":[{"data":"DemoMod:Casey","floor":6,"key":"SMITH"},{"data":"DemoMod:CursedBullets","floor":10,"key":"SMITH"},{"data":"DemoMod:ManualReload","floor":10,"key":"SMITH"},{"data":"DemoMod:Polaris","floor":12,"key":"SMITH"},{"data":"DemoMod:Unmoved","floor":12,"key":"SMITH"},{"data":"hubris:InfiniteBlow+30","floor":23,"key":"SMITH"},{"data":"hubris:InfiniteBlow+31","floor":23,"key":"SMITH"},{"data":"hubris:InfiniteBlow+32","floor":29,"key":"SMITH"},{"data":"hubris:InfiniteBlow+33","floor":29,"key":"SMITH"},{"data":"DemoMod:Unmoved","floor":32,"key":"SMITH"},{"data":"hubris:InfiniteBlow+34","floor":32,"key":"SMITH"},{"data":"hubris:InfiniteBlow+35","floor":42,"key":"SMITH"},{"data":"hubris:InfiniteBlow+36","floor":49,"key":"SMITH"}],"circlet_count":0,"master_deck":["DemoMod:Strike_Huntress","DemoMod:Defend_Huntress","DemoMod:Defend_Huntress","DemoMod:Defend_Huntress","DemoMod:Defend_Huntress","DemoMod:Roll","DemoMod:ManualReload+1","DemoMod:CrossBow","DemoMod:Casey+1","DemoMod:CursedBullets+1","DemoMod:HardPowerCard","DemoMod:HardPowerCard","DemoMod:Casey+1","DemoMod:Unmoved+1","DemoMod:Polaris+1","DemoMod:Unmoved+1","DemoMod:Eureka","DemoMod:CursedBullets+1","hubris:InfiniteBlow+37"],"relics":["HushsDoor","D4","Ring of the Snake","halation:BlackBeret","FossilizedHelix","Ice Cream","halation:PenCase","aspiration:FetidBarrel","DemoMod:SilverBullets","infinitespire:Magic Flask","Membership Card","DollysMirror","DemoMod:GreenGuonStone","aspiration:FrozenJewel","BelialBook","DemoMod:GlassGuonStoneRelic","hubris:VirtuousBlindfold","Nloth\u0027s Gift","DemoMod:PinkGuonStone","hubris:Icosahedron","halation:IllGainedPizza","DemoMod:MemoryAlloy","hubris:Potato","Singing Bowl","hubris:Backtick","GuppysCollar","Bottled Flame","YumHeart","infinitespire:Lucky Rock","Blood Vial"],"acts_visited":["Exordium","TheCity","TheBeyond"],"potions_floor_usage":[3,13,16,24],"damage_taken":[{"damage":0,"enemies":"Jaw Worm","floor":1,"turns":1},{"damage":1,"enemies":"Cultist","floor":2,"turns":5},{"damage":0,"enemies":"Hiden Room Battle","floor":3,"turns":3},{"damage":0,"enemies":"Gremlin Nob","floor":7,"turns":1},{"damage":0,"enemies":"2 Louse","floor":8,"turns":1},{"damage":0,"enemies":"Replay:BlueRogue","floor":11,"turns":1},{"damage":0,"enemies":"Lagavulin","floor":13,"turns":3},{"damage":0,"enemies":"Hexaghost","floor":16,"turns":3},{"damage":0,"enemies":"Chosen","floor":18,"turns":1},{"damage":0,"enemies":"Spheric Guardian","floor":22,"turns":1},{"damage":0,"enemies":"Slavers","floor":24,"turns":2},{"damage":0,"enemies":"Gremlin Leader","floor":27,"turns":1},{"damage":0,"enemies":"Snake Plant","floor":28,"turns":1},{"damage":0,"enemies":"Cultist and Chosen","floor":30,"turns":4},{"damage":0,"enemies":"Shelled Parasite and Fungi","floor":31,"turns":2},{"damage":0,"enemies":"Automaton","floor":33,"turns":6},{"damage":0,"enemies":"Orb Walker","floor":35,"turns":1},{"damage":0,"enemies":"3 Darklings","floor":36,"turns":3},{"damage":0,"enemies":"Maw","floor":37,"turns":1},{"damage":0,"enemies":"Transient","floor":39,"turns":2},{"damage":0,"enemies":"Reptomancer","floor":40,"turns":1},{"damage":0,"enemies":"3 Darklings","floor":44,"turns":2},{"damage":0,"enemies":"4 Shapes","floor":45,"turns":1},{"damage":0,"enemies":"Sphere and 2 Shapes","floor":46,"turns":2},{"damage":0,"enemies":"R_Hoarder","floor":47,"turns":1},{"damage":0,"enemies":"Maw","floor":48,"turns":1},{"damage":0,"enemies":"Replay:Hell Engine","floor":50,"turns":1}],"seed_played":"4881548774860322002","potions_obtained":[{"floor":1,"key":"FearPotion"},{"floor":3,"key":"LifebloodPotion"},{"floor":8,"key":"Weak Potion"},{"floor":11,"key":"DuplicationPotion"},{"floor":13,"key":"Energy Potion"},{"floor":31,"key":"SpeedPotion"}],"is_trial":false,"path_per_floor":["M","M","?","$","?","R","E","M","T","R","E","R","E","?","R_BF","B",null,"M","?","AVR","?","M","R","E","T","T","E","M","R","M","M","R","B",null,"M","M","M","?","M","E","?","R","T","M","M","M","E","M","R","B",null],"character_chosen":"HUNTRESS","items_purchased":["DemoMod:Casey","Thread and Needle","Juzu Bracelet","Mango","DemoMod:PortableTableDevice","MerchantsRug","halation:AfternoonTea","halation:NonexistentMirror","DemoMod:Eureka","GuppysCollar"],"campfire_rested":0,"item_purchase_floors":[0,0,0,0,0,0,4,4,17,34],"current_hp_per_floor":[35,34,34,34,34,34,34,34,34,34,34,34,34,34,34,34,65,65,65,72,72,72,72,72,72,72,74,76,76,78,80,80,82,72,74,76,78,78,80,82,65,65,65,67,69,71,73,77,77,79],"gold":1178,"neow_bonus":"","is_daily":false,"chose_seed":false,"campfire_upgraded":13,"win_rate":0.0,"timestamp":1610559541,"path_taken":["M","M","?","$","?","R","E","M","T","R","E","R","E","?","R_BF","BOSS","M","?","AVR","?","M","R","E","?","T","E","M","R","?","M","R","BOSS","M","M","M","?","M","E","?","R","T","M","M","M","E","M","R","BOSS"],"items_purchased_type":["Card","Relic","Relic","Relic","Relic","Relic","Relic","Relic","Card","Relic"],"build_version":"2020-12-22","purchased_purges":5,"victory":true,"max_hp_per_floor":[84,84,84,84,84,84,84,84,84,84,84,84,84,84,84,84,75,75,75,82,82,82,82,82,82,82,84,86,86,88,90,90,92,72,74,76,78,78,80,82,84,84,84,86,88,90,92,94,94,94],"card_choices":[{"not_picked":["DemoMod:SkilledReload","DemoMod:FortunesFavor"],"picked":"DemoMod:CursedBullets","floor":1},{"not_picked":["DemoMod:Replace","DemoMod:ZorGun"],"picked":"Bomb","floor":1},{"not_picked":["DemoMod:BattleInHaste","DemoMod:Unity"],"picked":"DemoMod:DirectionalPad","floor":2},{"not_picked":["DemoMod:DoubleSwitch","DemoMod:HungryBullets"],"picked":"Bomb","floor":3},{"not_picked":["DemoMod:JK47","DemoMod:StickyCrossBow"],"picked":"DemoMod:HardPowerCard","floor":7},{"not_picked":["DemoMod:HungryBullets","DemoMod:SniperShot"],"picked":"DemoMod:Unmoved","floor":8},{"not_picked":["Bomb","DemoMod:Unmoved"],"picked":"DemoMod:Polaris","floor":11},{"not_picked":["DemoMod:DoubleSwitch","DemoMod:DoubleVision"],"picked":"DemoMod:Unmoved","floor":13},{"not_picked":["DemoMod:HuntsMan+1","DemoMod:BattleInHaste"],"picked":"DemoMod:CursedBullets+1","floor":18},{"not_picked":["DemoMod:MegaHand+1","DemoMod:StickyCrossBow","DemoMod:RadGun"],"picked":"SKIP","floor":22},{"not_picked":["DemoMod:GunShield+1","DemoMod:Elimentaler","DemoMod:AWP"],"picked":"SKIP","floor":24},{"not_picked":["DemoMod:Unmoved","DemoMod:BSG","DemoMod:JK47"],"picked":"Singing Bowl","floor":27},{"not_picked":["DemoMod:SAA","DemoMod:LifeOrb","DemoMod:AWP"],"picked":"Singing Bowl","floor":28},{"not_picked":["DemoMod:BattleInHaste","DemoMod:FastSwitch+1","DemoMod:DirectionalPad"],"picked":"Singing Bowl","floor":30},{"not_picked":["DemoMod:FinishedGun","DemoMod:FortunesFavor","DemoMod:Rummage"],"picked":"Singing Bowl","floor":31},{"not_picked":["DemoMod:Elimentaler","DemoMod:BulletBore","DemoMod:DoubleVision"],"picked":"Singing Bowl","floor":33},{"not_picked":["DemoMod:ShadowBullets+1","DemoMod:MachoBrace+1","DemoMod:FastSwitch+1"],"picked":"Singing Bowl","floor":35},{"not_picked":["DemoMod:TeaPot","DemoMod:EasyReloadBullets+1","DemoMod:AWP"],"picked":"Singing Bowl","floor":36},{"not_picked":["DemoMod:BSG","DemoMod:CombinedRifle+1","DemoMod:BoxingGlove+1"],"picked":"Singing Bowl","floor":37},{"not_picked":["DemoMod:AWP+1","DemoMod:BlankBullets","DemoMod:Polaris+1"],"picked":"Singing Bowl","floor":39},{"not_picked":["DemoMod:Polaris+1","DemoMod:PracticeMakesPerfect","DemoMod:AC15+1"],"picked":"Singing Bowl","floor":40},{"not_picked":["infinitespire:NeuralNetwork","ReplayTheSpireMod:Book of Names","infinitespire:Oblivion"],"picked":"Singing Bowl","floor":41},{"not_picked":["DemoMod:Unity+1","DemoMod:PotionOfGunFriendShip+1","DemoMod:SniperShot"],"picked":"Singing Bowl","floor":44},{"not_picked":["DemoMod:TableSutra","DemoMod:Rummage+1","DemoMod:RadGun+1"],"picked":"Singing Bowl","floor":45},{"not_picked":["DemoMod:GunstockTap","DemoMod:FullFirepower","DemoMod:Ejector+1"],"picked":"Singing Bowl","floor":46},{"not_picked":["DemoMod:Replace","DemoMod:CursedBullets+1","DemoMod:Purify"],"picked":"Singing Bowl","floor":47},{"not_picked":["DemoMod:Ejector+1","DemoMod:AC15","DemoMod:BattleInHaste+1"],"picked":"Singing Bowl","floor":48}],"player_experience":381437,"relics_obtained":[{"floor":3,"key":"Mirror"},{"floor":3,"key":"BloodDonationMachine"},{"floor":7,"key":"hubris:MobiusCoin"},{"floor":9,"key":"DemoMod:GreenGuonStone"},{"floor":11,"key":"aspiration:FrozenJewel"},{"floor":13,"key":"BelialBook"},{"floor":24,"key":"halation:IllGainedPizza"},{"floor":25,"key":"DemoMod:MemoryAlloy"},{"floor":26,"key":"hubris:Potato"},{"floor":27,"key":"Singing Bowl"},{"floor":40,"key":"YumHeart"},{"floor":43,"key":"infinitespire:Lucky Rock"},{"floor":47,"key":"Blood Vial"}],"event_choices":[{"damage_healed":0,"gold_gain":0,"player_choice":"Fight","damage_taken":0,"max_hp_gain":0,"max_hp_loss":0,"event_name":"HidenRoomEvent","floor":3,"gold_loss":0},{"damage_healed":0,"gold_gain":0,"player_choice":"Box","damage_taken":0,"relics_obtained":["D4"],"max_hp_gain":0,"max_hp_loss":0,"event_name":"Big Fish","floor":5,"gold_loss":0,"cards_obtained":["Regret"]},{"damage_healed":0,"gold_gain":0,"player_choice":"Traded Relic","damage_taken":0,"relics_obtained":["Nloth\u0027s Gift"],"max_hp_gain":0,"max_hp_loss":0,"event_name":"N\u0027loth","floor":19,"relics_lost":["Lantern"],"gold_loss":0}],"is_beta":false,"boss_relics":[{"not_picked":["DemoMod:ElasticCartridgeClip","aspiration:PoetsPen_weak"],"picked":"hubris:VirtuousBlindfold"},{"not_picked":[]},{"not_picked":["Velvet Choker","hubris:GrandSneckoEye"],"picked":"hubris:Backtick"},{"not_picked":[]}],"items_purged_floors":[0,0,17,20,34],"is_endless":false,"potions_floor_spawned":[1,3,8,11,13,31,33,36,40,45,46,48],"ascension_level":6}}