{"host":"gx7yyrn1gkym3qpb","time":1610529592,"event":{"mods":["AchievementEnabler","BaseMod","Better Altar","Better Match","Better Note","Better Sensory Stone","Better Skull","Better Third Choice","Highlight Path","Minty Spire (QoL Compilation)","Permanent Neow","Quick Restart","StSLib","Unceasing Turn Reminder"],"gold_per_floor":[110,120,45,57,57,83,83,83,110,140,140,173,192,223,223,298,298,308,308,327,327,252,252,286,286,286,303,303,330,348,383,383,460,460,475,475,211,221,232,232,266,535,535,535,561,561,571,571,571,571,571,571,27,55,55,55],"floor_reached":55,"language":"ENG","playtime":2887,"items_purged":["Strike_R","Strike_R","Defend_R"],"score":1442,"play_id":"c7b53dc5-bbe4-4eae-bff2-d184b3484ce8","local_time":"20210113041952","is_ascension_mode":true,"campfire_choices":[{"data":"Blood for Blood","floor":8.0,"key":"SMITH"},{"data":"True Grit","floor":15.0,"key":"SMITH"},{"data":"Inflame","floor":23.0,"key":"SMITH"},{"data":"Inflame","floor":25.0,"key":"SMITH"},{"data":"Fiend Fire","floor":28.0,"key":"SMITH"},{"data":"Whirlwind","floor":32.0,"key":"SMITH"},{"floor":40,"key":"REST"},{"data":"Fiend Fire","floor":44,"key":"SMITH"},{"data":"Impervious","floor":46,"key":"SMITH"},{"floor":49,"key":"RECALL"},{"data":"Shrug It Off","floor":52,"key":"SMITH"}],"circlet_count":0,"master_deck":["AscendersBane","Strike_R","Defend_R","Defend_R+1","Defend_R","Bash","Reaper","Blood for Blood+1","Fire Breathing","Feel No Pain","Bludgeon+1","True Grit+1","Impervious+1","Inflame+1","Shrug It Off+1","Fiend Fire+1","Iron Wave","Inflame+1","Whirlwind+1","Feel No Pain","Fiend Fire+1","Shockwave+1","Metallicize+1","Inflame+1","Disarm+1","Master of Strategy"],"relics":["Burning Blood","Boot","Potion Belt","Lantern","Toy Ornithopter","Bronze Scales","Runic Pyramid","Centennial Puzzle","Blood Vial","PreservedInsect","Du-Vu Doll","Velvet Choker","Vajra","Omamori","Red Skull","Strawberry","Anchor","Bag of Preparation","War Paint"],"acts_visited":["Exordium","TheCity","TheBeyond","TheEnding"],"potions_floor_usage":[39,45,50,50,55],"damage_taken":[{"damage":9.0,"enemies":"2 Louse","floor":1.0,"turns":4.0},{"damage":9.0,"enemies":"Jaw Worm","floor":2.0,"turns":5.0},{"damage":10.0,"enemies":"Small Slimes","floor":4.0,"turns":4.0},{"damage":4.0,"enemies":"3 Sentries","floor":6.0,"turns":6.0},{"damage":32.0,"enemies":"Gremlin Nob","floor":10.0,"turns":4.0},{"damage":13.0,"enemies":"3 Sentries","floor":12.0,"turns":5.0},{"damage":9.0,"enemies":"Blue Slaver","floor":13.0,"turns":5.0},{"damage":22.0,"enemies":"Lagavulin","floor":14.0,"turns":8.0},{"damage":48.0,"enemies":"Hexaghost","floor":16.0,"turns":10.0},{"damage":16.0,"enemies":"Spheric Guardian","floor":18.0,"turns":4.0},{"damage":9.0,"enemies":"2 Thieves","floor":20.0,"turns":4.0},{"damage":10.0,"enemies":"Gremlin Leader","floor":24.0,"turns":5.0},{"damage":0.0,"enemies":"Chosen and Byrds","floor":27.0,"turns":4.0},{"damage":43.0,"enemies":"Slavers","floor":29.0,"turns":6.0},{"damage":6.0,"enemies":"Centurion and Healer","floor":30.0,"turns":5.0},{"damage":17.0,"enemies":"Book of Stabbing","floor":31.0,"turns":3.0},{"damage":36.0,"enemies":"Collector","floor":33.0,"turns":10.0},{"damage":12,"enemies":"3 Darklings","floor":35,"turns":4},{"damage":12,"enemies":"3 Shapes","floor":38,"turns":5},{"damage":92,"enemies":"Transient","floor":39,"turns":6},{"damage":6,"enemies":"Reptomancer","floor":41,"turns":3},{"damage":15,"enemies":"Nemesis","floor":45,"turns":3},{"damage":11,"enemies":"Maw","floor":47,"turns":6},{"damage":63,"enemies":"Awakened One","floor":50,"turns":10},{"damage":51,"enemies":"Shield and Spear","floor":54,"turns":5},{"damage":74,"enemies":"The Heart","floor":55,"turns":6}],"seed_played":"-1557413748959847043","potions_obtained":[{"floor":1.0,"key":"ElixirPotion"},{"floor":2.0,"key":"Swift Potion"},{"floor":4.0,"key":"HeartOfIron"},{"floor":10.0,"key":"EntropicBrew"},{"floor":20.0,"key":"LiquidBronze"},{"floor":24.0,"key":"Weak Potion"},{"floor":29.0,"key":"Weak Potion"},{"floor":39,"key":"PowerPotion"},{"floor":41,"key":"PowerPotion"},{"floor":47,"key":"SkillPotion"}],"is_trial":false,"path_per_floor":["M","M","?","M","?","E","?","R","T","E","?","E","M","E","R","B",null,"M","?","M","?","$","R","E","R","T","M","R","E","M","E","R","B",null,"M","?","$","M","M","R","E","?","T","R","E","R","M","?","R","B",null,"R","$","E","B"],"character_chosen":"IRONCLAD","items_purchased":["Vajra","Bag of Preparation","Disarm","Master of Strategy"],"campfire_rested":1,"item_purchase_floors":[37,53,53,53],"current_hp_per_floor":[55,56,56,56,56,70,70,70,70,49,54,62,64,58,58,22,66,56,56,53,53,53,53,72,72,72,80,80,63,65,56,56,57,74,74,74,74,76,10,32,64,14,14,14,17,17,30,30,30,15,66,66,66,39,0,0],"gold":55,"neow_bonus":"THREE_RARE_CARDS","is_daily":false,"chose_seed":false,"campfire_upgraded":9,"win_rate":0.0,"timestamp":1610529592,"path_taken":["M","M","?","M","?","E","?","R","T","E","?","E","?","E","R","BOSS","M","?","M","?","$","R","E","R","T","M","R","E","M","E","R","BOSS","M","?","$","M","M","R","E","?","T","R","E","R","?","?","R","BOSS","R","$","E","BOSS"],"items_purchased_type":["Relic","Relic","Card","Card"],"build_version":"2020-12-22","purchased_purges":3,"victory":false,"max_hp_per_floor":[75,75,75,75,75,75,75,75,75,75,80,80,80,80,80,80,80,80,80,80,80,80,80,80,80,80,80,80,80,80,80,80,80,80,80,76,76,76,76,76,76,83,83,83,83,83,83,83,83,83,83,83,83,83,83,83],"card_choices":[{"not_picked":["Offering","Brutality"],"picked":"Reaper","floor":0.0},{"not_picked":["Warcry","Second Wind"],"picked":"Blood for Blood","floor":1.0},{"not_picked":["Iron Wave","Blood for Blood"],"picked":"Fire Breathing","floor":2.0},{"not_picked":["Bloodletting","Perfected Strike"],"picked":"Feel No Pain","floor":4.0},{"not_picked":["Pommel Strike","Infernal Blade","Anger"],"picked":"SKIP","floor":6.0},{"not_picked":["Clash","Shockwave"],"picked":"True Grit","floor":10.0},{"not_picked":["Metallicize","Bloodletting"],"picked":"Impervious","floor":12.0},{"not_picked":["Sword Boomerang","Bloodletting"],"picked":"Inflame","floor":13.0},{"not_picked":["Combust","Warcry"],"picked":"Shrug It Off","floor":14.0},{"not_picked":["Offering","Barricade"],"picked":"Fiend Fire","floor":16.0},{"not_picked":["Uppercut","Body Slam","Infernal Blade"],"picked":"SKIP","floor":18.0},{"not_picked":["Infernal Blade","Sever Soul","Clash"],"picked":"SKIP","floor":20.0},{"not_picked":["Seeing Red","Clothesline","Bludgeon"],"picked":"SKIP","floor":24.0},{"not_picked":["Battle Trance","Bloodletting+1","Shrug It Off"],"picked":"SKIP","floor":27.0},{"not_picked":["Twin Strike","Pommel Strike"],"picked":"Whirlwind","floor":29.0},{"not_picked":["Clash","Havoc"],"picked":"Feel No Pain","floor":30.0},{"not_picked":["Dual Wield","Inflame","Body Slam+1"],"picked":"SKIP","floor":31.0},{"not_picked":["Juggernaut","Offering"],"picked":"Fiend Fire","floor":33.0},{"not_picked":["Combust","Iron Wave"],"picked":"Shockwave+1","floor":35},{"not_picked":["Body Slam","Thunderclap","Armaments"],"picked":"SKIP","floor":38},{"not_picked":["Wild Strike","Shrug It Off","Entrench"],"picked":"SKIP","floor":39},{"not_picked":["Juggernaut","Flex","Wild Strike"],"picked":"SKIP","floor":41},{"not_picked":["Spot Weakness","Seeing Red"],"picked":"Metallicize+1","floor":45},{"not_picked":["Perfected Strike","Entrench"],"picked":"Inflame+1","floor":47},{"not_picked":["Seeing Red","Perfected Strike","Sever Soul+1"],"picked":"SKIP","floor":54}],"player_experience":406551,"relics_obtained":[{"floor":6.0,"key":"Boot"},{"floor":9.0,"key":"Potion Belt"},{"floor":10.0,"key":"Lantern"},{"floor":12.0,"key":"Toy Ornithopter"},{"floor":14.0,"key":"Bronze Scales"},{"floor":24.0,"key":"Centennial Puzzle"},{"floor":26.0,"key":"Blood Vial"},{"floor":29.0,"key":"PreservedInsect"},{"floor":31.0,"key":"Du-Vu Doll"},{"floor":41,"key":"Omamori"},{"floor":45,"key":"Anchor"},{"floor":54,"key":"War Paint"}],"event_choices":[{"cards_removed":["Strike_R"],"damage_healed":0.0,"max_hp_gain":0.0,"max_hp_loss":0.0,"gold_gain":0.0,"event_name":"The Cleric","player_choice":"Card Removal","floor":3.0,"gold_loss":75.0,"damage_taken":0.0},{"damage_healed":0.0,"max_hp_gain":0.0,"max_hp_loss":0.0,"gold_gain":1.0,"event_name":"betterStone:BetterStone","player_choice":"4","floor":5.0,"gold_loss":0.0,"damage_taken":0.0,"cards_obtained":["Bludgeon"]},{"damage_healed":0.0,"max_hp_gain":0.0,"max_hp_loss":0.0,"gold_gain":0.0,"event_name":"betterThird:BetterSerpent","player_choice":"Ignored","floor":7.0,"gold_loss":0.0,"damage_taken":83.0},{"damage_healed":0.0,"max_hp_gain":5.0,"max_hp_loss":0.0,"gold_gain":0.0,"event_name":"Big Fish","player_choice":"Donut","floor":11.0,"gold_loss":0.0,"damage_taken":0.0},{"damage_healed":0.0,"max_hp_gain":0.0,"max_hp_loss":0.0,"gold_gain":0.0,"cards_transformed":["Strike_R"],"event_name":"Transmorgrifier","player_choice":"Transformed","floor":19.0,"gold_loss":0.0,"damage_taken":0.0,"cards_obtained":["Iron Wave"]},{"damage_healed":0.0,"max_hp_gain":0.0,"max_hp_loss":0.0,"gold_gain":0.0,"event_name":"Duplicator","player_choice":"Copied","floor":21.0,"gold_loss":0.0,"damage_taken":0.0,"cards_obtained":["Inflame"]},{"damage_healed":0,"gold_gain":0,"player_choice":"Max HP","damage_taken":0,"max_hp_gain":0,"max_hp_loss":4,"event_name":"Winding Halls","floor":36,"gold_loss":0},{"damage_healed":0,"gold_gain":0,"player_choice":"Random: Green","damage_taken":0,"max_hp_gain":0,"max_hp_loss":0,"event_name":"betterThird:BetterPortal","floor":42,"gold_loss":0},{"damage_healed":0,"gold_gain":269,"player_choice":"RE RE GO GO GO ","damage_taken":64,"relics_obtained":["Red Skull","Strawberry"],"max_hp_gain":0,"max_hp_loss":0,"event_name":"betterSkull:BetterSkull","floor":42,"gold_loss":0,"cards_upgraded":[]},{"damage_healed":0,"gold_gain":0,"player_choice":"Ignored","damage_taken":0,"max_hp_gain":0,"max_hp_loss":0,"event_name":"Tomb of Lord Red Mask","floor":48,"gold_loss":0}],"is_beta":false,"boss_relics":[{"not_picked":["Runic Dome","SlaversCollar"],"picked":"Runic Pyramid"},{"not_picked":["Empty Cage","Runic Cube"],"picked":"Velvet Choker"}],"items_purged_floors":[22,37,53],"is_endless":false,"potions_floor_spawned":[1,2,4,10,20,24,27,29,39,41,47],"killed_by":"The Heart","ascension_level":18}}