{"host":"cjhtzh7tp54jdfyv","time":1610532508,"event":{"mods":["AchievementEnabler","BaseMod","Colored Map","Colored Powertips","Curses Come First","DeckTracker","Filter the Spire","Minty Spire (QoL Compilation)","RNG Fix","Relic Sorter","Relic Stats","StSLib","UnlockEverythingMod","ojb\u0027s Better Paths Mod","ojb\u0027s Info Mod"],"gold_per_floor":[117,135,31,31,47,47,75,75,75,0,33,45,17,34,34,108,108,118,137,153,153,172,198,198,198,198],"floor_reached":25,"language":"ENG","playtime":1709,"items_purged":["Defend_P"],"score":516,"play_id":"8a04f4ef-fc86-4164-ace2-a6bbbecb1fa1","local_time":"20210113050828","is_ascension_mode":true,"campfire_choices":[{"data":"Eruption","floor":6.0,"key":"SMITH"},{"data":"FlurryOfBlows","floor":8.0,"key":"SMITH"},{"data":"SignatureMove","floor":15.0,"key":"SMITH"},{"floor":24,"key":"RECALL"}],"circlet_count":0,"master_deck":["AscendersBane","Strike_P+1","Strike_P","Strike_P","Strike_P","Defend_P","Defend_P","Eruption+1","Vigilance","FlurryOfBlows+1","FollowUp","CutThroughFate+1","DeceiveReality","CrushJoints+1","FollowUp","SignatureMove+1","LessonLearned","FlurryOfBlows","Meditate+1","EmptyMind"],"relics":["Coffee Dripper","Calipers","Letter Opener","Fusion Hammer","Juzu Bracelet"],"acts_visited":["Exordium","TheCity"],"potions_floor_usage":[22],"damage_taken":[{"damage":2.0,"enemies":"2 Louse","floor":1.0,"turns":3.0},{"damage":0.0,"enemies":"Small Slimes","floor":2.0,"turns":2.0},{"damage":0.0,"enemies":"Jaw Worm","floor":5.0,"turns":1.0},{"damage":15.0,"enemies":"Lagavulin","floor":7.0,"turns":7.0},{"damage":0.0,"enemies":"Gremlin Nob","floor":11.0,"turns":2.0},{"damage":3.0,"enemies":"Looter","floor":12.0,"turns":3.0},{"damage":0.0,"enemies":"Lots of Slimes","floor":14.0,"turns":2.0},{"damage":32.0,"enemies":"Hexaghost","floor":16.0,"turns":5.0},{"damage":6.0,"enemies":"3 Byrds","floor":18.0,"turns":3.0},{"damage":0.0,"enemies":"Chosen","floor":19.0,"turns":3.0},{"damage":24,"enemies":"Snake Plant","floor":20,"turns":2},{"damage":0,"enemies":"Centurion and Healer","floor":22,"turns":2},{"damage":17,"enemies":"Slavers","floor":23,"turns":3},{"damage":27,"enemies":"Gremlin Leader","floor":25,"turns":3}],"seed_played":"-7491604757066969394","potions_obtained":[{"floor":7.0,"key":"SkillPotion"},{"floor":11.0,"key":"Dexterity Potion"},{"floor":12.0,"key":"FearPotion"},{"floor":18.0,"key":"SteroidPotion"}],"is_trial":false,"path_per_floor":["M","M","$","?","M","R","E","R","T","?","E","M","$","M","R","B",null,"M","M","M","?","M","E","R","E"],"character_chosen":"WATCHER","items_purchased":["CutThroughFate","FollowUp"],"campfire_rested":0,"item_purchase_floors":[3,13],"current_hp_per_floor":[59,59,59,64,64,64,49,49,49,49,49,46,46,46,46,14,58,52,52,28,28,28,11,11,0,0],"gold":198,"neow_bonus":"BOSS_RELIC","is_daily":false,"chose_seed":false,"campfire_upgraded":3,"win_rate":0.0,"timestamp":1610532508,"path_taken":["M","M","$","?","M","R","E","R","T","?","E","M","$","?","R","BOSS","M","M","M","?","M","E","R","E"],"items_purchased_type":["Card","Card"],"build_version":"2020-12-22","purchased_purges":1,"victory":false,"max_hp_per_floor":[68,68,68,73,73,73,73,73,73,73,73,73,73,73,73,73,73,73,73,73,73,73,73,73,73,73],"relic_stats":{"counters":[14,41],"Juzu Bracelet":0,"Letter Opener":[50],"obtain_stats":[{"Calipers":7,"Fusion Hammer":17,"Coffee Dripper":0,"Juzu Bracelet":23,"Letter Opener":11,"PureWater":0},{"Calipers":4,"Fusion Hammer":8,"Coffee Dripper":0,"Juzu Bracelet":13,"Letter Opener":5,"PureWater":0},{"Calipers":13,"Fusion Hammer":25,"Coffee Dripper":0,"Juzu Bracelet":38,"Letter Opener":15,"PureWater":0}]},"card_choices":[{"not_picked":["FlyingSleeves","LikeWater"],"picked":"FlurryOfBlows","floor":1.0},{"not_picked":["Fasting2","Prostrate"],"picked":"FollowUp","floor":2.0},{"not_picked":["SashWhip","Evaluate","DeceiveReality"],"picked":"SKIP","floor":5.0},{"not_picked":["SashWhip","Evaluate"],"picked":"DeceiveReality","floor":5.0},{"not_picked":["Halt","MasterReality","BattleHymn"],"picked":"SKIP","floor":7.0},{"not_picked":["BowlingBash","MentalFortress","BattleHymn"],"picked":"SKIP","floor":11.0},{"not_picked":["MentalFortress","Consecrate"],"picked":"CrushJoints","floor":12.0},{"not_picked":["WreathOfFlame","Crescendo"],"picked":"SignatureMove","floor":14.0},{"not_picked":["Devotion","Wish"],"picked":"LessonLearned","floor":16.0},{"not_picked":["CutThroughFate","Evaluate"],"picked":"FlurryOfBlows","floor":18.0},{"not_picked":["Perseverance","SashWhip","WheelKick"],"picked":"SKIP","floor":19.0},{"not_picked":["Perseverance","SashWhip","WheelKick"],"picked":"SKIP","floor":19.0},{"not_picked":["BattleHymn","Halt"],"picked":"Meditate","floor":20},{"not_picked":["BattleHymn","CarveReality","Consecrate"],"picked":"SKIP","floor":22},{"not_picked":["Brilliance","Halt"],"picked":"EmptyMind","floor":23}],"player_experience":4491255,"relics_obtained":[{"floor":7.0,"key":"Calipers"},{"floor":11.0,"key":"Letter Opener"},{"floor":23,"key":"Juzu Bracelet"}],"event_choices":[{"damage_healed":0.0,"max_hp_gain":5.0,"max_hp_loss":0.0,"gold_gain":0.0,"event_name":"Big Fish","player_choice":"Donut","floor":4.0,"gold_loss":0.0,"damage_taken":0.0},{"cards_removed":["Defend_P"],"damage_healed":0.0,"max_hp_gain":0.0,"max_hp_loss":0.0,"gold_gain":0.0,"event_name":"The Cleric","player_choice":"Card Removal","floor":10.0,"gold_loss":75.0,"damage_taken":0.0},{"damage_healed":0,"gold_gain":0,"player_choice":"Upgraded","damage_taken":0,"max_hp_gain":0,"max_hp_loss":0,"event_name":"Upgrade Shrine","floor":21,"gold_loss":0,"cards_upgraded":["Meditate"]}],"is_beta":false,"boss_relics":[{"not_picked":["Pandora\u0027s Box","Runic Dome"],"picked":"Fusion Hammer"}],"items_purged_floors":[3],"is_endless":false,"potions_floor_spawned":[7,11,12,14,18],"killed_by":"Gremlin Leader","ascension_level":20}}