{"host":"udyc8f81k2jocuhg","time":1610550901,"event":{"mods":["2.2 Compatiblity","BaseMod","Better Third Choice","Colored Powertips","Conspire","Custom Start","GifTheSpireLib","Hermit","Minty Spire (QoL Compilation)","Permanent Neow","Quick Restart","Relic Filter","Relic Stats","Replay The Spire","Shop Mod","Spikes Relics","StSLib","Stuff the Spire"],"gold_per_floor":[362,375,375,36,46,77,95,126,181,181,317,317,467,479,479,479,479],"floor_reached":16,"language":"ENG","playtime":894,"items_purged":[],"score":216,"play_id":"6e983cde-1dc8-4ee8-acd4-901ffeb49420","local_time":"20210113161501","is_ascension_mode":true,"campfire_choices":[{"data":"Zap","floor":10.0,"key":"SMITH"},{"data":"Seek","floor":12,"key":"SMITH"},{"floor":15,"key":"REST"}],"circlet_count":0,"master_deck":["AscendersBane","Strike_B","Strike_B","Strike_B","Strike_B","Defend_B","Defend_B","Defend_B","Defend_B","Zap+1","Dualcast","Defend_G","Strike_R","Defragment+1","Cold Snap","Coolheaded","Seek+1","Leap","Leap","Doubt","Coolheaded"],"relics":["Cracked Core","OrangePellets","Replay:Antivirus Software","StuffTheSpire:TintedRock","Bronze Scales","Lantern"],"acts_visited":["Exordium"],"potions_floor_usage":[11,11,16],"damage_taken":[{"damage":6.0,"enemies":"Cultist","floor":1.0,"turns":4.0},{"damage":11.0,"enemies":"Small Slimes","floor":2.0,"turns":4.0},{"damage":0.0,"enemies":"2 Louse","floor":5.0,"turns":2.0},{"damage":15.0,"enemies":"3 Sentries","floor":6.0,"turns":11.0},{"damage":4.0,"enemies":"2 Fungi Beasts","floor":7.0,"turns":4.0},{"damage":14.0,"enemies":"Lagavulin","floor":8.0,"turns":7.0},{"damage":4,"enemies":"Gremlin Nob","floor":11,"turns":3},{"damage":9,"enemies":"3 Louse","floor":14,"turns":3},{"damage":35,"enemies":"Fading Forest","floor":16,"turns":10}],"seed_played":"-6428104595951232320","potions_obtained":[{"floor":5.0,"key":"Swift Potion"},{"floor":7.0,"key":"Explosive Potion"},{"floor":14,"key":"SpeedPotion"}],"is_trial":false,"path_per_floor":["M","M","?","$","M","E","M","E","T","R","E","R","?","M","R","B"],"character_chosen":"DEFECT","items_purchased":["Defragment+1","OrangePellets","Cold Snap","Coolheaded"],"campfire_rested":1,"item_purchase_floors":[4,4,4,4],"current_hp_per_floor":[58,47,47,47,47,32,28,14,14,14,10,10,10,1,22,0,0],"gold":479,"neow_bonus":"TWO_FIFTY_GOLD","is_daily":false,"chose_seed":false,"campfire_upgraded":2,"win_rate":0.0,"timestamp":1610550901,"path_taken":["M","M","?","$","M","E","M","E","T","R","E","R","?","M","R","BOSS"],"items_purchased_type":["Card","Relic","Card","Card"],"build_version":"2020-12-22","purchased_purges":0,"victory":false,"max_hp_per_floor":[71,71,71,71,71,71,71,71,71,71,71,71,71,71,71,71,71],"relic_stats":{"OrangePellets":[2],"counters":[9,48],"Bronze Scales":[54],"obtain_stats":[{"StuffTheSpire:TintedRock":8,"OrangePellets":4,"Lantern":11,"Bronze Scales":9,"Replay:Antivirus Software":6,"Cracked Core":0},{"StuffTheSpire:TintedRock":6,"OrangePellets":2,"Lantern":7,"Bronze Scales":6,"Replay:Antivirus Software":4,"Cracked Core":0},{"StuffTheSpire:TintedRock":32,"OrangePellets":8,"Lantern":35,"Bronze Scales":32,"Replay:Antivirus Software":21,"Cracked Core":0}]},"card_choices":[{"not_picked":["Panic Button","Turbo","Lockon"],"picked":"SKIP","floor":1.0},{"not_picked":["Rebound","ReplayGash","Compile Driver"],"picked":"SKIP","floor":2.0},{"not_picked":["Streamline","Rebound","Hologram"],"picked":"SKIP","floor":5.0},{"not_picked":["Coolheaded","Heatsinks"],"picked":"Seek","floor":6.0},{"not_picked":["Panic Button","Ball Lightning"],"picked":"Leap","floor":7.0},{"not_picked":["BasicCrystalCard","StuffTheSpire:ShieldGenerator","Hologram"],"picked":"SKIP","floor":8.0},{"not_picked":["Stack","Rip and Tear"],"picked":"Leap","floor":11},{"not_picked":["Stack","Hologram"],"picked":"Coolheaded","floor":14}],"player_experience":1990761,"relics_obtained":[{"floor":6.0,"key":"Replay:Antivirus Software"},{"floor":8.0,"key":"StuffTheSpire:TintedRock"},{"floor":9.0,"key":"Bronze Scales"},{"floor":11,"key":"Lantern"}],"event_choices":[{"damage_healed":0.0,"max_hp_gain":0.0,"max_hp_loss":0.0,"gold_gain":0.0,"event_name":"conspire:LoneGhost","player_choice":"Disagree","floor":3.0,"gold_loss":0.0,"damage_taken":0.0},{"damage_healed":0,"gold_gain":150,"player_choice":"AGREE","damage_taken":317,"max_hp_gain":0,"max_hp_loss":0,"event_name":"betterThird:BetterSerpent","floor":13,"gold_loss":0}],"is_beta":false,"boss_relics":[],"items_purged_floors":[],"is_endless":false,"potions_floor_spawned":[5,7,14],"killed_by":"Fading Forest","ascension_level":16}}