{"host":"w9yruvs4bqht6bhw","time":1610509386,"event":{"mods":["BaseMod","Colored Powertips","Minty Spire (QoL Compilation)"],"gold_per_floor":[118,131,142,154,5,5,5,32,32,50,66,66,80,80,80,183,183,202,101,117,136,146,171,171,171,171],"floor_reached":25,"language":"ENG","playtime":1049,"items_purged":[],"score":341,"play_id":"4bbbaf97-9531-4f26-8f8f-22b2644d41c6","local_time":"20210112224306","is_ascension_mode":true,"campfire_choices":[{"floor":6,"key":"REST"},{"data":"Uppercut","floor":15,"key":"SMITH"}],"circlet_count":0,"master_deck":["AscendersBane","Strike_R","Strike_R","Strike_R","Strike_R","Strike_R","Defend_R","Defend_R","Defend_R","Defend_R","Bash","Twin Strike","Uppercut+1","Anger","Armaments","Uppercut","Pommel Strike","Headbutt","Reaper","True Grit","Shockwave+1","Perfected Strike+1","Disarm"],"relics":["Black Blood","Dream Catcher","Paper Frog","White Beast Statue","Meat on the Bone","Mango"],"acts_visited":["Exordium","TheCity"],"potions_floor_usage":[8,16,16,16,18,19,20,23,23,23,25],"damage_taken":[{"damage":1,"enemies":"Cultist","floor":1,"turns":3},{"damage":12,"enemies":"Jaw Worm","floor":2,"turns":2},{"damage":12,"enemies":"2 Louse","floor":3,"turns":4},{"damage":29,"enemies":"Exordium Wildlife","floor":4,"turns":5},{"damage":10,"enemies":"Lagavulin","floor":8,"turns":6},{"damage":10,"enemies":"2 Fungi Beasts","floor":10,"turns":3},{"damage":12,"enemies":"Large Slime","floor":11,"turns":5},{"damage":3,"enemies":"Looter","floor":13,"turns":3},{"damage":42,"enemies":"The Guardian","floor":16,"turns":8},{"damage":39,"enemies":"3 Byrds","floor":18,"turns":7},{"damage":22,"enemies":"Spheric Guardian","floor":20,"turns":4},{"damage":27,"enemies":"Chosen and Byrds","floor":21,"turns":6},{"damage":30,"enemies":"Snecko","floor":22,"turns":6},{"damage":44,"enemies":"Book of Stabbing","floor":23,"turns":5},{"damage":52,"enemies":"Centurion and Healer","floor":25,"turns":5}],"seed_played":"8466593064517186902","potions_obtained":[{"floor":3,"key":"HeartOfIron"},{"floor":8,"key":"SteroidPotion"},{"floor":10,"key":"DuplicationPotion"},{"floor":11,"key":"EntropicBrew"},{"floor":16,"key":"SkillPotion"},{"floor":18,"key":"BloodPotion"},{"floor":20,"key":"Strength Potion"},{"floor":23,"key":"DistilledChaos"}],"is_trial":false,"path_per_floor":["M","M","M","M","$","R","$","E","T","M","M","?","M","?","R","B",null,"M","$","M","M","M","E","?","M"],"character_chosen":"IRONCLAD","items_purchased":["Dream Catcher","True Grit","SkillPotion"],"campfire_rested":1,"item_purchase_floors":[5,19,19],"current_hp_per_floor":[77,71,65,42,42,66,66,62,62,58,52,52,55,80,80,56,74,63,79,69,54,54,48,48,0,0],"gold":171,"neow_bonus":"THREE_CARDS","is_daily":false,"chose_seed":false,"campfire_upgraded":1,"win_rate":0.0,"timestamp":1610509386,"path_taken":["M","M","M","M","$","R","?","E","T","M","M","?","M","?","R","BOSS","M","$","?","M","M","E","?","M"],"items_purchased_type":["Relic","Card","Potion"],"build_version":"2020-12-22","purchased_purges":0,"victory":false,"max_hp_per_floor":[80,80,80,80,80,80,80,80,80,80,80,80,80,80,80,80,80,80,80,80,80,80,94,94,94,94],"card_choices":[{"not_picked":["Body Slam","Shrug It Off"],"picked":"Twin Strike","floor":0},{"not_picked":["Havoc","Flex"],"picked":"Uppercut","floor":1},{"not_picked":["Intimidate","Thunderclap"],"picked":"Anger","floor":2},{"not_picked":["Cleave","Clash"],"picked":"Armaments","floor":3},{"not_picked":["Iron Wave","Thunderclap"],"picked":"Uppercut","floor":4},{"not_picked":["Warcry","Clothesline"],"picked":"Pommel Strike","floor":6},{"not_picked":["Body Slam","Cleave","Exhume"],"picked":"SKIP","floor":8},{"not_picked":["Carnage","Pommel Strike"],"picked":"Headbutt","floor":10},{"not_picked":["Havoc","Entrench","Dark Embrace"],"picked":"SKIP","floor":11},{"not_picked":["Fire Breathing","Wild Strike","Twin Strike"],"picked":"SKIP","floor":13},{"not_picked":["Impervious","Barricade"],"picked":"Reaper","floor":16},{"not_picked":["Clothesline","Flex","Pommel Strike"],"picked":"SKIP","floor":18},{"not_picked":["Dark Embrace","Body Slam"],"picked":"Shockwave+1","floor":20},{"not_picked":["Clash","Warcry","Battle Trance"],"picked":"SKIP","floor":21},{"not_picked":["Wild Strike","Heavy Blade"],"picked":"Perfected Strike+1","floor":22},{"not_picked":["Thunderclap","Wild Strike"],"picked":"Disarm","floor":23}],"player_experience":406694,"relics_obtained":[{"floor":8,"key":"Paper Frog"},{"floor":9,"key":"White Beast Statue"},{"floor":23,"key":"Mango"}],"event_choices":[{"damage_healed":0,"gold_gain":0,"player_choice":"Searched \u00271\u0027 times","damage_taken":0,"relics_obtained":["Meat on the Bone"],"max_hp_gain":0,"max_hp_loss":0,"event_name":"Dead Adventurer","floor":12,"gold_loss":0},{"damage_healed":25,"gold_gain":0,"player_choice":"Full Heal","damage_taken":0,"max_hp_gain":0,"max_hp_loss":0,"event_name":"Wheel of Change","floor":14,"gold_loss":0},{"damage_healed":0,"gold_gain":0,"player_choice":"Ignored","damage_taken":0,"max_hp_gain":0,"max_hp_loss":0,"event_name":"Vampires","floor":24,"gold_loss":0}],"is_beta":false,"boss_relics":[{"not_picked":["Mark of Pain","Philosopher\u0027s Stone"],"picked":"Black Blood"}],"items_purged_floors":[],"is_endless":false,"potions_floor_spawned":[3,8,10,11,13,16,18,20,21,22,23],"killed_by":"Centurion and Healer","ascension_level":10}}