{"host":"91ruqvp7hiryodqd","time":1610563241,"event":{"mods":["AchievementEnabler","BaseMod","Colored Map","Colored Powertips","Filter the Spire","Minty Spire (QoL Compilation)","Relic Stats","StSLib"],"gold_per_floor":[113,132,57,57,74,74,93,124,124,141,158,158,175,188,188,288,288,299,58,74,93,93,93,93],"floor_reached":23,"language":"ENG","playtime":1070,"items_purged":["Strike_P"],"score":199,"play_id":"44358873-a6d0-4ce5-b5b1-d19f03694270","local_time":"20210114014041","is_ascension_mode":false,"campfire_choices":[{"data":"Eruption","floor":6,"key":"SMITH"},{"data":"Crescendo","floor":15,"key":"SMITH"}],"circlet_count":0,"master_deck":["Strike_P","Strike_P","Strike_P","Defend_P","Defend_P","Defend_P","Eruption+1","Vigilance","FlurryOfBlows","FollowUp","Crescendo+1","EmptyFist","SashWhip","CrushJoints","EmptyBody","BowlingBash","FearNoEvil","Vault","ClearTheMind+1","Meditate"],"relics":["SlaversCollar","Toy Ornithopter","Darkstone Periapt","VioletLotus","Molten Egg 2"],"acts_visited":["Exordium","TheCity"],"potions_floor_usage":[13,14,16,16,20,22],"damage_taken":[{"damage":8,"enemies":"Jaw Worm","floor":1,"turns":6},{"damage":2,"enemies":"Cultist","floor":2,"turns":5},{"damage":1,"enemies":"Small Slimes","floor":5,"turns":3},{"damage":1,"enemies":"2 Fungi Beasts","floor":7,"turns":3},{"damage":22,"enemies":"3 Sentries","floor":8,"turns":6},{"damage":0,"enemies":"Large Slime","floor":10,"turns":4},{"damage":2,"enemies":"Looter","floor":11,"turns":3},{"damage":0,"enemies":"3 Louse","floor":13,"turns":2},{"damage":9,"enemies":"Gremlin Gang","floor":14,"turns":3},{"damage":36,"enemies":"The Guardian","floor":16,"turns":11},{"damage":32,"enemies":"2 Thieves","floor":18,"turns":3},{"damage":9,"enemies":"3 Byrds","floor":20,"turns":4},{"damage":14,"enemies":"Shelled Parasite and Fungi","floor":21,"turns":5},{"damage":16,"enemies":"Snake Plant","floor":22,"turns":5},{"damage":0,"enemies":"Slavers","floor":23,"turns":1}],"seed_played":"147337799672466563","potions_obtained":[{"floor":8,"key":"StancePotion"},{"floor":11,"key":"Strength Potion"},{"floor":12,"key":"Block Potion"},{"floor":13,"key":"CultistPotion"},{"floor":16,"key":"SmokeBomb"},{"floor":18,"key":"LiquidBronze"}],"is_trial":false,"path_per_floor":["M","M","$","?","M","R","M","E","T","M","M","?","M","M","R","B",null,"M","$","M","M","M","E"],"character_chosen":"WATCHER","items_purchased":["Molten Egg 2"],"campfire_rested":0,"item_purchase_floors":[19],"current_hp_per_floor":[64,62,62,55,54,54,53,31,31,31,29,29,34,30,30,4,72,40,40,36,22,11,11,11],"gold":93,"neow_bonus":"BOSS_RELIC","is_daily":false,"chose_seed":false,"campfire_upgraded":2,"win_rate":0.0,"timestamp":1610563241,"path_taken":["M","M","$","?","M","R","M","E","T","M","M","?","M","M","R","BOSS","M","?","M","M","?","E"],"items_purchased_type":["Relic"],"build_version":"2020-12-22","purchased_purges":1,"victory":false,"max_hp_per_floor":[72,72,72,72,72,72,72,72,72,72,72,72,72,72,72,72,72,72,72,72,72,72,72,72],"relic_stats":{"Darkstone Periapt":0,"counters":[15,64],"VioletLotus":[6],"obtain_stats":[{"Darkstone Periapt":9,"SlaversCollar":0,"Molten Egg 2":19,"VioletLotus":17,"PureWater":0,"Toy Ornithopter":8},{"Darkstone Periapt":5,"SlaversCollar":0,"Molten Egg 2":11,"VioletLotus":10,"PureWater":0,"Toy Ornithopter":5},{"Darkstone Periapt":23,"SlaversCollar":0,"Molten Egg 2":49,"VioletLotus":46,"PureWater":0,"Toy Ornithopter":23}],"Toy Ornithopter":30},"card_choices":[{"not_picked":["Evaluate","CrushJoints"],"picked":"FlurryOfBlows","floor":1},{"not_picked":["BowlingBash","WheelKick"],"picked":"FollowUp","floor":2},{"not_picked":["ThirdEye","Pray"],"picked":"Crescendo","floor":5},{"not_picked":["EmptyMind","SashWhip"],"picked":"EmptyFist","floor":7},{"not_picked":["Study","Prostrate"],"picked":"SashWhip","floor":8},{"not_picked":["SashWhip","InnerPeace"],"picked":"CrushJoints","floor":10},{"not_picked":["Evaluate","Devotion"],"picked":"EmptyBody","floor":11},{"not_picked":["FlyingSleeves","FlurryOfBlows"],"picked":"BowlingBash","floor":13},{"not_picked":["EmptyBody","Crescendo"],"picked":"FearNoEvil","floor":14},{"not_picked":["Blasphemy","DevaForm"],"picked":"Vault","floor":16},{"not_picked":["CutThroughFate","WreathOfFlame","EmptyBody"],"picked":"SKIP","floor":18},{"not_picked":["SignatureMove+1","Sanctity"],"picked":"ClearTheMind+1","floor":20},{"not_picked":["EmptyMind","SignatureMove+1"],"picked":"Meditate","floor":21}],"player_experience":42398,"relics_obtained":[{"floor":8,"key":"Toy Ornithopter"},{"floor":9,"key":"Darkstone Periapt"}],"event_choices":[{"cards_removed":["Defend_P"],"damage_healed":0,"gold_gain":0,"player_choice":"Card Removal","damage_taken":7,"max_hp_gain":0,"max_hp_loss":0,"event_name":"Golden Wing","floor":4,"gold_loss":0},{"damage_healed":0,"gold_gain":0,"player_choice":"Got Potions","damage_taken":0,"max_hp_gain":0,"max_hp_loss":0,"event_name":"Lab","floor":12,"gold_loss":0}],"is_beta":false,"boss_relics":[{"not_picked":["Runic Dome","Coffee Dripper"],"picked":"VioletLotus"}],"items_purged_floors":[3],"is_endless":false,"potions_floor_spawned":[8,11,13,16,18,22],"killed_by":"Slavers","ascension_level":0}}