{"host":"36t3qd3wjvajtu1z","time":1610515507,"event":{"mods":["AchievementEnabler","BaseMod","Block Reminder","Colored Powertips","Minty Spire (QoL Compilation)","Permanent Neow","Quick Restart","Random Character Button","Rare Cards Sparkle","Relic Stats","Slay-I","StSLib"],"gold_per_floor":[110,129,148,148,158,184,184,215,267,301,87,87,67,96,96,201,201,211,226,325,10,10,36,36,54,79,79,110,110,144,158,158,255,255,275,290,114,114,129,129,158,158,212,222,250,266,291,308,308,308],"floor_reached":51,"language":"ENG","playtime":4252,"items_purged":["Strike_G","Skewer","Skewer"],"score":1072,"play_id":"3bffa201-a92b-4c11-b4fc-6dcecdb0779b","local_time":"20210112212507","is_ascension_mode":true,"campfire_choices":[{"floor":7.0,"key":"REST"},{"data":"Accuracy","floor":12.0,"key":"SMITH"},{"data":"Terror","floor":15.0,"key":"SMITH"},{"data":"After Image","floor":24.0,"key":"SMITH"},{"data":"Cloak And Dagger","floor":27.0,"key":"SMITH"},{"data":"Prepared","floor":29.0,"key":"SMITH"},{"data":"Phantasmal Killer","floor":32.0,"key":"SMITH"},{"data":"Envenom","floor":40.0,"key":"SMITH"},{"data":"Storm of Steel","floor":42.0,"key":"SMITH"},{"floor":49.0,"key":"REST"}],"circlet_count":0,"master_deck":["Survivor","Neutralize+1","Blade Dance+1","Deadly Poison","Accuracy+1","Blur","Phantasmal Killer","Endless Agony","A Thousand Cuts","Terror+1","Corpse Explosion","Noxious Fumes","Terror","Phantasmal Killer+1","Cloak And Dagger+1","Noxious Fumes","Blade Dance","Catalyst","Burst","Accuracy","After Image+1","Accuracy+1","Deadly Poison+1","Prepared+1","Backflip","Storm of Steel+1","Envenom+1","PiercingWail","Acrobatics+1","Dodge and Roll+1","Cloak And Dagger+1","Outmaneuver","Parasite","Deflect+1","Backflip+1","Calculated Gamble"],"relics":["Ring of the Snake","Pocketwatch","Meat on the Bone","Blood Vial","Regal Pillow","War Paint","FossilizedHelix","Pandora\u0027s Box","ClockworkSouvenir","Tough Bandages","MealTicket","Strawberry","Nunchaku","Black Star","Ancient Tea Set","Pear","Happy Flower","PreservedInsect","Akabeko","Gambling Chip","Art of War"],"acts_visited":["Exordium","TheCity","TheBeyond"],"potions_floor_usage":[50],"damage_taken":[{"damage":0.0,"enemies":"Small Slimes","floor":1.0,"turns":3.0},{"damage":0.0,"enemies":"2 Louse","floor":2.0,"turns":2.0},{"damage":0.0,"enemies":"Cultist","floor":3.0,"turns":3.0},{"damage":1.0,"enemies":"3 Louse","floor":5.0,"turns":3.0},{"damage":19.0,"enemies":"3 Sentries","floor":6.0,"turns":5.0},{"damage":8.0,"enemies":"Lagavulin","floor":8.0,"turns":6.0},{"damage":10.0,"enemies":"3 Sentries","floor":10.0,"turns":6.0},{"damage":17.0,"enemies":"Gremlin Nob","floor":14.0,"turns":4.0},{"damage":0.0,"enemies":"Slime Boss","floor":16.0,"turns":4.0},{"damage":0.0,"enemies":"2 Thieves","floor":18.0,"turns":1.0},{"damage":0.0,"enemies":"Spheric Guardian","floor":19.0,"turns":3.0},{"damage":6.0,"enemies":"Gremlin Leader","floor":23.0,"turns":2.0},{"damage":10.0,"enemies":"Cultist and Chosen","floor":25.0,"turns":5.0},{"damage":0.0,"enemies":"Book of Stabbing","floor":28.0,"turns":4.0},{"damage":19.0,"enemies":"Slavers","floor":30.0,"turns":4.0},{"damage":0.0,"enemies":"Centurion and Healer","floor":31.0,"turns":3.0},{"damage":0.0,"enemies":"Collector","floor":33.0,"turns":4.0},{"damage":14.0,"enemies":"3 Darklings","floor":35.0,"turns":3.0},{"damage":0.0,"enemies":"3 Shapes","floor":36.0,"turns":5.0},{"damage":0.0,"enemies":"Sphere and 2 Shapes","floor":39.0,"turns":6.0},{"damage":0.0,"enemies":"Giant Head","floor":41.0,"turns":5.0},{"damage":15.0,"enemies":"4 Shapes","floor":44.0,"turns":2.0},{"damage":24.0,"enemies":"Reptomancer","floor":45.0,"turns":6.0},{"damage":0.0,"enemies":"Writhing Mass","floor":46.0,"turns":4.0},{"damage":0.0,"enemies":"Nemesis","floor":47.0,"turns":3.0},{"damage":30.0,"enemies":"Jaw Worm Horde","floor":48.0,"turns":4.0},{"damage":56,"enemies":"Time Eater","floor":50,"turns":11}],"seed_played":"-7527544442620490491","potions_obtained":[{"floor":2.0,"key":"FearPotion"},{"floor":6.0,"key":"Swift Potion"},{"floor":10.0,"key":"SpeedPotion"},{"floor":13.0,"key":"AttackPotion"},{"floor":16.0,"key":"CunningPotion"},{"floor":23.0,"key":"DuplicationPotion"},{"floor":30.0,"key":"Swift Potion"},{"floor":31.0,"key":"CunningPotion"},{"floor":33.0,"key":"SkillPotion"},{"floor":41.0,"key":"CunningPotion"},{"floor":46.0,"key":"Poison Potion"},{"floor":48.0,"key":"SpeedPotion"}],"is_trial":false,"path_per_floor":["M","M","M","?","M","E","R","E","T","E","$","R","?","E","R","B",null,"M","M","?","$","?","E","R","M","T","R","E","R","E","M","R","B",null,"M","M","$","?","M","R","E","R","T","M","E","M","E","M","R","B",null],"character_chosen":"THE_SILENT","items_purchased":["A Thousand Cuts","After Image","ClockworkSouvenir","SteroidPotion"],"campfire_rested":2,"item_purchase_floors":[11,21,21,37],"current_hp_per_floor":[70,70,70,63,62,43,64,56,56,48,48,48,48,45,45,47,70,70,70,70,70,70,64,64,56,56,56,65,65,48,50,50,52,77,63,65,77,77,77,77,87,87,87,72,50,52,54,38,79,37],"gold":308,"neow_bonus":"UPGRADE_CARD","is_daily":false,"chose_seed":false,"campfire_upgraded":8,"win_rate":0.0,"timestamp":1610515507,"path_taken":["M","M","M","?","M","E","R","E","T","E","$","R","?","E","R","BOSS","M","M","?","$","?","E","R","M","T","R","E","R","E","M","R","BOSS","M","M","$","?","M","R","E","R","T","?","E","M","E","M","R","BOSS"],"items_purchased_type":["Card","Card","Relic","Potion"],"build_version":"2020-12-22","purchased_purges":3,"victory":true,"max_hp_per_floor":[70,70,70,70,70,70,70,70,70,70,70,70,70,70,70,70,70,70,70,70,70,70,70,70,70,70,70,77,77,77,77,77,77,77,77,77,77,77,77,77,87,87,87,87,87,87,87,87,87,87],"relic_stats":{"Regal Pillow":15,"Happy Flower":[10],"counters":[27,111],"PreservedInsect":47,"War Paint":["Blade Dance","Defend_G"],"Blood Vial":28,"Tough Bandages":[270],"Nunchaku":[14],"Gambling Chip":[6],"Pandora\u0027s Box":["Noxious Fumes","Terror","Phantasmal Killer","Cloak And Dagger","Skewer","Noxious Fumes","Blade Dance","Catalyst","Burst"],"MealTicket":12,"Black Star":3,"Art of War":[2],"obtain_stats":[{"Regal Pillow":9,"Pear":41,"Happy Flower":43,"PreservedInsect":45,"War Paint":10,"Ancient Tea Set":41,"Akabeko":45,"ClockworkSouvenir":21,"Blood Vial":8,"Tough Bandages":23,"Nunchaku":30,"Strawberry":28,"Gambling Chip":47,"Pandora\u0027s Box":17,"MealTicket":26,"Black Star":34,"Art of War":47,"FossilizedHelix":14,"Ring of the Snake":0,"Pocketwatch":4,"Meat on the Bone":6},{"Regal Pillow":6,"Pear":21,"Happy Flower":21,"PreservedInsect":23,"War Paint":7,"Ancient Tea Set":21,"Akabeko":23,"ClockworkSouvenir":11,"Blood Vial":6,"Tough Bandages":12,"Nunchaku":15,"Strawberry":14,"Gambling Chip":25,"Pandora\u0027s Box":9,"MealTicket":13,"Black Star":17,"Art of War":25,"FossilizedHelix":8,"Ring of the Snake":0,"Pocketwatch":3,"Meat on the Bone":5},{"Regal Pillow":22,"Pear":81,"Happy Flower":81,"PreservedInsect":89,"War Paint":28,"Ancient Tea Set":81,"Akabeko":89,"ClockworkSouvenir":40,"Blood Vial":22,"Tough Bandages":42,"Nunchaku":55,"Strawberry":51,"Gambling Chip":96,"Pandora\u0027s Box":36,"MealTicket":47,"Black Star":62,"Art of War":96,"FossilizedHelix":32,"Ring of the Snake":0,"Pocketwatch":8,"Meat on the Bone":16}],"Ring of the Snake":[54],"Pocketwatch":[72],"Meat on the Bone":36},"card_choices":[{"not_picked":["PiercingWail","Deadly Poison"],"picked":"Skewer","floor":1.0},{"not_picked":["Choke","Underhanded Strike"],"picked":"Blade Dance","floor":2.0},{"not_picked":["Reflex","Eviscerate"],"picked":"Deadly Poison","floor":3.0},{"not_picked":["Dash","Deflect"],"picked":"Accuracy","floor":5.0},{"not_picked":["Slice","Calculated Gamble"],"picked":"Blur","floor":6.0},{"not_picked":["Bullet Time","PiercingWail"],"picked":"Phantasmal Killer","floor":8.0},{"not_picked":["Underhanded Strike","Reflex"],"picked":"Endless Agony","floor":10.0},{"not_picked":["Slice","Flying Knee"],"picked":"Terror","floor":14.0},{"not_picked":["A Thousand Cuts","Glass Knife"],"picked":"Corpse Explosion","floor":16.0},{"not_picked":["Expertise","Underhanded Strike","Dagger Spray"],"picked":"SKIP","floor":18.0},{"not_picked":["Dagger Spray","Sucker Punch"],"picked":"Accuracy","floor":19.0},{"not_picked":["Endless Agony+1","Distraction"],"picked":"Deadly Poison+1","floor":23.0},{"not_picked":["Dagger Throw","Dagger Spray+1"],"picked":"Prepared","floor":25.0},{"not_picked":["Crippling Poison+1","PiercingWail"],"picked":"Backflip","floor":28.0},{"not_picked":["Blur+1","Prepared"],"picked":"Storm of Steel","floor":30.0},{"not_picked":["Sucker Punch+1","Masterful Stab","Catalyst"],"picked":"SKIP","floor":31.0},{"not_picked":["Wraith Form v2","After Image"],"picked":"Envenom","floor":33.0},{"not_picked":["Poisoned Stab+1","Bane"],"picked":"PiercingWail","floor":35.0},{"not_picked":["Underhanded Strike+1","Dagger Spray"],"picked":"Acrobatics+1","floor":36.0},{"not_picked":["Skewer+1","Noxious Fumes"],"picked":"Dodge and Roll+1","floor":39.0},{"not_picked":["Setup","Riddle With Holes+1"],"picked":"Cloak And Dagger+1","floor":41.0},{"not_picked":["Crippling Poison","Dagger Spray"],"picked":"Outmaneuver","floor":44.0},{"not_picked":["A Thousand Cuts","Accuracy+1","Masterful Stab"],"picked":"SKIP","floor":45.0},{"not_picked":["Poisoned Stab","Heel Hook"],"picked":"Deflect+1","floor":46.0},{"not_picked":["Deflect+1","Dagger Spray+1"],"picked":"Backflip+1","floor":47.0},{"not_picked":["Acrobatics+1","Setup+1"],"picked":"Calculated Gamble","floor":48.0}],"player_experience":330196,"relics_obtained":[{"floor":6.0,"key":"Meat on the Bone"},{"floor":8.0,"key":"Blood Vial"},{"floor":9.0,"key":"Regal Pillow"},{"floor":10.0,"key":"War Paint"},{"floor":14.0,"key":"FossilizedHelix"},{"floor":23.0,"key":"Tough Bandages"},{"floor":26.0,"key":"MealTicket"},{"floor":28.0,"key":"Strawberry"},{"floor":30.0,"key":"Nunchaku"},{"floor":41.0,"key":"Ancient Tea Set"},{"floor":41.0,"key":"Pear"},{"floor":43.0,"key":"Happy Flower"},{"floor":45.0,"key":"PreservedInsect"},{"floor":45.0,"key":"Akabeko"},{"floor":47.0,"key":"Gambling Chip"},{"floor":47.0,"key":"Art of War"}],"event_choices":[{"damage_healed":0.0,"max_hp_gain":0.0,"max_hp_loss":0.0,"gold_gain":0.0,"event_name":"Scrap Ooze","player_choice":"Success","floor":4.0,"gold_loss":0.0,"damage_taken":7.0,"relics_obtained":["Pocketwatch"]},{"damage_healed":0.0,"max_hp_gain":0.0,"max_hp_loss":0.0,"gold_gain":0.0,"event_name":"The Woman in Blue","player_choice":"Bought 1 Potion","floor":13.0,"gold_loss":0.0,"damage_taken":0.0},{"damage_healed":0.0,"max_hp_gain":0.0,"max_hp_loss":0.0,"gold_gain":99.0,"event_name":"Nest","player_choice":"Stole From Cult","floor":20.0,"gold_loss":0.0,"damage_taken":0.0},{"damage_healed":0.0,"max_hp_gain":0.0,"max_hp_loss":0.0,"gold_gain":0.0,"event_name":"Duplicator","player_choice":"Copied","floor":22.0,"gold_loss":0.0,"damage_taken":0.0,"cards_obtained":["Accuracy"]},{"damage_healed":0.0,"max_hp_gain":0.0,"max_hp_loss":0.0,"gold_gain":0.0,"event_name":"Match and Keep!","player_choice":"0 cards matched","floor":38.0,"gold_loss":0.0,"damage_taken":0.0,"cards_obtained":[]}],"is_beta":false,"boss_relics":[{"not_picked":["Empty Cage","Sozu"],"picked":"Pandora\u0027s Box"},{"not_picked":["Runic Dome","Astrolabe"],"picked":"Black Star"}],"items_purged_floors":[11,21,37],"is_endless":false,"potions_floor_spawned":[2,6,10,16,23,30,31,33,41,46,48],"ascension_level":1}}