{"host":"ymn6un3ro3vi042j","time":1610511015,"event":{"mods":["AchievementEnabler","Act Like it!","BaseMod","Bestiary","Better Third Choice","BetterRewards","Colored Map","Colored Powertips","Curses Come First","Dark Map","DeckTracker","Downfall","Googly Eyes","Highlight Path","Minty Spire (QoL Compilation)","Poor People Problems","Rare Cards Sparkle","StSLib","everything is the same but u backflip on backflip"],"gold_per_floor":[116,130,84,84,84,84,100,100,100,100,130,157,172,183,183,287,287,306,306,306,320,320,353,353,363,412,17,17,36,64,25,25,25,25],"floor_reached":33,"language":"ENG","playtime":2056,"items_purged":[],"score":282,"play_id":"f0d9193c-3cb3-4a2e-b7c6-daf1fb146162","local_time":"20210112201015","is_ascension_mode":false,"campfire_choices":[{"data":"Dagger Throw","floor":6,"key":"SMITH"},{"data":"Skewer","floor":8,"key":"SMITH"},{"data":"Deadly Poison","floor":10,"key":"SMITH"},{"data":"Backflip","floor":15,"key":"SMITH"},{"floor":24,"key":"REST"},{"data":"Chrysalis","floor":28,"key":"SMITH"},{"floor":32,"key":"REST"}],"circlet_count":0,"master_deck":["Strike_G","Strike_G","Strike_G","Strike_G","Defend_G","Defend_G","Defend_G","Defend_G","Defend_G","Survivor","Neutralize","Deadly Poison+1","Backstab","Dagger Throw+1","Skewer+1","Expertise","Bane","Backflip+1","Night Terror","Sucker Punch+1","Sucker Punch","Neutralize","Dodge and Roll","Malaise","Flying Knee","Dodge and Roll","expansioncontent:YouAreMine","Chrysalis+1","Burst","Bouncing Flask","Leg Sweep","Flechettes"],"relics":["Philosopher\u0027s Stone","betterThird:SlimedRelic","Ornamental Fan","White Beast Statue","Busted Crown","Juzu Bracelet","Spirit Poop","PreservedInsect","Smiling Mask","Bag of Marbles"],"acts_visited":["Exordium","TheCity"],"potions_floor_usage":[16,16,21,23,23,23,25,29,29,30,33],"damage_taken":[{"damage":1,"enemies":"2 Louse","floor":1,"turns":3},{"damage":0,"enemies":"Small Slimes","floor":2,"turns":4},{"damage":0,"enemies":"Cultist","floor":7,"turns":3},{"damage":3,"enemies":"Gremlin Nob","floor":12,"turns":3},{"damage":4,"enemies":"Exordium Thugs","floor":13,"turns":4},{"damage":0,"enemies":"Exordium Wildlife","floor":14,"turns":2},{"damage":39,"enemies":"The Guardian","floor":16,"turns":8},{"damage":0,"enemies":"Chosen","floor":18,"turns":4},{"damage":4,"enemies":"Spheric Guardian","floor":21,"turns":3},{"damage":30,"enemies":"Gremlin Leader","floor":23,"turns":6},{"damage":2,"enemies":"Centurion and Healer","floor":25,"turns":7},{"damage":25,"enemies":"Shelled Parasite and Fungi","floor":29,"turns":5},{"damage":22,"enemies":"Slavers","floor":30,"turns":7},{"damage":34,"enemies":"Automaton","floor":33,"turns":6}],"seed_played":"8126279356195048262","potions_obtained":[{"floor":2,"key":"CunningPotion"},{"floor":13,"key":"sneckomod:MuddlingPotion"},{"floor":14,"key":"PowerPotion"},{"floor":16,"key":"Weak Potion"},{"floor":18,"key":"Dexterity Potion"},{"floor":21,"key":"Slimebound:ThreeZeroPotion"},{"floor":23,"key":"AttackPotion"},{"floor":25,"key":"BlessingOfTheForge"},{"floor":29,"key":"Guardian:BlockOnCardUsePotion"},{"floor":30,"key":"Block Potion"}],"is_trial":false,"path_per_floor":["M","M","?","?","?","R","M","R","T","R","?","E","M","M","R","B",null,"M","?","?","M","?","E","R","M","T","$","R","M","E","$","R","B"],"character_chosen":"THE_SILENT","items_purchased":["expansioncontent:YouAreMine","Chrysalis","Burst","sneckomod:MuddlingPotion","Flechettes"],"campfire_rested":2,"item_purchase_floors":[27,27,27,27,31],"current_hp_per_floor":[69,69,58,58,70,70,70,70,70,70,70,67,63,63,63,24,70,70,70,70,66,66,36,57,55,55,55,55,30,8,8,29,0,0],"gold":25,"neow_bonus":"BOSS_RELIC","is_daily":false,"chose_seed":false,"campfire_upgraded":5,"win_rate":0.0,"timestamp":1610511015,"path_taken":["M","M","?","?","?","R","M","R","T","R","?","E","M","M","R","BOSS","M","?","?","M","?","E","R","M","T","?","R","M","E","$","R","BOSS"],"items_purchased_type":["Card","Card","Card","Potion","Card"],"build_version":"2020-12-22","purchased_purges":0,"victory":false,"max_hp_per_floor":[70,70,70,70,70,70,70,70,70,70,70,70,70,70,70,70,70,70,70,70,70,70,70,70,70,70,70,70,70,70,70,70,70,70],"card_choices":[{"not_picked":["PiercingWail","Outmaneuver"],"picked":"Deadly Poison","floor":1},{"not_picked":["Underhanded Strike","Slice"],"picked":"Backstab","floor":2},{"not_picked":["Well Laid Plans","Bane"],"picked":"Skewer","floor":7},{"not_picked":["Finisher","Glass Knife"],"picked":"Expertise","floor":12},{"not_picked":["Dagger Spray","Escape Plan"],"picked":"Bane","floor":13},{"not_picked":["Eviscerate","Expertise"],"picked":"Backflip","floor":14},{"not_picked":["Glass Knife","Envenom"],"picked":"Night Terror","floor":16},{"not_picked":[],"picked":"Sucker Punch+1","floor":18},{"not_picked":[],"picked":"Sucker Punch","floor":21},{"not_picked":[],"picked":"Flying Knee","floor":23},{"not_picked":[],"picked":"Dodge and Roll","floor":25},{"not_picked":[],"picked":"Bouncing Flask","floor":29},{"not_picked":[],"picked":"Leg Sweep","floor":30}],"player_experience":21782,"relics_obtained":[{"floor":9,"key":"Ornamental Fan"},{"floor":12,"key":"White Beast Statue"},{"floor":23,"key":"PreservedInsect"},{"floor":26,"key":"Smiling Mask"},{"floor":30,"key":"Bag of Marbles"}],"event_choices":[{"damage_healed":0,"gold_gain":0,"player_choice":"Slimed","damage_taken":11,"max_hp_gain":0,"max_hp_loss":0,"event_name":"betterThird:BetterGoop","floor":3,"gold_loss":46},{"damage_healed":0,"gold_gain":0,"cards_transformed":["Strike_G"],"player_choice":"Change","damage_taken":0,"max_hp_gain":0,"max_hp_loss":0,"event_name":"Living Wall","floor":4,"gold_loss":0,"cards_obtained":["Dagger Throw"]},{"damage_healed":23,"gold_gain":0,"player_choice":"Banana","damage_taken":0,"max_hp_gain":0,"max_hp_loss":0,"event_name":"Big Fish","floor":5,"gold_loss":0},{"damage_healed":0,"gold_gain":30,"player_choice":"Searched \u00272\u0027 times","damage_taken":0,"max_hp_gain":0,"max_hp_loss":0,"event_name":"Dead Adventurer","floor":11,"gold_loss":0},{"damage_healed":0,"gold_gain":0,"player_choice":"Opened","damage_taken":0,"relics_obtained":["Juzu Bracelet"],"max_hp_gain":0,"max_hp_loss":0,"event_name":"The Mausoleum","floor":19,"gold_loss":0,"cards_obtained":["Writhe"]},{"cards_removed":["Writhe"],"damage_healed":0,"gold_gain":0,"player_choice":"Offered Curse","damage_taken":0,"relics_obtained":["Spirit Poop"],"max_hp_gain":0,"max_hp_loss":0,"event_name":"Bonfire Elementals","floor":20,"gold_loss":0},{"damage_healed":0,"gold_gain":0,"player_choice":"3 cards matched","damage_taken":0,"max_hp_gain":0,"max_hp_loss":0,"event_name":"Match and Keep!","floor":22,"gold_loss":0,"cards_obtained":["Neutralize","Dodge and Roll","Malaise"]}],"is_beta":false,"boss_relics":[{"not_picked":["Coffee Dripper","Sozu"],"picked":"Busted Crown"}],"items_purged_floors":[],"is_endless":false,"potions_floor_spawned":[2,13,14,16,18,21,23,25,29,30],"killed_by":"Automaton","ascension_level":0}}