{"host":"v1m5rkjj38qutr02","time":1610534174,"event":{"mods":["Act Like it!","BaseMod","Challenge The Spire","Conspire","Gensokyo","GungeonMod","Hallownest","Minty Spire (QoL Compilation)","Replay The Spire","StSLib","The Bug Knight","Youmu£®ªÍ∆«—˝√Œ£©"],"gold_per_floor":[117,39,39,4,23,42,42,61,61,61,61,99,117,117,117,117,117],"floor_reached":16,"language":"ZHS","playtime":305,"items_purged":[],"score":150,"play_id":"f7e9017b-2d6c-428a-854e-4e663035b9c4","local_time":"20210113183614","is_ascension_mode":true,"campfire_choices":[{"data":"Defragment","floor":7.0,"key":"SMITH"},{"data":"Hello World","floor":10.0,"key":"SMITH"},{"data":"Turbo","floor":15,"key":"SMITH"}],"circlet_count":0,"master_deck":["AscendersBane","Strike_B","Strike_B","Strike_B","Strike_B","Defend_B","Defend_B","Defend_B","Defend_B","Zap","Dualcast","Heatsinks","Hello World+1","Defragment+1","Conserve Battery","Turbo+1"],"relics":["Cracked Core","NeowsBlessing","Replay:Wax Seal","Golden Idol","DemoMod:BigBoy"],"acts_visited":["Exordium"],"potions_floor_usage":[],"damage_taken":[{"damage":0.0,"enemies":"Small Slimes","floor":1.0,"turns":1.0},{"damage":0.0,"enemies":"Jaw Worm","floor":5.0,"turns":1.0},{"damage":0.0,"enemies":"Cultist","floor":6.0,"turns":1.0},{"damage":10.0,"enemies":"2 Fungi Beasts","floor":8.0,"turns":5.0},{"damage":15.0,"enemies":"Lagavulin","floor":12.0,"turns":6.0},{"damage":0,"enemies":"Exordium Wildlife","floor":13,"turns":1},{"damage":11,"enemies":"Slime Boss","floor":16,"turns":5}],"seed_played":"-847316896181941077","potions_obtained":[{"floor":1.0,"key":"DemoMod:LeadSkinPotion"},{"floor":6.0,"key":"Strength Potion"},{"floor":8.0,"key":"SteroidPotion"}],"is_trial":false,"path_per_floor":["M","$","?","?","M","M","R","M","T","R","?","E","M","?","R","B"],"character_chosen":"DEFECT","items_purchased":["Hello World"],"campfire_rested":0,"item_purchase_floors":[2],"current_hp_per_floor":[68,68,68,75,75,75,75,65,65,65,65,50,50,50,50,39,39],"gold":117,"neow_bonus":"THREE_ENEMY_KILL","is_daily":false,"chose_seed":false,"campfire_upgraded":3,"win_rate":0.0,"timestamp":1610534174,"path_taken":["M","$","?","?","?","M","R","M","T","R","?","E","M","?","R","BOSS"],"items_purchased_type":["Card"],"build_version":"2020-12-22","purchased_purges":0,"victory":false,"max_hp_per_floor":[75,75,75,75,75,75,75,75,75,75,75,75,75,75,75,75,75],"card_choices":[{"not_picked":["Stack","Time Bomb"],"picked":"Heatsinks","floor":1.0},{"not_picked":["Stack","Tempest"],"picked":"Defragment","floor":5.0},{"not_picked":["Panic Button","Leap","Redo"],"picked":"SKIP","floor":6.0},{"not_picked":["Glacier","Meteor Strike"],"picked":"Conserve Battery","floor":8.0},{"not_picked":["BasicCrystalCard","Storm"],"picked":"Turbo","floor":12.0},{"not_picked":["Beam Cell","Gash","Doom and Gloom"],"picked":"SKIP","floor":13}],"player_experience":404895,"relics_obtained":[{"floor":9.0,"key":"Replay:Wax Seal"},{"floor":12.0,"key":"DemoMod:BigBoy"}],"event_choices":[{"damage_healed":18.0,"max_hp_gain":0.0,"max_hp_loss":0.0,"gold_gain":0.0,"event_name":"The Cleric","player_choice":"Healed","floor":4.0,"gold_loss":35.0,"damage_taken":0.0},{"damage_healed":0.0,"max_hp_gain":0.0,"max_hp_loss":0.0,"gold_gain":0.0,"event_name":"Golden Idol","player_choice":"Take Wound","floor":11.0,"gold_loss":0.0,"damage_taken":0.0,"relics_obtained":["Golden Idol"],"cards_obtained":["Injury"]},{"cards_removed":["Injury"],"damage_healed":0,"gold_gain":0,"player_choice":"Purged","damage_taken":0,"max_hp_gain":0,"max_hp_loss":0,"event_name":"Purifier","floor":14,"gold_loss":0}],"is_beta":false,"boss_relics":[],"items_purged_floors":[],"is_endless":false,"potions_floor_spawned":[1,6,8],"killed_by":"Slime Boss","ascension_level":10}}