{"host":"rihxvzvzrfpivboj","time":1610567012,"event":{"mods":["Act Like it!","BaseMod","Better Third Choice","Block Reminder","Colored Map","Colored Powertips","GifTheSpireLib","Googly Eyes","Jorbs\u0027s Wanderer Trilogy","Keyboard Shortcuts","KomeijiMod","Minty Spire (QoL Compilation)","Quick Restart","Relic Sorter","StSLib","The Runesmith","Unceasing Turn Reminder","Waifu the Spire"],"gold_per_floor":[175,192,203,219,233,268,287,287,287,287,319,319,350,360,360,458,458,477,477,39,54,89,120,120,151,175,204,204,204,221,236,236,334,334,345,356,371,395,408,408,438,438,438,49,76,126,156,156,156,156,156,156,11,36,36],"floor_reached":56,"language":"ENG","playtime":4004,"items_purged":[],"score":1652,"play_id":"70e9fd73-d708-4838-bd5c-be244c8de257","local_time":"20210113204332","is_ascension_mode":true,"campfire_choices":[{"data":"Absorbed","floor":8,"key":"SMITH"},{"floor":10,"key":"REST"},{"data":"SealingFear","floor":12,"key":"SMITH"},{"data":"ChainGang","floor":15,"key":"SMITH"},{"data":"FitfulNightmare","floor":24,"key":"SMITH"},{"floor":28,"key":"REST"},{"floor":32,"key":"REST"},{"data":"DemonsDinnerFork_Remiria","floor":40,"key":"SMITH"},{"data":"VampirishNight","floor":42,"key":"SMITH"},{"floor":49,"key":"RECALL"},{"data":"Scratch","floor":52,"key":"SMITH"}],"circlet_count":0,"master_deck":["Strike_Remiria+1","Strike_Remiria+1","Strike_Remiria+1","Strike_Remiria+1","Defend_Remirira+1","Defend_Remirira+1","Defend_Remirira+1","Defend_Remirira+1","Absorbed+1","Scratch+1","ChainGang+1","DemonLordWalk","Offensive","Feint","SealingFear+1","FitfulNightmare+1","DemonsDinnerFork_Remiria+1","QueenOfMidnight+1","CurseOfTheBell","MiserableFate_Remiria+1","RocketKickup","VampirishNight+1","ChainGang+1","RemiliaStalker+1","CombatMeter+1","BloodCleaner","Sadistic Nature+1","CurseofVladTepes+1","CruelSlaughter+1"],"relics":["SlaversCollar","Singing Bowl","Frozen Egg 2","Tiny Chest","Pen Nib","Calling Bell","HoshigumaDish","Sundial","Gambling Chip","Vajra","Thread and Needle","Red Mask","KyoryuNoHagoromo","Akabeko","Runesmith:AutoHammer","Anchor","Snecko Eye","Darkstone Periapt","Bronze Scales","HandDrill","Mummified Hand","ShirouKen","Molten Egg 2","War Paint","Letter Opener"],"acts_visited":["Exordium","TheCity","TheBeyond","TheEnding"],"potions_floor_usage":[6,14,18,22,33,35,35,46,54,55],"damage_taken":[{"damage":0,"enemies":"Small Slimes","floor":1,"turns":3},{"damage":0,"enemies":"2 Louse","floor":2,"turns":3},{"damage":0,"enemies":"Jaw Worm","floor":3,"turns":3},{"damage":3,"enemies":"Gremlin Gang","floor":4,"turns":7},{"damage":4,"enemies":"Large Slime","floor":5,"turns":8},{"damage":16,"enemies":"Lagavulin","floor":6,"turns":4},{"damage":10,"enemies":"2 Fungi Beasts","floor":7,"turns":5},{"damage":11,"enemies":"3 Sentries","floor":11,"turns":7},{"damage":1,"enemies":"Gremlin Nob","floor":13,"turns":4},{"damage":7,"enemies":"Exordium Thugs","floor":14,"turns":5},{"damage":42,"enemies":"Hexaghost","floor":16,"turns":8},{"damage":6,"enemies":"Shell Parasite","floor":18,"turns":5},{"damage":0,"enemies":"Spheric Guardian","floor":21,"turns":3},{"damage":26,"enemies":"Masked Bandits","floor":22,"turns":5},{"damage":14,"enemies":"Slavers","floor":23,"turns":5},{"damage":0,"enemies":"Book of Stabbing","floor":25,"turns":5},{"damage":0,"enemies":"Gremlin Leader","floor":27,"turns":5},{"damage":2,"enemies":"Snecko","floor":30,"turns":4},{"damage":6,"enemies":"3 Cultists","floor":31,"turns":4},{"damage":9,"enemies":"Collector","floor":33,"turns":4},{"damage":23,"enemies":"3 Darklings","floor":35,"turns":5},{"damage":4,"enemies":"Orb Walker","floor":36,"turns":3},{"damage":18,"enemies":"3 Darklings","floor":37,"turns":5},{"damage":9,"enemies":"Writhing Mass","floor":39,"turns":5},{"damage":0,"enemies":"Giant Head","floor":41,"turns":6},{"damage":0,"enemies":"Nemesis","floor":45,"turns":2},{"damage":11,"enemies":"Mind Bloom Boss Battle","floor":46,"turns":3},{"damage":0,"enemies":"Reptomancer","floor":47,"turns":2},{"damage":0,"enemies":"Donu and Deca","floor":50,"turns":3},{"damage":24,"enemies":"Shield and Spear","floor":54,"turns":3},{"damage":0,"enemies":"The Heart","floor":55,"turns":5}],"seed_played":"-6465162898241937009","potions_obtained":[{"floor":2,"key":"AttackPotion"},{"floor":4,"key":"EssenceOfSteel"},{"floor":6,"key":"DuplicationPotion"},{"floor":16,"key":"SmokeBomb"},{"floor":21,"key":"SkillPotion"},{"floor":23,"key":"Dexterity Potion"},{"floor":31,"key":"Weak Potion"},{"floor":33,"key":"EssenceOfSteel"},{"floor":36,"key":"SteroidPotion"},{"floor":39,"key":"GamblersBrew"},{"floor":41,"key":"PowerPotion"},{"floor":54,"key":"Fire Potion"}],"is_trial":false,"path_per_floor":["M","M","M","M","M","E","M","R","T","R","E","R","E","M","R","B",null,"M","?","$","M","?","E","R","E","T","E","R","?","M","M","R","B",null,"M","M","M","T","M","R","E","R","T","$","E","?","E","?","R","B",null,"R","$","E","B",null],"character_chosen":"RemiriaScarlet","items_purchased":["Vajra","Thread and Needle","Sadistic Nature+1","CurseofVladTepes+1","HandDrill","War Paint"],"campfire_rested":3,"item_purchase_floors":[20,20,44,44,44,53],"current_hp_per_floor":[100,100,100,97,93,77,69,69,69,99,90,90,91,84,84,42,106,102,102,102,102,76,62,62,62,62,64,97,74,74,70,105,96,119,98,94,78,78,69,69,71,71,71,71,73,64,64,64,64,64,129,129,129,107,107],"gold":36,"neow_bonus":"BOSS_RELIC","is_daily":false,"chose_seed":false,"campfire_upgraded":7,"win_rate":0.0,"timestamp":1610567012,"path_taken":["M","M","M","M","M","E","M","R","T","R","E","R","E","M","R","BOSS","M","?","$","M","?","E","R","E","T","E","R","?","M","M","R","BOSS","M","M","M","?","?","R","E","R","T","$","E","?","E","?","R","BOSS","R","$","E","BOSS"],"items_purchased_type":["Relic","Relic","Card","Card","Relic","Relic"],"build_version":"2020-12-22","purchased_purges":0,"victory":true,"max_hp_per_floor":[100,100,100,100,100,100,102,102,102,102,104,104,106,106,106,106,106,108,108,108,108,108,108,108,108,108,110,110,115,117,119,119,119,119,121,121,123,123,123,123,125,125,125,125,127,129,129,129,129,129,129,129,129,131,131],"card_choices":[{"not_picked":["BloodySuit","BloodCollect"],"picked":"ChainGang","floor":1},{"not_picked":["BloodCollect","VampirishNight"],"picked":"DemonLordWalk","floor":2},{"not_picked":["VampireKiss_Remiria","DemonLordWalk"],"picked":"Offensive","floor":3},{"not_picked":["DoubleEdge","CombatMeter"],"picked":"Feint","floor":4},{"not_picked":["FateSonata","PainBurst"],"picked":"SealingFear","floor":5},{"not_picked":["DemonsDinnerFork_Remiria","ThirstForBlood"],"picked":"FitfulNightmare","floor":6},{"not_picked":["Warpath","Cripple","FierceSweep"],"picked":"Singing Bowl","floor":7},{"not_picked":["DoubleEdge","Feint","ServantFlier"],"picked":"Singing Bowl","floor":11},{"not_picked":["NaturallyHealing+1","FierceSweep","FateMeister+1"],"picked":"Singing Bowl","floor":13},{"not_picked":["YoungDemonLord","DamonLordCradle_Remiria"],"picked":"DemonsDinnerFork_Remiria","floor":14},{"not_picked":["RedtheNightlessCastle","FateConcerto"],"picked":"QueenOfMidnight+1","floor":16},{"not_picked":["BloodySuit","Cripple","NaturallyHealing+1"],"picked":"Singing Bowl","floor":18},{"not_picked":["Feint+1","BloodyMagicSquare+1"],"picked":"MiserableFate_Remiria+1","floor":21},{"not_picked":["Offensive","ServantFlier"],"picked":"RocketKickup","floor":22},{"not_picked":["Feint","TricksterDevil"],"picked":"VampirishNight","floor":23},{"not_picked":["FierceSweep","Tearing"],"picked":"ChainGang+1","floor":25},{"not_picked":["PainBurst","ChainGang","Offensive"],"picked":"Singing Bowl","floor":27},{"not_picked":["ServantFlier","Feint","BodyStrengthen"],"picked":"Singing Bowl","floor":30},{"not_picked":["Warpath+1","ServantFlier","BloodCleaner+1"],"picked":"Singing Bowl","floor":31},{"not_picked":["Coercion","FateSonata"],"picked":"RemiliaStalker+1","floor":33},{"not_picked":["DamonLordCradle_Remiria+1","SeparateFleshBlood","FateCollect"],"picked":"Singing Bowl","floor":35},{"not_picked":["RocketKickup","TricksterDevil"],"picked":"CombatMeter+1","floor":36},{"not_picked":["DemonsDinnerFork_Remiria","FastHealing+1","CruelSlaughter"],"picked":"Singing Bowl","floor":37},{"not_picked":["NaturallyHealing+1","BodyStrengthen+1"],"picked":"BloodCleaner","floor":39},{"not_picked":["Warpath+1","LifeBreak","FierceSweep+1"],"picked":"Singing Bowl","floor":41},{"not_picked":["Warpath","Feint+1","TrickFate+1"],"picked":"Singing Bowl","floor":45},{"not_picked":["BloodCollect+1","BloodyMagicSquare+1","ServantFlier+1"],"picked":"Singing Bowl","floor":46},{"not_picked":["Feint+1","DamonLordCradle_Remiria"],"picked":"CruelSlaughter+1","floor":47},{"not_picked":["Tearing+1","NaturallyHealing+1","DamonLordCradle_Remiria"],"picked":"Singing Bowl","floor":54}],"player_experience":1055506,"relics_obtained":[{"floor":6,"key":"Singing Bowl"},{"floor":9,"key":"Frozen Egg 2"},{"floor":11,"key":"Tiny Chest"},{"floor":13,"key":"Pen Nib"},{"floor":17,"key":"HoshigumaDish"},{"floor":17,"key":"Sundial"},{"floor":17,"key":"Gambling Chip"},{"floor":22,"key":"Red Mask"},{"floor":23,"key":"KyoryuNoHagoromo"},{"floor":25,"key":"Akabeko"},{"floor":26,"key":"Runesmith:AutoHammer"},{"floor":27,"key":"Anchor"},{"floor":41,"key":"Darkstone Periapt"},{"floor":43,"key":"Bronze Scales"},{"floor":45,"key":"Mummified Hand"},{"floor":46,"key":"ShirouKen"},{"floor":47,"key":"Molten Egg 2"},{"floor":54,"key":"Letter Opener"}],"event_choices":[{"damage_healed":0,"gold_gain":0,"player_choice":"Simplicity","damage_taken":0,"max_hp_gain":0,"max_hp_loss":8,"event_name":"betterThird:BetterWriting","floor":19,"gold_loss":0},{"damage_healed":0,"gold_gain":0,"player_choice":"Fought Bandits","damage_taken":0,"max_hp_gain":0,"max_hp_loss":0,"event_name":"Masked Bandits","floor":22,"gold_loss":0},{"damage_healed":0,"gold_gain":0,"player_choice":"Shed Blood","damage_taken":28,"max_hp_gain":5,"max_hp_loss":0,"event_name":"Forgotten Altar","floor":29,"gold_loss":0},{"damage_healed":0,"gold_gain":0,"player_choice":"Fight","damage_taken":0,"max_hp_gain":0,"max_hp_loss":0,"event_name":"MindBloom","floor":46,"gold_loss":0},{"damage_healed":0,"gold_gain":0,"player_choice":"Ignored","damage_taken":0,"max_hp_gain":0,"max_hp_loss":0,"event_name":"The Moai Head","floor":48,"gold_loss":0}],"is_beta":false,"boss_relics":[{"not_picked":["Tiny House","Runic Pyramid"],"picked":"Calling Bell"},{"not_picked":["Empty Cage","Pandora\u0027s Box"],"picked":"Snecko Eye"}],"items_purged_floors":[],"is_endless":false,"potions_floor_spawned":[2,4,6,16,21,23,31,33,36,39,41,54],"ascension_level":1}}