{"host":"bq4pt811tk9yrmjl","time":1610555842,"event":{"mods":["AchievementEnabler","BaseMod","Colored Map","Colored Powertips","Defuse TimeMaze Blight","Hermit","Minty Spire (QoL Compilation)","StSLib","SuperFastMode"],"gold_per_floor":[109,109,72,72,72,105,105,105,130,130,55,55,85,98,98,196,196,213,69,69,69,88,88,88,103,185,185,210,226,238,256,256,256,256],"floor_reached":33,"language":"ENG","playtime":421,"items_purged":["Parasite"],"score":337,"play_id":"61c90ee0-c2ff-4a2a-8582-e3cd4d49441b","local_time":"20210113143722","is_ascension_mode":true,"campfire_choices":[{"data":"Zap","floor":7,"key":"SMITH"},{"data":"Defragment","floor":10,"key":"SMITH"},{"data":"Dualcast","floor":12,"key":"SMITH"},{"data":"Static Discharge","floor":15,"key":"SMITH"},{"data":"Conserve Battery","floor":23,"key":"SMITH"},{"floor":27,"key":"RECALL"},{"floor":32,"key":"REST"}],"circlet_count":0,"master_deck":["Strike_B","Strike_B","Strike_B+1","Strike_B+1","Defend_B","Defend_B","Defend_B","Defend_B","Zap+1","Dualcast+1","Defragment+1","Auto Shields","Static Discharge+1","Conserve Battery+1","Reinforced Body","Ball Lightning","Sunder"],"relics":["Cracked Core","NeowsBlessing","Whetstone","Happy Flower","Sozu","Lee\u0027s Waffle","MutagenicStrength","Centennial Puzzle","Eternal Feather","Letter Opener"],"acts_visited":["Exordium","TheCity"],"potions_floor_usage":[16],"damage_taken":[{"damage":0,"enemies":"Cultist","floor":1,"turns":1},{"damage":0,"enemies":"Lagavulin","floor":6,"turns":1},{"damage":0,"enemies":"3 Sentries","floor":13,"turns":2},{"damage":2,"enemies":"Small Slimes","floor":14,"turns":3},{"damage":26,"enemies":"Hexaghost","floor":16,"turns":5},{"damage":12,"enemies":"Spheric Guardian","floor":18,"turns":3},{"damage":8,"enemies":"Shell Parasite","floor":22,"turns":4},{"damage":3,"enemies":"Snake Plant","floor":25,"turns":4},{"damage":43,"enemies":"Slavers","floor":28,"turns":5},{"damage":12,"enemies":"Centurion and Healer","floor":29,"turns":8},{"damage":3,"enemies":"Shelled Parasite and Fungi","floor":30,"turns":5},{"damage":15,"enemies":"Snake Plant","floor":31,"turns":2},{"damage":14,"enemies":"Champ","floor":33,"turns":5}],"seed_played":"5018768652045531989","potions_obtained":[{"floor":1,"key":"CultistPotion"}],"is_trial":false,"path_per_floor":["M","?","$","?","?","E","R","?","T","R","$","R","E","M","R","B",null,"M","$","?","?","M","R","T","M","T","R","E","M","M","M","R","B"],"character_chosen":"DEFECT","items_purchased":["Defragment","Lee\u0027s Waffle"],"campfire_rested":1,"item_purchase_floors":[3,19],"current_hp_per_floor":[75,75,75,75,80,80,80,80,80,80,77,77,77,75,75,49,77,65,84,84,84,76,76,76,73,73,79,36,24,21,6,40,26,26],"gold":256,"neow_bonus":"THREE_ENEMY_KILL","is_daily":false,"chose_seed":false,"campfire_upgraded":5,"win_rate":0.0,"timestamp":1610555842,"path_taken":["M","?","$","?","?","E","R","?","T","R","$","R","E","M","R","BOSS","M","$","?","?","?","R","?","M","T","R","E","M","M","M","R","BOSS"],"items_purchased_type":["Card","Relic"],"build_version":"2020-12-22","purchased_purges":1,"victory":false,"max_hp_per_floor":[75,75,75,75,80,80,80,80,80,80,77,77,77,77,77,77,77,77,84,84,84,84,84,84,84,84,84,84,84,84,84,84,84,84],"card_choices":[{"not_picked":["Consume","Double Energy","Stack"],"picked":"SKIP","floor":1},{"not_picked":["Rebound","Rip and Tear"],"picked":"Go for the Eyes","floor":6},{"not_picked":["Chill","Redo"],"picked":"Auto Shields","floor":13},{"not_picked":["Rebound","Double Energy"],"picked":"Static Discharge","floor":14},{"not_picked":["Reprogram","Sweeping Beam","Go for the Eyes"],"picked":"SKIP","floor":18},{"not_picked":["Compile Driver","Glacier"],"picked":"Conserve Battery","floor":22},{"not_picked":["Leap","Sweeping Beam","Turbo"],"picked":"SKIP","floor":25},{"not_picked":["Lockon+1","Creative AI"],"picked":"Reinforced Body","floor":28},{"not_picked":["Redo","Gash"],"picked":"Ball Lightning","floor":29},{"not_picked":["Beam Cell","Rebound"],"picked":"Sunder","floor":30},{"not_picked":["Stack","Cold Snap","Lockon"],"picked":"SKIP","floor":31}],"player_experience":158081,"relics_obtained":[{"floor":6,"key":"Whetstone"},{"floor":13,"key":"Happy Flower"},{"floor":24,"key":"Centennial Puzzle"},{"floor":26,"key":"Eternal Feather"},{"floor":28,"key":"Letter Opener"}],"event_choices":[{"damage_healed":0,"gold_gain":0,"player_choice":"Ignored","damage_taken":0,"max_hp_gain":0,"max_hp_loss":0,"event_name":"Golden Wing","floor":2,"gold_loss":0},{"damage_healed":0,"gold_gain":0,"player_choice":"Leave","damage_taken":0,"max_hp_gain":0,"max_hp_loss":0,"event_name":"The Cleric","floor":4,"gold_loss":0},{"damage_healed":0,"gold_gain":0,"player_choice":"Donut","damage_taken":0,"max_hp_gain":5,"max_hp_loss":0,"event_name":"Big Fish","floor":5,"gold_loss":0},{"damage_healed":20,"gold_gain":0,"player_choice":"Healed and dodged fight","damage_taken":0,"max_hp_gain":0,"max_hp_loss":0,"event_name":"Mushrooms","floor":8,"gold_loss":0,"cards_obtained":["Parasite"]},{"damage_healed":0,"gold_gain":0,"player_choice":"Inject Mutagens","damage_taken":0,"relics_obtained":["MutagenicStrength"],"max_hp_gain":0,"max_hp_loss":0,"event_name":"Drug Dealer","floor":20,"gold_loss":0},{"cards_removed":["Go for the Eyes"],"damage_healed":5,"gold_gain":0,"player_choice":"Offered Common","damage_taken":0,"max_hp_gain":0,"max_hp_loss":0,"event_name":"Bonfire Elementals","floor":21,"gold_loss":0},{"cards_removed":["Go for the Eyes"],"damage_healed":5,"gold_gain":0,"player_choice":"Offered Special","damage_taken":0,"max_hp_gain":0,"max_hp_loss":0,"event_name":"Bonfire Elementals","floor":21,"gold_loss":0}],"is_beta":false,"boss_relics":[{"not_picked":["Velvet Choker","FrozenCore"],"picked":"Sozu"}],"items_purged_floors":[11],"is_endless":false,"potions_floor_spawned":[1,29,30,31],"killed_by":"Champ","ascension_level":1}}