{"host":"5wznv0010959mrmz","time":1610509735,"event":{"mods":["BaseMod","Highlight Path","Minty Spire (QoL Compilation)","Relic Stats"],"gold_per_floor":[110,120,134,150,165,165,193,343,370,370,398,398,413,425,425,425,425],"floor_reached":16,"language":"ENG","playtime":454,"items_purged":[],"score":228,"play_id":"71c6614f-4fb3-4041-9edc-30042c71f5c2","local_time":"20210112214855","is_ascension_mode":true,"campfire_choices":[{"data":"Sucker Punch","floor":6,"key":"SMITH"},{"data":"Dagger Spray","floor":10,"key":"SMITH"},{"floor":15,"key":"REST"}],"circlet_count":0,"master_deck":["AscendersBane","Strike_G","Strike_G","Strike_G","Defend_G","Defend_G","Defend_G","Defend_G","Survivor","Neutralize","Quick Slash+1","Burst+1","Backstab+1","Slice","Sucker Punch+1","Dagger Spray+1","Expertise","Doubt","Caltrops","Riddle With Holes"],"relics":["Astrolabe","Mummified Hand","Smiling Mask","Oddly Smooth Stone","CultistMask"],"acts_visited":["Exordium"],"potions_floor_usage":[7,11,16],"damage_taken":[{"damage":0,"enemies":"Cultist","floor":1,"turns":3},{"damage":0,"enemies":"2 Louse","floor":2,"turns":1},{"damage":0,"enemies":"Small Slimes","floor":3,"turns":3},{"damage":1,"enemies":"3 Louse","floor":4,"turns":3},{"damage":0,"enemies":"Looter","floor":5,"turns":3},{"damage":26,"enemies":"Gremlin Nob","floor":7,"turns":4},{"damage":19,"enemies":"3 Sentries","floor":11,"turns":5},{"damage":2,"enemies":"Red Slaver","floor":13,"turns":3},{"damage":0,"enemies":"2 Fungi Beasts","floor":14,"turns":2},{"damage":33,"enemies":"Slime Boss","floor":16,"turns":7}],"seed_played":"7435686173538591673","potions_obtained":[{"floor":3,"key":"DuplicationPotion"},{"floor":7,"key":"Swift Potion"},{"floor":11,"key":"Ancient Potion"},{"floor":13,"key":"Poison Potion"}],"is_trial":false,"path_per_floor":["M","M","M","M","M","R","E","?","T","R","E","?","M","M","R","B"],"character_chosen":"THE_SILENT","items_purchased":[],"campfire_rested":1,"item_purchase_floors":[],"current_hp_per_floor":[59,59,59,58,58,58,32,32,32,32,13,13,11,11,30,0,0],"gold":425,"neow_bonus":"BOSS_RELIC","is_daily":false,"chose_seed":false,"campfire_upgraded":2,"win_rate":0.0,"timestamp":1610509735,"path_taken":["M","M","M","M","?","R","E","?","T","R","E","?","M","?","R","BOSS"],"items_purchased_type":[],"build_version":"2020-12-22","purchased_purges":0,"victory":false,"max_hp_per_floor":[66,66,66,66,66,66,66,66,66,66,66,66,66,66,66,66,66],"relic_stats":{"counters":[10,34],"Mummified Hand":[3],"Astrolabe":["Quick Slash","Burst","Backstab"],"Smiling Mask":0,"obtain_stats":[{"Mummified Hand":7,"Astrolabe":0,"Oddly Smooth Stone":11,"CultistMask":12,"Smiling Mask":9,"Ring of the Snake":0},{"Mummified Hand":6,"Astrolabe":0,"Oddly Smooth Stone":7,"CultistMask":7,"Smiling Mask":6,"Ring of the Snake":0},{"Mummified Hand":17,"Astrolabe":0,"Oddly Smooth Stone":22,"CultistMask":22,"Smiling Mask":17,"Ring of the Snake":0}]},"card_choices":[{"not_picked":["Underhanded Strike","Tactician"],"picked":"Slice","floor":1},{"not_picked":["Dodge and Roll","Dagger Throw"],"picked":"Sucker Punch","floor":2},{"not_picked":["Cloak And Dagger","Setup","Sucker Punch"],"picked":"SKIP","floor":3},{"not_picked":["Dagger Throw","Prepared"],"picked":"Dagger Spray","floor":4},{"not_picked":["Dagger Throw","Catalyst","Flying Knee"],"picked":"SKIP","floor":5},{"not_picked":["Backflip","Setup"],"picked":"Expertise","floor":7},{"not_picked":["Masterful Stab","Phantasmal Killer"],"picked":"Caltrops","floor":11},{"not_picked":["Cloak And Dagger","Dagger Spray"],"picked":"Riddle With Holes","floor":13},{"not_picked":["Dagger Spray","Flying Knee","Blur"],"picked":"SKIP","floor":14}],"player_experience":450584,"relics_obtained":[{"floor":7,"key":"Mummified Hand"},{"floor":9,"key":"Smiling Mask"},{"floor":11,"key":"Oddly Smooth Stone"}],"event_choices":[{"damage_healed":0,"gold_gain":150,"player_choice":"AGREE","damage_taken":0,"max_hp_gain":0,"max_hp_loss":0,"event_name":"Liars Game","floor":8,"gold_loss":0,"cards_obtained":["Doubt"]},{"damage_healed":0,"gold_gain":0,"player_choice":"Trade","damage_taken":0,"relics_obtained":["CultistMask"],"max_hp_gain":0,"max_hp_loss":0,"event_name":"FaceTrader","floor":12,"gold_loss":0}],"is_beta":false,"boss_relics":[],"items_purged_floors":[],"is_endless":false,"potions_floor_spawned":[3,7,11,13],"killed_by":"Slime Boss","ascension_level":20}}