{"host":"wshh0nphwn6jv7vj","time":1610533824,"event":{"mods":["BaseMod","Bestiary","Minty Spire (QoL Compilation)","Relic Stats"],"gold_per_floor":[110,110,110,120,138,138,154,181,181,181,106,138,138,150,150,221,221,241,201,201],"floor_reached":19,"language":"ENG","playtime":766,"items_purged":[],"score":327,"play_id":"1654bb48-0a8e-42ec-8caf-b5bee5822748","local_time":"20210113053024","is_ascension_mode":true,"campfire_choices":[{"data":"Hologram","floor":6,"key":"SMITH"},{"data":"Zap","floor":10,"key":"SMITH"},{"floor":13,"key":"REST"},{"data":"Genetic Algorithm","floor":15,"key":"SMITH"}],"circlet_count":0,"master_deck":["AscendersBane","Strike_B","Strike_B","Strike_B","Strike_B","Defend_B","Defend_B","Defend_B","Defend_B","Zap+1","Dualcast","Conserve Battery","Hologram+1","Steam","Aggregate","Sweeping Beam","Genetic Algorithm+1","Loop","Amplify","Sweeping Beam"],"relics":["Velvet Choker","WarpedTongs","Gremlin Horn","Cables","Shuriken","SacredBark"],"acts_visited":["Exordium","TheCity"],"potions_floor_usage":[8,8,19],"damage_taken":[{"damage":5,"enemies":"Small Slimes","floor":1,"turns":3},{"damage":6,"enemies":"Jaw Worm","floor":4,"turns":4},{"damage":4,"enemies":"Cultist","floor":5,"turns":4},{"damage":6,"enemies":"Looter","floor":7,"turns":5},{"damage":22,"enemies":"3 Sentries","floor":8,"turns":10},{"damage":22,"enemies":"Gremlin Nob","floor":12,"turns":4},{"damage":6,"enemies":"Exordium Wildlife","floor":14,"turns":4},{"damage":19,"enemies":"Slime Boss","floor":16,"turns":11},{"damage":43,"enemies":"Chosen","floor":18,"turns":6},{"damage":14,"enemies":"2 Thieves","floor":19,"turns":1}],"seed_played":"9054467475031682597","potions_obtained":[{"floor":5,"key":"Fire Potion"},{"floor":7,"key":"SneckoOil"},{"floor":12,"key":"Energy Potion"},{"floor":16,"key":"CultistPotion"}],"is_trial":false,"path_per_floor":["M","?","?","M","M","R","M","E","T","R","?","E","R","M","R","B",null,"M","M"],"character_chosen":"DEFECT","items_purchased":[],"campfire_rested":1,"item_purchase_floors":[],"current_hp_per_floor":[59,64,64,58,54,54,48,26,26,26,26,4,26,20,20,1,57,14,0,0],"gold":201,"neow_bonus":"BOSS_RELIC","is_daily":false,"chose_seed":false,"campfire_upgraded":3,"win_rate":0.0,"timestamp":1610533824,"path_taken":["M","?","?","M","?","R","M","E","T","R","?","E","R","M","R","BOSS","M","M"],"items_purchased_type":[],"build_version":"2020-12-22","purchased_purges":0,"victory":false,"max_hp_per_floor":[71,76,76,76,76,76,76,76,76,76,76,76,76,76,76,76,76,76,76,76],"relic_stats":{"Gremlin Horn":[4,4],"counters":[10,52],"Shuriken":[6],"obtain_stats":[{"Gremlin Horn":8,"Shuriken":12,"SacredBark":17,"Velvet Choker":0,"Cracked Core":0,"WarpedTongs":3,"Cables":9},{"Gremlin Horn":5,"Shuriken":6,"SacredBark":8,"Velvet Choker":0,"Cracked Core":0,"WarpedTongs":1,"Cables":5},{"Gremlin Horn":26,"Shuriken":30,"SacredBark":45,"Velvet Choker":0,"Cracked Core":0,"WarpedTongs":3,"Cables":26}],"WarpedTongs":[47],"Cables":[16,16,0,0,0]},"card_choices":[{"not_picked":["Consume","Gash"],"picked":"Conserve Battery","floor":1},{"not_picked":["Leap","Ball Lightning"],"picked":"Hologram","floor":4},{"not_picked":["Sweeping Beam","Stack"],"picked":"Steam","floor":5},{"not_picked":["Gash","Turbo"],"picked":"Aggregate","floor":7},{"not_picked":["Fusion","Aggregate"],"picked":"Sweeping Beam","floor":8},{"not_picked":["Gash","Stack"],"picked":"Genetic Algorithm","floor":12},{"not_picked":["Stack","Streamline"],"picked":"Loop","floor":14},{"not_picked":["Echo Form","All For One"],"picked":"Amplify","floor":16},{"not_picked":["Steam","FTL+1"],"picked":"Sweeping Beam","floor":18}],"player_experience":1569882,"relics_obtained":[{"floor":8,"key":"Gremlin Horn"},{"floor":9,"key":"Cables"},{"floor":12,"key":"Shuriken"}],"event_choices":[{"damage_healed":0,"gold_gain":0,"player_choice":"Donut","damage_taken":0,"max_hp_gain":5,"max_hp_loss":0,"event_name":"Big Fish","floor":2,"gold_loss":0},{"damage_healed":0,"gold_gain":0,"player_choice":"Rummage","damage_taken":0,"relics_obtained":["WarpedTongs"],"max_hp_gain":0,"max_hp_loss":0,"event_name":"Accursed Blacksmith","floor":3,"gold_loss":0,"cards_obtained":["Pain"]},{"cards_removed":["Pain"],"damage_healed":0,"gold_gain":0,"player_choice":"Card Removal","damage_taken":0,"max_hp_gain":0,"max_hp_loss":0,"event_name":"The Cleric","floor":11,"gold_loss":75}],"is_beta":false,"boss_relics":[{"not_picked":["Fusion Hammer","Runic Dome"],"picked":"SacredBark"}],"items_purged_floors":[],"is_endless":false,"potions_floor_spawned":[5,7,12,16],"killed_by":"2 Thieves","ascension_level":17}}