{"host":"swphzoo6hmc78epl","time":1610512556,"event":{"mods":["BaseMod","Highlight Path","Minty Spire (QoL Compilation)","Quick Restart"],"gold_per_floor":[111,61,136,22,42,42,77,92,92,71,71,84,98,98,98,202,202,213,213,224,239,255,255,255],"floor_reached":23,"language":"ENG","playtime":1464,"items_purged":["Strike_B"],"score":229,"play_id":"9f10247f-5eae-4106-8ca3-9df54cabd2e6","local_time":"20210112233556","is_ascension_mode":true,"campfire_choices":[{"data":"Doom and Gloom","floor":6,"key":"SMITH"},{"data":"Genetic Algorithm","floor":11,"key":"SMITH"},{"data":"Coolheaded","floor":15,"key":"SMITH"}],"circlet_count":0,"master_deck":["Strike_B","Defend_B","Defend_B","Defend_B","Defend_B","Zap","Dualcast","Doom and Gloom+1","Melter","Genetic Algorithm+1","Ball Lightning","Coolheaded+1","Barrage","Sweeping Beam","Sweeping Beam","Buffer","Static Discharge+1","Sunder","Hologram+1"],"relics":["Cracked Core","NeowsBlessing","The Courier","Singing Bowl","Snecko Eye"],"acts_visited":["Exordium","TheCity"],"potions_floor_usage":[16,16,20],"damage_taken":[{"damage":0,"enemies":"Jaw Worm","floor":1,"turns":1},{"damage":0,"enemies":"Small Slimes","floor":5,"turns":1},{"damage":0,"enemies":"3 Sentries","floor":7,"turns":1},{"damage":0,"enemies":"2 Louse","floor":8,"turns":1},{"damage":12,"enemies":"Exordium Wildlife","floor":12,"turns":3},{"damage":5,"enemies":"Looter","floor":13,"turns":3},{"damage":35,"enemies":"Hexaghost","floor":16,"turns":8},{"damage":15,"enemies":"3 Byrds","floor":18,"turns":4},{"damage":10,"enemies":"2 Thieves","floor":20,"turns":3},{"damage":10,"enemies":"Centurion and Healer","floor":21,"turns":5},{"damage":15,"enemies":"Snake Plant","floor":22,"turns":2},{"damage":39,"enemies":"Gremlin Leader","floor":23,"turns":4}],"seed_played":"4985795979726459512","potions_obtained":[{"floor":7,"key":"Fruit Juice"},{"floor":8,"key":"DistilledChaos"},{"floor":18,"key":"SkillPotion"}],"is_trial":false,"path_per_floor":["M","?","?","$","M","R","E","M","T","$","R","M","M","?","R","B",null,"M","?","M","M","M","E"],"character_chosen":"DEFECT","items_purchased":["Melter","Barrage"],"campfire_rested":0,"item_purchase_floors":[4,10],"current_hp_per_floor":[75,75,64,64,64,64,64,64,64,64,64,52,47,40,40,10,80,65,65,55,47,32,0,0],"gold":255,"neow_bonus":"THREE_ENEMY_KILL","is_daily":false,"chose_seed":false,"campfire_upgraded":3,"win_rate":0.0,"timestamp":1610512556,"path_taken":["M","?","?","$","M","R","E","M","T","$","R","M","M","?","R","BOSS","M","?","M","M","M","E"],"items_purchased_type":["Card","Card"],"build_version":"2020-12-22","purchased_purges":1,"victory":false,"max_hp_per_floor":[75,75,75,75,75,75,75,75,75,75,75,75,75,75,75,80,80,80,80,80,82,82,82,82],"card_choices":[{"not_picked":["Conserve Battery","Hologram"],"picked":"Doom and Gloom","floor":1},{"not_picked":["Blizzard","Conserve Battery"],"picked":"Genetic Algorithm","floor":5},{"not_picked":["Rainbow","Go for the Eyes"],"picked":"Ball Lightning","floor":7},{"not_picked":["Auto Shields","Recycle"],"picked":"Coolheaded","floor":8},{"not_picked":["Leap","Barrage"],"picked":"Sweeping Beam","floor":12},{"not_picked":["Blizzard","Chaos"],"picked":"Sweeping Beam","floor":13},{"not_picked":["Biased Cognition","All For One"],"picked":"Buffer","floor":16},{"not_picked":["Chill+1","Leap"],"picked":"Static Discharge+1","floor":18},{"not_picked":["Redo","Storm"],"picked":"Sunder","floor":20},{"not_picked":["Conserve Battery","Leap","Redo"],"picked":"Singing Bowl","floor":21},{"not_picked":["Skim","Rebound"],"picked":"Hologram+1","floor":22}],"player_experience":759650,"relics_obtained":[{"floor":7,"key":"The Courier"},{"floor":9,"key":"Singing Bowl"}],"event_choices":[{"cards_removed":["Strike_B"],"damage_healed":0,"gold_gain":0,"player_choice":"Card Removal","damage_taken":0,"max_hp_gain":0,"max_hp_loss":0,"event_name":"The Cleric","floor":2,"gold_loss":50},{"damage_healed":0,"gold_gain":75,"player_choice":"Gather Gold","damage_taken":11,"max_hp_gain":0,"max_hp_loss":0,"event_name":"World of Goop","floor":3,"gold_loss":0},{"cards_removed":["Strike_B"],"damage_healed":0,"gold_gain":0,"player_choice":"Card Removal","damage_taken":7,"max_hp_gain":0,"max_hp_loss":0,"event_name":"Golden Wing","floor":14,"gold_loss":0},{"damage_healed":0,"gold_gain":0,"player_choice":"Ignored","damage_taken":0,"max_hp_gain":0,"max_hp_loss":0,"event_name":"Vampires","floor":19,"gold_loss":0}],"is_beta":false,"boss_relics":[{"not_picked":["Runic Dome","Coffee Dripper"],"picked":"Snecko Eye"}],"items_purged_floors":[4],"is_endless":false,"potions_floor_spawned":[7,8,18],"killed_by":"Gremlin Leader","ascension_level":1}}