{"host":"sa4ahr18fk2zb79f","time":1610537135,"event":{"mods":["AchievementEnabler","BaseMod","Colored Map","Colored Powertips","Highlight Path","Minty Spire (QoL Compilation)","Permanent Neow","Quick Restart","Rare Cards Sparkle","Relic Sorter"],"gold_per_floor":[118,68,68,88,100,100,135,135,135,135,145,180,199,124,124,228,228,245,260,277,292,304,334,351,367,435,435,470,492,514,538,538,652,652,669,692,692,710,710,750,750,763,787,801,353,387,32,52,61,61,61,61,1,30,30,30],"floor_reached":55,"language":"ENG","playtime":12148,"items_purged":["Regret","Defend_P","Strike_P"],"score":812,"play_id":"b7fd6394-4f87-42c3-bed4-8daa0d1f2865","local_time":"20210113122535","is_ascension_mode":false,"campfire_choices":[{"data":"Apotheosis","floor":6.0,"key":"SMITH"},{"data":"Eruption","floor":8.0,"key":"SMITH"},{"floor":15.0,"key":"REST"},{"floor":32.0,"key":"REST"},{"floor":41,"key":"RECALL"},{"floor":49,"key":"REST"},{"data":"SpiritShield","floor":52,"key":"SMITH"}],"circlet_count":0,"master_deck":["Strike_P+1","Strike_P","Strike_P+1","Defend_P","Defend_P","Defend_P","Eruption+1","Vigilance","Apotheosis+1","Sanctity","CutThroughFate","EmptyBody","Consecrate","MasterReality","CarveReality","Consecrate","DeusExMachina","DeceiveReality","Crescendo+1","Meditate+1","Indignation+1","MentalFortress","EmptyMind","ConjureBlade","Swivel","Evaluate","SpiritShield+1","ThirdEye+1","Establishment","Weave","DeusExMachina","Master of Strategy","Wireheading","ThirdEye+1"],"relics":["HolyWater","StrikeDummy","Ginger","Mercury Hourglass","White Beast Statue","Toy Ornithopter","SacredBark","CaptainsWheel","CeramicFish","Letter Opener","Dream Catcher","Centennial Puzzle","Potion Belt","DollysMirror","The Courier","Whetstone"],"acts_visited":["Exordium","TheCity","TheBeyond","TheEnding"],"potions_floor_usage":[36,38,42,44,48,50,50,50,55,55,55,55,55,55,55],"damage_taken":[{"damage":2.0,"enemies":"Small Slimes","floor":1.0,"turns":4.0},{"damage":0.0,"enemies":"2 Louse","floor":4.0,"turns":3.0},{"damage":0.0,"enemies":"Jaw Worm","floor":5.0,"turns":1.0},{"damage":15.0,"enemies":"Gremlin Nob","floor":7.0,"turns":3.0},{"damage":0.0,"enemies":"Large Slime","floor":11.0,"turns":2.0},{"damage":14.0,"enemies":"3 Sentries","floor":12.0,"turns":3.0},{"damage":0.0,"enemies":"Looter","floor":13.0,"turns":2.0},{"damage":0.0,"enemies":"Slime Boss","floor":16.0,"turns":4.0},{"damage":0.0,"enemies":"Spheric Guardian","floor":18.0,"turns":2.0},{"damage":0.0,"enemies":"Chosen","floor":19.0,"turns":3.0},{"damage":1.0,"enemies":"Shelled Parasite and Fungi","floor":20.0,"turns":4.0},{"damage":0.0,"enemies":"Snake Plant","floor":21.0,"turns":1.0},{"damage":3.0,"enemies":"Centurion and Healer","floor":22.0,"turns":5.0},{"damage":20.0,"enemies":"Book of Stabbing","floor":23.0,"turns":4.0},{"damage":10.0,"enemies":"Chosen and Byrds","floor":24.0,"turns":3.0},{"damage":4.0,"enemies":"Shelled Parasite and Fungi","floor":25.0,"turns":3.0},{"damage":12.0,"enemies":"Slavers","floor":28.0,"turns":2.0},{"damage":4.0,"enemies":"Cultist and Chosen","floor":29.0,"turns":3.0},{"damage":13.0,"enemies":"Snake Plant","floor":30.0,"turns":2.0},{"damage":0.0,"enemies":"Snecko","floor":31.0,"turns":3.0},{"damage":1.0,"enemies":"Collector","floor":33.0,"turns":5.0},{"damage":9,"enemies":"3 Darklings","floor":35,"turns":4},{"damage":0,"enemies":"3 Shapes","floor":36,"turns":4},{"damage":0,"enemies":"Maw","floor":38,"turns":5},{"damage":8,"enemies":"Nemesis","floor":40,"turns":9},{"damage":26,"enemies":"Jaw Worm Horde","floor":42,"turns":4},{"damage":27,"enemies":"Spire Growth","floor":44,"turns":6},{"damage":9,"enemies":"Giant Head","floor":46,"turns":5},{"damage":9,"enemies":"4 Shapes","floor":48,"turns":6},{"damage":38,"enemies":"Time Eater","floor":50,"turns":8},{"damage":57,"enemies":"Shield and Spear","floor":54,"turns":8},{"damage":98,"enemies":"The Heart","floor":55,"turns":8}],"seed_played":"5067255469228951423","potions_obtained":[{"floor":4.0,"key":"LiquidBronze"},{"floor":11.0,"key":"Ancient Potion"},{"floor":12.0,"key":"Energy Potion"},{"floor":13.0,"key":"LiquidMemories"},{"floor":16.0,"key":"Weak Potion"},{"floor":18.0,"key":"EssenceOfSteel"},{"floor":19.0,"key":"SpeedPotion"},{"floor":20.0,"key":"AttackPotion"},{"floor":21.0,"key":"Dexterity Potion"},{"floor":22.0,"key":"Strength Potion"},{"floor":23.0,"key":"EntropicBrew"},{"floor":24.0,"key":"SteroidPotion"},{"floor":25.0,"key":"Fire Potion"},{"floor":28.0,"key":"Dexterity Potion"},{"floor":29.0,"key":"Explosive Potion"},{"floor":30.0,"key":"Energy Potion"},{"floor":31.0,"key":"FearPotion"},{"floor":33.0,"key":"Block Potion"},{"floor":35,"key":"LiquidMemories"},{"floor":36,"key":"CultistPotion"},{"floor":38,"key":"Regen Potion"},{"floor":42,"key":"StancePotion"},{"floor":44,"key":"PowerPotion"},{"floor":46,"key":"SkillPotion"},{"floor":48,"key":"LiquidMemories"},{"floor":54,"key":"LiquidMemories"}],"is_trial":false,"path_per_floor":["M","?","?","M","M","R","E","R","T","?","M","E","M","$","R","B",null,"M","M","M","M","M","E","M","M","T","?","E","M","M","M","R","B",null,"M","M","?","M","?","E","R","M","T","M","$","E","$","M","R","B",null,"R","$","E","B"],"character_chosen":"WATCHER","items_purchased":["Potion Belt","Weave","DollysMirror","Master of Strategy","Wireheading","Ancient Potion","Regen Potion"],"campfire_rested":3,"item_purchase_floors":[45,45,45,47,47,47,53],"current_hp_per_floor":[70,70,58,58,58,58,43,43,43,43,43,29,34,34,55,60,72,72,72,71,72,69,52,47,48,48,48,46,42,34,39,60,69,72,63,68,68,68,68,60,60,59,59,37,37,28,28,24,44,21,68,68,68,11,0,0],"gold":30,"neow_bonus":"RANDOM_COLORLESS_2","is_daily":false,"chose_seed":false,"campfire_upgraded":3,"win_rate":0.0,"timestamp":1610537135,"path_taken":["M","?","?","M","M","R","E","R","T","?","M","E","?","$","R","BOSS","M","M","M","M","M","E","M","M","T","?","E","M","M","M","R","BOSS","M","M","?","M","?","E","R","?","T","M","$","E","$","M","R","BOSS","R","$","E","BOSS"],"items_purchased_type":["Relic","Card","Relic","Card","Card","Potion","Potion"],"build_version":"2020-12-22","purchased_purges":3,"victory":false,"max_hp_per_floor":[72,72,72,72,72,72,72,72,72,72,72,72,72,72,72,72,72,72,72,72,72,72,72,72,72,72,72,72,72,72,72,72,72,72,72,72,68,68,68,68,68,68,68,68,68,68,68,68,68,68,68,68,68,68,68,68],"card_choices":[{"not_picked":["Chrysalis","Master of Strategy"],"picked":"Apotheosis","floor":0.0},{"not_picked":["SashWhip","Evaluate"],"picked":"Sanctity","floor":1.0},{"not_picked":["CrushJoints","Evaluate"],"picked":"CutThroughFate","floor":4.0},{"not_picked":["CrushJoints","WheelKick"],"picked":"EmptyBody","floor":5.0},{"not_picked":["ThirdEye","EmptyFist"],"picked":"Consecrate","floor":7.0},{"not_picked":["Prostrate","FollowUp"],"picked":"MasterReality","floor":11.0},{"not_picked":["Consecrate","Halt"],"picked":"CarveReality","floor":12.0},{"not_picked":["ClearTheMind","WindmillStrike"],"picked":"Consecrate","floor":13.0},{"not_picked":["Ragnarok","Blasphemy"],"picked":"DeusExMachina","floor":16.0},{"not_picked":["BowlingBash","FlyingSleeves+1"],"picked":"DeceiveReality","floor":18.0},{"not_picked":["EmptyFist","Sanctity","Halt"],"picked":"SKIP","floor":19.0},{"not_picked":["BattleHymn","Sanctity"],"picked":"Crescendo+1","floor":20.0},{"not_picked":["JustLucky+1","EmptyMind"],"picked":"Meditate+1","floor":21.0},{"not_picked":["JustLucky+1","Perseverance","Consecrate"],"picked":"SKIP","floor":22.0},{"not_picked":["FlyingSleeves","Fasting2"],"picked":"Indignation+1","floor":23.0},{"not_picked":["WindmillStrike","Alpha"],"picked":"MentalFortress","floor":24.0},{"not_picked":["SashWhip","CrushJoints+1","Protect"],"picked":"SKIP","floor":25.0},{"not_picked":["Nirvana+1","FlurryOfBlows"],"picked":"EmptyMind","floor":28.0},{"not_picked":["Evaluate","EmptyBody"],"picked":"ConjureBlade","floor":29.0},{"not_picked":["CrushJoints","JustLucky+1"],"picked":"Swivel","floor":30.0},{"not_picked":["Collect+1","ReachHeaven+1"],"picked":"Evaluate","floor":31.0},{"not_picked":["MasterReality","Blasphemy"],"picked":"SpiritShield","floor":33.0},{"not_picked":["Consecrate+1","Crescendo","CrushJoints"],"picked":"SKIP","floor":35},{"not_picked":["ReachHeaven+1","CutThroughFate"],"picked":"ThirdEye+1","floor":36},{"not_picked":["FearNoEvil+1","SashWhip+1","WreathOfFlame"],"picked":"SKIP","floor":38},{"not_picked":["EmptyFist","MentalFortress+1"],"picked":"Establishment","floor":40},{"not_picked":["CarveReality+1","Swivel","BowlingBash"],"picked":"SKIP","floor":42},{"not_picked":["BowlingBash+1","JustLucky+1","FollowUp+1"],"picked":"SKIP","floor":44},{"not_picked":["Worship+1","SashWhip","CrushJoints+1"],"picked":"SKIP","floor":46},{"not_picked":["Prostrate","Blasphemy","Indignation"],"picked":"SKIP","floor":48},{"not_picked":["CrushJoints","Halt+1"],"picked":"ThirdEye+1","floor":49},{"not_picked":["EmptyBody","Ragnarok","WheelKick"],"picked":"SKIP","floor":54}],"player_experience":388295,"relics_obtained":[{"floor":7.0,"key":"Ginger"},{"floor":9.0,"key":"Mercury Hourglass"},{"floor":12.0,"key":"Toy Ornithopter"},{"floor":23.0,"key":"CaptainsWheel"},{"floor":28.0,"key":"Letter Opener"},{"floor":40,"key":"Dream Catcher"},{"floor":43,"key":"Centennial Puzzle"},{"floor":46,"key":"The Courier"},{"floor":54,"key":"Whetstone"}],"event_choices":[{"cards_removed":["Regret"],"damage_healed":0.0,"max_hp_gain":0.0,"max_hp_loss":0.0,"gold_gain":0.0,"event_name":"The Cleric","player_choice":"Card Removal","floor":2.0,"gold_loss":50.0,"damage_taken":0.0},{"damage_healed":0.0,"max_hp_gain":0.0,"max_hp_loss":0.0,"gold_gain":0.0,"event_name":"Scrap Ooze","player_choice":"Success","floor":3.0,"gold_loss":0.0,"damage_taken":12.0,"relics_obtained":["StrikeDummy"]},{"damage_healed":0.0,"max_hp_gain":0.0,"max_hp_loss":0.0,"gold_gain":0.0,"event_name":"Big Fish","player_choice":"Box","floor":10.0,"gold_loss":0.0,"damage_taken":0.0,"relics_obtained":["White Beast Statue"],"cards_obtained":["Regret"]},{"damage_healed":0.0,"max_hp_gain":0.0,"max_hp_loss":0.0,"gold_gain":0.0,"event_name":"The Mausoleum","player_choice":"Opened","floor":27.0,"gold_loss":0.0,"damage_taken":0.0,"relics_obtained":["CeramicFish"]},{"damage_healed":0,"gold_gain":0,"player_choice":"Max HP","damage_taken":0,"max_hp_gain":0,"max_hp_loss":4,"event_name":"Winding Halls","floor":37,"gold_loss":0},{"damage_healed":0,"gold_gain":0,"player_choice":"Bought 0 Potions","damage_taken":0,"max_hp_gain":0,"max_hp_loss":0,"event_name":"The Woman in Blue","floor":39,"gold_loss":0}],"is_beta":false,"boss_relics":[{"not_picked":["Cursed Key","Astrolabe"],"picked":"SacredBark"},{"not_picked":["Runic Dome","Pandora\u0027s Box"],"picked":"HolyWater"}],"items_purged_floors":[14,45,47],"is_endless":false,"potions_floor_spawned":[4,11,12,13,16,18,19,20,21,22,23,24,25,28,29,30,31,33,35,36,38,40,42,44,46,48,54],"killed_by":"The Heart","ascension_level":0}}