{"host":"ec2wu4mdnvke243f","time":1610554603,"event":{"mods":["2.2 Compatiblity","AchievementEnabler","BaseMod","Defuse TimeMaze Blight","Downfall","Hermit","Infinite Spire","Minty Spire (QoL Compilation)","StSLib","The Cursed","The Disciple","The Jungle","The Servant 0.9.4"],"gold_per_floor":[119,119,136,136,311,311,341,341,341,372,386,419,438,438,438],"floor_reached":14,"language":"POL","playtime":588,"items_purged":[],"score":108,"play_id":"655ef54d-3cb2-4515-b22d-23da9914c6fc","local_time":"20210113171643","daily_mods":["Colorless Cards","DeadlyEvents","Elite Swarm"],"is_ascension_mode":false,"campfire_choices":[{"data":"hermit:Ricochet","floor":6,"key":"SMITH"},{"data":"Metamorphosis","floor":8,"key":"SMITH"}],"circlet_count":0,"master_deck":["hermit:Strike_Hermit","hermit:Strike_Hermit","hermit:Strike_Hermit","hermit:Strike_Hermit","hermit:Defend_Hermit","hermit:Defend_Hermit","hermit:Defend_Hermit","hermit:Defend_Hermit","hermit:Snapshot","hermit:Covet","hermit:HighCaliber+1","hermit:Ricochet+1","Doubt","Metamorphosis+1","expansioncontent:Corrupt","hermit:CalledShot","Panache","hermit:LowProfile"],"relics":["hermit:Momento","StrikeDummy","Happy Flower","infinitespire:BottledMercury","Nunchaku","Potion Belt"],"acts_visited":["Exordium"],"potions_floor_usage":[10,11,13],"damage_taken":[{"damage":0,"enemies":"2 Louse","floor":1,"turns":3},{"damage":5,"enemies":"Small Slimes","floor":3,"turns":2},{"damage":17,"enemies":"3 Sentries","floor":7,"turns":7},{"damage":26,"enemies":"Lagavulin","floor":10,"turns":4},{"damage":8,"enemies":"infinitespire:Voidling","floor":11,"turns":2},{"damage":14,"enemies":"Gremlin Nob","floor":12,"turns":3},{"damage":0,"enemies":"Blue Slaver","floor":13,"turns":1},{"damage":13,"enemies":"3 Sentries","floor":14,"turns":2}],"seed_played":"1249209818452957212","potions_obtained":[{"floor":3,"key":"FearPotion"},{"floor":7,"key":"Swift Potion"},{"floor":10,"key":"BlessingOfTheForge"}],"is_trial":true,"path_per_floor":["M","?","M","?","?","R","E","R","T","E","M","E","M","E"],"character_chosen":"HERMIT","items_purchased":[],"campfire_rested":0,"item_purchase_floors":[],"current_hp_per_floor":[75,75,70,70,70,70,53,53,53,27,19,5,5,0,0],"gold":438,"neow_bonus":"","is_daily":false,"chose_seed":false,"campfire_upgraded":2,"win_rate":0.0,"timestamp":1610554603,"path_taken":["M","?","M","?","?","R","E","R","T","E","?","E","M","E"],"items_purchased_type":[],"build_version":"2020-12-22","purchased_purges":0,"victory":false,"max_hp_per_floor":[75,75,75,75,75,75,75,75,75,75,75,75,75,75,75],"card_choices":[{"not_picked":["expansioncontent:Chronoboost","hermit:BodyArmor"],"picked":"hermit:HighCaliber","floor":1},{"not_picked":["hermit:Combo","hermit:TrackingShot"],"picked":"hermit:Ricochet","floor":3},{"not_picked":["hermit:Purgatory","Chrysalis"],"picked":"Metamorphosis","floor":7},{"not_picked":["hermit:OverwhelmingPower","hermit:Purgatory"],"picked":"expansioncontent:Corrupt","floor":10},{"not_picked":["hermit:HoleUp","expansioncontent:GuardianWhirl"],"picked":"hermit:CalledShot","floor":11},{"not_picked":["Sadistic Nature","Chrysalis"],"picked":"Panache","floor":12},{"not_picked":["hermit:Brawl","expansioncontent:DecasProtection"],"picked":"hermit:LowProfile","floor":13}],"player_experience":567703,"relics_obtained":[{"floor":4,"key":"StrikeDummy"},{"floor":7,"key":"Happy Flower"},{"floor":9,"key":"infinitespire:BottledMercury"},{"floor":10,"key":"Nunchaku"},{"floor":12,"key":"Potion Belt"}],"event_choices":[{"damage_healed":0,"gold_gain":0,"player_choice":"Grow","damage_taken":0,"max_hp_gain":0,"max_hp_loss":0,"event_name":"Living Wall","floor":2,"gold_loss":0,"cards_upgraded":["hermit:HighCaliber"]},{"damage_healed":0,"gold_gain":175,"player_choice":"AGREE","damage_taken":0,"max_hp_gain":0,"max_hp_loss":0,"event_name":"Liars Game","floor":5,"gold_loss":0,"cards_obtained":["Doubt"]}],"is_beta":false,"boss_relics":[],"items_purged_floors":[],"is_endless":false,"potions_floor_spawned":[3,7,10],"killed_by":"3 Sentries","ascension_level":0}}