{"host":"g2v9yifwdrisoopr","time":1610564974,"event":{"mods":["2.2 Compatiblity","AchievementEnabler","Aspiration","BaseMod","Card Forge","Colored Map","Colored Powertips","Conspire","GifTheSpireLib","Highlight Path","Infinite Spire","Minty Spire (QoL Compilation)","Retaliation","Shop Mod","Spikes Relics","StSLib","Strawberry Spire","Stuff the Spire","Transform Curses","??????REMEMod"],"gold_per_floor":[111,111,130,130,153,153,167,79,115,150,337,349,414,479,491,601,613,673,685,697,709,646,658,670,700,712,747,759,386,10,10,10,141,141,181,181,223,223,250,303,330,330,354,406,433,39,56,0,0,17,17],"floor_reached":50,"language":"ENG","playtime":1904,"items_purged":["Regret","Doubt"],"score":642,"play_id":"042b2ea8-c9ca-442f-afd1-c7347d4e3b29","local_time":"20210113200934","daily_mods":["Vintage","Allstar","Red Cards","Heirloom","Time Dilation","Flight"],"is_ascension_mode":false,"campfire_choices":[{"floor":6,"key":"REST"},{"floor":15,"key":"REST"},{"floor":32,"key":"REST"},{"data":"Barricade","floor":32,"key":"SMITH"},{"floor":42,"key":"REST"},{"data":"infinitespire:FinalStrike","floor":42,"key":"SMITH"},{"floor":49,"key":"REST"},{"data":"Limit Break","floor":49,"key":"SMITH"}],"circlet_count":0,"master_deck":["Strike_R+1","Strike_R+1","Strike_R+1","Strike_R+1","Strike_R+1","Defend_R+1","Defend_R+1","Defend_R+1","Defend_R+1","Bash+1","Assess+1","Swift Strike+1","Feint+1","Swift Strike+1","Bash+1","Immolate+1","conspire:SpireCoStock+1","conspire:SpireCoStock+1","Seeing Red+1","Barricade+1","StuffTheSpire:CopiaOfFamine+1","StuffTheSpire:BrainWave+1","DDmod:EasePowerCard+1","Berserk+1","DDmod:SpikeMailSkill+1","Clumsy","infinitespire:FinalStrike+1","Limit Break+1","REME_EyeOfCthun+1","Dramatic Entrance+1","REME_PuzzleBox+1","Combust+1","Anger+1"],"relics":["Burning Blood","Hammer of Thor","Seething Fire","Anvil of the Gods","REME_ComplimentaryCards","infinitespire:Magic Flask","Akabeko","SpikesRelics:DaevaFist","Self Forming Clay","Centennial Puzzle","MawBank","MealTicket","Charon\u0027s Ashes","Mercury Hourglass","infinitespire:Bottled Soul","HailfireSword","Bottled Flame","Nilry\u0027s Codex","SpikesRelics:ToyHorsey","DDmod:BarbedSlagRelic","aspiration:Lifesprig","infinitespire:Beetle Shell","infinitespire:WardingShard","MerchantsRug","TheAbacus","aspiration:PoetsPen_weak","CeramicFish","Potion Belt","CaptainsWheel","infinitespire:EmpoweringShard","infinitespire:Satchel","StuffTheSpire:Expresso","REME_PuzzleBoxRelic","Whetstone","infinitespire:Lucky Rock","Red Mask"],"acts_visited":["Exordium","TheCity","TheBeyond"],"potions_floor_usage":[16,33],"damage_taken":[{"damage":0,"enemies":"2 Louse","floor":1,"turns":2},{"damage":0,"enemies":"Cultist","floor":3,"turns":2},{"damage":5,"enemies":"Small Slimes","floor":7,"turns":2},{"damage":10,"enemies":"Exordium Wildlife","floor":10,"turns":3},{"damage":16,"enemies":"Gremlin Nob","floor":13,"turns":3},{"damage":11,"enemies":"Lots of Slimes","floor":14,"turns":2},{"damage":40,"enemies":"The Guardian","floor":16,"turns":6},{"damage":13,"enemies":"Shell Parasite","floor":18,"turns":3},{"damage":2,"enemies":"Spheric Guardian","floor":25,"turns":3},{"damage":8,"enemies":"Cultist and Chosen","floor":27,"turns":4},{"damage":9,"enemies":"Champ","floor":33,"turns":7},{"damage":0,"enemies":"Orb Walker","floor":35,"turns":3},{"damage":3,"enemies":"3 Shapes","floor":37,"turns":1},{"damage":36,"enemies":"Reptomancer","floor":40,"turns":3},{"damage":30,"enemies":"Nemesis","floor":44,"turns":5},{"damage":3,"enemies":"Maw","floor":47,"turns":2},{"damage":100,"enemies":"infinitespire:MassOfShapes","floor":50,"turns":4}],"seed_played":"202926596969217169","potions_obtained":[{"floor":1,"key":"Energy Potion"},{"floor":10,"key":"PowerPotion"},{"floor":13,"key":"AttackPotion"},{"floor":27,"key":"GamblersBrew"},{"floor":33,"key":"AttackPotion"},{"floor":44,"key":"Explosive Potion"}],"is_trial":true,"path_per_floor":["M","?","M","?","T","R","M","?","T","M","?","?","E","M","R","B",null,"M","?","?","T","?","?","?","M","T","M","?","?","$","?","R","B",null,"M","?","M","T","?","E","?","R","T","E","?","$","M","?","R","B"],"character_chosen":"IRONCLAD","items_purchased":["DDmod:EasePowerCard","MerchantsRug","TheAbacus","REME_PuzzleBoxRelic","Whetstone","Combust","Anger"],"campfire_rested":5,"item_purchase_floors":[30,30,30,46,46,46,46],"current_hp_per_floor":[80,80,80,80,80,80,80,80,80,76,76,76,66,61,80,46,80,73,53,37,37,37,37,37,41,41,39,24,24,39,39,64,65,85,85,85,85,85,85,55,55,80,80,62,52,67,70,70,85,0,0],"gold":17,"neow_bonus":"","is_daily":false,"chose_seed":false,"campfire_upgraded":3,"win_rate":0.0,"timestamp":1610564974,"path_taken":["M","?","?","?","?","R","?","?","T","M","?","?","E","?","R","BOSS","M","?","?","?","?","?","?","?","T","M","?","?","$","?","R","BOSS","M","?","?","?","?","E","?","R","T","E","?","?","?","?","R","BOSS"],"items_purchased_type":["Card","Relic","Relic","Relic","Relic","Card","Card"],"build_version":"2020-12-22","purchased_purges":2,"victory":false,"max_hp_per_floor":[80,80,80,80,80,80,80,80,80,80,80,80,80,80,80,80,80,80,80,80,80,80,80,80,80,80,80,85,85,85,85,85,85,85,85,85,85,85,85,85,85,85,85,85,85,85,85,85,85,85,85],"card_choices":[{"not_picked":["conspire:ExplosiveBarrier","Anger"],"picked":"Seeing Red","floor":13},{"not_picked":["Immolate","Bludgeon"],"picked":"Barricade","floor":16},{"not_picked":["Demon Form","Double Tap"],"picked":"Berserk","floor":33},{"not_picked":["DDmod:PokeAttack","Metallicize"],"picked":"DDmod:SpikeMailSkill","floor":40},{"not_picked":["infinitespire:Punishment","infinitespire:FutureSight"],"picked":"infinitespire:FinalStrike","floor":41},{"not_picked":["Shrug It Off+1","conspire:ExplosiveBarrier"],"picked":"Limit Break","floor":44},{"not_picked":["Assess","Panache"],"picked":"REME_EyeOfCthun","floor":45},{"not_picked":["REME_FirmDetermination","REME_TheoryOfElimination"],"picked":"Dramatic Entrance","floor":45},{"not_picked":["conspire:Banana","Violence"],"picked":"REME_PuzzleBox","floor":45}],"player_experience":109580,"relics_obtained":[{"floor":1,"key":"Akabeko"},{"floor":3,"key":"SpikesRelics:DaevaFist"},{"floor":5,"key":"Centennial Puzzle"},{"floor":7,"key":"MawBank"},{"floor":9,"key":"MealTicket"},{"floor":10,"key":"Charon\u0027s Ashes"},{"floor":13,"key":"Mercury Hourglass"},{"floor":14,"key":"infinitespire:Bottled Soul"},{"floor":18,"key":"Bottled Flame"},{"floor":20,"key":"Nilry\u0027s Codex"},{"floor":21,"key":"SpikesRelics:ToyHorsey"},{"floor":25,"key":"aspiration:Lifesprig"},{"floor":26,"key":"infinitespire:Beetle Shell"},{"floor":27,"key":"infinitespire:WardingShard"},{"floor":35,"key":"CeramicFish"},{"floor":37,"key":"Potion Belt"},{"floor":38,"key":"CaptainsWheel"},{"floor":40,"key":"infinitespire:EmpoweringShard"},{"floor":43,"key":"infinitespire:Satchel"},{"floor":44,"key":"StuffTheSpire:Expresso"},{"floor":47,"key":"infinitespire:Lucky Rock"}],"event_choices":[{"damage_healed":0,"gold_gain":0,"player_choice":"2 cards matched","damage_taken":0,"max_hp_gain":0,"max_hp_loss":0,"event_name":"Match and Keep!","floor":2,"gold_loss":0,"cards_obtained":["Bash","Immolate"]},{"damage_healed":0,"gold_gain":0,"player_choice":"Box","damage_taken":0,"relics_obtained":["Self Forming Clay"],"max_hp_gain":0,"max_hp_loss":0,"event_name":"Big Fish","floor":4,"gold_loss":0,"cards_obtained":["Regret"]},{"damage_healed":0,"gold_gain":0,"player_choice":"Invest 2","damage_taken":0,"max_hp_gain":0,"max_hp_loss":0,"event_name":"conspire:Investor","floor":8,"gold_loss":0},{"damage_healed":0,"gold_gain":175,"player_choice":"AGREE","damage_taken":0,"max_hp_gain":0,"max_hp_loss":0,"event_name":"Liars Game","floor":11,"gold_loss":0,"cards_obtained":["Doubt"]},{"damage_healed":0,"gold_gain":0,"player_choice":"Obtained Book","damage_taken":16,"max_hp_gain":0,"max_hp_loss":0,"event_name":"Cursed Tome","floor":20,"gold_loss":0},{"cards_removed":["Regret"],"damage_healed":0,"gold_gain":0,"player_choice":"Gave Gold","damage_taken":0,"max_hp_gain":0,"max_hp_loss":0,"event_name":"Beggar","floor":22,"gold_loss":75},{"damage_healed":0,"gold_gain":0,"player_choice":"Obtain J.A.X.","damage_taken":0,"max_hp_gain":0,"max_hp_loss":0,"event_name":"Drug Dealer","floor":23,"gold_loss":0,"cards_obtained":["J.A.X."]},{"damage_healed":0,"gold_gain":0,"player_choice":"Shed Blood","damage_taken":20,"max_hp_gain":5,"max_hp_loss":0,"event_name":"Forgotten Altar","floor":28,"gold_loss":0},{"cards_removed":["Doubt"],"damage_healed":0,"gold_gain":0,"player_choice":"Purged","damage_taken":0,"max_hp_gain":0,"max_hp_loss":0,"event_name":"Purifier","floor":31,"gold_loss":0},{"damage_healed":0,"gold_gain":0,"player_choice":"Upgraded","damage_taken":0,"max_hp_gain":0,"max_hp_loss":0,"event_name":"Upgrade Shrine","floor":36,"gold_loss":0,"cards_upgraded":["Berserk"]},{"damage_healed":0,"gold_gain":0,"player_choice":"Memory 3","damage_taken":10,"max_hp_gain":0,"max_hp_loss":0,"event_name":"SensoryStone","floor":45,"gold_loss":0},{"damage_healed":0,"gold_gain":0,"player_choice":"Paid","damage_taken":0,"relics_obtained":["Red Mask"],"max_hp_gain":0,"max_hp_loss":0,"event_name":"Tomb of Lord Red Mask","floor":48,"gold_loss":56}],"is_beta":false,"boss_relics":[{"not_picked":["aspiration:RitualDagger","Sandwich"],"picked":"HailfireSword"},{"not_picked":["strawberrySpire:RottenAvocado","Busted Crown"],"picked":"aspiration:PoetsPen_weak"}],"items_purged_floors":[30,46],"is_endless":false,"potions_floor_spawned":[1,10,13,27,33,44],"killed_by":"infinitespire:MassOfShapes","ascension_level":0}}