{"host":"mn7cqv84xrc37ulx","time":1610547336,"event":{"mods":["ATMod(阿瑾Mod)","AchievementEnabler","BaseMod","Colored Powertips","Curses Come First","Dota2Spire","Energized Spire","Evolution","HumanHunterMod(怪物杀人mod)","Lobotomy","Marked Mod","Minty Spire (QoL Compilation)","MostiFishMod","Poor People Problems","Rare Cards Sparkle","Red Circlet Mod","Reimu（博丽灵梦）","Replay The Spire","Robot Space Explorer","Spicy Shops","StSLib","The Dragon Tamer","The Forsaken","The Marked","The Runesmith","[地精首领爬塔]The Maniac","【遗物卡牌】REMEMod"],"gold_per_floor":[113,123,134,152,5,32,32,60,84,84,112,112,130,130,130,233,233,232,232,232,232,232,232,232,231,231,229,229,228,228,228,228,227,227,225,224,223,220,218,218,215,212,212,212,212,209,206,203,203,202,202],"floor_reached":50,"language":"ZHS","playtime":2465,"items_purged":[],"score":1324,"play_id":"94df65df-ebda-4916-9a1a-0f93577ac163","local_time":"20210113221536","is_ascension_mode":true,"campfire_choices":[{"data":"AT_EmpoweredMortalDraw","floor":7.0,"key":"SMITH"},{"data":"maniac:Reforge","floor":10.0,"key":"SMITH"},{"data":"maniac:PanickyParry","floor":15.0,"key":"SMITH"},{"data":"maniac:BladesInCloak","floor":24.0,"key":"SMITH"},{"data":"J.A.X.","floor":32.0,"key":"SMITH"},{"data":"maniac:BladeArtist","floor":40,"key":"SMITH"},{"data":"maniac:ColdHeart","floor":44,"key":"SMITH"},{"floor":49,"key":"REST"}],"circlet_count":0,"master_deck":["maniac:SpectralKnives","maniac:Strike","maniac:Strike","maniac:Strike","maniac:Strike","maniac:Defend","maniac:Defend","maniac:Defend","maniac:Defend","maniac:BurnBlood","maniac:AbyssShackle","AT_EmpoweredMortalDraw+1","AT_FamilyPortrait","AT_ChampionStep","maniac:Reforge+1","maniac:ShelteringEdge","maniac:Exterminator","maniac:ShiftingShadows","maniac:GlassScratch","maniac:Precision","maniac:WardAndDefend","maniac:PanickyParry+1","Replay:Hysterical Blindness","maniac:Collecting","maniac:BladeShoot","maniac:FoilArmor+1","maniac:ColdHeart+1","maniac:BladesInCloak+1","maniac:BladesInCloak+1","maniac:BladeArtist+1","maniac:ReconstructWounds+1","maniac:BladeShoot+1","maniac:PanickyParry","maniac:PanickyParry","J.A.X.+1","maniac:FanTheHammer","maniac:BladeShoot","maniac:SeeingDetails+1","maniac:BladeShoot+1","maniac:PanickyParry+1","maniac:Confront","maniac:Intimidate+1","maniac:Intimidate+1","theForsaken:PlagueCurse","maniac:PanickyParry+1","maniac:Recollect+1","maniac:BladesInCloak+1"],"relics":["maniac:BrokenHorn","EVO:Axolotl","AT_ATBox","REME_ComplimentaryCards","DaveBox","AT_MortalBlade","ShadowXiaoBlade","SynthV:TestCard","SynthV","Art of War","Dota2Spire:DrumOfEndurance","Orichalcum","Replay:Baseball","YidongShenshe:ReiMu","Ectoplasm","Replay:Bandana","REME_HourglassOfDeath","Happy Flower","energizedSpire:NeverEndingSparkler","Girya","Replay:Multitool","Ancient Tea Set","Golden Egg","theForsaken:PlagueMask","REME_ArchaeologicalTools"],"acts_visited":["Exordium","TheCity","TheBeyond"],"potions_floor_usage":[38,38,38,50],"damage_taken":[{"damage":0.0,"enemies":"Cultist","floor":1.0,"turns":2.0},{"damage":0.0,"enemies":"Small Slimes","floor":2.0,"turns":1.0},{"damage":18.0,"enemies":"Jaw Worm","floor":3.0,"turns":5.0},{"damage":0.0,"enemies":"Blue Slaver","floor":4.0,"turns":1.0},{"damage":0.0,"enemies":"Gremlin Nob","floor":6.0,"turns":2.0},{"damage":0.0,"enemies":"Replay:BlueRogue","floor":8.0,"turns":2.0},{"damage":0.0,"enemies":"Gremlin Nob","floor":11.0,"turns":1.0},{"damage":0.0,"enemies":"2 Fungi Beasts","floor":13.0,"turns":2.0},{"damage":0.0,"enemies":"Slime Boss","floor":16.0,"turns":2.0},{"damage":0.0,"enemies":"3 Byrds","floor":18.0,"turns":2.0},{"damage":2.0,"enemies":"Shell Parasite","floor":19.0,"turns":2.0},{"damage":0.0,"enemies":"Shelled Parasite and Fungi","floor":20.0,"turns":1.0},{"damage":0.0,"enemies":"Snake Plant","floor":22.0,"turns":1.0},{"damage":24.0,"enemies":"Book of Stabbing","floor":23.0,"turns":2.0},{"damage":5.0,"enemies":"Slavers","floor":25.0,"turns":2.0},{"damage":0.0,"enemies":"Sentry and Sphere","floor":27.0,"turns":3.0},{"damage":9.0,"enemies":"Chosen and Byrds","floor":28.0,"turns":3.0},{"damage":0.0,"enemies":"Centurion and Healer","floor":29.0,"turns":2.0},{"damage":0.0,"enemies":"Sentry and Sphere","floor":30.0,"turns":2.0},{"damage":0.0,"enemies":"Collector","floor":33.0,"turns":3.0},{"damage":5.0,"enemies":"Orb Walker","floor":35.0,"turns":4.0},{"damage":0.0,"enemies":"3 Darklings","floor":36.0,"turns":2.0},{"damage":19.0,"enemies":"2 Orb Walkers","floor":37.0,"turns":3.0},{"damage":72,"enemies":"Spire Growth","floor":38,"turns":8},{"damage":6,"enemies":"Mind Bloom Boss Battle","floor":39,"turns":4},{"damage":0,"enemies":"Nemesis","floor":41,"turns":2},{"damage":15,"enemies":"Maw","floor":42,"turns":3},{"damage":22,"enemies":"Writhing Mass","floor":46,"turns":3},{"damage":3,"enemies":"R_Hoarder","floor":47,"turns":3},{"damage":2,"enemies":"3 Darklings","floor":48,"turns":3},{"damage":52,"enemies":"Awakened One","floor":50,"turns":3}],"seed_played":"6002493888953093912","potions_obtained":[{"floor":3.0,"key":"Dexterity Potion"},{"floor":4.0,"key":"SteroidPotion"},{"floor":8.0,"key":"Adrenaline Potion"},{"floor":13.0,"key":"Fruit Juice"},{"floor":16.0,"key":"Cursed Concoction"},{"floor":25.0,"key":"ZuzhouPotion:ReiMu"},{"floor":46,"key":"SteroidPotion"},{"floor":47,"key":"ZuzhouPotion:ReiMu"}],"is_trial":false,"path_per_floor":["M","M","M","M","$","E","R","E","T","R","E","?","M","?","R","B",null,"M","M","M","?","M","E","R","E","T","M","M","M","M","?","R","B",null,"M","M","?","M","?","R","E","M","T","R","?","M","E","M","R","B"],"character_chosen":"THE_MANIAC","items_purchased":["SynthV"],"campfire_rested":1,"item_purchase_floors":[5],"current_hp_per_floor":[80,80,62,62,62,62,62,62,62,62,62,62,67,67,67,67,85,85,83,83,83,83,59,59,54,54,59,55,65,65,65,65,65,85,81,81,62,25,69,69,69,54,54,54,54,32,29,27,52,0,0],"gold":202,"neow_bonus":"BOSS_RELIC","is_daily":false,"chose_seed":false,"campfire_upgraded":7,"win_rate":0.0,"timestamp":1610547336,"path_taken":["M","M","M","M","$","E","R","E","T","R","E","?","M","?","R","BOSS","M","M","?","?","M","E","R","E","T","M","M","M","M","?","R","BOSS","M","M","?","M","?","R","E","M","T","R","?","M","E","M","R","BOSS"],"items_purchased_type":["Relic"],"build_version":"2020-12-22","purchased_purges":0,"victory":false,"max_hp_per_floor":[80,80,80,80,80,80,80,80,80,80,80,80,85,85,85,85,85,85,85,85,85,85,85,85,85,85,85,85,85,85,85,85,85,85,85,85,85,85,85,85,85,85,85,85,85,85,85,85,85,85,85],"card_choices":[{"not_picked":["maniac:UntravelledPath","maniac:ListenToNone"],"picked":"maniac:Reforge","floor":1.0},{"not_picked":["maniac:ObscuredAttack","maniac:AllOutAttack","maniac:MeleeStrike","maniac:PerceiveDanger"],"picked":"maniac:ShelteringEdge","floor":2.0},{"not_picked":["maniac:BladeEnd","maniac:Reforge","maniac:Retrospect","maniac:Feint"],"picked":"maniac:Exterminator","floor":3.0},{"not_picked":["maniac:Infuriate","maniac:MortalSteel","maniac:UntravelledPath","maniac:Hasten"],"picked":"maniac:ShiftingShadows","floor":4.0},{"not_picked":["maniac:Simulacrum","maniac:TwistedEddies","maniac:ListenToNone","maniac:Hasten"],"picked":"maniac:GlassScratch","floor":6.0},{"not_picked":["maniac:ShelteringEdge","maniac:Feint","maniac:Confront","maniac:UndyingDesire"],"picked":"maniac:Precision","floor":8.0},{"not_picked":["maniac:SeekerKnife","maniac:ListenToNone","maniac:ExpectedMoves","maniac:FindAShortcut"],"picked":"maniac:WardAndDefend","floor":11.0},{"not_picked":["maniac:Refine","maniac:DashForward","maniac:UniversalPerception","maniac:Intimidate"],"picked":"maniac:PanickyParry","floor":13.0},{"not_picked":["maniac:ShadowContact","maniac:Simulacrum","maniac:ReachVictory","maniac:ExceedEnchantment"],"picked":"maniac:Collecting","floor":16.0},{"not_picked":["maniac:Confront","maniac:ListenToNone","maniac:UndyingDesire","maniac:ExceedEnchantment"],"picked":"maniac:BladeShoot","floor":18.0},{"not_picked":["maniac:MeleeStrike+1","maniac:SecretBackups","maniac:Traceback","maniac:UntravelledPath"],"picked":"maniac:FoilArmor+1","floor":19.0},{"not_picked":["maniac:SpectralKnives+1","maniac:DashForward+1","maniac:Intimidate","maniac:Refine"],"picked":"maniac:ColdHeart","floor":20.0},{"not_picked":["maniac:UntravelledPath","maniac:BladeShoot","maniac:UndyingDesire","maniac:ColdHeart+1"],"picked":"maniac:BladesInCloak+1","floor":22.0},{"not_picked":["maniac:BladesInCloak","maniac:WardAndDefend","maniac:DashForward","maniac:ReachVictory","maniac:Assassinate"],"picked":"SKIP","floor":23.0},{"not_picked":["maniac:SeekerKnife","maniac:AlleviatingSorcery","maniac:ListenToNone","maniac:Hasten"],"picked":"maniac:BladeArtist","floor":25.0},{"not_picked":["maniac:UntravelledPath+1","maniac:MeleeStrike","maniac:Confront+1","maniac:UndyingDesire"],"picked":"maniac:ReconstructWounds+1","floor":27.0},{"not_picked":["maniac:DashForward","maniac:Exterminator+1","maniac:Traceback","maniac:ManipulatedFaith+1"],"picked":"maniac:BladeShoot+1","floor":28.0},{"not_picked":["maniac:UntravelledPath+1","maniac:ShadowContact","maniac:ArmToTheTeeth+1","maniac:DashForward"],"picked":"maniac:PanickyParry","floor":29.0},{"not_picked":["maniac:Intimidate","maniac:WardAndDefend","maniac:Hasten","maniac:UntravelledPath"],"picked":"maniac:PanickyParry","floor":30.0},{"not_picked":["maniac:ShadowContact","maniac:Collecting","maniac:Deal","maniac:ForsakenHand"],"picked":"maniac:FanTheHammer","floor":33.0},{"not_picked":["maniac:FindAShortcut","maniac:ShelteringEdge+1","maniac:SeekerKnife+1","maniac:ObscuredAttack+1"],"picked":"maniac:BladeShoot","floor":35.0},{"not_picked":["maniac:BladesInCloak+1","maniac:Quickdraw","maniac:MeleeStrike","maniac:FindAShortcut+1"],"picked":"maniac:SeeingDetails+1","floor":36.0},{"not_picked":["maniac:SpectralKnives+1","maniac:UntravelledPath+1","maniac:ManipulatedFaith","maniac:ReconstructWounds"],"picked":"maniac:BladeShoot+1","floor":37.0},{"not_picked":["maniac:MeleeStrike+1","maniac:BladeEnd+1","maniac:UndyingDesire","maniac:ShadowContact"],"picked":"maniac:PanickyParry+1","floor":38},{"not_picked":["maniac:FindAShortcut","maniac:PanickyParry+1","maniac:Refine+1","maniac:EndOfTheRoad"],"picked":"maniac:Confront","floor":39},{"not_picked":["maniac:MeleeStrike","maniac:ShelteringEdge","maniac:BladesInCloak+1","maniac:UntravelledPath"],"picked":"maniac:Intimidate+1","floor":41},{"not_picked":["maniac:Quickdraw+1","maniac:MortalSteel","maniac:MeleeStrike+1","maniac:FindAShortcut"],"picked":"maniac:Intimidate+1","floor":42},{"not_picked":["maniac:SecretBackups+1","maniac:UntravelledPath","maniac:AllOutAttack","maniac:BladeShoot+1"],"picked":"maniac:PanickyParry+1","floor":46},{"not_picked":["maniac:MeleeStrike+1","maniac:Whirlscythe+1","maniac:Collecting","maniac:PanickyParry"],"picked":"maniac:Recollect+1","floor":47},{"not_picked":["maniac:BladeShoot","maniac:UndyingDesire","maniac:WitnessTrueSorcery+1","maniac:Traceback+1"],"picked":"maniac:BladesInCloak+1","floor":48}],"player_experience":95574,"relics_obtained":[{"floor":1.0,"key":"SynthV:TestCard"},{"floor":6.0,"key":"Art of War"},{"floor":8.0,"key":"Dota2Spire:DrumOfEndurance"},{"floor":9.0,"key":"Orichalcum"},{"floor":11.0,"key":"Replay:Baseball"},{"floor":23.0,"key":"Replay:Bandana"},{"floor":25.0,"key":"REME_HourglassOfDeath"},{"floor":26.0,"key":"Happy Flower"},{"floor":37.0,"key":"Girya"},{"floor":39,"key":"Replay:Multitool"},{"floor":41,"key":"Ancient Tea Set"},{"floor":43,"key":"Golden Egg"},{"floor":47,"key":"REME_ArchaeologicalTools"}],"event_choices":[{"damage_healed":0.0,"max_hp_gain":0.0,"max_hp_loss":0.0,"gold_gain":0.0,"event_name":"yidonshenshe","player_choice":"带走神社","floor":12.0,"gold_loss":0.0,"damage_taken":0.0,"relics_obtained":["YidongShenshe:ReiMu"],"cards_obtained":["Poor:ReiMu"]},{"damage_healed":0.0,"max_hp_gain":0.0,"max_hp_loss":0.0,"gold_gain":0.0,"cards_transformed":["Poor:ReiMu"],"event_name":"Transmorgrifier","player_choice":"Transformed","floor":14.0,"gold_loss":0.0,"damage_taken":0.0,"cards_obtained":["Replay:Hysterical Blindness"]},{"damage_healed":0.0,"max_hp_gain":0.0,"max_hp_loss":0.0,"gold_gain":0.0,"event_name":"The Library","player_choice":"Read","floor":21.0,"gold_loss":0.0,"damage_taken":0.0,"cards_obtained":["maniac:BladesInCloak"]},{"damage_healed":0.0,"max_hp_gain":0.0,"max_hp_loss":0.0,"gold_gain":0.0,"event_name":"Drug Dealer","player_choice":"Obtain J.A.X.","floor":31.0,"gold_loss":0.0,"damage_taken":0.0,"cards_obtained":["J.A.X."]},{"damage_healed":0.0,"max_hp_gain":0.0,"max_hp_loss":0.0,"gold_gain":0.0,"event_name":"Mysterious Sphere","player_choice":"Fight","floor":37.0,"gold_loss":0.0,"damage_taken":0.0},{"damage_healed":0,"gold_gain":0,"player_choice":"Fight","damage_taken":0,"max_hp_gain":0,"max_hp_loss":0,"event_name":"MindBloom","floor":39,"gold_loss":0},{"damage_healed":0,"gold_gain":0,"player_choice":"Obtain Plague Curse","damage_taken":0,"max_hp_gain":0,"max_hp_loss":0,"event_name":"Plague Doctor","floor":45,"gold_loss":0,"cards_obtained":["theForsaken:PlagueCurse"]}],"is_beta":false,"boss_relics":[{"not_picked":["SacredBark","Transparent"],"picked":"Ectoplasm"},{"not_picked":["Runesmith:UraniumAnvil","RhineFirstAidKit"],"picked":"energizedSpire:NeverEndingSparkler"}],"items_purged_floors":[],"is_endless":false,"potions_floor_spawned":[3,4,8,13,16,18,20,25,27,36,37,46,47],"killed_by":"Awakened One","ascension_level":3}}