{"host":"Ian","time":1610529845,"event":{"mods":["BaseMod","Bestiary","Block Reminder","Colored Map","Highlight Path","Key Reminder","Minty Spire (QoL Compilation)","Relic Stats"],"gold_per_floor":[112,37,37,53,2,36,36,36,36,36,50,84,98,112,112,186,186,196,212,137,137,137,137,137,52,52,63,63,90,90,103,103,178,178,191,191,13,13,31,31,58,58,106,106,106,106],"floor_reached":45,"language":"ENG","playtime":1670,"items_purged":[],"score":1084,"play_id":"5b608a8d-e4bf-4d57-aaad-e47176999dcc","local_time":"20210113092405","is_ascension_mode":true,"campfire_choices":[{"data":"Whirlwind","floor":7.0,"key":"SMITH"},{"data":"Shrug It Off","floor":10,"key":"SMITH"},{"data":"Flex","floor":15,"key":"SMITH"},{"data":"J.A.X.","floor":23,"key":"SMITH"},{"data":"Limit Break","floor":28,"key":"SMITH"},{"data":"Rupture","floor":30,"key":"SMITH"},{"data":"Ghostly","floor":32,"key":"SMITH"},{"floor":40,"key":"RECALL"},{"data":"Ghostly","floor":42,"key":"SMITH"},{"data":"Ghostly","floor":44,"key":"SMITH"}],"circlet_count":0,"master_deck":["AscendersBane","Strike_R+1","Defend_R","Defend_R","Defend_R","Bash","Twin Strike","Whirlwind+1","Flex+1","Shrug It Off+1","Limit Break+1","Thunderclap","Reaper","Disarm","Burning Pact","J.A.X.+1","Ghostly+1","Ghostly+1","Ghostly+1","Rupture+1","Rupture","Fiend Fire","Clothesline+1","Battle Trance+1","Carnage+1","Warcry+1","Impervious","Feel No Pain+1","Dark Embrace"],"relics":["Burning Blood","NeowsBlessing","Bronze Scales","Bag of Marbles","Whetstone","Centennial Puzzle","Cursed Key","HornCleat","WingedGreaves","Astrolabe","Omamori"],"acts_visited":["Exordium","TheCity","TheBeyond"],"potions_floor_usage":[45],"damage_taken":[{"damage":0.0,"enemies":"Jaw Worm","floor":1.0,"turns":1.0},{"damage":0.0,"enemies":"Small Slimes","floor":4.0,"turns":1.0},{"damage":0.0,"enemies":"Gremlin Nob","floor":6.0,"turns":1.0},{"damage":3,"enemies":"2 Louse","floor":11,"turns":2},{"damage":24,"enemies":"Lagavulin","floor":12,"turns":5},{"damage":1,"enemies":"Looter","floor":13,"turns":3},{"damage":13,"enemies":"Large Slime","floor":14,"turns":4},{"damage":50,"enemies":"The Guardian","floor":16,"turns":14},{"damage":12,"enemies":"Chosen","floor":18,"turns":3},{"damage":24,"enemies":"Spheric Guardian","floor":19,"turns":5},{"damage":3,"enemies":"Snake Plant","floor":27,"turns":3},{"damage":41,"enemies":"Book of Stabbing","floor":29,"turns":5},{"damage":5,"enemies":"Chosen and Byrds","floor":31,"turns":5},{"damage":4,"enemies":"Automaton","floor":33,"turns":6},{"damage":7,"enemies":"3 Darklings","floor":35,"turns":4},{"damage":15,"enemies":"Orb Walker","floor":39,"turns":4},{"damage":25,"enemies":"Giant Head","floor":41,"turns":7},{"damage":83,"enemies":"Nemesis","floor":45,"turns":9}],"seed_played":"-2635890005908074760","potions_obtained":[{"floor":4.0,"key":"Dexterity Potion"},{"floor":6.0,"key":"FairyPotion"},{"floor":33,"key":"Explosive Potion"},{"floor":35,"key":"Swift Potion"},{"floor":39,"key":"DistilledChaos"},{"floor":41,"key":"Block Potion"}],"is_trial":false,"path_per_floor":["M","?","$","M","$","E","R","?","T","R","M","E","M","M","R","B",null,"M","M","?","?","?","R","?","?","T","M","R","E","R","M","R","B",null,"M","?","$","?","M","R","E","R","T","R","E"],"character_chosen":"IRONCLAD","items_purchased":["Flex","Impervious"],"campfire_rested":0,"item_purchase_floors":[5,37],"current_hp_per_floor":[74,74,74,75,75,75,75,75,75,75,75,57,62,55,55,11,59,65,47,47,26,26,26,26,26,26,29,29,10,10,18,18,40,40,40,40,40,38,38,38,19,19,19,19,0,0],"gold":106,"neow_bonus":"THREE_ENEMY_KILL","is_daily":false,"chose_seed":false,"campfire_upgraded":9,"win_rate":0.0,"timestamp":1610529845,"path_taken":["M","?","$","M","$","E","R","?","T","R","M","E","M","M","R","BOSS","M","M","?","?","?","R","?","?","T","?","R","E","R","M","R","BOSS","M","?","$","?","M","R","E","R","T","R","E"],"items_purchased_type":["Card","Card"],"build_version":"2020-12-18","purchased_purges":0,"victory":false,"max_hp_per_floor":[75,75,75,75,75,75,75,75,75,75,75,75,75,75,75,75,75,75,75,75,80,80,80,40,40,40,40,40,40,40,40,40,40,40,40,40,40,38,38,38,38,38,38,38,38,38],"relic_stats":{"Centennial Puzzle":[36],"counters":[18,82],"Bronze Scales":[243],"Astrolabe":["Clothesline","Battle Trance","Carnage"],"Whetstone":["Strike_R","Strike_R"],"Cursed Key":1,"obtain_stats":[{"keyreminder:keyreminder":6,"Centennial Puzzle":12,"HornCleat":25,"NeowsBlessing":0,"Bronze Scales":6,"Astrolabe":34,"WingedGreaves":29,"Bag of Marbles":8,"Omamori":41,"Whetstone":9,"Cursed Key":17,"Burning Blood":0},{"keyreminder:keyreminder":3,"Centennial Puzzle":5,"HornCleat":10,"NeowsBlessing":0,"Bronze Scales":3,"Astrolabe":14,"WingedGreaves":12,"Bag of Marbles":3,"Omamori":17,"Whetstone":3,"Cursed Key":8,"Burning Blood":0},{"keyreminder:keyreminder":3,"Centennial Puzzle":10,"HornCleat":39,"NeowsBlessing":0,"Bronze Scales":3,"Astrolabe":58,"WingedGreaves":47,"Bag of Marbles":3,"Omamori":73,"Whetstone":3,"Cursed Key":31,"Burning Blood":0}],"Burning Blood":72},"card_choices":[{"not_picked":["Warcry","Flex"],"picked":"Twin Strike","floor":1.0},{"not_picked":["Clash","Burning Pact"],"picked":"Whirlwind","floor":4.0},{"not_picked":["Body Slam","Thunderclap"],"picked":"Shrug It Off","floor":6.0},{"not_picked":["Second Wind","Sever Soul","Sentinel"],"picked":"SKIP","floor":11},{"not_picked":["Fire Breathing","Havoc"],"picked":"Limit Break","floor":12},{"not_picked":["Heavy Blade","Blood for Blood"],"picked":"Thunderclap","floor":13},{"not_picked":["Dropkick","Pommel Strike","Shockwave"],"picked":"SKIP","floor":14},{"not_picked":["Corruption","Offering"],"picked":"Reaper","floor":16},{"not_picked":["Evolve+1","Bloodletting"],"picked":"Disarm","floor":18},{"not_picked":["Shrug It Off","Warcry"],"picked":"Burning Pact","floor":19},{"not_picked":["Reckless Charge","Twin Strike","Thunderclap"],"picked":"SKIP","floor":27},{"not_picked":["Shockwave","Intimidate"],"picked":"Rupture","floor":29},{"not_picked":["Heavy Blade","Body Slam"],"picked":"Rupture","floor":31},{"not_picked":["Demon Form","Bludgeon"],"picked":"Fiend Fire","floor":33},{"not_picked":["Flex","Sever Soul+1"],"picked":"Warcry+1","floor":35},{"not_picked":["Anger+1","Sentinel"],"picked":"Feel No Pain+1","floor":39},{"not_picked":["Pommel Strike","Metallicize"],"picked":"Dark Embrace","floor":41}],"player_experience":2677145,"relics_obtained":[{"floor":6.0,"key":"Bronze Scales"},{"floor":9.0,"key":"Whetstone"},{"floor":12,"key":"Centennial Puzzle"},{"floor":29,"key":"WingedGreaves"},{"floor":41,"key":"Omamori"}],"event_choices":[{"cards_removed":["Strike_R"],"damage_healed":0.0,"max_hp_gain":0.0,"max_hp_loss":0.0,"gold_gain":0.0,"event_name":"The Cleric","player_choice":"Card Removal","floor":2.0,"gold_loss":75.0,"damage_taken":0.0},{"damage_healed":0.0,"max_hp_gain":0.0,"max_hp_loss":0.0,"gold_gain":0.0,"event_name":"Dead Adventurer","player_choice":"Searched \u00271\u0027 times","floor":8.0,"gold_loss":0.0,"damage_taken":0.0,"relics_obtained":["Bag of Marbles"]},{"cards_removed":["Strike_R"],"damage_healed":0,"gold_gain":0,"player_choice":"Gave Gold","damage_taken":0,"max_hp_gain":0,"max_hp_loss":0,"event_name":"Beggar","floor":20,"gold_loss":75},{"damage_healed":0,"gold_gain":0,"player_choice":"Shed Blood","damage_taken":26,"max_hp_gain":5,"max_hp_loss":0,"event_name":"Forgotten Altar","floor":21,"gold_loss":0},{"damage_healed":0,"gold_gain":0,"player_choice":"Obtain J.A.X.","damage_taken":0,"max_hp_gain":0,"max_hp_loss":0,"event_name":"Drug Dealer","floor":22,"gold_loss":0,"cards_obtained":["J.A.X."]},{"damage_healed":0,"gold_gain":0,"player_choice":"Became a Ghost","damage_taken":0,"max_hp_gain":0,"max_hp_loss":40,"event_name":"Ghosts","floor":24,"gold_loss":0,"cards_obtained":["Ghostly","Ghostly","Ghostly"]},{"damage_healed":0,"gold_gain":0,"player_choice":"Obtained Relic","damage_taken":0,"relics_obtained":["HornCleat"],"max_hp_gain":0,"max_hp_loss":0,"event_name":"Addict","floor":25,"gold_loss":85},{"damage_healed":0,"gold_gain":0,"player_choice":"0 cards matched","damage_taken":0,"max_hp_gain":0,"max_hp_loss":0,"event_name":"Match and Keep!","floor":36,"gold_loss":0,"cards_obtained":[]},{"damage_healed":0,"gold_gain":0,"player_choice":"Max HP","damage_taken":0,"max_hp_gain":0,"max_hp_loss":2,"event_name":"Winding Halls","floor":38,"gold_loss":0}],"is_beta":true,"boss_relics":[{"not_picked":["Ectoplasm","Mark of Pain"],"picked":"Cursed Key"},{"not_picked":["Sozu","Calling Bell"],"picked":"Astrolabe"}],"items_purged_floors":[],"is_endless":false,"potions_floor_spawned":[4,6,19,29,33,35,39,41],"killed_by":"Nemesis","ascension_level":20}}