{"host":"l60rmjjsfi0fipmi","time":1610565750,"event":{"mods":["BaseMod","Colored Map","DeckTracker","Hermit","Highlight Path","Jorbs\u0027s Wanderer Trilogy","Minty Spire (QoL Compilation)","StSLib","The Cursed"],"gold_per_floor":[113,113,132,132,147,179,179,204,229,244,244,270,235,245,245,342,342,354,354,354,354,209,209,209,209],"floor_reached":24,"language":"ENG","playtime":969,"items_purged":[],"score":244,"play_id":"58d69fb7-22ab-40fc-ba70-ded9f80143ef","local_time":"20210113142230","is_ascension_mode":true,"campfire_choices":[{"floor":7,"key":"REST"},{"floor":15,"key":"REST"},{"floor":23,"key":"REST"}],"circlet_count":0,"master_deck":["Strike_R","Strike_R","Strike_R","Defend_R","Defend_R","Defend_R+1","Bash","Cleave+1","Infernal Blade","Wild Strike","Pommel Strike","Iron Wave","Armaments","Inflame","Reaper","Flex","Necronomicurse","Blood for Blood","Battle Trance"],"relics":["Burning Blood","Blood Vial","Potion Belt","Juzu Bracelet","Pear","Black Star","Necronomicon"],"acts_visited":["Exordium","TheCity"],"potions_floor_usage":[8,12,12,12,24],"damage_taken":[{"damage":7,"enemies":"2 Louse","floor":1,"turns":3},{"damage":1,"enemies":"Cultist","floor":3,"turns":3},{"damage":4,"enemies":"Jaw Worm","floor":5,"turns":2},{"damage":52,"enemies":"3 Sentries","floor":6,"turns":7},{"damage":35,"enemies":"Lagavulin","floor":8,"turns":4},{"damage":8,"enemies":"Blue Slaver","floor":10,"turns":2},{"damage":5,"enemies":"Gremlin Nob","floor":12,"turns":4},{"damage":17,"enemies":"Large Slime","floor":14,"turns":6},{"damage":42,"enemies":"Slime Boss","floor":16,"turns":12},{"damage":71,"enemies":"Shell Parasite","floor":18,"turns":9},{"damage":72,"enemies":"Book of Stabbing","floor":24,"turns":4}],"seed_played":"8103411595336713730","potions_obtained":[{"floor":1,"key":"CultistPotion"},{"floor":5,"key":"FearPotion"},{"floor":6,"key":"DistilledChaos"},{"floor":8,"key":"SkillPotion"},{"floor":11,"key":"Ancient Potion"},{"floor":11,"key":"HeartOfIron"},{"floor":16,"key":"BlessingOfTheForge"}],"is_trial":false,"path_per_floor":["M","?","M","?","M","E","R","E","T","M","?","E","?","M","R","B",null,"M","?","?","?","$","R","E"],"character_chosen":"IRONCLAD","items_purchased":["Blood for Blood","Battle Trance"],"campfire_rested":3,"item_purchase_floors":[22,22],"current_hp_per_floor":[71,71,72,58,60,14,35,8,8,8,8,21,41,32,56,22,82,23,50,50,34,34,58,0,0],"gold":209,"neow_bonus":"REMOVE_TWO","is_daily":false,"chose_seed":false,"campfire_upgraded":0,"win_rate":0.0,"timestamp":1610565750,"path_taken":["M","?","M","?","M","E","R","E","T","M","?","E","?","M","R","BOSS","M","?","?","?","$","R","E"],"items_purchased_type":["Card","Card"],"build_version":"2020-12-22","purchased_purges":0,"victory":false,"max_hp_per_floor":[72,72,72,72,72,72,72,72,72,72,72,82,82,82,82,82,82,82,82,82,82,82,82,82,82],"card_choices":[{"not_picked":["Battle Trance","Flex"],"picked":"Cleave","floor":1},{"not_picked":["Metallicize","Headbutt"],"picked":"Infernal Blade","floor":3},{"not_picked":["Combust","Clash"],"picked":"Wild Strike","floor":5},{"not_picked":["Heavy Blade","Twin Strike"],"picked":"Pommel Strike","floor":6},{"not_picked":["Cleave","Twin Strike"],"picked":"Iron Wave","floor":8},{"not_picked":["Corruption","Body Slam","Sword Boomerang"],"picked":"SKIP","floor":10},{"not_picked":["Havoc","Heavy Blade"],"picked":"Armaments","floor":12},{"not_picked":["Hemokinesis","Clothesline"],"picked":"Inflame","floor":14},{"not_picked":["Berserk","Fiend Fire"],"picked":"Reaper","floor":16},{"not_picked":["Shrug It Off","Wild Strike"],"picked":"Flex","floor":18}],"player_experience":375959,"relics_obtained":[{"floor":6,"key":"Blood Vial"},{"floor":8,"key":"Potion Belt"},{"floor":9,"key":"Juzu Bracelet"},{"floor":12,"key":"Pear"},{"floor":21,"key":"Necronomicon"}],"event_choices":[{"damage_healed":0,"gold_gain":0,"player_choice":"Ignored","damage_taken":0,"max_hp_gain":0,"max_hp_loss":0,"event_name":"Liars Game","floor":2,"gold_loss":0},{"damage_healed":0,"gold_gain":0,"player_choice":"Entered Light","damage_taken":14,"max_hp_gain":0,"max_hp_loss":0,"event_name":"Shining Light","floor":4,"gold_loss":0,"cards_upgraded":["Defend_R","Cleave"]},{"damage_healed":0,"gold_gain":0,"player_choice":"Got Potions","damage_taken":0,"max_hp_gain":0,"max_hp_loss":0,"event_name":"Lab","floor":11,"gold_loss":0},{"damage_healed":20,"gold_gain":0,"player_choice":"Healed","damage_taken":0,"max_hp_gain":0,"max_hp_loss":0,"event_name":"The Cleric","floor":13,"gold_loss":35},{"damage_healed":27,"gold_gain":0,"player_choice":"Heal","damage_taken":0,"max_hp_gain":0,"max_hp_loss":0,"event_name":"The Library","floor":19,"gold_loss":0},{"cards_removed":["Strike_R"],"damage_healed":0,"gold_gain":0,"player_choice":"Elegance","damage_taken":0,"max_hp_gain":0,"max_hp_loss":0,"event_name":"Back to Basics","floor":20,"gold_loss":0},{"damage_healed":0,"gold_gain":0,"player_choice":"Obtained Book","damage_taken":16,"max_hp_gain":0,"max_hp_loss":0,"event_name":"Cursed Tome","floor":21,"gold_loss":0}],"is_beta":false,"boss_relics":[{"not_picked":["Fusion Hammer","Ectoplasm"],"picked":"Black Star"}],"items_purged_floors":[],"is_endless":false,"potions_floor_spawned":[1,5,6,8,16],"killed_by":"Book of Stabbing","ascension_level":3}}