{"host":"fq1bpa5mgr3rtgnr","time":1610534632,"event":{"mods":["AchievementEnabler","BaseMod","Colored Map","Colored Powertips","Highlight Path","Minty Spire (QoL Compilation)","Relic Stats","StSLib","The Animator"],"gold_per_floor":[110,110,35,61,84,84,84,115,166,176,236,236,289,309,309,426,451,467,177,196,196,221,272,272,332,332,332,431,456,472,525,525,525,525],"floor_reached":33,"language":"ENG","playtime":1992,"items_purged":["animator:Strike"],"score":461,"play_id":"99d3f116-80ca-416f-ba00-93a1f66bf9eb","local_time":"20210113054352","is_ascension_mode":true,"campfire_choices":[{"data":"animator:Strike_FullmetalAlchemist","floor":6.0,"key":"SMITH"},{"data":"animator:Nanami","floor":12.0,"key":"SMITH"},{"data":"animator:MetalKnight","floor":15.0,"key":"SMITH"},{"data":"animator:Strike","floor":24.0,"key":"PURGE"},{"data":"animator:Tatsumaki","floor":27.0,"key":"SMITH"},{"data":"animator:Defend","floor":32.0,"key":"PURGE"}],"circlet_count":0,"master_deck":["animator:Strike_FullmetalAlchemist+1","animator:Defend_FullmetalAlchemist","animator:Defend","animator:Defend","animator:ElricEdward+1","animator:ElricAlphonse","animator:Sonic","animator:Pride","animator:Gilgamesh+9","animator:Vesta","animator:Nanami+1","animator:Emonzaemon","animator:MetalKnight+1","animator:Saitama","animator:Tatsumaki+1","Necronomicurse","animator:Shichika","animator:Sebas+1"],"relics":["animator:VividPicture","animator:TheMissingPiece","NeowsBlessing","animator:HeavyHalberd","Oddly Smooth Stone","Pear","TungstenRod","Peace Pipe","Necronomicon","animator:Hoodie","animator:WornHelmet","Thread and Needle","Akabeko"],"acts_visited":["Exordium","TheCity"],"potions_floor_usage":[],"damage_taken":[{"damage":0.0,"enemies":"2 Louse","floor":1.0,"turns":1.0},{"damage":0.0,"enemies":"Cultist","floor":4.0,"turns":1.0},{"damage":0.0,"enemies":"Jaw Worm","floor":5.0,"turns":1.0},{"damage":5.0,"enemies":"3 Sentries","floor":8.0,"turns":8.0},{"damage":2.0,"enemies":"Red Slaver","floor":10.0,"turns":4.0},{"damage":0.0,"enemies":"Lagavulin","floor":11.0,"turns":6.0},{"damage":26.0,"enemies":"Gremlin Nob","floor":13.0,"turns":6.0},{"damage":12.0,"enemies":"Exordium Thugs","floor":14.0,"turns":5.0},{"damage":6.0,"enemies":"Hexaghost","floor":16.0,"turns":9.0},{"damage":12.0,"enemies":"3 Byrds","floor":18.0,"turns":5.0},{"damage":0.0,"enemies":"Spheric Guardian","floor":20.0,"turns":4.0},{"damage":0.0,"enemies":"Gremlin Leader","floor":23.0,"turns":5.0},{"damage":21.0,"enemies":"Slavers","floor":25.0,"turns":4.0},{"damage":0.0,"enemies":"Chosen and Byrds","floor":30.0,"turns":3.0},{"damage":0.0,"enemies":"animator:HornedBat","floor":31.0,"turns":6.0},{"damage":31,"enemies":"Collector","floor":33,"turns":6}],"seed_played":"-167115839217932395","potions_obtained":[{"floor":4.0,"key":"Fire Potion"},{"floor":10.0,"key":"EntropicBrew"},{"floor":11.0,"key":"AttackPotion"},{"floor":25.0,"key":"Swift Potion"},{"floor":30.0,"key":"Swift Potion"}],"is_trial":false,"path_per_floor":["M","?","$","M","M","R","?","E","T","M","E","R","E","M","R","B",null,"M","$","M","?","?","E","R","E","T","R","?","T","M","E","R","B"],"character_chosen":"THE_ANIMATOR","items_purchased":["Peace Pipe"],"campfire_rested":0,"item_purchase_floors":[19],"current_hp_per_floor":[66,66,66,66,66,66,66,61,61,59,69,69,43,32,32,26,77,65,65,66,52,40,40,40,19,19,19,19,19,22,25,25,0,0],"gold":525,"neow_bonus":"THREE_ENEMY_KILL","is_daily":false,"chose_seed":false,"campfire_upgraded":4,"win_rate":0.0,"timestamp":1610534632,"path_taken":["M","?","$","M","?","R","?","E","T","M","E","R","E","?","R","BOSS","M","$","M","?","?","E","R","E","T","R","?","?","M","E","R","BOSS"],"items_purchased_type":["Relic"],"build_version":"2020-12-22","purchased_purges":1,"victory":false,"max_hp_per_floor":[66,66,66,66,66,66,66,66,66,66,76,76,76,77,77,77,77,77,77,78,83,83,83,83,83,83,83,83,83,86,89,89,89,89],"relic_stats":{"Peace Pipe":3,"counters":[16,74],"Necronomicon":[14],"obtain_stats":[{"Pear":11,"animator:Hoodie":23,"NeowsBlessing":0,"animator:TheMissingPiece":0,"Oddly Smooth Stone":9,"Thread and Needle":29,"animator:WornHelmet":25,"Akabeko":31,"Peace Pipe":19,"animator:LivingPicture":0,"Necronomicon":22,"animator:HeavyHalberd":8,"animator:VividPicture":17,"TungstenRod":13},{"Pear":6,"animator:Hoodie":12,"NeowsBlessing":0,"animator:TheMissingPiece":0,"Oddly Smooth Stone":4,"Thread and Needle":13,"animator:WornHelmet":13,"Akabeko":15,"Peace Pipe":10,"animator:LivingPicture":0,"Necronomicon":11,"animator:HeavyHalberd":4,"animator:VividPicture":9,"TungstenRod":7},{"Pear":21,"animator:Hoodie":55,"NeowsBlessing":0,"animator:TheMissingPiece":0,"Oddly Smooth Stone":11,"Thread and Needle":59,"animator:WornHelmet":59,"Akabeko":68,"Peace Pipe":46,"animator:LivingPicture":0,"Necronomicon":50,"animator:HeavyHalberd":11,"animator:VividPicture":41,"TungstenRod":27}],"TungstenRod":30},"card_choices":[{"not_picked":["animator:Illya","animator:SilverFang","animator:GazelDwargon"],"picked":"SKIP","floor":1.0},{"not_picked":["animator:ShinjiMatou","animator:Alexander"],"picked":"animator:Sonic","floor":4.0},{"not_picked":["animator:Demiurge","animator:Evileye"],"picked":"animator:Pride","floor":5.0},{"not_picked":["animator:Illya","animator:Berserker"],"picked":"animator:Gilgamesh","floor":8.0},{"not_picked":["animator:Hakurou","animator:UneriGinkaku"],"picked":"animator:Vesta","floor":10.0},{"not_picked":["animator:Geryuganshoop","animator:SayakaMiki"],"picked":"animator:Nanami","floor":11.0},{"not_picked":["animator:Geryuganshoop","animator:TsurugaMeisai"],"picked":"animator:Emonzaemon","floor":13.0},{"not_picked":["animator:MumenRider","animator:Melzalgald"],"picked":"animator:MetalKnight","floor":14.0},{"not_picked":["animator:Boros","animator:MadokaKaname"],"picked":"animator:Saitama","floor":16.0},{"not_picked":["animator:KyokoSakura","animator:Benimaru+1","animator:Pride"],"picked":"SKIP","floor":18.0},{"not_picked":["animator:Scar","animator:Geryuganshoop+1"],"picked":"animator:Tatsumaki","floor":20.0},{"not_picked":["animator:SakuraMatou+1","animator:Shalltear","animator:GazelDwargon"],"picked":"SKIP","floor":23.0},{"not_picked":["animator:Konayuki","animator:ZankiKiguchi"],"picked":"animator:Shichika","floor":25.0},{"not_picked":["animator:Tatsumaki+1","animator:Demiurge"],"picked":"animator:Sebas+1","floor":30.0},{"not_picked":["animator:Archer","animator:Hitei","animator:Rider"],"picked":"SKIP","floor":31.0}],"player_experience":411215,"relics_obtained":[{"floor":8.0,"key":"animator:HeavyHalberd"},{"floor":9.0,"key":"Oddly Smooth Stone"},{"floor":11.0,"key":"Pear"},{"floor":13.0,"key":"TungstenRod"},{"floor":22.0,"key":"Necronomicon"},{"floor":23.0,"key":"animator:Hoodie"},{"floor":25.0,"key":"animator:WornHelmet"},{"floor":29.0,"key":"Thread and Needle"},{"floor":31.0,"key":"Akabeko"}],"event_choices":[{"damage_healed":0.0,"max_hp_gain":0.0,"max_hp_loss":0.0,"gold_gain":0.0,"event_name":"Upgrade Shrine","player_choice":"Upgraded","floor":2.0,"gold_loss":0.0,"damage_taken":0.0,"cards_upgraded":["animator:ElricEdward"]},{"cards_removed":["animator:Strike"],"damage_healed":0.0,"max_hp_gain":0.0,"max_hp_loss":0.0,"gold_gain":0.0,"event_name":"Purifier","player_choice":"Purged","floor":7.0,"gold_loss":0.0,"damage_taken":0.0},{"damage_healed":0.0,"max_hp_gain":5.0,"max_hp_loss":0.0,"gold_gain":0.0,"event_name":"Forgotten Altar","player_choice":"Shed Blood","floor":21.0,"gold_loss":0.0,"damage_taken":20.0},{"damage_healed":0.0,"max_hp_gain":0.0,"max_hp_loss":0.0,"gold_gain":0.0,"event_name":"Cursed Tome","player_choice":"Obtained Book","floor":22.0,"gold_loss":0.0,"damage_taken":16.0},{"damage_healed":0.0,"max_hp_gain":0.0,"max_hp_loss":0.0,"gold_gain":99.0,"event_name":"Nest","player_choice":"Stole From Cult","floor":28.0,"gold_loss":0.0,"damage_taken":0.0}],"is_beta":false,"boss_relics":[{"not_picked":["Ectoplasm","Astrolabe"],"picked":"animator:VividPicture"}],"items_purged_floors":[3],"is_endless":false,"potions_floor_spawned":[4,10,11,16,20,25,30],"killed_by":"Collector","ascension_level":2}}