{"host":"25fn74ijs2305xd4","time":1610553693,"event":{"mods":["AchievementEnabler","BaseMod","Colored Map","Colored Powertips","Dark Map","Minty Spire (QoL Compilation)","Relic Stats","StSLib"],"gold_per_floor":[110,125,137,149,160,160,189,189,189,219,219,219,219,250,250,355,355,367,386,386,67,67,100,100,131,131,151,176,276,276,276],"floor_reached":30,"language":"POL","playtime":1225,"items_purged":["Defend_R"],"score":340,"play_id":"1a53c550-1731-490b-b066-73fe1e83c6a8","local_time":"20210113170133","is_ascension_mode":true,"campfire_choices":[{"data":"Clothesline","floor":6,"key":"SMITH"},{"floor":8,"key":"REST"},{"floor":12,"key":"REST"},{"data":"Pummel","floor":15,"key":"SMITH"},{"floor":24,"key":"REST"}],"circlet_count":0,"master_deck":["Strike_R","Strike_R+1","Defend_R","Bash","Armaments+1","Brutality","Shrug It Off","Twin Strike","Fire Breathing","Clothesline+1","Cleave","Intimidate","Pummel+1","Rage","Barricade","Burning Pact","Reckless Charge","Feel No Pain","Flame Barrier+1","Metallicize","Corruption"],"relics":["Burning Blood","Juzu Bracelet","PreservedInsect","Boot","Pantograph","Mark of Pain","Matryoshka","Toxic Egg 2","Potion Belt","Centennial Puzzle","Paper Frog","Blood Vial"],"acts_visited":["Exordium","TheCity"],"potions_floor_usage":[7,25],"damage_taken":[{"damage":3,"enemies":"2 Louse","floor":1,"turns":5},{"damage":2,"enemies":"Small Slimes","floor":2,"turns":3},{"damage":1,"enemies":"Jaw Worm","floor":3,"turns":3},{"damage":32,"enemies":"Lots of Slimes","floor":4,"turns":7},{"damage":5,"enemies":"Red Slaver","floor":5,"turns":4},{"damage":17,"enemies":"3 Sentries","floor":7,"turns":4},{"damage":14,"enemies":"Lagavulin","floor":14,"turns":5},{"damage":34,"enemies":"Slime Boss","floor":16,"turns":8},{"damage":19,"enemies":"Shell Parasite","floor":18,"turns":6},{"damage":13,"enemies":"3 Byrds","floor":19,"turns":6},{"damage":26,"enemies":"Book of Stabbing","floor":23,"turns":5},{"damage":22,"enemies":"Gremlin Leader","floor":25,"turns":5},{"damage":17,"enemies":"Centurion and Healer","floor":27,"turns":5},{"damage":18,"enemies":"Slavers","floor":28,"turns":4},{"damage":32,"enemies":"Shelled Parasite and Fungi","floor":30,"turns":3}],"seed_played":"-2457614938704996772","potions_obtained":[{"floor":1,"key":"DuplicationPotion"},{"floor":3,"key":"Weak Potion"},{"floor":7,"key":"Regen Potion"},{"floor":25,"key":"LiquidBronze"}],"is_trial":false,"path_per_floor":["M","M","M","M","M","R","E","R","T","?","?","R","?","E","R","B",null,"M","M","?","$","?","E","R","E","T","M","E","?","M"],"character_chosen":"IRONCLAD","items_purchased":["Matryoshka"],"campfire_rested":3,"item_purchase_floors":[21],"current_hp_per_floor":[72,72,72,46,47,47,36,57,57,57,43,64,64,56,56,44,72,59,52,52,52,52,32,53,51,51,40,28,28,0,0],"gold":276,"neow_bonus":"TRANSFORM_TWO_CARDS","is_daily":false,"chose_seed":false,"campfire_upgraded":2,"win_rate":0.0,"timestamp":1610553693,"path_taken":["M","M","M","M","M","R","E","R","T","?","?","R","?","E","R","BOSS","M","M","?","$","?","E","R","E","T","M","E","?","M"],"items_purchased_type":["Relic"],"build_version":"2020-12-22","purchased_purges":1,"victory":false,"max_hp_per_floor":[72,72,72,72,72,72,72,72,72,72,72,72,72,72,72,72,72,72,72,72,72,72,72,72,72,72,72,72,72,72,72],"relic_stats":{"Blood Vial":2,"Centennial Puzzle":[9],"counters":[15,73],"Pantograph":16,"PreservedInsect":154,"Juzu Bracelet":1,"Boot":[141],"obtain_stats":[{"Potion Belt":25,"Blood Vial":28,"Centennial Puzzle":26,"Matryoshka":21,"Pantograph":14,"PreservedInsect":9,"Mark of Pain":17,"Juzu Bracelet":7,"Toxic Egg 2":23,"Boot":10,"Burning Blood":0,"Paper Frog":26},{"Potion Belt":12,"Blood Vial":14,"Centennial Puzzle":12,"Matryoshka":10,"Pantograph":7,"PreservedInsect":6,"Mark of Pain":8,"Juzu Bracelet":6,"Toxic Egg 2":11,"Boot":6,"Burning Blood":0,"Paper Frog":12},{"Potion Belt":61,"Blood Vial":70,"Centennial Puzzle":61,"Matryoshka":51,"Pantograph":31,"PreservedInsect":26,"Mark of Pain":39,"Juzu Bracelet":26,"Toxic Egg 2":56,"Boot":26,"Burning Blood":0,"Paper Frog":61}],"Burning Blood":72},"card_choices":[{"not_picked":["Thunderclap","Shockwave"],"picked":"Shrug It Off","floor":1},{"not_picked":["Sentinel","Headbutt"],"picked":"Twin Strike","floor":2},{"not_picked":["Dropkick","Seeing Red"],"picked":"Fire Breathing","floor":3},{"not_picked":["Perfected Strike","Headbutt"],"picked":"Clothesline","floor":4},{"not_picked":["Uppercut","Sever Soul"],"picked":"Cleave","floor":5},{"not_picked":["Battle Trance","Shockwave"],"picked":"Intimidate","floor":7},{"not_picked":["Double Tap","Armaments"],"picked":"Rage","floor":14},{"not_picked":["Exhume","Feed"],"picked":"Barricade","floor":16},{"not_picked":["Clothesline","Cleave+1"],"picked":"Burning Pact","floor":18},{"not_picked":["Intimidate","Warcry"],"picked":"Reckless Charge","floor":19},{"not_picked":["Thunderclap","Rampage","Headbutt"],"picked":"SKIP","floor":23},{"not_picked":["Armaments+1","Feel No Pain"],"picked":"Flame Barrier+1","floor":25},{"not_picked":["Ghostly Armor+1","Uppercut"],"picked":"Metallicize","floor":27},{"not_picked":["Headbutt+1","Infernal Blade+1"],"picked":"Corruption","floor":28}],"player_experience":55546,"relics_obtained":[{"floor":7,"key":"Juzu Bracelet"},{"floor":9,"key":"PreservedInsect"},{"floor":14,"key":"Pantograph"},{"floor":23,"key":"Toxic Egg 2"},{"floor":25,"key":"Potion Belt"},{"floor":26,"key":"Centennial Puzzle"},{"floor":26,"key":"Paper Frog"},{"floor":28,"key":"Blood Vial"}],"event_choices":[{"damage_healed":0,"gold_gain":30,"player_choice":"Searched \u00272\u0027 times","damage_taken":0,"relics_obtained":["Boot"],"max_hp_gain":0,"max_hp_loss":0,"event_name":"Dead Adventurer","floor":10,"gold_loss":0},{"damage_healed":0,"gold_gain":0,"player_choice":"Entered Light","damage_taken":14,"max_hp_gain":0,"max_hp_loss":0,"event_name":"Shining Light","floor":11,"gold_loss":0,"cards_upgraded":["Strike_R","Armaments"]},{"damage_healed":0,"gold_gain":0,"cards_transformed":["Strike_R"],"player_choice":"Change","damage_taken":0,"max_hp_gain":0,"max_hp_loss":0,"event_name":"Living Wall","floor":13,"gold_loss":0,"cards_obtained":["Pummel"]},{"cards_removed":["Strike_R"],"damage_healed":0,"gold_gain":0,"player_choice":"Elegance","damage_taken":0,"max_hp_gain":0,"max_hp_loss":0,"event_name":"Back to Basics","floor":20,"gold_loss":0},{"damage_healed":0,"gold_gain":0,"cards_transformed":["Defend_R"],"player_choice":"Transformed","damage_taken":0,"max_hp_gain":0,"max_hp_loss":0,"event_name":"Transmorgrifier","floor":22,"gold_loss":0,"cards_obtained":["Feel No Pain"]},{"damage_healed":0,"gold_gain":100,"player_choice":"Pray","damage_taken":0,"max_hp_gain":0,"max_hp_loss":0,"event_name":"Golden Shrine","floor":29,"gold_loss":0}],"is_beta":false,"boss_relics":[{"not_picked":["Runic Pyramid","Black Blood"],"picked":"Mark of Pain"}],"items_purged_floors":[21],"is_endless":false,"potions_floor_spawned":[1,3,7,25],"killed_by":"Shelled Parasite and Fungi","ascension_level":3}}