{"host":"g7trc0x2teqyd8ye","time":1610536935,"event":{"mods":["BaseMod","Key Reminder","Minty Spire (QoL Compilation)","Relic Stats"],"gold_per_floor":[113,126,139,139,139,139,172,172,247,265,278,311,0,20,20,122,122,134,134,59,158,7,39,55,55,55,89,101,201,230,243,243,339,339,349,15,65,85,104,131,131,131,199,199,224,237,237,262,262,262],"floor_reached":51,"language":"ENG","playtime":2815,"items_purged":["Strike_B","Strike_B"],"score":1345,"play_id":"163d246a-6b3f-495b-a78c-b900273e9b56","local_time":"20210113122215","is_ascension_mode":true,"campfire_choices":[{"data":"Zap","floor":6,"key":"SMITH"},{"data":"Dualcast","floor":8,"key":"SMITH"},{"data":"Defragment","floor":15,"key":"SMITH"},{"floor":32,"key":"REST"},{"data":"Defragment","floor":41,"key":"SMITH"},{"data":"Buffer","floor":44,"key":"SMITH"},{"data":"Beam Cell","floor":49,"key":"SMITH"}],"circlet_count":0,"master_deck":["AscendersBane","Strike_B","Defend_B","Defend_B","Defend_B","Defend_B","Zap+1","Dualcast+1","All For One","Sweeping Beam","Ball Lightning","Glacier","Reinforced Body","Cold Snap","Ball Lightning","Ball Lightning","Conserve Battery","Defragment+1","Cold Snap","Sunder","Cold Snap","Meteor Strike+1","Redo+1","Defragment+1","Ball Lightning","White Noise+1","Beam Cell+1","White Noise+1","Consume+1","Buffer+1","Fusion+1","Deep Breath+1","Defragment+1","Stack+1","Self Repair+1","Coolheaded+1"],"relics":["FrozenCore","Omamori","White Beast Statue","Pen Nib","keyreminder:keyreminder","Toy Ornithopter","Nilry\u0027s Codex","Runic Capacitor","Art of War","Shuriken","Centennial Puzzle","CaptainsWheel","Toxic Egg 2","Ice Cream","SlaversCollar","Lantern","Gambling Chip","Juzu Bracelet","Singing Bowl","Vajra","Letter Opener"],"acts_visited":["Exordium","TheCity","TheBeyond"],"potions_floor_usage":[7,7,12,16,27,28,29,30,37,39,48,50],"damage_taken":[{"damage":1,"enemies":"Cultist","floor":1,"turns":3},{"damage":9,"enemies":"Jaw Worm","floor":2,"turns":4},{"damage":5,"enemies":"2 Louse","floor":3,"turns":2},{"damage":13,"enemies":"3 Sentries","floor":7,"turns":6},{"damage":2,"enemies":"Blue Slaver","floor":10,"turns":3},{"damage":0,"enemies":"Exordium Wildlife","floor":11,"turns":2},{"damage":13,"enemies":"Gremlin Nob","floor":12,"turns":4},{"damage":0,"enemies":"Looter","floor":14,"turns":3},{"damage":7,"enemies":"The Guardian","floor":16,"turns":8},{"damage":0,"enemies":"Spheric Guardian","floor":18,"turns":3},{"damage":5,"enemies":"Book of Stabbing","floor":23,"turns":6},{"damage":0,"enemies":"Chosen","floor":24,"turns":5},{"damage":16,"enemies":"Gremlin Leader","floor":27,"turns":8},{"damage":5,"enemies":"Shelled Parasite and Fungi","floor":28,"turns":4},{"damage":1,"enemies":"Colosseum Slavers","floor":29,"turns":4},{"damage":4,"enemies":"Colosseum Nobs","floor":29,"turns":5},{"damage":12,"enemies":"Book of Stabbing","floor":30,"turns":5},{"damage":0,"enemies":"Snecko","floor":31,"turns":5},{"damage":29,"enemies":"Automaton","floor":33,"turns":9},{"damage":5,"enemies":"Orb Walker","floor":35,"turns":4},{"damage":0,"enemies":"Mind Bloom Boss Battle","floor":37,"turns":7},{"damage":15,"enemies":"3 Darklings","floor":38,"turns":5},{"damage":22,"enemies":"Writhing Mass","floor":39,"turns":7},{"damage":0,"enemies":"Giant Head","floor":40,"turns":8},{"damage":2,"enemies":"Nemesis","floor":45,"turns":8},{"damage":15,"enemies":"Jaw Worm Horde","floor":46,"turns":4},{"damage":3,"enemies":"Reptomancer","floor":48,"turns":6},{"damage":28,"enemies":"Time Eater","floor":50,"turns":10}],"seed_played":"5160237123636165980","potions_obtained":[{"floor":2,"key":"Regen Potion"},{"floor":3,"key":"Fire Potion"},{"floor":10,"key":"DuplicationPotion"},{"floor":11,"key":"LiquidBronze"},{"floor":12,"key":"ColorlessPotion"},{"floor":14,"key":"FocusPotion"},{"floor":16,"key":"Fire Potion"},{"floor":23,"key":"DuplicationPotion"},{"floor":24,"key":"AttackPotion"},{"floor":27,"key":"Ancient Potion"},{"floor":28,"key":"SmokeBomb"},{"floor":29,"key":"SteroidPotion"},{"floor":30,"key":"SteroidPotion"},{"floor":33,"key":"LiquidMemories"},{"floor":35,"key":"DistilledChaos"},{"floor":37,"key":"Fruit Juice"},{"floor":38,"key":"Block Potion"},{"floor":39,"key":"SpeedPotion"},{"floor":45,"key":"EssenceOfSteel"},{"floor":46,"key":"SteroidPotion"},{"floor":48,"key":"Energy Potion"}],"is_trial":false,"path_per_floor":["M","M","M","?","?","R","E","R","T","M","M","E","$","M","R","B",null,"M","?","$","?","$","E","M","$","T","E","M","?","E","M","R","B",null,"M","$","?","M","M","E","R","?","T","R","E","M","?","E","R","B",null],"character_chosen":"DEFECT","items_purchased":["Toy Ornithopter","Defragment","Cold Snap","Sunder","Runic Capacitor","Lantern","Deep Breath+1"],"campfire_rested":1,"item_purchase_floors":[13,13,13,13,22,36,36],"current_hp_per_floor":[67,58,53,58,58,58,60,60,60,58,58,45,45,45,45,43,66,66,50,50,50,50,45,45,45,45,34,34,34,27,27,48,19,60,55,55,65,50,33,43,43,43,43,43,53,50,50,64,64,41],"gold":262,"neow_bonus":"THREE_RARE_CARDS","is_daily":false,"chose_seed":false,"campfire_upgraded":6,"win_rate":0.0,"timestamp":1610536935,"path_taken":["M","?","M","?","?","R","E","R","T","M","M","E","$","M","R","BOSS","M","?","$","?","?","E","M","$","T","E","M","?","E","M","R","BOSS","M","$","?","M","M","E","R","?","T","R","E","M","?","E","R","BOSS"],"items_purchased_type":["Relic","Card","Card","Card","Relic","Relic","Card"],"build_version":"2020-12-22","purchased_purges":2,"victory":true,"max_hp_per_floor":[68,68,68,73,73,73,73,73,73,73,73,73,73,73,73,73,73,73,73,73,73,73,73,73,73,73,73,73,73,73,73,73,73,73,73,73,78,78,78,78,78,78,78,78,80,82,82,84,84,84],"relic_stats":{"Centennial Puzzle":[36],"Singing Bowl":6,"counters":[28,148],"Shuriken":[34],"Gambling Chip":[12],"Pen Nib":[25],"Art of War":[10],"Juzu Bracelet":1,"Letter Opener":[15],"obtain_stats":[{"Ice Cream":30,"Lantern":36,"Singing Bowl":43,"Nilry\u0027s Codex":19,"Vajra":45,"Pen Nib":12,"Omamori":7,"Runic Capacitor":22,"Juzu Bracelet":40,"Letter Opener":48,"White Beast Statue":9,"FrozenCore":17,"keyreminder:keyreminder":12,"SlaversCollar":34,"Centennial Puzzle":27,"CaptainsWheel":29,"Shuriken":26,"Gambling Chip":37,"Art of War":23,"Toxic Egg 2":29,"Cracked Core":0,"Toy Ornithopter":13},{"Ice Cream":17,"Lantern":20,"Singing Bowl":24,"Nilry\u0027s Codex":10,"Vajra":25,"Pen Nib":7,"Omamori":4,"Runic Capacitor":10,"Juzu Bracelet":24,"Letter Opener":27,"White Beast Statue":4,"FrozenCore":9,"keyreminder:keyreminder":7,"SlaversCollar":19,"Centennial Puzzle":13,"CaptainsWheel":16,"Shuriken":12,"Gambling Chip":21,"Art of War":11,"Toxic Egg 2":16,"Cracked Core":0,"Toy Ornithopter":7},{"Ice Cream":75,"Lantern":93,"Singing Bowl":120,"Nilry\u0027s Codex":38,"Vajra":128,"Pen Nib":24,"Omamori":15,"Runic Capacitor":38,"Juzu Bracelet":120,"Letter Opener":138,"White Beast Statue":15,"FrozenCore":35,"keyreminder:keyreminder":24,"SlaversCollar":89,"Centennial Puzzle":57,"CaptainsWheel":70,"Shuriken":49,"Gambling Chip":100,"Art of War":44,"Toxic Egg 2":70,"Cracked Core":0,"Toy Ornithopter":24}],"Toy Ornithopter":45,"FrozenCore":[40]},"card_choices":[{"not_picked":["Meteor Strike","Machine Learning"],"picked":"All For One","floor":0},{"not_picked":["Coolheaded","Leap"],"picked":"Sweeping Beam","floor":1},{"not_picked":["Loop","Gash"],"picked":"Ball Lightning","floor":2},{"not_picked":["Coolheaded","Rebound"],"picked":"Glacier","floor":3},{"not_picked":["Streamline","Recycle"],"picked":"Cold Snap","floor":7},{"not_picked":["Rainbow","Loop"],"picked":"Ball Lightning","floor":10},{"not_picked":["Leap","Reprogram"],"picked":"Ball Lightning","floor":11},{"not_picked":["Chaos","Compile Driver"],"picked":"Conserve Battery","floor":12},{"not_picked":["Redo","Sweeping Beam"],"picked":"Cold Snap","floor":14},{"not_picked":["Machine Learning","Echo Form"],"picked":"Meteor Strike","floor":16},{"not_picked":["Conserve Battery","Rebound"],"picked":"Redo+1","floor":18},{"not_picked":["Leap","Beam Cell"],"picked":"Defragment","floor":23},{"not_picked":["Rebound","Steam"],"picked":"Ball Lightning","floor":24},{"not_picked":["Storm","Ball Lightning+1"],"picked":"White Noise+1","floor":27},{"not_picked":["Defragment","Gash"],"picked":"Go for the Eyes+1","floor":28},{"not_picked":["Melter","Streamline"],"picked":"Beam Cell","floor":29},{"not_picked":["Beam Cell","Skim+1"],"picked":"White Noise+1","floor":30},{"not_picked":["Coolheaded+1","Leap+1"],"picked":"Consume+1","floor":31},{"not_picked":["Reboot+1","Creative AI"],"picked":"Buffer","floor":33},{"not_picked":["Streamline+1","Loop"],"picked":"Fusion+1","floor":35},{"not_picked":["Glacier+1","Beam Cell"],"picked":"Defragment+1","floor":37},{"not_picked":["Genetic Algorithm+1","Leap+1"],"picked":"Stack+1","floor":38},{"not_picked":["FTL+1","Turbo+1"],"picked":"Self Repair+1","floor":39},{"not_picked":["Turbo+1","Rebound"],"picked":"Coolheaded+1","floor":40},{"not_picked":["Cold Snap","Go for the Eyes+1","Hologram+1"],"picked":"Singing Bowl","floor":45},{"not_picked":["Beam Cell","Barrage","Go for the Eyes+1"],"picked":"Singing Bowl","floor":46},{"not_picked":["Capacitor","BootSequence+1","Recycle+1"],"picked":"Singing Bowl","floor":48}],"player_experience":909163,"relics_obtained":[{"floor":7,"key":"Omamori"},{"floor":9,"key":"White Beast Statue"},{"floor":12,"key":"Pen Nib"},{"floor":19,"key":"Nilry\u0027s Codex"},{"floor":23,"key":"Art of War"},{"floor":26,"key":"Shuriken"},{"floor":27,"key":"Centennial Puzzle"},{"floor":29,"key":"CaptainsWheel"},{"floor":29,"key":"Toxic Egg 2"},{"floor":30,"key":"Ice Cream"},{"floor":37,"key":"Gambling Chip"},{"floor":40,"key":"Juzu Bracelet"},{"floor":43,"key":"Singing Bowl"},{"floor":45,"key":"Vajra"},{"floor":48,"key":"Letter Opener"}],"event_choices":[{"damage_healed":0,"gold_gain":0,"player_choice":"Donut","damage_taken":0,"max_hp_gain":5,"max_hp_loss":0,"event_name":"Big Fish","floor":4,"gold_loss":0},{"damage_healed":0,"gold_gain":0,"cards_transformed":["Strike_B"],"player_choice":"Change","damage_taken":0,"max_hp_gain":0,"max_hp_loss":0,"event_name":"Living Wall","floor":5,"gold_loss":0,"cards_obtained":["Reinforced Body"]},{"damage_healed":0,"gold_gain":0,"player_choice":"Obtained Book","damage_taken":16,"max_hp_gain":0,"max_hp_loss":0,"event_name":"Cursed Tome","floor":19,"gold_loss":0},{"damage_healed":0,"gold_gain":99,"player_choice":"Stole From Cult","damage_taken":0,"max_hp_gain":0,"max_hp_loss":0,"event_name":"Nest","floor":21,"gold_loss":0},{"damage_healed":0,"gold_gain":0,"player_choice":"Fight","damage_taken":0,"max_hp_gain":0,"max_hp_loss":0,"event_name":"Colosseum","floor":29,"gold_loss":0},{"damage_healed":0,"gold_gain":0,"player_choice":"Fought Nobs","damage_taken":0,"max_hp_gain":0,"max_hp_loss":0,"event_name":"Colosseum","floor":29,"gold_loss":0},{"damage_healed":0,"gold_gain":0,"player_choice":"Fight","damage_taken":0,"max_hp_gain":0,"max_hp_loss":0,"event_name":"MindBloom","floor":37,"gold_loss":0},{"damage_healed":0,"gold_gain":0,"player_choice":"Upgraded","damage_taken":0,"max_hp_gain":0,"max_hp_loss":0,"event_name":"Upgrade Shrine","floor":42,"gold_loss":0,"cards_upgraded":["Meteor Strike"]},{"cards_removed":["Go for the Eyes"],"damage_healed":0,"gold_gain":0,"player_choice":"Removed Attack","damage_taken":0,"max_hp_gain":0,"max_hp_loss":0,"event_name":"Falling","floor":47,"gold_loss":0}],"is_beta":false,"boss_relics":[{"not_picked":["Empty Cage","Tiny House"],"picked":"FrozenCore"},{"not_picked":["SacredBark","Coffee Dripper"],"picked":"SlaversCollar"}],"items_purged_floors":[20,36],"is_endless":false,"potions_floor_spawned":[2,3,10,11,12,14,16,18,23,24,27,28,29,29,30,31,33,35,37,38,39,40,45,46,48],"ascension_level":12}}