{"host":"dowi7cgbhepuzvpj","time":1610569704,"event":{"mods":["AchievementEnabler","BaseMod","Colored Map","Highlight Path","Keyboard Shortcuts","Minty Spire (QoL Compilation)","Permanent Neow","Quick Restart","StSLib","SuperFastMode"],"gold_per_floor":[112,123,123,123,123,123,154,154,178,201,213,243,289,321,333,446,458,483,495,55,72,72,72,35,61,111,111,111,121,138,172,172,172,172],"floor_reached":33,"language":"KOR","playtime":973,"items_purged":["Defend_P"],"score":477,"play_id":"a02e7ed9-514a-42d6-85d8-4462b85cb6f2","local_time":"20210114052824","is_ascension_mode":true,"campfire_choices":[{"data":"Eruption","floor":6,"key":"SMITH"},{"data":"CutThroughFate","floor":8,"key":"SMITH"},{"data":"ThirdEye","floor":11,"key":"SMITH"},{"data":"TalkToTheHand","floor":15,"key":"SMITH"},{"data":"Study","floor":23,"key":"SMITH"},{"data":"Blasphemy","floor":28,"key":"SMITH"},{"data":"Swivel","floor":32,"key":"SMITH"}],"circlet_count":0,"master_deck":["AscendersBane","Strike_P","Strike_P","Defend_P+1","Defend_P","Eruption+1","Vigilance","SandsOfTime+1","CutThroughFate+1","ThirdEye+1","Swivel+1","TalkToTheHand+1","EmptyMind","Blasphemy+1","Halt","Tantrum","Study+1","FollowUp","ReachHeaven","FollowUp+1","SashWhip","Consecrate+1","Crescendo"],"relics":["Philosopher\u0027s Stone","Anchor","Damaru","MawBank","Oddly Smooth Stone","Black Star","TeardropLocket","Eternal Feather","InkBottle","Juzu Bracelet","Nunchaku","Blue Candle","Lantern"],"acts_visited":["Exordium","TheCity"],"potions_floor_usage":[13,25,29,31,33,33],"damage_taken":[{"damage":0,"enemies":"Small Slimes","floor":1,"turns":2},{"damage":3,"enemies":"Jaw Worm","floor":2,"turns":3},{"damage":21,"enemies":"Gremlin Nob","floor":7,"turns":4},{"damage":2,"enemies":"Cultist","floor":10,"turns":4},{"damage":1,"enemies":"Large Slime","floor":12,"turns":4},{"damage":0,"enemies":"3 Sentries","floor":13,"turns":4},{"damage":0,"enemies":"Red Slaver","floor":14,"turns":2},{"damage":1,"enemies":"The Guardian","floor":16,"turns":8},{"damage":6,"enemies":"Spheric Guardian","floor":18,"turns":3},{"damage":2,"enemies":"3 Byrds","floor":21,"turns":5},{"damage":21,"enemies":"Book of Stabbing","floor":25,"turns":4},{"damage":0,"enemies":"Centurion and Healer","floor":29,"turns":3},{"damage":14,"enemies":"Snake Plant","floor":30,"turns":3},{"damage":15,"enemies":"Gremlin Leader","floor":31,"turns":4},{"damage":30,"enemies":"Champ","floor":33,"turns":3}],"seed_played":"-7203186838022795857","potions_obtained":[{"floor":2,"key":"Strength Potion"},{"floor":7,"key":"Fire Potion"},{"floor":13,"key":"Weak Potion"},{"floor":29,"key":"LiquidBronze"},{"floor":30,"key":"DistilledChaos"},{"floor":31,"key":"Block Potion"}],"is_trial":false,"path_per_floor":["M","M","?","T","?","R","E","R","T","M","R","M","E","M","R","B",null,"M","?","$","M","?","R","$","E","T","?","R","M","M","E","R","B"],"character_chosen":"WATCHER","items_purchased":["TeardropLocket","Tantrum","Study","ReachHeaven"],"campfire_rested":0,"item_purchase_floors":[20,20,20,24],"current_hp_per_floor":[65,62,48,48,48,48,27,27,27,25,25,24,24,24,24,23,60,54,54,54,52,52,52,52,31,31,31,43,43,29,14,26,0,0],"gold":172,"neow_bonus":"BOSS_RELIC","is_daily":false,"chose_seed":false,"campfire_upgraded":7,"win_rate":0.0,"timestamp":1610569704,"path_taken":["M","M","?","?","?","R","E","R","T","M","R","M","E","?","R","BOSS","M","?","$","?","?","R","?","E","T","?","R","M","M","E","R","BOSS"],"items_purchased_type":["Relic","Card","Card","Card"],"build_version":"2020-12-22","purchased_purges":1,"victory":false,"max_hp_per_floor":[72,72,72,72,72,72,72,72,72,72,72,72,72,72,72,72,72,72,72,72,72,72,72,72,72,72,72,72,72,72,72,72,72,72],"card_choices":[{"not_picked":["CrushJoints","Prostrate","Fasting2"],"picked":"SKIP","floor":1},{"not_picked":["WaveOfTheHand","Evaluate"],"picked":"SandsOfTime","floor":2},{"not_picked":["Prostrate","Swivel"],"picked":"CutThroughFate","floor":7},{"not_picked":["Prostrate","BowlingBash"],"picked":"ThirdEye","floor":10},{"not_picked":["Consecrate","CutThroughFate"],"picked":"Swivel","floor":12},{"not_picked":["Swivel","EmptyBody"],"picked":"TalkToTheHand","floor":13},{"not_picked":["Prostrate","Halt"],"picked":"EmptyMind","floor":14},{"not_picked":["ConjureBlade","Establishment"],"picked":"Blasphemy","floor":16},{"not_picked":["CutThroughFate","BowlingBash"],"picked":"Halt","floor":18},{"not_picked":["SashWhip","JustLucky"],"picked":"FollowUp","floor":21},{"not_picked":["EmptyBody","Consecrate+1"],"picked":"FollowUp+1","floor":25},{"not_picked":["Evaluate","Nirvana+1"],"picked":"SashWhip","floor":29},{"not_picked":["ThirdEye","Alpha"],"picked":"Consecrate+1","floor":30},{"not_picked":["Prostrate","SignatureMove+1"],"picked":"Crescendo","floor":31}],"player_experience":808166,"relics_obtained":[{"floor":4,"key":"Anchor"},{"floor":7,"key":"Damaru"},{"floor":9,"key":"MawBank"},{"floor":13,"key":"Oddly Smooth Stone"},{"floor":25,"key":"Eternal Feather"},{"floor":25,"key":"InkBottle"},{"floor":26,"key":"Juzu Bracelet"},{"floor":31,"key":"Blue Candle"},{"floor":31,"key":"Lantern"}],"event_choices":[{"damage_healed":0,"gold_gain":0,"player_choice":"Entered Light","damage_taken":14,"max_hp_gain":0,"max_hp_loss":0,"event_name":"Shining Light","floor":3,"gold_loss":0,"cards_upgraded":["SandsOfTime","Defend_P"]},{"cards_removed":["Strike_P"],"damage_healed":0,"gold_gain":0,"player_choice":"Card Removal","damage_taken":0,"max_hp_gain":0,"max_hp_loss":0,"event_name":"Wheel of Change","floor":5,"gold_loss":0},{"cards_removed":["Strike_P"],"damage_healed":0,"gold_gain":0,"player_choice":"Purged","damage_taken":0,"max_hp_gain":0,"max_hp_loss":0,"event_name":"Purifier","floor":19,"gold_loss":0},{"cards_removed":["Defend_P"],"damage_healed":0,"gold_gain":0,"player_choice":"Elegance","damage_taken":0,"max_hp_gain":0,"max_hp_loss":0,"event_name":"Back to Basics","floor":22,"gold_loss":0},{"damage_healed":0,"gold_gain":0,"player_choice":"Opened","damage_taken":0,"relics_obtained":["Nunchaku"],"max_hp_gain":0,"max_hp_loss":0,"event_name":"The Mausoleum","floor":27,"gold_loss":0}],"is_beta":false,"boss_relics":[{"not_picked":["Cursed Key","Ectoplasm"],"picked":"Black Star"}],"items_purged_floors":[20],"is_endless":false,"potions_floor_spawned":[2,7,13,29,30,31],"killed_by":"Champ","ascension_level":10}}