{"host":"0tiuc76yumknr6qf","time":1610506867,"event":{"mods":["BaseMod","Colored Map","Highlight Path","Minty Spire (QoL Compilation)","StSLib"],"gold_per_floor":[117,117,77,90,4,22,22,35,59,69,69,100,100,43,43,114,114,126,82,164,164,164],"floor_reached":21,"language":"ENG","playtime":1011,"items_purged":[],"score":358,"play_id":"89ade69e-e709-4fc2-bd21-e3b3cd60cab6","local_time":"20210112210107","is_ascension_mode":true,"campfire_choices":[{"floor":11,"key":"REST"},{"floor":13,"key":"REST"},{"floor":15,"key":"REST"}],"circlet_count":0,"master_deck":["AscendersBane","Strike_B","Strike_B","Strike_B","Defend_B","Defend_B","Defend_B","Defend_B","Zap","Dualcast","Glacier","Consume","Genetic Algorithm","Capacitor","Go for the Eyes","Ball Lightning","Core Surge","Sweeping Beam","Cold Snap","Biased Cognition","Glacier"],"relics":["Inserter","Smiling Mask","Ancient Tea Set","Velvet Choker"],"acts_visited":["Exordium","TheCity"],"potions_floor_usage":[],"damage_taken":[{"damage":3,"enemies":"2 Louse","floor":1,"turns":3},{"damage":0,"enemies":"Jaw Worm","floor":4,"turns":6},{"damage":10,"enemies":"Cultist","floor":6,"turns":6},{"damage":16,"enemies":"Large Slime","floor":8,"turns":9},{"damage":8,"enemies":"3 Louse","floor":10,"turns":5},{"damage":27,"enemies":"3 Sentries","floor":12,"turns":9},{"damage":1,"enemies":"The Guardian","floor":16,"turns":11},{"damage":14,"enemies":"3 Byrds","floor":18,"turns":5},{"damage":43,"enemies":"2 Thieves","floor":19,"turns":5},{"damage":11,"enemies":"Centurion and Healer","floor":21,"turns":1}],"seed_played":"-2212497325121252799","potions_obtained":[{"floor":16,"key":"Ancient Potion"},{"floor":19,"key":"PotionOfCapacity"}],"is_trial":false,"path_per_floor":["M","?","$","M","$","M","?","M","T","M","R","E","R","$","R","B",null,"M","M","T","M"],"character_chosen":"DEFECT","items_purchased":["Consume","Capacitor","Cold Snap"],"campfire_rested":3,"item_purchase_floors":[3,5,14],"current_hp_per_floor":[61,54,54,54,54,44,44,28,28,20,41,14,35,35,56,55,67,53,10,10,0,0],"gold":164,"neow_bonus":"BOSS_RELIC","is_daily":false,"chose_seed":false,"campfire_upgraded":0,"win_rate":0.0,"timestamp":1610506867,"path_taken":["M","?","$","M","$","M","?","M","T","M","R","E","R","?","R","BOSS","M","M","?","M"],"items_purchased_type":["Card","Card","Card"],"build_version":"2020-12-22","purchased_purges":0,"victory":false,"max_hp_per_floor":[71,71,71,71,71,71,71,71,71,71,71,71,71,71,71,71,71,71,71,71,71,71],"card_choices":[{"not_picked":["Cold Snap","Hologram"],"picked":"Glacier","floor":1},{"not_picked":["Leap","Sweeping Beam"],"picked":"Genetic Algorithm","floor":4},{"not_picked":["Leap","Turbo"],"picked":"Go for the Eyes","floor":6},{"not_picked":["Doom and Gloom","Scrape"],"picked":"Ball Lightning","floor":8},{"not_picked":["Leap","Melter"],"picked":"Core Surge","floor":10},{"not_picked":["Melter","Stack"],"picked":"Sweeping Beam","floor":12},{"not_picked":["Seek","Amplify"],"picked":"Biased Cognition","floor":16},{"not_picked":["Go for the Eyes","Doom and Gloom","Cold Snap"],"picked":"SKIP","floor":18},{"not_picked":["Streamline","Turbo"],"picked":"Glacier","floor":19}],"player_experience":1876688,"relics_obtained":[{"floor":9,"key":"Smiling Mask"},{"floor":12,"key":"Ancient Tea Set"}],"event_choices":[{"cards_removed":["Strike_B"],"damage_healed":0,"gold_gain":0,"player_choice":"Card Removal","damage_taken":7,"max_hp_gain":0,"max_hp_loss":0,"event_name":"Golden Wing","floor":2,"gold_loss":0},{"damage_healed":0,"gold_gain":0,"player_choice":"Ignored","damage_taken":0,"max_hp_gain":0,"max_hp_loss":0,"event_name":"Liars Game","floor":7,"gold_loss":0}],"is_beta":false,"boss_relics":[{"not_picked":["Empty Cage","Black Star"],"picked":"Velvet Choker"}],"items_purged_floors":[],"is_endless":false,"potions_floor_spawned":[16,19],"killed_by":"Centurion and Healer","ascension_level":20}}