{"host":"c5slkkw8hp42e20v","time":1610513168,"event":{"mods":["AchievementEnabler","BaseMod","Better Note","BetterRewards","Colored Powertips","DeckTracker","Friendly Minions","GifTheSpireLib","Hermit","Highlight Path","Minty Spire (QoL Compilation)","Quick Restart","Rare Cards Sparkle","Replay The Spire","Spicy Shops","StSLib","The Animator","The Hierophant","The Poker Player","????"],"gold_per_floor":[114,125,200,200,6,33,46,72,98,126,146,156,156,156,156,261,261,275,55,55,69,69,104,104,115,140,190,7,7,63,90,90,116,116],"floor_reached":33,"language":"ENG","playtime":1635,"items_purged":["Strike_R","Reaper"],"score":339,"play_id":"e327f76e-e731-4af5-80f5-e2ed4271623e","local_time":"20210112224608","is_ascension_mode":true,"campfire_choices":[{"floor":13,"key":"REST"},{"floor":15,"key":"REST"},{"floor":29,"key":"REST"},{"floor":32,"key":"REST"}],"circlet_count":0,"master_deck":["Strike_R","Strike_R","Strike_R","Strike_R","Defend_R","Defend_R","Defend_R","Defend_R","Bash+1","ReplayTheSpireMod:Trickstab+1","Spot Weakness","Thunderclap","Body Slam","Twin Strike","Twin Strike","Thunderclap","Iron Wave","Reaper","Thunderclap+1","Sadistic Nature","Metallicize+1","Armaments+1","J.A.X.","Iron Wave","Replay:Undeath\u0027s Touch+1","Rampage","Uppercut","Sword Boomerang","Massacre"],"relics":["Burning Blood","Membership Card","Replay:Wax Seal","Lantern","Omamori","Replay:Multitool","Runic Pyramid","Whetstone","Onion Ring","Replay:Bandana","Peace Pipe","ReplayTheSpireMod:Shallot","Replay:PocketPolymizer"],"acts_visited":["Exordium","TheCity"],"potions_floor_usage":[4,11,18,18],"damage_taken":[{"damage":6,"enemies":"Jaw Worm","floor":1,"turns":3},{"damage":5,"enemies":"Cultist","floor":2,"turns":4},{"damage":25,"enemies":"Gremlin Nob","floor":6,"turns":4},{"damage":7,"enemies":"Small Slimes","floor":7,"turns":3},{"damage":44,"enemies":"Replay:BlueRogue","floor":8,"turns":6},{"damage":30,"enemies":"3 Sentries","floor":10,"turns":5},{"damage":7,"enemies":"Blue Slaver","floor":11,"turns":2},{"damage":6,"enemies":"Exordium Thugs","floor":12,"turns":3},{"damage":33,"enemies":"Slime Boss","floor":16,"turns":8},{"damage":7,"enemies":"3 Byrds","floor":18,"turns":4},{"damage":26,"enemies":"Spheric Guardian","floor":21,"turns":4},{"damage":70,"enemies":"Slavers","floor":23,"turns":6},{"damage":24,"enemies":"Centurion and Healer","floor":25,"turns":4},{"damage":38,"enemies":"Book of Stabbing","floor":27,"turns":4},{"damage":34,"enemies":"Slavers","floor":30,"turns":3},{"damage":11,"enemies":"Shelled Parasite and Fungi","floor":31,"turns":5},{"damage":80,"enemies":"Collector","floor":33,"turns":6}],"seed_played":"-8521052627537710498","potions_obtained":[{"floor":2,"key":"FearPotion"},{"floor":4,"key":"BloodPotion"},{"floor":4,"key":"Strength Potion"},{"floor":4,"key":"LiquidBronze"},{"floor":11,"key":"LiquidBronze"},{"floor":23,"key":"FearPotion"},{"floor":27,"key":"Swift Potion"}],"is_trial":false,"path_per_floor":["M","M","?","?","$","E","M","E","T","E","M","M","R","T","R","B",null,"M","$","?","M","?","E","R","M","T","E","$","R","E","M","R","B"],"character_chosen":"IRONCLAD","items_purchased":["Membership Card","Sadistic Nature","Whetstone","Rampage","ReplayTheSpireMod:Shallot"],"campfire_rested":4,"item_purchase_floors":[5,19,19,28,28],"current_hp_per_floor":[80,80,69,80,80,61,60,22,22,19,18,25,49,49,73,46,80,80,80,80,60,60,14,38,44,44,24,24,48,20,15,39,0,0],"gold":116,"neow_bonus":"RANDOM_COLORLESS","is_daily":false,"chose_seed":false,"campfire_upgraded":0,"win_rate":0.0,"timestamp":1610513168,"path_taken":["M","M","?","?","$","E","M","E","T","E","M","?","R","?","R","BOSS","M","$","?","?","?","E","R","M","T","E","$","R","E","M","R","BOSS"],"items_purchased_type":["Relic","Card","Relic","Card","Relic"],"build_version":"2020-12-22","purchased_purges":2,"victory":false,"max_hp_per_floor":[80,80,80,80,80,80,80,80,80,80,80,80,80,80,80,80,80,80,80,80,80,80,80,80,80,80,80,80,80,80,80,80,80,80],"card_choices":[{"not_picked":["Purity","Madness"],"picked":"ReplayTheSpireMod:Trickstab","floor":0},{"not_picked":["Replay:Undeath\u0027s Touch","Rupture"],"picked":"Spot Weakness","floor":1},{"not_picked":["Massacre","Blood for Blood"],"picked":"Thunderclap","floor":2},{"not_picked":["Sword Boomerang","Burning Pact"],"picked":"Body Slam","floor":6},{"not_picked":["Run Through","Combust"],"picked":"Twin Strike","floor":7},{"not_picked":["Hemokinesis","Iron Wave"],"picked":"Reaper","floor":8},{"not_picked":["Anger","Seeing Red"],"picked":"Twin Strike","floor":10},{"not_picked":["Reckless Charge","Burning Pact"],"picked":"Thunderclap","floor":11},{"not_picked":["Life Link","Feel No Pain"],"picked":"Iron Wave","floor":12},{"not_picked":["Berserk","Double Tap"],"picked":"Reaper","floor":16},{"not_picked":["Intimidate","Clothesline"],"picked":"Thunderclap","floor":18},{"not_picked":["Warcry+1","Run Through"],"picked":"Armaments+1","floor":21},{"not_picked":["Spot Weakness","Heavy Blade"],"picked":"Iron Wave","floor":23},{"not_picked":["Clothesline+1","Headbutt+1"],"picked":"Replay:Undeath\u0027s Touch+1","floor":25},{"not_picked":["Perfected Strike","Blood for Blood"],"picked":"Dual Wield","floor":27},{"not_picked":["Warcry","Demonic Infusion"],"picked":"Uppercut","floor":30},{"not_picked":["Dropkick","Headbutt"],"picked":"Sword Boomerang","floor":31}],"player_experience":44465,"relics_obtained":[{"floor":6,"key":"Replay:Wax Seal"},{"floor":8,"key":"Lantern"},{"floor":10,"key":"Omamori"},{"floor":14,"key":"Replay:Multitool"},{"floor":23,"key":"Onion Ring"},{"floor":26,"key":"Replay:Bandana"},{"floor":27,"key":"Peace Pipe"},{"floor":30,"key":"Replay:PocketPolymizer"}],"event_choices":[{"damage_healed":0,"gold_gain":75,"player_choice":"Gather Gold","damage_taken":11,"max_hp_gain":0,"max_hp_loss":0,"event_name":"World of Goop","floor":3,"gold_loss":0},{"damage_healed":0,"gold_gain":0,"player_choice":"Got Potions","damage_taken":0,"max_hp_gain":0,"max_hp_loss":0,"event_name":"Lab","floor":4,"gold_loss":0},{"cards_removed":["Body Slam"],"damage_healed":0,"gold_gain":0,"player_choice":"Take \u0026 Give","damage_taken":0,"max_hp_gain":0,"max_hp_loss":0,"event_name":"betterNote:BetterNote","floor":20,"gold_loss":0,"cards_obtained":["Metallicize"]},{"damage_healed":0,"gold_gain":0,"player_choice":"Obtain J.A.X.","damage_taken":0,"max_hp_gain":0,"max_hp_loss":0,"event_name":"Drug Dealer","floor":22,"gold_loss":0,"cards_obtained":["J.A.X."]}],"is_beta":false,"boss_relics":[{"not_picked":["Replay:Bronze Core","ChewingGum"],"picked":"Runic Pyramid"}],"items_purged_floors":[5,19],"is_endless":false,"potions_floor_spawned":[2,6,10,11,23,27,31],"killed_by":"Collector","ascension_level":1}}