{"host":"h4390p13uu6iw1q5","time":1610572686,"event":{"mods":["BaseMod","Colored Map","Minty Spire (QoL Compilation)"],"gold_per_floor":[110,110,120,133,133,133,152,152,152,165,165,247,262,288,288,393,393,410,5,15,27,27,27,53,53,135,151,37,37,137,236,236,236,236],"floor_reached":33,"language":"ENG","playtime":2159,"items_purged":[],"score":423,"play_id":"d3ddefa6-8cf8-47e0-94ca-319d2bf2866c","local_time":"20210113161806","is_ascension_mode":true,"campfire_choices":[{"data":"Coolheaded","floor":6,"key":"SMITH"},{"data":"Hologram","floor":8,"key":"SMITH"},{"data":"Zap","floor":11,"key":"SMITH"},{"data":"Redo","floor":15,"key":"SMITH"},{"data":"Dualcast","floor":23,"key":"SMITH"},{"data":"Consume","floor":29,"key":"SMITH"},{"floor":32,"key":"REST"}],"circlet_count":0,"master_deck":["AscendersBane","Defend_B","Defend_B","Defend_B","Defend_B+1","Zap+1","Dualcast+1","Compile Driver+1","Ball Lightning","Redo+1","Steam Power","Coolheaded+1","Hologram+1","Sweeping Beam","Thunder Strike+1","Rebound+1","Electrodynamics","Capacitor+1","All For One+1","Impatience","Genetic Algorithm","Ball Lightning+1","Ghostly","Ghostly","Ghostly","Ghostly","Ghostly","Consume+1","Feel No Pain+1"],"relics":["Cracked Core","Vajra","Molten Egg 2","Symbiotic Virus","Empty Cage","Anchor","InkBottle","The Courier","PrismaticShard","Du-Vu Doll","Bottled Tornado"],"acts_visited":["Exordium","TheCity"],"potions_floor_usage":[10,14,14,14,33],"damage_taken":[{"damage":0,"enemies":"Small Slimes","floor":1,"turns":2},{"damage":0,"enemies":"2 Louse","floor":3,"turns":2},{"damage":0,"enemies":"Cultist","floor":4,"turns":2},{"damage":14,"enemies":"Exordium Thugs","floor":7,"turns":5},{"damage":0,"enemies":"Gremlin Gang","floor":10,"turns":2},{"damage":0,"enemies":"Blue Slaver","floor":13,"turns":2},{"damage":10,"enemies":"Gremlin Nob","floor":14,"turns":3},{"damage":11,"enemies":"The Guardian","floor":16,"turns":8},{"damage":10,"enemies":"3 Byrds","floor":18,"turns":2},{"damage":5,"enemies":"Shell Parasite","floor":20,"turns":5},{"damage":17,"enemies":"Shelled Parasite and Fungi","floor":21,"turns":5},{"damage":16,"enemies":"Gremlin Leader","floor":24,"turns":4},{"damage":2,"enemies":"Snecko","floor":27,"turns":5},{"damage":7,"enemies":"Colosseum Slavers","floor":30,"turns":5},{"damage":3,"enemies":"Colosseum Nobs","floor":30,"turns":5},{"damage":42,"enemies":"Automaton","floor":33,"turns":6}],"seed_played":"-7847255554619959627","potions_obtained":[{"floor":1,"key":"PowerPotion"},{"floor":3,"key":"Explosive Potion"},{"floor":10,"key":"SteroidPotion"},{"floor":13,"key":"AttackPotion"},{"floor":21,"key":"Ancient Potion"},{"floor":30,"key":"LiquidMemories"}],"is_trial":false,"path_per_floor":["M","?","M","M","?","R","M","R","T","M","R","T","M","E","R","B",null,"M","$","M","M","?","R","E","?","T","M","$","R","?","?","R","B"],"character_chosen":"DEFECT","items_purchased":["Anchor","All For One+1","Impatience","PrismaticShard"],"campfire_rested":1,"item_purchase_floors":[19,19,19,28],"current_hp_per_floor":[68,54,54,54,48,48,34,34,34,34,34,34,34,24,24,13,54,44,44,39,22,44,44,28,28,28,26,26,26,16,16,26,0,0],"gold":236,"neow_bonus":"TRANSFORM_TWO_CARDS","is_daily":false,"chose_seed":false,"campfire_upgraded":6,"win_rate":0.0,"timestamp":1610572686,"path_taken":["M","?","M","M","?","R","M","R","T","?","R","?","?","E","R","BOSS","M","$","M","M","?","R","E","?","T","M","?","R","?","?","R","BOSS"],"items_purchased_type":["Relic","Card","Card","Relic"],"build_version":"2020-12-22","purchased_purges":0,"victory":false,"max_hp_per_floor":[68,68,68,68,68,68,68,68,68,68,68,68,68,68,68,68,68,68,68,68,68,68,68,68,34,34,34,34,34,34,34,34,34,34],"card_choices":[{"not_picked":["Lockon","Steam"],"picked":"Redo","floor":1},{"not_picked":["Static Discharge","BootSequence"],"picked":"Steam Power","floor":3},{"not_picked":["Conserve Battery","Steam"],"picked":"Coolheaded","floor":4},{"not_picked":["Turbo","Streamline"],"picked":"Hologram","floor":7},{"not_picked":["Rip and Tear","Streamline"],"picked":"Sweeping Beam","floor":10},{"not_picked":["BootSequence","Sweeping Beam+1"],"picked":"Thunder Strike+1","floor":13},{"not_picked":["Go for the Eyes+1","Beam Cell+1"],"picked":"Rebound+1","floor":14},{"not_picked":["Creative AI","Core Surge+1"],"picked":"Electrodynamics","floor":16},{"not_picked":["Self Repair","Recycle"],"picked":"Capacitor+1","floor":18},{"not_picked":["Rebound+1","Force Field"],"picked":"Genetic Algorithm","floor":20},{"not_picked":["Steam","Blizzard+1","Recycle"],"picked":"SKIP","floor":21},{"not_picked":["Blizzard+1","Darkness"],"picked":"Ball Lightning+1","floor":24},{"not_picked":["Coolheaded","Steam"],"picked":"Consume","floor":27},{"not_picked":["Worship","Blind+1"],"picked":"Feel No Pain+1","floor":30}],"player_experience":2443963,"relics_obtained":[{"floor":9,"key":"Vajra"},{"floor":12,"key":"Molten Egg 2"},{"floor":14,"key":"Symbiotic Virus"},{"floor":24,"key":"InkBottle"},{"floor":26,"key":"The Courier"},{"floor":30,"key":"Du-Vu Doll"},{"floor":30,"key":"Bottled Tornado"}],"event_choices":[{"damage_healed":0,"gold_gain":0,"player_choice":"Entered Light","damage_taken":14,"max_hp_gain":0,"max_hp_loss":0,"event_name":"Shining Light","floor":2,"gold_loss":0,"cards_upgraded":["Defend_B","Compile Driver"]},{"damage_healed":0,"gold_gain":0,"player_choice":"Damaged","damage_taken":6,"max_hp_gain":0,"max_hp_loss":0,"event_name":"Wheel of Change","floor":5,"gold_loss":0},{"damage_healed":22,"gold_gain":0,"player_choice":"Heal","damage_taken":0,"max_hp_gain":0,"max_hp_loss":0,"event_name":"The Library","floor":22,"gold_loss":0},{"damage_healed":0,"gold_gain":0,"player_choice":"Became a Ghost","damage_taken":0,"max_hp_gain":0,"max_hp_loss":34,"event_name":"Ghosts","floor":25,"gold_loss":0,"cards_obtained":["Ghostly","Ghostly","Ghostly","Ghostly","Ghostly"]},{"damage_healed":0,"gold_gain":0,"player_choice":"Fight","damage_taken":0,"max_hp_gain":0,"max_hp_loss":0,"event_name":"Colosseum","floor":30,"gold_loss":0},{"damage_healed":0,"gold_gain":0,"player_choice":"Fought Nobs","damage_taken":0,"max_hp_gain":0,"max_hp_loss":0,"event_name":"Colosseum","floor":30,"gold_loss":0},{"damage_healed":0,"gold_gain":99,"player_choice":"Stole From Cult","damage_taken":0,"max_hp_gain":0,"max_hp_loss":0,"event_name":"Nest","floor":31,"gold_loss":0}],"is_beta":false,"boss_relics":[{"not_picked":["Pandora\u0027s Box","Inserter"],"picked":"Empty Cage"}],"items_purged_floors":[],"is_endless":false,"potions_floor_spawned":[1,3,10,13,21,30],"killed_by":"Automaton","ascension_level":10}}