{"host":"5cnm2qapaqj5mmu7","time":1610562439,"event":{"mods":["BaseMod","Bestiary","Colored Map","Filter the Spire","Minty Spire (QoL Compilation)","StSLib"],"gold_per_floor":[116,130,145,145,158,158,201,201,201,201,376,376,409,430,430,550,550,575,575,134,157,177,225,225,239,293,342,488,524,536,548,560,710,722,768,780,792,838,878,924,936,957,1048,1082,1103,1166,1178,808,808,808],"floor_reached":51,"language":"ENG","playtime":3166,"items_purged":["Strike_G"],"score":894,"play_id":"08ed6852-b5a7-4e12-9c0a-65217a8fd63d","local_time":"20210113192719","is_ascension_mode":true,"campfire_choices":[{"data":"Neutralize","floor":6.0,"key":"SMITH"},{"floor":8.0,"key":"REST"},{"data":"Poisoned Stab","floor":10.0,"key":"SMITH"},{"data":"Deadly Poison","floor":12.0,"key":"SMITH"},{"floor":15.0,"key":"REST"},{"floor":24.0,"key":"REST"},{"data":"Well Laid Plans","floor":32.0,"key":"SMITH"},{"data":"Malaise","floor":41.0,"key":"SMITH"},{"data":"After Image","floor":47.0,"key":"SMITH"},{"data":"Sucker Punch","floor":49.0,"key":"SMITH"}],"circlet_count":0,"master_deck":["Strike_G","Strike_G","Defend_G","Defend_G","Defend_G","Defend_G","Survivor","Neutralize+1","PiercingWail","Backstab","Backflip","Deadly Poison+1","Poisoned Stab+1","Doubt","Noxious Fumes","Die Die Die","CurseOfTheBell","Venomology+1","Bouncing Flask","Well Laid Plans+1","Skewer","Dodge and Roll","Sucker Punch+1","After Image+1","Dagger Spray+1","Backstab+1","Malaise+1","Backstab+1","Footwork+1","Escape Plan+1","Terror+1","Doubt","Footwork+1","The Bomb+1","Master of Strategy+1","Discovery+1"],"relics":["Ring of the Snake","Golden Idol","Prayer Wheel","Du-Vu Doll","StoneCalendar","Calling Bell","Juzu Bracelet","Meat on the Bone","Thread and Needle","Membership Card","Incense Burner","CeramicFish","MawBank","Calipers","Eternal Feather","Nilry\u0027s Codex","Empty Cage","Toxic Egg 2","Letter Opener","Bag of Marbles","Anchor","Boot","Frozen Eye"],"acts_visited":["Exordium","TheCity","TheBeyond"],"potions_floor_usage":[50,50,50,50],"damage_taken":[{"damage":0.0,"enemies":"2 Louse","floor":1.0,"turns":2.0},{"damage":0.0,"enemies":"Small Slimes","floor":2.0,"turns":5.0},{"damage":1.0,"enemies":"Cultist","floor":3.0,"turns":4.0},{"damage":1.0,"enemies":"3 Louse","floor":5.0,"turns":4.0},{"damage":17.0,"enemies":"3 Sentries","floor":7.0,"turns":10.0},{"damage":20.0,"enemies":"Lagavulin","floor":13.0,"turns":5.0},{"damage":0.0,"enemies":"Exordium Wildlife","floor":14.0,"turns":2.0},{"damage":28.0,"enemies":"Slime Boss","floor":16.0,"turns":7.0},{"damage":18.0,"enemies":"Spheric Guardian","floor":18.0,"turns":4.0},{"damage":2.0,"enemies":"2 Thieves","floor":21.0,"turns":4.0},{"damage":10.0,"enemies":"Cultist and Chosen","floor":22.0,"turns":6.0},{"damage":34.0,"enemies":"Book of Stabbing","floor":23.0,"turns":7.0},{"damage":0.0,"enemies":"Centurion and Healer","floor":25.0,"turns":7.0},{"damage":11.0,"enemies":"Snecko","floor":27.0,"turns":6.0},{"damage":5.0,"enemies":"Colosseum Slavers","floor":28.0,"turns":4.0},{"damage":6.0,"enemies":"Colosseum Nobs","floor":28.0,"turns":5.0},{"damage":0.0,"enemies":"Snake Plant","floor":29.0,"turns":4.0},{"damage":29.0,"enemies":"Champ","floor":33.0,"turns":12.0},{"damage":4.0,"enemies":"3 Shapes","floor":35.0,"turns":5.0},{"damage":4.0,"enemies":"Orb Walker","floor":38.0,"turns":3.0},{"damage":7.0,"enemies":"Jaw Worm Horde","floor":39.0,"turns":3.0},{"damage":38.0,"enemies":"Nemesis","floor":40.0,"turns":7.0},{"damage":19.0,"enemies":"Spire Growth","floor":44.0,"turns":7.0},{"damage":51,"enemies":"Time Eater","floor":50,"turns":12}],"seed_played":"-6795666667988275550","potions_obtained":[{"floor":1.0,"key":"Energy Potion"},{"floor":13.0,"key":"EssenceOfSteel"},{"floor":14.0,"key":"SteroidPotion"},{"floor":16.0,"key":"SteroidPotion"},{"floor":21.0,"key":"CunningPotion"},{"floor":23.0,"key":"Weak Potion"},{"floor":39.0,"key":"Swift Potion"},{"floor":40.0,"key":"Weak Potion"}],"is_trial":false,"path_per_floor":["M","M","M","?","M","R","E","R","T","R","?","R","E","M","R","B",null,"M","?","$","M","M","E","R","M","T","M","?","M","$","?","R","B",null,"M","?","$","M","M","E","R","?","T","M","?","T","R","$","R","B",null],"character_chosen":"THE_SILENT","items_purchased":["Membership Card","Incense Burner","Fruit Juice","Bouncing Flask","Well Laid Plans","Anchor","Master of Strategy+1","Discovery+1","Boot","Frozen Eye","DuplicationPotion"],"campfire_rested":3,"item_purchase_floors":[20,20,20,20,20,48,48,48,48,48,48],"current_hp_per_floor":[49,49,48,31,30,30,13,34,34,34,34,34,14,14,35,7,54,36,36,41,39,41,19,41,41,41,42,43,43,43,27,42,25,63,59,59,59,55,48,22,40,75,75,56,56,56,74,74,75,36],"gold":808,"neow_bonus":"REMOVE_TWO","is_daily":false,"chose_seed":false,"campfire_upgraded":7,"win_rate":0.0,"timestamp":1610562439,"path_taken":["M","M","M","?","M","R","E","R","T","R","?","R","E","M","R","BOSS","M","?","$","M","M","E","R","M","T","M","?","M","$","?","R","BOSS","M","?","?","M","M","E","R","?","T","M","?","?","R","$","R","BOSS"],"items_purchased_type":["Relic","Relic","Potion","Card","Card","Relic","Card","Card","Relic","Relic","Potion"],"build_version":"2020-12-22","purchased_purges":1,"victory":true,"max_hp_per_floor":[70,70,70,70,70,70,70,70,70,70,70,70,70,70,70,70,70,70,70,75,75,75,75,75,75,75,75,75,75,75,75,75,75,75,75,75,75,75,75,75,75,75,75,75,75,75,75,75,75,75],"card_choices":[{"not_picked":["Well Laid Plans","Outmaneuver"],"picked":"PiercingWail","floor":1.0},{"not_picked":["Dagger Throw","Underhanded Strike"],"picked":"Backstab","floor":2.0},{"not_picked":["Finisher","Deflect"],"picked":"Backflip","floor":3.0},{"not_picked":["Acrobatics","Poisoned Stab"],"picked":"Deadly Poison","floor":5.0},{"not_picked":["Deflect","Cloak And Dagger"],"picked":"Poisoned Stab","floor":7.0},{"not_picked":["Bullet Time","Accuracy","Endless Agony"],"picked":"SKIP","floor":13.0},{"not_picked":["Blade Dance","Terror"],"picked":"Noxious Fumes","floor":14.0},{"not_picked":["Predator","Blade Dance","Cloak And Dagger"],"picked":"SKIP","floor":14.0},{"not_picked":["Envenom","Bullet Time"],"picked":"Die Die Die","floor":16.0},{"not_picked":["PiercingWail+1","Blade Dance"],"picked":"Deadly Poison","floor":18.0},{"not_picked":["Acrobatics","PiercingWail"],"picked":"Venomology","floor":18.0},{"not_picked":["PiercingWail+1","Cloak And Dagger+1"],"picked":"Skewer","floor":21.0},{"not_picked":["Distraction","Quick Slash","Tactician"],"picked":"SKIP","floor":21.0},{"not_picked":["Backstab","Poisoned Stab"],"picked":"Dodge and Roll","floor":22.0},{"not_picked":["Flying Knee","Leg Sweep","Accuracy"],"picked":"SKIP","floor":22.0},{"not_picked":["Endless Agony","Poisoned Stab"],"picked":"Sucker Punch","floor":23.0},{"not_picked":["Acrobatics","Poisoned Stab","Well Laid Plans"],"picked":"SKIP","floor":25.0},{"not_picked":["Masterful Stab","Blade Dance","Outmaneuver"],"picked":"SKIP","floor":25.0},{"not_picked":["Underhanded Strike+1","Sucker Punch"],"picked":"After Image","floor":27.0},{"not_picked":["Slice+1","Sucker Punch"],"picked":"Dagger Spray+1","floor":27.0},{"not_picked":["Distraction+1","Tactician+1"],"picked":"Backstab+1","floor":28.0},{"not_picked":["Bane","Cloak And Dagger","Unload"],"picked":"SKIP","floor":29.0},{"not_picked":["Eviscerate","Dodge and Roll","Sucker Punch"],"picked":"SKIP","floor":29.0},{"not_picked":["A Thousand Cuts","Envenom"],"picked":"Malaise","floor":33.0},{"not_picked":["Concentrate","Blade Dance+1"],"picked":"Backstab+1","floor":35.0},{"not_picked":["Expertise","Acrobatics"],"picked":"Footwork+1","floor":35.0},{"not_picked":["Catalyst","PiercingWail+1"],"picked":"Escape Plan+1","floor":38.0},{"not_picked":["Sucker Punch","Underhanded Strike","Skewer"],"picked":"SKIP","floor":38.0},{"not_picked":["Endless Agony+1","Concentrate+1"],"picked":"Terror+1","floor":39.0},{"not_picked":["Outmaneuver+1","Slice+1","Sucker Punch"],"picked":"SKIP","floor":39.0},{"not_picked":["Poisoned Stab+1","Dagger Throw","Terror+1"],"picked":"SKIP","floor":40.0},{"not_picked":["Envenom","Blade Dance+1"],"picked":"Footwork+1","floor":44.0},{"not_picked":["PiercingWail+1","Dagger Throw+1","Sucker Punch"],"picked":"SKIP","floor":44.0},{"not_picked":["Good Instincts+1","Magnetism"],"picked":"The Bomb+1","floor":45.0}],"player_experience":557793,"relics_obtained":[{"floor":7.0,"key":"Prayer Wheel"},{"floor":9.0,"key":"Du-Vu Doll"},{"floor":13.0,"key":"StoneCalendar"},{"floor":17.0,"key":"Juzu Bracelet"},{"floor":17.0,"key":"Meat on the Bone"},{"floor":17.0,"key":"Thread and Needle"},{"floor":23.0,"key":"CeramicFish"},{"floor":26.0,"key":"MawBank"},{"floor":28.0,"key":"Calipers"},{"floor":28.0,"key":"Eternal Feather"},{"floor":31.0,"key":"Nilry\u0027s Codex"},{"floor":40.0,"key":"Toxic Egg 2"},{"floor":43.0,"key":"Letter Opener"},{"floor":46.0,"key":"Bag of Marbles"}],"event_choices":[{"damage_healed":0.0,"max_hp_gain":0.0,"max_hp_loss":0.0,"gold_gain":0.0,"event_name":"Golden Idol","player_choice":"Take Damage","floor":4.0,"gold_loss":0.0,"damage_taken":17.0,"relics_obtained":["Golden Idol"]},{"damage_healed":0.0,"max_hp_gain":0.0,"max_hp_loss":0.0,"gold_gain":175.0,"event_name":"Liars Game","player_choice":"AGREE","floor":11.0,"gold_loss":0.0,"damage_taken":0.0,"cards_obtained":["Doubt"]},{"damage_healed":0.0,"max_hp_gain":0.0,"max_hp_loss":0.0,"gold_gain":0.0,"event_name":"Accursed Blacksmith","player_choice":"Forge","floor":19.0,"gold_loss":0.0,"damage_taken":0.0,"cards_upgraded":["Venomology"]},{"damage_healed":0.0,"max_hp_gain":0.0,"max_hp_loss":0.0,"gold_gain":0.0,"event_name":"Colosseum","player_choice":"Fight","floor":28.0,"gold_loss":0.0,"damage_taken":0.0},{"damage_healed":0.0,"max_hp_gain":0.0,"max_hp_loss":0.0,"gold_gain":0.0,"event_name":"Colosseum","player_choice":"Fought Nobs","floor":28.0,"gold_loss":0.0,"damage_taken":0.0},{"damage_healed":0.0,"max_hp_gain":0.0,"max_hp_loss":0.0,"gold_gain":0.0,"event_name":"Cursed Tome","player_choice":"Obtained Book","floor":31.0,"gold_loss":0.0,"damage_taken":16.0},{"damage_healed":0.0,"max_hp_gain":0.0,"max_hp_loss":0.0,"gold_gain":0.0,"event_name":"SecretPortal","player_choice":"Ignored","floor":36.0,"gold_loss":0.0,"damage_taken":0.0},{"damage_healed":35.0,"max_hp_gain":0.0,"max_hp_loss":0.0,"gold_gain":0.0,"event_name":"MindBloom","player_choice":"Heal","floor":42.0,"gold_loss":0.0,"damage_taken":0.0,"cards_obtained":["Doubt"]},{"damage_healed":0.0,"max_hp_gain":0.0,"max_hp_loss":0.0,"gold_gain":0.0,"event_name":"SensoryStone","player_choice":"Memory 1","floor":45.0,"gold_loss":0.0,"damage_taken":0.0}],"is_beta":false,"boss_relics":[{"not_picked":["Tiny House","SacredBark"],"picked":"Calling Bell"},{"not_picked":["Runic Dome","Ring of the Serpent"],"picked":"Empty Cage"}],"items_purged_floors":[20],"is_endless":false,"potions_floor_spawned":[1,13,14,16,21,23,28,28,29,39,40],"ascension_level":5}}