{"host":"mai03x2ekbjy4059","time":1610525237,"event":{"mods":["2.2 Compatiblity","BaseMod","DeckTracker","Highlight Path","Keyboard Shortcuts","Minty Spire (QoL Compilation)","Permanent Neow","Quick Restart","SuperFastMode","everything is the same but u backflip on backflip"],"gold_per_floor":[117,117,117,129,54,54,82,95,95,106,106,106,6,32,32,108,108,125,142,17,32,49,84,103,135,160,178,206,256,256,273,273,344,344,360,360,360,374,76,105,105,121,173,198,216,41,41,76,76,76,76,76,3,29,29],"floor_reached":56,"language":"KOR","playtime":3966,"items_purged":["Worship","Decay","Strike_P","Defend_P","Strike_P+1"],"score":2665,"play_id":"d235e297-96b8-444a-9df1-62f058a9bbc3","local_time":"20210113170717","is_ascension_mode":true,"campfire_choices":[{"data":"Eruption","floor":6.0,"key":"SMITH"},{"data":"Vigilance","floor":15.0,"key":"SMITH"},{"data":"InnerPeace","floor":32,"key":"SMITH"},{"floor":47,"key":"RECALL"}],"circlet_count":0,"master_deck":["AscendersBane","Defend_P+1","Eruption+1","Vigilance+1","InnerPeace+1","Adaptation+1","MentalFortress+1"],"relics":["PureWater","Toxic Egg 2","Oddly Smooth Stone","Prayer Wheel","Pen Nib","Coffee Dripper","Bottled Tornado","Lizard Tail","Dream Catcher","VioletLotus","GoldenEye","TheAbacus","Ornamental Fan","Toy Ornithopter","Whetstone","Gremlin Horn","TeardropLocket"],"acts_visited":["Exordium","TheCity","TheBeyond","TheEnding"],"potions_floor_usage":[28,55],"damage_taken":[{"damage":8.0,"enemies":"2 Louse","floor":1.0,"turns":3.0},{"damage":0.0,"enemies":"Jaw Worm","floor":4.0,"turns":3.0},{"damage":0.0,"enemies":"Gremlin Nob","floor":7.0,"turns":2.0},{"damage":0.0,"enemies":"Cultist","floor":8.0,"turns":2.0},{"damage":5.0,"enemies":"Lots of Slimes","floor":10.0,"turns":4.0},{"damage":0.0,"enemies":"Lagavulin","floor":14.0,"turns":3.0},{"damage":1.0,"enemies":"The Guardian","floor":16.0,"turns":10.0},{"damage":2.0,"enemies":"Shell Parasite","floor":18.0,"turns":5.0},{"damage":0.0,"enemies":"3 Byrds","floor":19.0,"turns":4.0},{"damage":0.0,"enemies":"3 Cultists","floor":21.0,"turns":4.0},{"damage":0.0,"enemies":"Centurion and Healer","floor":22.0,"turns":2.0},{"damage":28.0,"enemies":"Slavers","floor":23.0,"turns":6.0},{"damage":6.0,"enemies":"Chosen and Byrds","floor":24.0,"turns":3.0},{"damage":0.0,"enemies":"Gremlin Leader","floor":25.0,"turns":3.0},{"damage":0.0,"enemies":"3 Cultists","floor":27.0,"turns":3.0},{"damage":16,"enemies":"Slavers","floor":28,"turns":2},{"damage":0,"enemies":"Snecko","floor":31,"turns":1},{"damage":0,"enemies":"Collector","floor":33,"turns":2},{"damage":0,"enemies":"3 Shapes","floor":35,"turns":1},{"damage":0,"enemies":"3 Darklings","floor":38,"turns":1},{"damage":0,"enemies":"Reptomancer","floor":40,"turns":1},{"damage":0,"enemies":"Spire Growth","floor":42,"turns":1},{"damage":0,"enemies":"Nemesis","floor":44,"turns":1},{"damage":0,"enemies":"Transient","floor":45,"turns":2},{"damage":0,"enemies":"Giant Head","floor":48,"turns":2},{"damage":0,"enemies":"Donu and Deca","floor":50,"turns":1},{"damage":0,"enemies":"Shield and Spear","floor":54,"turns":1},{"damage":47,"enemies":"The Heart","floor":55,"turns":4}],"seed_played":"-4224531583813581478","potions_obtained":[{"floor":4.0,"key":"DistilledChaos"},{"floor":7.0,"key":"LiquidMemories"},{"floor":10.0,"key":"SpeedPotion"},{"floor":16.0,"key":"SteroidPotion"},{"floor":22.0,"key":"Weak Potion"},{"floor":24.0,"key":"BlessingOfTheForge"},{"floor":35,"key":"ColorlessPotion"}],"is_trial":false,"path_per_floor":["M","?","?","M","$","R","E","M","T","M","T","?","$","E","R","B",null,"M","M","$","M","M","E","M","E","T","M","E","?","?","M","R","B",null,"M","T","?","M","$","E","?","M","T","E","M","$","R","E","R","B",null,"R","$","E","B",null],"character_chosen":"WATCHER","items_purchased":["TheAbacus","EssenceOfSteel"],"campfire_rested":0,"item_purchase_floors":[39,53],"current_hp_per_floor":[35,28,28,28,28,28,28,28,28,23,23,23,23,23,23,22,57,55,55,55,55,55,27,21,21,21,21,5,5,68,68,68,68,68,68,68,68,68,68,68,63,63,63,63,63,63,63,63,63,63,67,67,67,67,24],"gold":29,"neow_bonus":"TRANSFORM_TWO_CARDS","is_daily":false,"chose_seed":false,"campfire_upgraded":3,"win_rate":0.0,"timestamp":1610525237,"path_taken":["M","?","?","?","?","R","E","M","T","M","?","?","$","E","R","BOSS","M","?","$","?","M","E","M","E","T","M","E","?","?","M","R","BOSS","M","?","?","?","?","E","?","M","T","E","?","$","R","E","R","BOSS","R","$","E","BOSS"],"items_purchased_type":["Relic","Potion"],"build_version":"2020-12-22","purchased_purges":5,"victory":true,"max_hp_per_floor":[68,68,68,68,68,68,68,68,68,68,68,68,68,68,68,68,68,68,68,68,68,68,68,68,68,68,68,68,68,68,68,68,68,68,68,68,68,68,68,68,68,68,68,68,68,68,68,68,68,68,68,68,68,68,68],"card_choices":[{"not_picked":["BowlingBash","FlyingSleeves","WreathOfFlame"],"picked":"SKIP","floor":1.0},{"not_picked":["ReachHeaven","Meditate","Halt"],"picked":"SKIP","floor":4.0},{"not_picked":["Weave","Swivel+1","Consecrate"],"picked":"SKIP","floor":7.0},{"not_picked":["FollowUp","Protect+1","Prostrate+1"],"picked":"SKIP","floor":8.0},{"not_picked":["LessonLearned","Crescendo+1","FollowUp"],"picked":"SKIP","floor":10.0},{"not_picked":["Consecrate","BattleHymn","InnerPeace+1"],"picked":"SKIP","floor":14.0},{"not_picked":["CrushJoints","InnerPeace+1"],"picked":"Adaptation+1","floor":18.0},{"not_picked":["Protect+1","FollowUp","Consecrate+1"],"picked":"SKIP","floor":18.0},{"not_picked":["FlyingSleeves","Halt+1","EmptyBody+1"],"picked":"SKIP","floor":19.0},{"not_picked":["LessonLearned","SashWhip","Evaluate+1"],"picked":"SKIP","floor":19.0},{"not_picked":["Meditate+1","Study","FollowUp"],"picked":"SKIP","floor":21.0},{"not_picked":["Halt+1","FollowUp","Protect+1"],"picked":"SKIP","floor":21.0},{"not_picked":["ThirdEye+1","FlurryOfBlows","Evaluate+1"],"picked":"SKIP","floor":22.0},{"not_picked":["EmptyBody+1","BowlingBash","ReachHeaven+1"],"picked":"SKIP","floor":22.0},{"not_picked":["Tantrum","SandsOfTime","Ragnarok"],"picked":"SKIP","floor":23.0},{"not_picked":["WreathOfFlame+1","FlurryOfBlows","EmptyFist"],"picked":"SKIP","floor":24.0},{"not_picked":["Crescendo+1","Prostrate+1","FlurryOfBlows"],"picked":"SKIP","floor":24.0},{"not_picked":["ClearTheMind+1","WindmillStrike","Tantrum"],"picked":"SKIP","floor":25.0},{"not_picked":["CarveReality+1","SignatureMove","Sanctity+1"],"picked":"SKIP","floor":27.0},{"not_picked":["JustLucky","Wish+1","ClearTheMind+1"],"picked":"SKIP","floor":27.0},{"not_picked":["Nirvana","TalkToTheHand","CrushJoints"],"picked":"SKIP","floor":28},{"not_picked":["FlurryOfBlows","Evaluate+1","SandsOfTime"],"picked":"SKIP","floor":31},{"not_picked":["Crescendo+1","Swivel+1","Halt+1"],"picked":"SKIP","floor":31},{"not_picked":["Consecrate+1","Halt+1","SandsOfTime"],"picked":"SKIP","floor":35},{"not_picked":["CrushJoints+1","FlyingSleeves+1","Meditate+1"],"picked":"SKIP","floor":35},{"not_picked":["Prostrate+1","PathToVictory+1","ClearTheMind+1"],"picked":"SKIP","floor":38},{"not_picked":["BowlingBash","Halt+1","Collect+1"],"picked":"SKIP","floor":38},{"not_picked":["Sanctity+1","Worship+1","SashWhip+1"],"picked":"SKIP","floor":40},{"not_picked":["Omniscience+1","Evaluate+1","FollowUp"],"picked":"SKIP","floor":42},{"not_picked":["Consecrate+1","TalkToTheHand","Collect+1"],"picked":"SKIP","floor":42},{"not_picked":["PathToVictory+1","EmptyFist","FollowUp"],"picked":"SKIP","floor":44},{"not_picked":["ClearTheMind+1","Pray+1"],"picked":"MentalFortress+1","floor":45},{"not_picked":["CarveReality","SashWhip","DeusExMachina+1"],"picked":"SKIP","floor":45},{"not_picked":["CutThroughFate","ThirdEye+1","Tantrum"],"picked":"SKIP","floor":48},{"not_picked":["Conclude","Sanctity+1","DeusExMachina+1"],"picked":"SKIP","floor":54}],"player_experience":1078520,"relics_obtained":[{"floor":7.0,"key":"Toxic Egg 2"},{"floor":9.0,"key":"Oddly Smooth Stone"},{"floor":11.0,"key":"Prayer Wheel"},{"floor":14.0,"key":"Pen Nib"},{"floor":23.0,"key":"Bottled Tornado"},{"floor":25.0,"key":"Lizard Tail"},{"floor":28,"key":"Dream Catcher"},{"floor":36,"key":"GoldenEye"},{"floor":40,"key":"Ornamental Fan"},{"floor":43,"key":"Toy Ornithopter"},{"floor":44,"key":"Whetstone"},{"floor":48,"key":"Gremlin Horn"},{"floor":54,"key":"TeardropLocket"}],"event_choices":[{"cards_removed":["Defend_P"],"damage_healed":0.0,"max_hp_gain":0.0,"max_hp_loss":0.0,"gold_gain":0.0,"event_name":"Golden Wing","player_choice":"Card Removal","floor":2.0,"gold_loss":0.0,"damage_taken":7.0},{"damage_healed":0.0,"max_hp_gain":0.0,"max_hp_loss":0.0,"gold_gain":0.0,"cards_transformed":["Strike_P"],"event_name":"Transmorgrifier","player_choice":"Transformed","floor":3.0,"gold_loss":0.0,"damage_taken":0.0,"cards_obtained":["Worship"]},{"damage_healed":0.0,"max_hp_gain":0.0,"max_hp_loss":0.0,"gold_gain":0.0,"event_name":"Wheel of Change","player_choice":"Cursed","floor":12.0,"gold_loss":0.0,"damage_taken":0.0,"cards_obtained":["Decay"]},{"damage_healed":0,"gold_gain":50,"player_choice":"Stole From Cult","damage_taken":0,"max_hp_gain":0,"max_hp_loss":0,"event_name":"Nest","floor":29,"gold_loss":0},{"cards_removed":["SandsOfTime"],"damage_healed":63,"gold_gain":0,"player_choice":"Offered Uncommon","damage_taken":0,"max_hp_gain":0,"max_hp_loss":0,"event_name":"Bonfire Elementals","floor":30,"gold_loss":0},{"damage_healed":0,"gold_gain":0,"player_choice":"Upgraded","damage_taken":0,"max_hp_gain":0,"max_hp_loss":0,"event_name":"Upgrade Shrine","floor":37,"gold_loss":0,"cards_upgraded":["Defend_P"]},{"damage_healed":0,"gold_gain":0,"player_choice":"Punched","damage_taken":5,"max_hp_gain":0,"max_hp_loss":0,"event_name":"Designer","floor":41,"gold_loss":0}],"is_beta":false,"boss_relics":[{"not_picked":["Runic Pyramid","Runic Dome"],"picked":"Coffee Dripper"},{"not_picked":["Busted Crown","Philosopher\u0027s Stone"],"picked":"VioletLotus"}],"items_purged_floors":[5,13,20,39,46],"is_endless":false,"potions_floor_spawned":[4,7,10,16,18,22,24,27,35,42,48],"ascension_level":15}}