{"host":"2jftgrhdogeeegvp","time":1610509881,"event":{"mods":["Act Like it!","Arknights The Spire","BaseMod","Colored Map","Downfall","Gensokyo","Marisa£®ÏF”Í°°ƒß¿Ì…≥£©","Minty Spire (QoL Compilation)","READ ME - Guardian Mod","Reimu£®≤©¿ˆ¡È√Œ£©","StSLib","SuperFastMode","The Cursed","The Gatherer","The Mystic"],"gold_per_floor":[116,116,131,206,206,206,239,12,61,61,75,108,129,152,152,152,152],"floor_reached":16,"language":"ZHS","playtime":568,"items_purged":["Regret"],"score":133,"play_id":"9e11923d-6526-4e54-b3ae-5824485e7f9f","local_time":"20210112195121","is_ascension_mode":false,"campfire_choices":[{"floor":6.0,"key":"RECALL"},{"data":"ats:Rapid Magazine","floor":10.0,"key":"SMITH"},{"floor":15,"key":"REST"}],"circlet_count":0,"master_deck":["ats:Strike C","ats:Strike G","ats:Strike S","ats:Strike V","ats:Armor Crushing Shot","ats:Defend","ats:Defend","ats:Defend","ats:Defend","ats:Emotion Absorption","ats:Flexible Camouflage","ats:Curse Doll","ats:Rapid Magazine+1","ats:Poison Spread","ats:Roar Of Ursus","ats:Apocalypse"],"relics":["ats:Sanity","NeowsBlessing","Tiny Chest","Golden Idol","ats:Originium","ats:Industrial Water Cannon","Sling","Pen Nib","Matryoshka","Toxic Egg 2","Nunchaku"],"acts_visited":["Exordium"],"potions_floor_usage":[12],"damage_taken":[{"damage":0.0,"enemies":"2 Louse","floor":1.0,"turns":1.0},{"damage":0.0,"enemies":"Jaw Worm","floor":3.0,"turns":1.0},{"damage":0.0,"enemies":"Lagavulin","floor":7.0,"turns":2.0},{"damage":0.0,"enemies":"Cultist","floor":11.0,"turns":3.0},{"damage":27,"enemies":"3 Sentries","floor":12,"turns":8},{"damage":12,"enemies":"Blue Slaver","floor":13,"turns":5},{"damage":38,"enemies":"Hexaghost","floor":16,"turns":9}],"seed_played":"-4268819299408238939","potions_obtained":[{"floor":11.0,"key":"BlessingOfTheForge"}],"is_trial":false,"path_per_floor":["M","?","M","?","?","R","E","$","T","R","M","E","M","T","R","B"],"character_chosen":"DOCTOR_CLASS","items_purchased":["Sling"],"campfire_rested":1,"item_purchase_floors":[8],"current_hp_per_floor":[72,72,72,61,43,43,43,43,43,43,43,16,4,4,25,0,0],"gold":152,"neow_bonus":"THREE_ENEMY_KILL","is_daily":false,"chose_seed":false,"campfire_upgraded":1,"win_rate":0.0,"timestamp":1610509881,"path_taken":["M","?","M","?","?","R","E","$","T","R","M","E","?","?","R","BOSS"],"items_purchased_type":["Relic"],"build_version":"2020-12-22","purchased_purges":1,"victory":false,"max_hp_per_floor":[72,72,72,72,72,72,72,72,72,72,72,72,72,72,72,72,72],"card_choices":[{"not_picked":["ats:Powerful Strike","ats:Counter Healing Mode"],"picked":"ats:Flexible Camouflage","floor":1.0},{"not_picked":["ats:Flame Of Heaven","ats:Red Shift"],"picked":"ats:Curse Doll","floor":3.0},{"not_picked":["ats:Shadow Assault","ats:Support Order"],"picked":"ats:Rapid Magazine","floor":7.0},{"not_picked":["ats:Powerful Strike","ats:Closed Bolt Burst Fire"],"picked":"ats:Poison Spread","floor":11.0},{"not_picked":["ats:Very Hot Blade","ats:Closed Bolt Burst Fire"],"picked":"ats:Roar Of Ursus","floor":12},{"not_picked":["ats:Revitalization","ats:Childhood Dance"],"picked":"ats:Apocalypse","floor":13}],"player_experience":404642,"relics_obtained":[{"floor":7.0,"key":"ats:Originium"},{"floor":7.0,"key":"ats:Industrial Water Cannon"},{"floor":9.0,"key":"Pen Nib"},{"floor":12,"key":"ats:Originium"},{"floor":12,"key":"Matryoshka"},{"floor":14,"key":"Toxic Egg 2"},{"floor":14,"key":"Nunchaku"}],"event_choices":[{"damage_healed":0.0,"max_hp_gain":0.0,"max_hp_loss":0.0,"gold_gain":0.0,"event_name":"Big Fish","player_choice":"Box","floor":2.0,"gold_loss":0.0,"damage_taken":0.0,"relics_obtained":["Tiny Chest"],"cards_obtained":["Regret"]},{"damage_healed":0.0,"max_hp_gain":0.0,"max_hp_loss":0.0,"gold_gain":75.0,"event_name":"World of Goop","player_choice":"Gather Gold","floor":4.0,"gold_loss":0.0,"damage_taken":11.0},{"damage_healed":0.0,"max_hp_gain":0.0,"max_hp_loss":0.0,"gold_gain":0.0,"event_name":"Golden Idol","player_choice":"Take Damage","floor":5.0,"gold_loss":0.0,"damage_taken":18.0,"relics_obtained":["Golden Idol"]}],"is_beta":false,"boss_relics":[],"items_purged_floors":[8],"is_endless":false,"potions_floor_spawned":[11],"killed_by":"Hexaghost","ascension_level":0}}