{"host":"ruzbe9usp9zhw4m7","time":1610538685,"event":{"mods":["BaseMod","Colored Map","Downfall","Googly Eyes","Hermit","Marisa????????","Minty Spire (QoL Compilation)","Replay The Spire","StSLib","The Bug Knight","The Cursed","The Disciple","The Servant 0.9.4"],"gold_per_floor":[119,137,184,296,308,320,345,373,124,141,141,160,160,195,195,229,229,326,326,343,343,356,371,371,405,431,448,448,448,448],"floor_reached":29,"language":"ENG","playtime":1981,"items_purged":[],"score":280,"play_id":"0411bb2f-ba1d-4413-816b-d20cd312292d","local_time":"20210113055125","is_ascension_mode":false,"campfire_choices":[{"data":"HollowMod:SoulStrike","floor":13,"key":"SMITH"},{"data":"HollowMod:FocusHealStart","floor":15,"key":"SMITH"},{"data":"HollowMod:VengefulSpirit","floor":17,"key":"SMITH"}],"circlet_count":0,"master_deck":["HollowMod:NailStrikeStart","HollowMod:NailStrikeStart","HollowMod:NailStrikeStart","HollowMod:NailStrikeStart","HollowMod:QuickDashStart","HollowMod:QuickDashStart","HollowMod:QuickDashStart","HollowMod:QuickDashStart","HollowMod:FocusHealStart+1","HollowMod:PogoStrike","HollowMod:CloakDash","HollowMod:CloakDash","HollowMod:DashSlash","HollowMod:PureNailStrike","HollowMod:SoulStrike+1","HollowMod:VengefulSpirit+1","HollowMod:SlysStrikes","HollowMod:DashSlash","HollowMod:BaldurShell+1","HollowMod:SoulShaman","HollowMod:SharpenedNail+1","HollowMod:GoodIntentions"],"relics":["HollowMod:VesselMask","MawBank","Ornamental Fan","Bottled Flame","Happy Flower","Bag of Marbles","Snecko Eye","Mirror","HollowMod:GreatKnightMask","Omamori"],"acts_visited":["Exordium","TheCity"],"potions_floor_usage":[14,18,18,18,23,29],"damage_taken":[{"damage":1,"enemies":"Cultist","floor":1,"turns":3},{"damage":2,"enemies":"Small Slimes","floor":2,"turns":3},{"damage":7,"enemies":"2 Louse","floor":7,"turns":3},{"damage":0,"enemies":"Looter","floor":8,"turns":3},{"damage":2,"enemies":"Blue Slaver","floor":10,"turns":3},{"damage":0,"enemies":"Large Slime","floor":12,"turns":4},{"damage":17,"enemies":"3 Sentries","floor":14,"turns":7},{"damage":14,"enemies":"Gremlin Nob","floor":16,"turns":3},{"damage":62,"enemies":"The Guardian","floor":18,"turns":12},{"damage":0,"enemies":"Shell Parasite","floor":20,"turns":3},{"damage":14,"enemies":"Spheric Guardian","floor":22,"turns":4},{"damage":25,"enemies":"Centurion and Healer","floor":23,"turns":4},{"damage":17,"enemies":"HollowMod:Nosk","floor":25,"turns":8},{"damage":0,"enemies":"HollowMod:Zote","floor":26,"turns":2},{"damage":29,"enemies":"Shelled Parasite and Fungi","floor":27,"turns":5},{"damage":18,"enemies":"3 Cultists","floor":29,"turns":3}],"seed_played":"-3913559142990984342","potions_obtained":[{"floor":1,"key":"LiquidMemories"},{"floor":7,"key":"SpeedPotion"},{"floor":12,"key":"Swift Potion"},{"floor":14,"key":"Strength Potion"},{"floor":20,"key":"Weak Potion"},{"floor":25,"key":"Block Potion"}],"is_trial":false,"path_per_floor":["M","M","T","?","PTL","PTL","M","M","$","M","T","M","R","E","R","E","R","B",null,"M","?","M","M","?","E","?","M","T","M"],"character_chosen":"THE_BUGKNIGHT","items_purchased":["Ornamental Fan"],"campfire_rested":0,"item_purchase_floors":[9],"current_hp_per_floor":[81,82,82,82,82,82,81,81,81,79,79,79,79,68,68,60,60,10,82,82,66,62,37,37,30,30,11,11,0,0],"gold":448,"neow_bonus":"TEN_PERCENT_HP_BONUS","is_daily":false,"chose_seed":false,"campfire_upgraded":3,"win_rate":0.0,"timestamp":1610538685,"path_taken":["M","M","?","?","PTL","PTL","M","M","$","?","T","?","R","E","R","E","R","BOSS","M","?","M","M","?","E","?","M","T","M"],"items_purchased_type":["Relic"],"build_version":"2020-12-22","purchased_purges":0,"victory":false,"max_hp_per_floor":[82,82,82,82,82,82,82,82,82,82,82,82,82,82,82,82,82,82,82,82,87,87,87,87,87,87,87,87,87,87],"card_choices":[{"not_picked":["HollowMod:SharpenedShadows","HollowMod:SharpenedNail"],"picked":"HollowMod:CloakDash","floor":1},{"not_picked":["HollowMod:DescendingDark","HollowMod:VengefulVoid"],"picked":"HollowMod:CloakDash","floor":2},{"not_picked":["HollowMod:ShapeofUnn","HollowMod:ShadowDash"],"picked":"HollowMod:DashSlash","floor":7},{"not_picked":["HollowMod:InfectedAttack","HollowMod:PerfectDash"],"picked":"HollowMod:PureNailStrike","floor":8},{"not_picked":["HollowMod:TaintedHusks","HollowMod:CloakDash"],"picked":"HollowMod:SoulStrike","floor":10},{"not_picked":["HollowMod:VengefulSpirit","HollowMod:NewJinnsSoul","HollowMod:DoubleDash"],"picked":"SKIP","floor":12},{"not_picked":["HollowMod:LifebloodCocoon","HollowMod:HornetsHelp"],"picked":"HollowMod:VengefulSpirit","floor":14},{"not_picked":["HollowMod:SiblingsShadow","HollowMod:ShapeofUnn","HollowMod:SiblingsSouls"],"picked":"SKIP","floor":16},{"not_picked":["HollowMod:ZotesMagnificence","HollowMod:HornetsHelp"],"picked":"HollowMod:SlysStrikes","floor":18},{"not_picked":["HollowMod:MawleksShell","HollowMod:ShadowDash"],"picked":"HollowMod:DashSlash","floor":20},{"not_picked":["HollowMod:GoodIntentions","HollowMod:HeavyBlow"],"picked":"HollowMod:BaldurShell+1","floor":22},{"not_picked":["HollowMod:InfectedAttack","HollowMod:LifebloodCore"],"picked":"HollowMod:SoulShaman","floor":23},{"not_picked":["HollowMod:TaintedHusks","HollowMod:NewJinnsSoul"],"picked":"HollowMod:SharpenedNail+1","floor":25},{"not_picked":["HollowMod:PureNailStrike","HollowMod:Grubsong+1"],"picked":"HollowMod:GoodIntentions","floor":27}],"player_experience":676409,"relics_obtained":[{"floor":3,"key":"MawBank"},{"floor":11,"key":"Bottled Flame"},{"floor":14,"key":"Happy Flower"},{"floor":16,"key":"Bag of Marbles"},{"floor":25,"key":"Mirror"},{"floor":26,"key":"HollowMod:GreatKnightMask"},{"floor":28,"key":"Omamori"}],"event_choices":[{"damage_healed":0,"gold_gain":100,"player_choice":"Pray","damage_taken":0,"max_hp_gain":0,"max_hp_loss":0,"event_name":"Golden Shrine","floor":4,"gold_loss":0},{"damage_healed":0,"gold_gain":0,"player_choice":"Shed Blood","damage_taken":21,"max_hp_gain":5,"max_hp_loss":0,"event_name":"Forgotten Altar","floor":21,"gold_loss":0},{"damage_healed":0,"gold_gain":0,"player_choice":"Ignored","damage_taken":0,"max_hp_gain":0,"max_hp_loss":0,"event_name":"Vampires","floor":24,"gold_loss":0}],"is_beta":false,"boss_relics":[{"not_picked":["Tiny House","ReplayTheSpireMod:DimensionalGlitch"],"picked":"Snecko Eye"}],"items_purged_floors":[],"is_endless":false,"potions_floor_spawned":[1,7,12,14,20,25],"killed_by":"3 Cultists","ascension_level":0}}