{"host":"ny1uxs7aco9qql8p","time":1610564660,"event":{"mods":["AchievementEnabler","Alarm Clock","BaseMod","Bestiary","Colored Map","Colored Powertips","DeckTracker","Filter the Spire","Highlight Path","Minty Spire (QoL Compilation)","Permanent Neow","Quick Restart","Rare Cards Sparkle","Relic Stats"],"gold_per_floor":[115,129,304,330,345,375,340,340,420,420,435,435,454,473,473,577,577,590,217,229,242,259,259,270,285,285,0,0,0,0,14,14,117,117,134,134,134,134],"floor_reached":37,"language":"ENG","playtime":3903,"items_purged":["Doubt"],"score":417,"play_id":"06613a56-9ce3-4709-8e4d-ebed321ca9ab","local_time":"20210113140420","is_ascension_mode":true,"campfire_choices":[{"data":"Brutality","floor":8.0,"key":"SMITH"},{"data":"Bloodletting","floor":10.0,"key":"SMITH"},{"data":"Hemokinesis","floor":12.0,"key":"SMITH"},{"floor":15.0,"key":"REST"},{"floor":23.0,"key":"REST"},{"floor":28.0,"key":"REST"},{"floor":30.0,"key":"REST"},{"floor":32.0,"key":"REST"}],"circlet_count":0,"master_deck":["Strike_R","Strike_R","Strike_R","Strike_R","Strike_R","Defend_R","Defend_R","Defend_R","Defend_R","Bash","Hemokinesis+1","Bloodletting+1","Feel No Pain","Brutality+1","Headbutt","Pummel","Warcry","Wild Strike","Uppercut","Shrug It Off","Juggernaut","Warcry+1","Metallicize","Enlightenment","Intimidate","White Noise","JustLucky+1","Leap","Sucker Punch","ReachHeaven","Pummel","Blood for Blood","Leap","Limit Break","Deadly Poison+1","Rip and Tear","Devotion","Perfected Strike+1","Ball Lightning+1","Secret Weapon","Sadistic Nature","Deep Breath"],"relics":["Burning Blood","Centennial Puzzle","PreservedInsect","Prayer Wheel","Letter Opener","Sozu","PrismaticShard","Darkstone Periapt","Cursed Key"],"acts_visited":["Exordium","TheCity","TheBeyond"],"potions_floor_usage":[],"damage_taken":[{"damage":3.0,"enemies":"Small Slimes","floor":1.0,"turns":3.0},{"damage":10.0,"enemies":"Jaw Worm","floor":2.0,"turns":3.0},{"damage":2.0,"enemies":"2 Louse","floor":5.0,"turns":2.0},{"damage":28.0,"enemies":"Lagavulin","floor":6.0,"turns":5.0},{"damage":18.0,"enemies":"Lots of Slimes","floor":11.0,"turns":4.0},{"damage":6.0,"enemies":"Looter","floor":13.0,"turns":2.0},{"damage":15.0,"enemies":"3 Louse","floor":14.0,"turns":4.0},{"damage":69.0,"enemies":"The Guardian","floor":16.0,"turns":10.0},{"damage":28.0,"enemies":"Spheric Guardian","floor":18.0,"turns":4.0},{"damage":22.0,"enemies":"2 Thieves","floor":20.0,"turns":4.0},{"damage":12.0,"enemies":"Cultist and Chosen","floor":21.0,"turns":6.0},{"damage":27.0,"enemies":"Snake Plant","floor":22.0,"turns":4.0},{"damage":9.0,"enemies":"Snecko","floor":24.0,"turns":4.0},{"damage":34.0,"enemies":"Sentry and Sphere","floor":25.0,"turns":5.0},{"damage":7.0,"enemies":"Centurion and Healer","floor":31.0,"turns":5.0},{"damage":56,"enemies":"Champ","floor":33,"turns":11},{"damage":54,"enemies":"3 Darklings","floor":35,"turns":5},{"damage":34,"enemies":"2 Orb Walkers","floor":37,"turns":2}],"seed_played":"2450155622341866927","potions_obtained":[{"floor":2.0,"key":"Fire Potion"},{"floor":5.0,"key":"HeartOfIron"},{"floor":11.0,"key":"LiquidBronze"}],"is_trial":false,"path_per_floor":["M","M","?","T","M","E","?","R","T","R","M","R","M","M","R","B",null,"M","$","M","M","M","R","M","M","T","?","R","?","R","M","R","B",null,"M","?","?"],"character_chosen":"IRONCLAD","items_purchased":["PrismaticShard","Exhume"],"campfire_rested":5,"item_purchase_floors":[19,19],"current_hp_per_floor":[80,76,76,76,80,58,78,78,78,78,66,66,66,57,80,17,80,58,58,42,36,15,39,36,8,8,8,32,32,56,55,79,29,80,32,22,0,0],"gold":134,"neow_bonus":"RANDOM_COMMON_RELIC","is_daily":false,"chose_seed":false,"campfire_upgraded":3,"win_rate":0.0,"timestamp":1610564660,"path_taken":["M","M","?","?","M","E","?","R","T","R","M","R","M","M","R","BOSS","M","$","M","M","M","R","M","M","T","?","R","?","R","?","R","BOSS","M","?","?"],"items_purchased_type":["Relic","Card"],"build_version":"2020-12-22","purchased_purges":1,"victory":false,"max_hp_per_floor":[80,80,80,80,80,80,80,80,80,80,80,80,80,80,80,80,80,80,80,80,80,80,80,80,80,80,80,80,80,80,80,80,80,80,80,80,80,80],"relic_stats":{"Sozu":2,"Darkstone Periapt":0,"Centennial Puzzle":[54],"counters":[18,83],"Prayer Wheel":11,"PreservedInsect":28,"Letter Opener":[146],"Cursed Key":0,"obtain_stats":[{"Sozu":17,"Darkstone Periapt":26,"Centennial Puzzle":0,"Prayer Wheel":6,"PreservedInsect":4,"Letter Opener":9,"PrismaticShard":19,"Cursed Key":34,"Burning Blood":0},{"Sozu":8,"Darkstone Periapt":14,"Centennial Puzzle":0,"Prayer Wheel":4,"PreservedInsect":2,"Letter Opener":4,"PrismaticShard":9,"Cursed Key":16,"Burning Blood":0},{"Sozu":33,"Darkstone Periapt":60,"Centennial Puzzle":0,"Prayer Wheel":13,"PreservedInsect":6,"Letter Opener":13,"PrismaticShard":37,"Cursed Key":76,"Burning Blood":0}],"Burning Blood":99},"card_choices":[{"not_picked":["Twin Strike","Inflame"],"picked":"Hemokinesis","floor":1.0},{"not_picked":["Perfected Strike","Anger"],"picked":"Bloodletting","floor":2.0},{"not_picked":["Clash","Twin Strike"],"picked":"Feel No Pain","floor":5.0},{"not_picked":["Cleave","Rage"],"picked":"Brutality","floor":6.0},{"not_picked":["Pommel Strike","Perfected Strike"],"picked":"Headbutt","floor":11.0},{"not_picked":["Armaments","Sword Boomerang"],"picked":"Pummel","floor":11.0},{"not_picked":["Burning Pact","Carnage"],"picked":"Warcry","floor":13.0},{"not_picked":["Uppercut","Heavy Blade"],"picked":"Wild Strike","floor":13.0},{"not_picked":["Perfected Strike","Clothesline"],"picked":"Uppercut","floor":14.0},{"not_picked":["Disarm","Cleave"],"picked":"Shrug It Off","floor":14.0},{"not_picked":["Demon Form","Corruption"],"picked":"Juggernaut","floor":16.0},{"not_picked":["Cleave","Entrench"],"picked":"Warcry+1","floor":18.0},{"not_picked":["Anger","True Grit"],"picked":"Metallicize","floor":18.0},{"not_picked":["Poisoned Stab","EmptyFist"],"picked":"Enlightenment","floor":20.0},{"not_picked":["Prepared","Lockon"],"picked":"Intimidate","floor":20.0},{"not_picked":["Blizzard","Flash of Steel"],"picked":"White Noise","floor":21.0},{"not_picked":["Riddle With Holes","Go for the Eyes"],"picked":"JustLucky+1","floor":21.0},{"not_picked":["Havoc","Iron Wave"],"picked":"Leap","floor":22.0},{"not_picked":["Bane","Heavy Blade"],"picked":"Sucker Punch","floor":22.0},{"not_picked":["Halt","Body Slam"],"picked":"ReachHeaven","floor":24.0},{"not_picked":["Gash","Bludgeon"],"picked":"Pummel","floor":24.0},{"not_picked":["Redo","Bane+1"],"picked":"Blood for Blood","floor":25.0},{"not_picked":["Force Field","JustLucky+1"],"picked":"Leap","floor":25.0},{"not_picked":["MentalFortress","PiercingWail"],"picked":"Deadly Poison+1","floor":31.0},{"not_picked":["Body Slam","Clash+1"],"picked":"Rip and Tear","floor":31.0},{"not_picked":["Blasphemy","Magnetism"],"picked":"Devotion","floor":33},{"not_picked":["Barrage+1","Pommel Strike"],"picked":"Perfected Strike+1","floor":35},{"not_picked":["LikeWater+1","Sucker Punch"],"picked":"Ball Lightning+1","floor":35},{"not_picked":["Dark Shackles","Forethought"],"picked":"Secret Weapon","floor":36},{"not_picked":["Enlightenment","Forethought"],"picked":"Sadistic Nature","floor":36},{"not_picked":["Flash of Steel","Thinking Ahead"],"picked":"Deep Breath","floor":36}],"player_experience":178162,"relics_obtained":[{"floor":4.0,"key":"PreservedInsect"},{"floor":6.0,"key":"Prayer Wheel"},{"floor":9.0,"key":"Letter Opener"},{"floor":26.0,"key":"Darkstone Periapt"}],"event_choices":[{"damage_healed":0.0,"max_hp_gain":0.0,"max_hp_loss":0.0,"gold_gain":175.0,"event_name":"Liars Game","player_choice":"AGREE","floor":3.0,"gold_loss":0.0,"damage_taken":0.0,"cards_obtained":["Doubt"]},{"damage_healed":20.0,"max_hp_gain":0.0,"max_hp_loss":0.0,"gold_gain":0.0,"event_name":"The Cleric","player_choice":"Healed","floor":7.0,"gold_loss":35.0,"damage_taken":0.0},{"damage_healed":0.0,"max_hp_gain":0.0,"max_hp_loss":0.0,"gold_gain":0.0,"event_name":"Masked Bandits","player_choice":"Paid Fearfully","floor":27.0,"gold_loss":285.0,"damage_taken":0.0},{"damage_healed":0.0,"max_hp_gain":0.0,"max_hp_loss":0.0,"gold_gain":0.0,"cards_transformed":["Exhume"],"event_name":"Transmorgrifier","player_choice":"Transformed","floor":29.0,"gold_loss":0.0,"damage_taken":0.0,"cards_obtained":["Limit Break"]},{"damage_healed":0,"gold_gain":0,"player_choice":"Memory 3","damage_taken":10,"max_hp_gain":0,"max_hp_loss":0,"event_name":"SensoryStone","floor":36,"gold_loss":0},{"damage_healed":0,"gold_gain":0,"player_choice":"Fight","damage_taken":0,"max_hp_gain":0,"max_hp_loss":0,"event_name":"Mysterious Sphere","floor":37,"gold_loss":0}],"is_beta":false,"boss_relics":[{"not_picked":["Busted Crown","Coffee Dripper"],"picked":"Sozu"},{"not_picked":["Snecko Eye","SacredBark"],"picked":"Cursed Key"}],"items_purged_floors":[19],"is_endless":false,"potions_floor_spawned":[2,5,11,20,31],"killed_by":"2 Orb Walkers","ascension_level":1}}