{"host":"dtm4abeon6jfxj1d","time":1610513133,"event":{"mods":["BaseMod","Downfall","Minty Spire (QoL Compilation)","Rare Cards Sparkle","StSLib"],"gold_per_floor":[119,135,310,5,23,23,40,40,66,141,155,34,34,54,54,154,154,165,184,195,195,195,195],"floor_reached":22,"language":"ENG","playtime":1008,"items_purged":["Doubt"],"score":249,"play_id":"950a0d97-df81-47a0-8468-5bda7b1777e3","local_time":"20210112234533","is_ascension_mode":true,"campfire_choices":[{"data":"Berserk","floor":6.0,"key":"SMITH"},{"data":"Heavy Blade","floor":8.0,"key":"SMITH"},{"floor":15.0,"key":"REST"}],"circlet_count":0,"master_deck":["Strike_R","Strike_R","Strike_R","Strike_R","Defend_R","Defend_R","Defend_R","Defend_R","Bash","Berserk+1","Spot Weakness","Flex","Flex+1","Heavy Blade+1","Shrug It Off+1","Shrug It Off+1","Impervious+1","Rage+1"],"relics":["Black Blood","Toxic Egg 2","Happy Flower"],"acts_visited":["Exordium","TheCity"],"potions_floor_usage":[18],"damage_taken":[{"damage":12.0,"enemies":"Jaw Worm","floor":1.0,"turns":6.0},{"damage":12.0,"enemies":"Small Slimes","floor":2.0,"turns":4.0},{"damage":2.0,"enemies":"2 Louse","floor":5.0,"turns":3.0},{"damage":27.0,"enemies":"Exordium Thugs","floor":7.0,"turns":3.0},{"damage":9.0,"enemies":"3 Louse","floor":11.0,"turns":4.0},{"damage":8.0,"enemies":"Large Slime","floor":14.0,"turns":5.0},{"damage":11.0,"enemies":"The Guardian","floor":16.0,"turns":7.0},{"damage":11,"enemies":"2 Thieves","floor":18,"turns":5},{"damage":24,"enemies":"3 Byrds","floor":19,"turns":7},{"damage":42,"enemies":"3 Cultists","floor":20,"turns":6},{"damage":59,"enemies":"Snake Plant","floor":22,"turns":5}],"seed_played":"3035949531719041153","potions_obtained":[{"floor":1.0,"key":"LiquidBronze"},{"floor":2.0,"key":"Explosive Potion"},{"floor":5.0,"key":"champ:CounterPotion"},{"floor":14.0,"key":"FairyPotion"},{"floor":20,"key":"Ancient Potion"}],"is_trial":false,"path_per_floor":["M","M","?","$","M","R","M","R","T","?","M","$","?","M","R","B",null,"M","M","M","$","M"],"character_chosen":"IRONCLAD","items_purchased":["Toxic Egg 2","Flex+1","Shrug It Off+1"],"campfire_rested":1,"item_purchase_floors":[4,4,12],"current_hp_per_floor":[66,60,60,60,64,64,43,43,43,32,29,29,22,20,41,36,63,64,52,22,22,0,0],"gold":195,"neow_bonus":"THREE_RARE_CARDS","is_daily":false,"chose_seed":false,"campfire_upgraded":2,"win_rate":0.0,"timestamp":1610513133,"path_taken":["M","M","?","$","M","R","M","R","T","?","M","$","?","M","R","BOSS","M","M","M","$","M"],"items_purchased_type":["Relic","Card","Card"],"build_version":"2020-12-22","purchased_purges":1,"victory":false,"max_hp_per_floor":[72,72,72,72,72,72,72,72,72,72,72,72,72,72,72,72,72,72,72,72,72,72,72],"card_choices":[{"not_picked":["Reaper","Impervious"],"picked":"Berserk","floor":0.0},{"not_picked":["Rupture","Sword Boomerang"],"picked":"Spot Weakness","floor":1.0},{"not_picked":["Warcry","Pommel Strike"],"picked":"Flex","floor":2.0},{"not_picked":["Warcry+1","Pommel Strike"],"picked":"Heavy Blade","floor":5.0},{"not_picked":["Pommel Strike","Entrench+1","Cleave"],"picked":"SKIP","floor":7.0},{"not_picked":["Pommel Strike","Entrench+1","Cleave"],"picked":"SKIP","floor":7.0},{"not_picked":["Dark Embrace","Infernal Blade+1"],"picked":"Shrug It Off+1","floor":11.0},{"not_picked":["Clothesline","Iron Wave","Fiend Fire"],"picked":"SKIP","floor":14.0},{"not_picked":["Bludgeon","Immolate"],"picked":"Impervious+1","floor":16.0},{"not_picked":["Pommel Strike","Hemokinesis","Sword Boomerang"],"picked":"SKIP","floor":18},{"not_picked":["Second Wind+1","Warcry+1","Sever Soul+1"],"picked":"SKIP","floor":19},{"not_picked":["Anger+1","True Grit+1"],"picked":"Rage+1","floor":20}],"player_experience":208994,"relics_obtained":[{"floor":9.0,"key":"Happy Flower"}],"event_choices":[{"damage_healed":0.0,"max_hp_gain":0.0,"max_hp_loss":0.0,"gold_gain":175.0,"event_name":"Liars Game","player_choice":"AGREE","floor":3.0,"gold_loss":0.0,"damage_taken":0.0,"cards_obtained":["Doubt"]},{"damage_healed":0.0,"max_hp_gain":0.0,"max_hp_loss":0.0,"gold_gain":75.0,"event_name":"World of Goop","player_choice":"Gather Gold","floor":10.0,"gold_loss":0.0,"damage_taken":11.0},{"cards_removed":["Strike_R"],"damage_healed":0.0,"max_hp_gain":0.0,"max_hp_loss":0.0,"gold_gain":0.0,"event_name":"Golden Wing","player_choice":"Card Removal","floor":13.0,"gold_loss":0.0,"damage_taken":7.0}],"is_beta":false,"boss_relics":[{"not_picked":["Runic Cube","Black Star"],"picked":"Black Blood"}],"items_purged_floors":[12],"is_endless":false,"potions_floor_spawned":[1,2,5,14,20],"killed_by":"Snake Plant","ascension_level":8}}