{"host":"04aht2z7d1qbuefv","time":1610576774,"event":{"mods":["AchievementEnabler","BaseMod","Downfall","Minty Spire (QoL Compilation)","StSLib","The Cursed","The Necromancer"],"gold_per_floor":[199,209,226,237,237,271,318,344,367,367,392,392,435,435,453,453,453,453],"floor_reached":16,"language":"SPA","playtime":717,"items_purged":[],"score":120,"play_id":"f77ffef5-6621-4f2e-a261-b834c4612109","local_time":"20210113192614","is_ascension_mode":true,"campfire_choices":[{"floor":1,"key":"RECALL"}],"circlet_count":0,"master_deck":["hexamod:Strike","hexamod:Strike","hexamod:Strike","hexamod:Defend","hexamod:Defend","hexamod:Defend","hexamod:Defend","hexamod:Sear","hexamod:Float","hexamod:HauntingEcho","hexamod:AdvancingGuard","hexamod:SecondSeal","hexamod:EmpoweringStance+1"],"relics":["hexamod:SpiritBrand","Centennial Puzzle","Anchor"],"acts_visited":["Exordium"],"potions_floor_usage":[6,13],"damage_taken":[{"damage":0,"enemies":"Cultist","floor":2,"turns":3},{"damage":1,"enemies":"2 Louse","floor":3,"turns":2},{"damage":1,"enemies":"Small Slimes","floor":4,"turns":5},{"damage":13,"enemies":"3 Sentries","floor":6,"turns":9},{"damage":3,"enemies":"2 Fungi Beasts","floor":8,"turns":4},{"damage":7,"enemies":"Red Slaver","floor":9,"turns":3},{"damage":0,"enemies":"3 Louse","floor":11,"turns":4},{"damage":10,"enemies":"Lagavulin","floor":13,"turns":7},{"damage":2,"enemies":"Lots of Slimes","floor":15,"turns":5},{"damage":46,"enemies":"downfall:Ironclad","floor":16,"turns":9}],"seed_played":"-6312609805368003272","potions_obtained":[{"floor":2,"key":"LiquidMemories"},{"floor":4,"key":"champ:CounterPotion"}],"is_trial":false,"path_per_floor":["R","M","M","M","?","E","T","M","M","?","M","?","E","?","M","B"],"character_chosen":"THE_SPIRIT","items_purchased":[],"campfire_rested":0,"item_purchase_floors":[],"current_hp_per_floor":[70,70,69,68,68,55,55,52,45,45,45,45,35,28,26,0,0,0],"gold":453,"neow_bonus":"HUNDRED_GOLD","is_daily":false,"chose_seed":false,"campfire_upgraded":0,"win_rate":0.0,"timestamp":1610576774,"path_taken":["R","M","M","?","?","E","T","M","M","?","M","?","E","?","M","BOSS"],"items_purchased_type":[],"build_version":"2020-12-22","purchased_purges":0,"victory":false,"max_hp_per_floor":[70,70,70,70,70,70,70,70,70,70,70,70,70,70,70,70,70,70],"card_choices":[{"not_picked":["hexamod:RetreatToShadows","hexamod:Again"],"picked":"hexamod:HauntingEcho","floor":2},{"not_picked":["hexamod:GhostLash","hexamod:BurningTouch"],"picked":"hexamod:AdvancingGuard","floor":3},{"not_picked":["hexamod:GhostShield","hexamod:HeatCrush"],"picked":"hexamod:SecondSeal","floor":4},{"not_picked":["hexamod:GhostShield","hexamod:SpectersWail"],"picked":"hexamod:EmpoweringStance","floor":6},{"not_picked":["hexamod:GhostShield","hexamod:BurningTouch","hexamod:InspiringFlames"],"picked":"SKIP","floor":8},{"not_picked":["hexamod:GhostShield","hexamod:BurningTouch","hexamod:InspiringFlames"],"picked":"SKIP","floor":8},{"not_picked":["hexamod:GhostLash","hexamod:RainOfEmbers","hexamod:PowerFromBeyond"],"picked":"SKIP","floor":9},{"not_picked":["hexamod:HeatShield","hexamod:SecondSeal","hexamod:Hexaguard"],"picked":"SKIP","floor":11},{"not_picked":["hexamod:AdvancingGuard","hexamod:NightmareGuise","hexamod:Firestarter"],"picked":"SKIP","floor":13},{"not_picked":["hexamod:TimeWarp","hexamod:CatchUp","hexamod:GhostShield"],"picked":"SKIP","floor":15}],"player_experience":175413,"relics_obtained":[{"floor":6,"key":"Centennial Puzzle"},{"floor":13,"key":"Anchor"}],"event_choices":[{"cards_removed":["hexamod:Strike"],"damage_healed":0,"gold_gain":0,"player_choice":"Card Removal","damage_taken":0,"max_hp_gain":0,"max_hp_loss":0,"event_name":"The Cleric","floor":5,"gold_loss":0},{"damage_healed":0,"gold_gain":0,"player_choice":"Grow","damage_taken":0,"max_hp_gain":0,"max_hp_loss":0,"event_name":"Living Wall","floor":12,"gold_loss":0,"cards_upgraded":["hexamod:EmpoweringStance"]},{"damage_healed":0,"gold_gain":0,"player_choice":"Fled","damage_taken":7,"max_hp_gain":0,"max_hp_loss":0,"event_name":"Scrap Ooze","floor":14,"gold_loss":0}],"is_beta":false,"boss_relics":[],"items_purged_floors":[],"is_endless":false,"potions_floor_spawned":[2,4],"killed_by":"downfall:Ironclad","ascension_level":1}}