{"host":"alk2ftu785mujiir","time":1610557325,"event":{"mods":["BaseMod","Colored Map","Downfall","Minty Spire (QoL Compilation)","StSLib"],"gold_per_floor":[111,125,138,138,156,186,186,211,211,230,230,242,242,323,323,418,418,435,448,0,14,14,14,46,46,96,195,212,227,239,267,267,367,367,383,241,241,252,252,282,282,282,282,293,318,335,335,354,354,354],"floor_reached":51,"language":"ENG","playtime":1978,"items_purged":["Strike_B"],"score":809,"play_id":"1d59ae3d-7325-404a-897e-8b8b18ad55d2","local_time":"20210113120205","is_ascension_mode":false,"campfire_choices":[{"data":"Ball Lightning","floor":7.0,"key":"SMITH"},{"floor":11.0,"key":"REST"},{"data":"Chaos","floor":15.0,"key":"SMITH"},{"data":"Buffer","floor":23.0,"key":"SMITH"},{"floor":25.0,"key":"REST"},{"data":"Defragment","floor":32.0,"key":"SMITH"},{"data":"Blizzard","floor":41.0,"key":"SMITH"},{"floor":47,"key":"REST"},{"floor":49,"key":"REST"}],"circlet_count":0,"master_deck":["Strike_B","Strike_B","Strike_B","Defend_B","Defend_B","Defend_B","Defend_B","Zap+1","Dualcast+1","Genetic Algorithm+1","Ball Lightning+1","Steam","Go for the Eyes","BootSequence","Chaos+1","Cold Snap","Gash","Buffer+1","Gash","Creative AI","Darkness+1","Lockon+1","Defragment+1","Redo+1","Amplify","Glacier+1","Blizzard+1","Capacitor","Cold Snap+1","Guardian:Aged","Writhe","Darkness+1","Gash","Gash"],"relics":["Cracked Core","Cables","Ancient Tea Set","Bag of Preparation","Pantograph","SacredBark","Symbiotic Virus","MealTicket","Torii","Cursed Key","War Paint","Lizard Tail","Bottled Tornado","Pocketwatch"],"acts_visited":["Exordium","TheCity","TheBeyond"],"potions_floor_usage":[45,46],"damage_taken":[{"damage":0.0,"enemies":"Cultist","floor":1.0,"turns":3.0},{"damage":1.0,"enemies":"2 Louse","floor":2.0,"turns":3.0},{"damage":1.0,"enemies":"Jaw Worm","floor":3.0,"turns":3.0},{"damage":1.0,"enemies":"Large Slime","floor":5.0,"turns":4.0},{"damage":17.0,"enemies":"3 Sentries","floor":6.0,"turns":6.0},{"damage":16.0,"enemies":"Gremlin Nob","floor":8.0,"turns":4.0},{"damage":0.0,"enemies":"Looter","floor":10.0,"turns":3.0},{"damage":0.0,"enemies":"2 Fungi Beasts","floor":12.0,"turns":2.0},{"damage":8.0,"enemies":"Slime Boss","floor":16.0,"turns":10.0},{"damage":0.0,"enemies":"Chosen","floor":18.0,"turns":3.0},{"damage":0.0,"enemies":"Shell Parasite","floor":19.0,"turns":6.0},{"damage":12.0,"enemies":"Cultist and Chosen","floor":21.0,"turns":7.0},{"damage":18.0,"enemies":"Slavers","floor":24.0,"turns":7.0},{"damage":0.0,"enemies":"Centurion and Healer","floor":28.0,"turns":8.0},{"damage":0.0,"enemies":"Snecko","floor":29.0,"turns":5.0},{"damage":5.0,"enemies":"Shelled Parasite and Fungi","floor":30.0,"turns":4.0},{"damage":6.0,"enemies":"Book of Stabbing","floor":31.0,"turns":5.0},{"damage":1.0,"enemies":"Champ","floor":33.0,"turns":7.0},{"damage":23.0,"enemies":"3 Darklings","floor":35.0,"turns":5.0},{"damage":0.0,"enemies":"Orb Walker","floor":38.0,"turns":2.0},{"damage":8.0,"enemies":"Giant Head","floor":40.0,"turns":10.0},{"damage":18.0,"enemies":"Transient","floor":44.0,"turns":5.0},{"damage":35,"enemies":"Reptomancer","floor":45,"turns":4},{"damage":23,"enemies":"3 Darklings","floor":46,"turns":6},{"damage":0,"enemies":"4 Shapes","floor":48,"turns":5},{"damage":92,"enemies":"Donu and Deca","floor":50,"turns":10}],"seed_played":"-6778065096717673200","potions_obtained":[{"floor":1.0,"key":"SteroidPotion"},{"floor":2.0,"key":"Energy Potion"},{"floor":8.0,"key":"EntropicBrew"},{"floor":19.0,"key":"CultistPotion"},{"floor":24.0,"key":"Fire Potion"},{"floor":35.0,"key":"Regen Potion"},{"floor":38.0,"key":"SteroidPotion"},{"floor":40.0,"key":"PowerPotion"}],"is_trial":false,"path_per_floor":["M","M","M","?","M","E","R","E","T","M","R","M","?","T","R","B",null,"M","M","?","M","?","R","E","R","T","?","M","M","M","E","R","B",null,"M","$","?","M","?","E","R","T","T","M","E","M","R","M","R","B",null],"character_chosen":"DEFECT","items_purchased":["Blizzard"],"campfire_rested":4,"item_purchase_floors":[36],"current_hp_per_floor":[75,74,73,73,72,55,55,39,39,39,61,61,66,66,66,72,80,80,80,80,68,68,68,50,74,74,74,74,74,69,63,63,79,80,57,72,72,72,72,64,64,64,64,46,11,28,52,52,76,40],"gold":354,"neow_bonus":"UPGRADE_CARD","is_daily":false,"chose_seed":false,"campfire_upgraded":5,"win_rate":0.0,"timestamp":1610557325,"path_taken":["M","?","M","?","M","E","R","E","T","M","R","?","?","?","R","BOSS","M","M","?","M","?","R","E","R","T","?","M","M","?","E","R","BOSS","M","$","?","M","?","E","R","?","T","M","E","M","R","M","R","BOSS"],"items_purchased_type":["Card"],"build_version":"2020-12-22","purchased_purges":1,"victory":true,"max_hp_per_floor":[75,75,75,75,75,75,75,75,75,75,75,75,80,80,80,80,80,80,80,80,80,80,80,80,80,80,80,80,80,80,80,80,80,80,80,80,80,80,80,80,80,80,80,80,80,80,80,80,80,80],"card_choices":[{"not_picked":["Sweeping Beam","Stack"],"picked":"Genetic Algorithm","floor":1.0},{"not_picked":["Turbo","Undo"],"picked":"Ball Lightning","floor":2.0},{"not_picked":["Force Field","Darkness"],"picked":"Steam","floor":3.0},{"not_picked":["Steam","Skim"],"picked":"Go for the Eyes","floor":5.0},{"not_picked":["Barrage","Hello World"],"picked":"BootSequence","floor":6.0},{"not_picked":["Meteor Strike","Lockon"],"picked":"Chaos","floor":8.0},{"not_picked":["Go for the Eyes","Storm"],"picked":"Cold Snap","floor":10.0},{"not_picked":["Compile Driver","Sunder"],"picked":"Gash","floor":12.0},{"not_picked":["Multi-Cast","Meteor Strike"],"picked":"Buffer","floor":16.0},{"not_picked":["Beam Cell","Genetic Algorithm+1"],"picked":"Gash","floor":18.0},{"not_picked":["Cold Snap","Recycle+1"],"picked":"Creative AI","floor":19.0},{"not_picked":["Lockon","Stack"],"picked":"Cold Snap","floor":21.0},{"not_picked":["Turbo","Hologram"],"picked":"Darkness+1","floor":24.0},{"not_picked":["Skim","Coolheaded"],"picked":"Lockon+1","floor":28.0},{"not_picked":["Fusion+1","Leap"],"picked":"Defragment","floor":29.0},{"not_picked":["Redo","Ball Lightning","Compile Driver+1"],"picked":"SKIP","floor":30.0},{"not_picked":["Cold Snap","Barrage"],"picked":"Redo+1","floor":31.0},{"not_picked":["Buffer","Biased Cognition"],"picked":"Amplify","floor":33.0},{"not_picked":["Cold Snap+1","Hologram+1"],"picked":"Glacier+1","floor":35.0},{"not_picked":["Streamline","Auto Shields+1"],"picked":"Capacitor","floor":38.0},{"not_picked":["Storm","Stack+1"],"picked":"Cold Snap+1","floor":40.0},{"not_picked":["BootSequence+1","Loop+1"],"picked":"Darkness+1","floor":44.0},{"not_picked":["Streamline+1","Blizzard","Reprogram+1"],"picked":"SKIP","floor":45},{"not_picked":["Sweeping Beam+1","Blizzard"],"picked":"Gash","floor":46},{"not_picked":["Recycle","Double Energy"],"picked":"Gash","floor":48}],"player_experience":1757518,"relics_obtained":[{"floor":6.0,"key":"Cables"},{"floor":8.0,"key":"Ancient Tea Set"},{"floor":9.0,"key":"Bag of Preparation"},{"floor":14.0,"key":"Pantograph"},{"floor":24.0,"key":"Symbiotic Virus"},{"floor":26.0,"key":"MealTicket"},{"floor":31.0,"key":"Torii"},{"floor":40.0,"key":"War Paint"},{"floor":42.0,"key":"Lizard Tail"},{"floor":43.0,"key":"Bottled Tornado"},{"floor":45,"key":"Pocketwatch"}],"event_choices":[{"damage_healed":0.0,"max_hp_gain":0.0,"max_hp_loss":0.0,"gold_gain":0.0,"event_name":"NoteForYourself","player_choice":"Ignored","floor":4.0,"gold_loss":0.0,"damage_taken":0.0},{"damage_healed":0.0,"max_hp_gain":5.0,"max_hp_loss":0.0,"gold_gain":0.0,"event_name":"Big Fish","player_choice":"Donut","floor":13.0,"gold_loss":0.0,"damage_taken":0.0},{"damage_healed":0.0,"max_hp_gain":0.0,"max_hp_loss":0.0,"gold_gain":0.0,"event_name":"Masked Bandits","player_choice":"Paid Fearfully","floor":20.0,"gold_loss":448.0,"damage_taken":0.0},{"damage_healed":0.0,"max_hp_gain":0.0,"max_hp_loss":0.0,"gold_gain":0.0,"event_name":"Vampires","player_choice":"Ignored","floor":22.0,"gold_loss":0.0,"damage_taken":0.0},{"damage_healed":0.0,"max_hp_gain":0.0,"max_hp_loss":0.0,"gold_gain":99.0,"event_name":"Nest","player_choice":"Stole From Cult","floor":27.0,"gold_loss":0.0,"damage_taken":0.0},{"damage_healed":0.0,"max_hp_gain":0.0,"max_hp_loss":0.0,"gold_gain":0.0,"event_name":"Tomb of Lord Red Mask","player_choice":"Ignored","floor":37.0,"gold_loss":0.0,"damage_taken":0.0},{"cards_removed":["Cold Snap"],"damage_healed":0.0,"max_hp_gain":0.0,"max_hp_loss":0.0,"gold_gain":0.0,"event_name":"Falling","player_choice":"Removed Attack","floor":39.0,"gold_loss":0.0,"damage_taken":0.0}],"is_beta":false,"boss_relics":[{"not_picked":["Snecko Eye","Fusion Hammer"],"picked":"SacredBark"},{"not_picked":["expansioncontent:StudyCardRelic","SlaversCollar"],"picked":"Cursed Key"}],"items_purged_floors":[36],"is_endless":false,"potions_floor_spawned":[1,2,8,19,24,35,38,40],"ascension_level":0}}