{"host":"0cm5wy4nhuju7tij","time":1610567731,"event":{"mods":["100% Spire Juice","2.2 Compatiblity","AchievementEnabler","Aspiration","BaseMod","Better Third Choice","BetterRewards","CCEM","CapriCore","Chen","Colored Powertips","Curses Come First","Custom Start","Displayed Cursed Tome","Downfall","Energized Spire","Evolution","Filter the Spire","Fireblade Mod","Highlight Path","Jess\u0027s Bottle","Minty Spire (QoL Compilation)","Onozuka Komachi Mod","Permanent Neow","Relic Stats","Shop Mod","Spicy Shops","StSLib","The Caster","The Cursed","The Fake Hero","The Juggle","The Sage","TheFirefly","thorton"],"gold_per_floor":[113,133,146,161,161,161,161],"floor_reached":6,"language":"ENG","playtime":731,"items_purged":[],"score":38,"play_id":"c2b3034b-2cae-4e31-a25d-37bf34480c32","local_time":"20210113145531","is_ascension_mode":false,"campfire_choices":[],"circlet_count":0,"master_deck":["jugglermod: Strike","jugglermod: Strike","jugglermod: Strike","jugglermod: Strike","jugglermod: Defend","jugglermod: Defend","jugglermod: Defend","jugglermod: HighThrow","jugglermod: RightHook+1","jugglermod: ShuffleRhythm","jugglermod: HardPass","jugglermod: TheCrush","jugglermod: AirGrab"],"relics":["jugglermod: WetwareUpgrade","EVO:Axolotl"],"acts_visited":["Exordium"],"potions_floor_usage":[],"damage_taken":[{"damage":14,"enemies":"2 Louse","floor":1,"turns":4},{"damage":0,"enemies":"Jaw Worm","floor":2,"turns":4},{"damage":10,"enemies":"Cultist","floor":3,"turns":5},{"damage":14,"enemies":"Blue Slaver","floor":4,"turns":4},{"damage":58,"enemies":"3 Sentries","floor":6,"turns":12}],"seed_played":"-6763159442793859127","potions_obtained":[{"floor":3,"key":"BlessingOfTheForge"},{"floor":4,"key":"FairyPotion"}],"is_trial":false,"path_per_floor":["M","M","M","M","?","E"],"character_chosen":"THE_JUGGLER","items_purchased":[],"campfire_rested":0,"item_purchase_floors":[],"current_hp_per_floor":[61,61,51,37,30,0,0],"gold":161,"neow_bonus":"UPGRADE_CARD","is_daily":false,"chose_seed":false,"campfire_upgraded":0,"win_rate":0.0,"timestamp":1610567731,"path_taken":["M","M","M","M","?","E"],"items_purchased_type":[],"build_version":"2020-12-22","purchased_purges":0,"victory":false,"max_hp_per_floor":[75,75,75,75,75,75,75],"relic_stats":{"counters":[5,29],"obtain_stats":[{"EVO:Axolotl":0,"jugglermod: WetwareUpgrade":0},{"EVO:Axolotl":0,"jugglermod: WetwareUpgrade":0},{"EVO:Axolotl":0,"jugglermod: WetwareUpgrade":0}]},"card_choices":[{"not_picked":["jugglermod: FindBalance","jugglermod: ShowOff"],"picked":"jugglermod: ShuffleRhythm","floor":1},{"not_picked":["jugglermod: PocketSearch","jugglermod: HandFlip"],"picked":"jugglermod: HardPass","floor":2},{"not_picked":["jugglermod: InsideOut","jugglermod: Box"],"picked":"jugglermod: TheCrush","floor":3},{"not_picked":["jugglermod: CircleSight","jugglermod: BallUp"],"picked":"jugglermod: AirGrab","floor":4}],"player_experience":233296,"relics_obtained":[],"event_choices":[{"cards_removed":["jugglermod: Defend"],"damage_healed":0,"gold_gain":0,"player_choice":"Card Removal","damage_taken":7,"max_hp_gain":0,"max_hp_loss":0,"event_name":"Golden Wing","floor":5,"gold_loss":0}],"is_beta":false,"boss_relics":[],"items_purged_floors":[],"is_endless":false,"potions_floor_spawned":[3,4],"killed_by":"3 Sentries","ascension_level":0}}