{"host":"mfnyjbfkyfsz33u9","time":1610501149,"event":{"mods":["2.2 Compatiblity","BaseMod","Colored Powertips","Downfall","Marisa£¨Ùöéë¡¡Øª×âÞÞ£©","Minty Spire (QoL Compilation)","Rare Cards Sparkle","Replay The Spire","StSLib","SuperFastMode","The Cursed"],"gold_per_floor":[15,29,42,42,7,35,55,55,55,85,102,35,53,63,63,63,63],"floor_reached":16,"language":"ENG","playtime":516,"items_purged":[],"score":125,"play_id":"7a1f55f3-10e3-4439-bfa7-38e6ed2ab390","local_time":"20210113102549","is_ascension_mode":true,"campfire_choices":[{"data":"Bullet Time","floor":8,"key":"SMITH"},{"data":"Footwork","floor":15,"key":"SMITH"}],"circlet_count":0,"master_deck":["Strike_G","Strike_G","Strike_G","Strike_G","Defend_G","Defend_G","Defend_G","Defend_G","Defend_G","Survivor","Neutralize","Bullet Time+1","All Out Attack","Blade Dance","Hidden Blade","Footwork+1","Night Terror","Choke","Cloak And Dagger","ReplayTheSpireMod:Scrap Shanks","Accuracy","Flying Knee"],"relics":["Ring of the Snake","Matryoshka","Quantum Egg","Gremlin Horn","ReplayTheSpireMod:Ninjato"],"acts_visited":["Exordium"],"potions_floor_usage":[10,10,13,13,16],"damage_taken":[{"damage":0,"enemies":"Jaw Worm","floor":1,"turns":7},{"damage":0,"enemies":"Cultist","floor":2,"turns":4},{"damage":0,"enemies":"2 Louse","floor":3,"turns":1},{"damage":27,"enemies":"Lagavulin","floor":6,"turns":12},{"damage":1,"enemies":"Looter","floor":7,"turns":4},{"damage":24,"enemies":"Gremlin Nob","floor":10,"turns":4},{"damage":0,"enemies":"Lots of Slimes","floor":11,"turns":1},{"damage":0,"enemies":"Gremlin Gang","floor":13,"turns":2},{"damage":7,"enemies":"Looter","floor":14,"turns":4},{"damage":17,"enemies":"The Guardian","floor":16,"turns":4}],"seed_played":"4742822166973095797","potions_obtained":[{"floor":1,"key":"LiquidMemories"},{"floor":6,"key":"EntropicBrew"},{"floor":7,"key":"Venom Potion"},{"floor":13,"key":"CultistPotion"}],"is_trial":false,"path_per_floor":["M","M","M","?","$","E","M","R","T","E","M","$","M","M","R","B"],"character_chosen":"THE_SILENT","items_purchased":["Footwork","ReplayTheSpireMod:Scrap Shanks"],"campfire_rested":0,"item_purchase_floors":[5,12],"current_hp_per_floor":[70,70,70,70,70,43,42,42,42,18,18,18,18,11,11,0,0],"gold":63,"neow_bonus":"THREE_RARE_CARDS","is_daily":false,"chose_seed":false,"campfire_upgraded":2,"win_rate":0.0,"timestamp":1610501149,"path_taken":["M","M","M","?","?","E","?","R","T","E","M","$","M","M","R","BOSS"],"items_purchased_type":["Card","Card"],"build_version":"2020-12-22","purchased_purges":0,"victory":false,"max_hp_per_floor":[70,70,70,70,70,70,70,70,70,70,70,70,70,70,70,70,70],"card_choices":[{"not_picked":["Poison Darts","Burst"],"picked":"Bullet Time","floor":0},{"not_picked":["Skewer","Slice"],"picked":"All Out Attack","floor":1},{"not_picked":["ReplayTheSpireMod:Exploit Weakness","Dagger Spray"],"picked":"Blade Dance","floor":2},{"not_picked":["Backflip","PiercingWail"],"picked":"Hidden Blade","floor":3},{"not_picked":["Dodge and Roll","Slice"],"picked":"Night Terror","floor":6},{"not_picked":["Bouncing Flask","Backflip"],"picked":"Choke","floor":7},{"not_picked":["Draining Mist","Deadly Poison","Dagger Throw"],"picked":"SKIP","floor":10},{"not_picked":["Predator","Blur"],"picked":"Cloak And Dagger","floor":11},{"not_picked":["Blur","Quick Slash"],"picked":"Accuracy","floor":13},{"not_picked":["ReplayTheSpireMod:Speed Training","ReplayTheSpireMod:Exploit Weakness"],"picked":"Flying Knee","floor":14}],"player_experience":43217,"relics_obtained":[{"floor":6,"key":"Matryoshka"},{"floor":9,"key":"Quantum Egg"},{"floor":9,"key":"Gremlin Horn"},{"floor":10,"key":"ReplayTheSpireMod:Ninjato"}],"event_choices":[{"cards_removed":["Strike_G"],"damage_healed":0,"gold_gain":0,"player_choice":"Purged","damage_taken":0,"max_hp_gain":0,"max_hp_loss":0,"event_name":"Purifier","floor":4,"gold_loss":0}],"is_beta":false,"boss_relics":[],"items_purged_floors":[],"is_endless":false,"potions_floor_spawned":[1,6,7,13,14],"killed_by":"The Guardian","ascension_level":2}}