{"host":"mai03x2ekbjy4059","time":1610535146,"event":{"mods":["2.2 Compatiblity","BaseMod","DeckTracker","Highlight Path","Keyboard Shortcuts","Minty Spire (QoL Compilation)","Permanent Neow","Quick Restart","SuperFastMode","everything is the same but u backflip on backflip"],"gold_per_floor":[366,366,390,413,432,463,463,463,463],"floor_reached":8,"language":"KOR","playtime":213,"items_purged":[],"score":107,"play_id":"8a2df80a-be4c-4037-9d07-45818126b45f","local_time":"20210113195226","is_ascension_mode":true,"campfire_choices":[],"circlet_count":0,"master_deck":["AscendersBane","Strike_P","Strike_P","Strike_P","Strike_P","Defend_P","Defend_P","Defend_P","Defend_P","Eruption","Vigilance"],"relics":["PureWater","Golden Idol","CeramicFish"],"acts_visited":["Exordium"],"potions_floor_usage":[],"damage_taken":[{"damage":0.0,"enemies":"2 Louse","floor":1.0,"turns":5.0},{"damage":0.0,"enemies":"Small Slimes","floor":3.0,"turns":4.0},{"damage":2.0,"enemies":"Jaw Worm","floor":4.0,"turns":5.0},{"damage":1.0,"enemies":"Red Slaver","floor":5.0,"turns":3.0},{"damage":32.0,"enemies":"Gremlin Nob","floor":6.0,"turns":4.0},{"damage":0,"enemies":"Lagavulin","floor":8,"turns":1}],"seed_played":"1828203425326884703","potions_obtained":[{"floor":3.0,"key":"SteroidPotion"},{"floor":4.0,"key":"Swift Potion"}],"is_trial":false,"path_per_floor":["M","?","M","M","M","E","?","E"],"character_chosen":"WATCHER","items_purchased":[],"campfire_rested":0,"item_purchase_floors":[],"current_hp_per_floor":[61,56,56,54,53,21,21,21,21],"gold":463,"neow_bonus":"TWO_FIFTY_GOLD","is_daily":false,"chose_seed":false,"campfire_upgraded":0,"win_rate":0.0,"timestamp":1610535146,"path_taken":["M","?","M","M","M","E","?","E"],"items_purchased_type":[],"build_version":"2020-12-22","purchased_purges":0,"victory":false,"max_hp_per_floor":[62,56,56,56,56,56,56,56,56],"card_choices":[{"not_picked":["ThirdEye","Weave","Collect"],"picked":"SKIP","floor":1.0},{"not_picked":["Halt","Consecrate","PathToVictory"],"picked":"SKIP","floor":3.0},{"not_picked":["Consecrate","EmptyFist","ThirdEye"],"picked":"SKIP","floor":4.0},{"not_picked":["Wallop","Evaluate","Crescendo"],"picked":"SKIP","floor":5.0},{"not_picked":["PathToVictory","SignatureMove","Wireheading"],"picked":"SKIP","floor":6.0}],"player_experience":1088807,"relics_obtained":[{"floor":6.0,"key":"CeramicFish"}],"event_choices":[{"damage_healed":0.0,"max_hp_gain":0.0,"max_hp_loss":6.0,"gold_gain":0.0,"event_name":"Golden Idol","player_choice":"Lose Max HP","floor":2.0,"gold_loss":0.0,"damage_taken":0.0,"relics_obtained":["Golden Idol"]},{"damage_healed":0.0,"max_hp_gain":0.0,"max_hp_loss":0.0,"gold_gain":0.0,"event_name":"Dead Adventurer","player_choice":"Searched \u00270\u0027 times","floor":7.0,"gold_loss":0.0,"damage_taken":0.0}],"is_beta":false,"boss_relics":[],"items_purged_floors":[],"is_endless":false,"potions_floor_spawned":[3,4],"killed_by":"Lagavulin","ascension_level":17}}