{"host":"x21cvmfdo17nyhii","time":1610574961,"event":{"mods":["AchievementEnabler","BaseMod","Colored Map","Colored Powertips","DeckTracker","Highlight Path","Minty Spire (QoL Compilation)","Quick Restart","Rare Cards Sparkle","SuperFastMode"],"gold_per_floor":[110,110,110,32,32,60,60,79,79,4,4,19,19,33,33,33,33],"floor_reached":16,"language":"ENG","playtime":303,"items_purged":["Strike_R"],"score":98,"play_id":"499902b8-990d-4ebb-b2e5-7aa61a758b6d","local_time":"20210113135601","is_ascension_mode":false,"campfire_choices":[{"floor":7,"key":"REST"},{"data":"Dual Wield","floor":11,"key":"SMITH"},{"data":"Entrench","floor":13,"key":"SMITH"},{"floor":15,"key":"REST"}],"circlet_count":0,"master_deck":["Strike_R+1","Strike_R","Strike_R","Strike_R+1","Defend_R","Defend_R","Defend_R","Defend_R","Bash","Headbutt","Dual Wield+1","Entrench+1"],"relics":["Burning Blood"],"acts_visited":["Exordium"],"potions_floor_usage":[],"damage_taken":[{"damage":6,"enemies":"Jaw Worm","floor":1,"turns":4},{"damage":48,"enemies":"Gremlin Nob","floor":6,"turns":5},{"damage":8,"enemies":"2 Louse","floor":8,"turns":2},{"damage":1,"enemies":"Cultist","floor":12,"turns":3},{"damage":4,"enemies":"Exordium Wildlife","floor":14,"turns":6},{"damage":86,"enemies":"Hexaghost","floor":16,"turns":11}],"seed_played":"-7301158599434968106","potions_obtained":[{"floor":1,"key":"LiquidMemories"},{"floor":6,"key":"Fire Potion"}],"is_trial":false,"path_per_floor":["M","?","T","$","?","E","R","M","T","$","R","M","R","M","R","B"],"character_chosen":"IRONCLAD","items_purchased":["Dual Wield"],"campfire_rested":2,"item_purchase_floors":[4],"current_hp_per_floor":[88,70,70,70,70,28,54,52,52,52,52,57,57,59,85,0,0],"gold":33,"neow_bonus":"TEN_PERCENT_HP_BONUS","is_daily":false,"chose_seed":false,"campfire_upgraded":2,"win_rate":0.0,"timestamp":1610574961,"path_taken":["M","?","?","$","?","E","R","M","T","?","R","M","R","M","R","BOSS"],"items_purchased_type":["Card"],"build_version":"2020-12-22","purchased_purges":1,"victory":false,"max_hp_per_floor":[88,88,88,88,88,88,88,88,88,88,88,88,88,88,88,88,88],"card_choices":[{"not_picked":["Metallicize","Thunderclap"],"picked":"Headbutt","floor":1},{"not_picked":["Battle Trance","Iron Wave","Hemokinesis"],"picked":"SKIP","floor":6},{"not_picked":["Twin Strike","Heavy Blade","Headbutt"],"picked":"SKIP","floor":8},{"not_picked":["Heavy Blade","Burning Pact"],"picked":"Entrench","floor":12},{"not_picked":["Warcry","Twin Strike","Heavy Blade"],"picked":"SKIP","floor":14}],"player_experience":341863,"relics_obtained":[],"event_choices":[{"damage_healed":0,"gold_gain":0,"player_choice":"Entered Light","damage_taken":18,"max_hp_gain":0,"max_hp_loss":0,"event_name":"Shining Light","floor":2,"gold_loss":0,"cards_upgraded":["Strike_R","Strike_R"]},{"damage_healed":0,"gold_gain":0,"player_choice":"Ignored","damage_taken":0,"max_hp_gain":0,"max_hp_loss":0,"event_name":"Golden Idol","floor":5,"gold_loss":0}],"is_beta":false,"boss_relics":[],"items_purged_floors":[10],"is_endless":false,"potions_floor_spawned":[1,6],"killed_by":"Hexaghost","ascension_level":0}}