{"host":"2xjkbrmvrd7iq7pu","time":1610507294,"event":{"mods":["AchievementEnabler","Act Like it!","Arknights The Spire","BaseMod","Downfall","Gensokyo","Gremlin Mod","GungeonMod","KinomotoSakuraMod(ƒæ÷Æ±æ”£)","Lobotomy","Minty Spire (QoL Compilation)","Reimu£®≤©¿ˆ¡È√Œ£©","Replay The Spire","StSLib","The Alterego","The Bug Knight","The Cursed","Yakumo Yukari mod"],"gold_per_floor":[319,269,56,70,70,70,70],"floor_reached":6,"language":"ZHS","playtime":519,"items_purged":[],"score":34,"play_id":"2609e953-593b-4406-9ee9-eedd96ae502d","local_time":"20210113110814","is_ascension_mode":false,"campfire_choices":[],"circlet_count":0,"master_deck":["alterego_mod:Strike","alterego_mod:Strike","alterego_mod:Strike","alterego_mod:Defend","alterego_mod:Defend","alterego_mod:Defend","alterego_mod:Defend","alterego_mod:Impale","alterego_mod:BigMeatyClaws","alterego_mod:BrynhildrsRune","alterego_mod:TrashNCrash","alterego_mod:GIGAMILK","alterego_mod:DiscoLights","alterego_mod:BusterCard"],"relics":["alterego_mod:MasochisticConstitution","Old Coin"],"acts_visited":["Exordium"],"potions_floor_usage":[],"damage_taken":[{"damage":14,"enemies":"Jaw Worm","floor":1,"turns":8},{"damage":5,"enemies":"2 Louse","floor":4,"turns":6},{"damage":41,"enemies":"3 Sentries","floor":6,"turns":5}],"seed_played":"-3923635003750097785","potions_obtained":[{"floor":4,"key":"SmokeBomb"}],"is_trial":false,"path_per_floor":["M","?","$","M","$","E"],"character_chosen":"The_Alterego","items_purchased":["alterego_mod:GIGAMILK","alterego_mod:DiscoLights"],"campfire_rested":0,"item_purchase_floors":[3,3],"current_hp_per_floor":[64,64,64,72,72,31,31],"gold":70,"neow_bonus":"ONE_RARE_RELIC","is_daily":false,"chose_seed":false,"campfire_upgraded":0,"win_rate":0.0,"timestamp":1610507294,"path_taken":["M","?","$","M","?","E"],"items_purchased_type":["Card","Card"],"build_version":"2020-12-22","purchased_purges":0,"victory":false,"max_hp_per_floor":[71,71,71,72,72,72,72],"card_choices":[{"not_picked":["alterego_mod:Skirt","alterego_mod:1TonWallop"],"picked":"alterego_mod:TrashNCrash","floor":1},{"not_picked":["alterego_mod:GoddessCore","alterego_mod:Pet"],"picked":"alterego_mod:BusterCard","floor":4}],"player_experience":681120,"relics_obtained":[],"event_choices":[{"cards_removed":["alterego_mod:Strike"],"damage_healed":0,"gold_gain":0,"player_choice":"Card Removal","damage_taken":0,"max_hp_gain":0,"max_hp_loss":0,"event_name":"The Cleric","floor":2,"gold_loss":50}],"is_beta":false,"boss_relics":[],"items_purged_floors":[],"is_endless":false,"potions_floor_spawned":[4],"killed_by":"3 Sentries","ascension_level":0}}