{"host":"9709z2dy8v1s63sm","time":1610519573,"event":{"mods":["AchievementEnabler","BaseMod","Minty Spire (QoL Compilation)","StSLib","SuperFastMode"],"gold_per_floor":[111,128,78,90,104,104,130,130,130,55,78,78,78,78],"floor_reached":13,"playtime":377,"items_purged":["Strike_R"],"score":119,"play_id":"9c00d724-e810-4454-8e3b-0b5841441b53","local_time":"20210113153253","is_ascension_mode":true,"campfire_choices":[{"data":"Shrug It Off","floor":6.0,"key":"SMITH"},{"data":"Bash","floor":12,"key":"SMITH"}],"circlet_count":0,"master_deck":["Strike_R","Strike_R","Strike_R","Defend_R","Defend_R","Defend_R","Bash+1","Clash","Shrug It Off+1"],"relics":["Burning Blood","HornCleat","Golden Idol","Frozen Egg 2"],"acts_visited":["Exordium"],"potions_floor_usage":[11,11],"damage_taken":[{"damage":1.0,"enemies":"Cultist","floor":1.0,"turns":4.0},{"damage":8.0,"enemies":"Small Slimes","floor":2.0,"turns":5.0},{"damage":12.0,"enemies":"Jaw Worm","floor":4.0,"turns":2.0},{"damage":9.0,"enemies":"Looter","floor":5.0,"turns":3.0},{"damage":37.0,"enemies":"Lagavulin","floor":7.0,"turns":9.0},{"damage":3,"enemies":"Large Slime","floor":11,"turns":5},{"damage":0,"enemies":"3 Sentries","floor":13,"turns":1}],"seed_played":"-3568992832286882271","potions_obtained":[{"floor":1.0,"key":"SkillPotion"},{"floor":2.0,"key":"ElixirPotion"}],"is_trial":false,"path_per_floor":["M","M","?","M","M","R","E","?","T","$","M","R","E"],"character_chosen":"IRONCLAD","items_purchased":[],"campfire_rested":0,"item_purchase_floors":[],"current_hp_per_floor":[77,75,75,69,66,66,35,15,15,15,18,18,18,18],"gold":78,"neow_bonus":"REMOVE_CARD","is_daily":false,"chose_seed":false,"campfire_upgraded":2,"win_rate":0.0,"timestamp":1610519573,"path_taken":["M","M","?","M","M","R","E","?","T","?","M","R","E"],"items_purchased_type":[],"build_version":"2020-12-22","purchased_purges":1,"victory":false,"max_hp_per_floor":[80,80,80,80,80,80,80,80,80,80,80,80,80,80],"card_choices":[{"not_picked":["Heavy Blade","Pummel","Havoc"],"picked":"SKIP","floor":1.0},{"not_picked":["Spot Weakness","Thunderclap"],"picked":"Clash","floor":2.0},{"not_picked":["Havoc","Warcry"],"picked":"Shrug It Off","floor":4.0},{"not_picked":["Clash","Whirlwind","Bloodletting"],"picked":"SKIP","floor":5.0},{"not_picked":["Clash","Cleave","Twin Strike"],"picked":"SKIP","floor":7.0},{"not_picked":["Armaments","Anger","Sword Boomerang"],"picked":"SKIP","floor":11}],"player_experience":69916,"relics_obtained":[{"floor":7.0,"key":"HornCleat"},{"floor":9.0,"key":"Frozen Egg 2"}],"event_choices":[{"cards_removed":["Defend_R"],"damage_healed":0.0,"max_hp_gain":0.0,"max_hp_loss":0.0,"gold_gain":0.0,"event_name":"The Cleric","player_choice":"Card Removal","floor":3.0,"gold_loss":50.0,"damage_taken":0.0},{"damage_healed":0.0,"max_hp_gain":0.0,"max_hp_loss":0.0,"gold_gain":0.0,"event_name":"Golden Idol","player_choice":"Take Damage","floor":8.0,"gold_loss":0.0,"damage_taken":20.0,"relics_obtained":["Golden Idol"]}],"is_beta":false,"boss_relics":[],"items_purged_floors":[10],"is_endless":false,"potions_floor_spawned":[1,2],"killed_by":"3 Sentries","ascension_level":8}}