{"host":"rf7bti4buj5a6tca","time":1610580189,"event":{"mods":["BaseMod","Colored Powertips","DeckTracker","Downfall","Googly Eyes","Minty Spire (QoL Compilation)","Replay The Spire","StSLib","The Blackbeard","The Bug Knight","The Cursed","The Jungle","The Servant 0.9.4"],"gold_per_floor":[0,11,25,36,21,39,62,162,79,93,18,34,34,60,80,175,175,100,110,110,123,141,141,141,154,179,179,205,219,232,142,160,264,264,189,200,79,79,93,93,141,175,75,128,128,128,153,28,48,48,48,76,76,76,76],"floor_reached":56,"language":"ENG","playtime":5419,"items_purged":["Slimebound:Defend_Slimebound","Slimebound:Split","Slimebound:GrowthPunch+1"],"score":1249,"play_id":"b3c31779-6dc5-43df-b609-e0cb18b98053","local_time":"20210113172309","is_ascension_mode":false,"campfire_choices":[{"data":"Slimebound:AcidTongue","floor":1,"key":"SMITH"},{"data":"Slimebound:Dissolve","floor":11,"key":"SMITH"},{"floor":13,"key":"RECALL"},{"data":"Slimebound:SlimeSlap","floor":18,"key":"SMITH"},{"data":"Slimebound:LevelUp","floor":27,"key":"SMITH"},{"data":"Slimebound:Tackle","floor":35,"key":"PURGE"},{"floor":46,"key":"REST"},{"floor":54,"key":"DIG"}],"circlet_count":0,"master_deck":["Slimebound:Defend_Slimebound","Slimebound:CorrosiveSpit+1","Slimebound:AcidTongue+1","Slimebound:SlimeTap+1","Slimebound:SplitAcid+1","Slimebound:SplitLeeching+1","Slimebound:LeadByExample+1","Slimebound:SamplingLick+1","Slimebound:Repurpose+1","Slimebound:OozeBath+1","Slimebound:Gluttony+1","Slimebound:FirmFortitude+1","Slimebound:ItLooksTasty+1","Slimebound:Dissolve+1","Slimebound:SplitAcid+1","Slimebound:SlimeSlap+1","Slimebound:SplitLeeching+1","Slimebound:FirmFortitude+1","Slimebound:LevelUp+1","Slimebound:Repurpose+1","Slimebound:SplitBruiser+1","Slimebound:MinionMaster+1","Slimebound:OneTwoCombo+1","Slimebound:HauntingLick+1","Slimebound:LeechingTouch+1","Delirium","Slimebound:SplitAcid+1","Slimebound:Darklings+1"],"relics":["Slimebound:AbsorbEndCombatUpgraded","Slimebound:MaxSlimesRelic","White Beast Statue","Simple Rune","InkBottle","Busted Crown","Juzu Bracelet","Anchor","Toolbox","Ring of Searing","Ring of Fangs","Slimebound:AggressiveSlimeRelic","ReplayTheSpireMod:Ninjato","Pocketwatch","Shovel","Ice Cream","Replay:Bottled Eggs"],"acts_visited":["Exordium","TheCity","TheBeyond","TheEnding"],"potions_floor_usage":[26,28,55],"damage_taken":[{"damage":11,"enemies":"Cultist","floor":2,"turns":3},{"damage":22,"enemies":"Jaw Worm","floor":3,"turns":3},{"damage":12,"enemies":"2 Louse","floor":4,"turns":3},{"damage":13,"enemies":"downfall:FleeingMerchant","floor":5,"turns":4},{"damage":25,"enemies":"Exordium Thugs","floor":6,"turns":3},{"damage":47,"enemies":"downfall:Heads","floor":8,"turns":4},{"damage":25,"enemies":"downfall:FleeingMerchant","floor":9,"turns":4},{"damage":8,"enemies":"Gremlin Gang","floor":10,"turns":4},{"damage":18,"enemies":"2 Fungi Beasts","floor":12,"turns":4},{"damage":25,"enemies":"3 Sentries","floor":14,"turns":7},{"damage":19,"enemies":"Exordium Wildlife","floor":15,"turns":3},{"damage":32,"enemies":"downfall:Watcher","floor":16,"turns":6},{"damage":16,"enemies":"Chosen","floor":19,"turns":3},{"damage":50,"enemies":"Snecko","floor":21,"turns":6},{"damage":28,"enemies":"Centurion and Healer","floor":22,"turns":5},{"damage":26,"enemies":"Snake Plant","floor":25,"turns":3},{"damage":53,"enemies":"Slavers","floor":26,"turns":4},{"damage":43,"enemies":"Gremlin Leader","floor":28,"turns":5},{"damage":20,"enemies":"3 Cultists","floor":29,"turns":4},{"damage":26,"enemies":"Cultist and Chosen","floor":30,"turns":5},{"damage":26,"enemies":"downfall:FleeingMerchant","floor":31,"turns":4},{"damage":19,"enemies":"Chosen and Byrds","floor":32,"turns":4},{"damage":77,"enemies":"downfall:Ironclad","floor":33,"turns":6},{"damage":26,"enemies":"3 Shapes","floor":36,"turns":2},{"damage":13,"enemies":"downfall:FleeingMerchant","floor":37,"turns":3},{"damage":13,"enemies":"3 Darklings","floor":39,"turns":2},{"damage":90,"enemies":"Nemesis","floor":42,"turns":5},{"damage":29,"enemies":"2 Orb Walkers","floor":44,"turns":4},{"damage":44,"enemies":"Reptomancer","floor":47,"turns":3},{"damage":29,"enemies":"Writhing Mass","floor":49,"turns":2},{"damage":32,"enemies":"downfall:Defect","floor":50,"turns":3},{"damage":62,"enemies":"downfall:CharBossMerchant","floor":52,"turns":4},{"damage":113,"enemies":"downfall:NeowBoss","floor":55,"turns":19}],"seed_played":"2273946506080273944","potions_obtained":[{"floor":4,"key":"Elixir"},{"floor":6,"key":"Fire Potion"},{"floor":8,"key":"Weak Potion"},{"floor":19,"key":"Adrenaline Potion"},{"floor":26,"key":"SteroidPotion"},{"floor":28,"key":"AttackPotion"}],"is_trial":false,"path_per_floor":["R","M","M","M","$","M","T","?","$","M","R","M","R","E","M","B",null,"R","M","?","M","M","?","T","M","E","R","E","M","M","$","M","B",null,"R","M","$","?","M","?","T","E","$","?","?","R","E","$","M","B",null,"E","$","R","B",null],"character_chosen":"SLIMEBOUND","items_purchased":["Slimebound:ItLooksTasty","Juzu Bracelet","Anchor","Toolbox"],"campfire_rested":1,"item_purchase_floors":[9,37,37,37],"current_hp_per_floor":[60,60,54,54,57,52,52,31,34,56,66,70,70,66,65,62,70,70,70,70,49,70,62,62,66,43,43,38,48,52,66,70,37,70,70,56,65,65,70,70,70,26,26,25,25,46,46,46,49,70,70,63,63,63,66],"gold":76,"neow_bonus":"TRANSFORM_TWO_CARDS","is_daily":false,"chose_seed":false,"campfire_upgraded":4,"win_rate":0.0,"timestamp":1610580189,"path_taken":["R","M","M","M","?","M","T","?","?","M","R","M","R","E","M","BOSS","R","M","?","M","M","?","T","M","E","R","E","M","?","?","M","BOSS","R","M","$","?","M","?","T","E","$","?","?","R","E","$","M","BOSS","E","$","R","BOSS"],"items_purchased_type":["Card","Relic","Relic","Relic"],"build_version":"2020-12-22","purchased_purges":3,"victory":true,"max_hp_per_floor":[60,60,60,60,60,60,60,60,60,60,70,70,70,70,70,70,70,70,70,70,70,70,70,70,70,70,70,70,70,70,70,70,70,70,70,70,70,70,70,70,70,70,70,70,70,70,70,70,70,70,70,70,70,70,70],"card_choices":[{"not_picked":["Slimebound:FormOfPuddle","Slimebound:LeechEnergy"],"picked":"Slimebound:SplitAcid","floor":2},{"not_picked":["Slimebound:LeechEnergy","Slimebound:Schlurp"],"picked":"Slimebound:SplitLeeching","floor":3},{"not_picked":["Slimebound:SlimeSpikes","Slimebound:DisruptingSlam"],"picked":"Slimebound:LeadByExample","floor":4},{"not_picked":["Slimebound:GrowthPunch","Slimebound:HauntingLick"],"picked":"Slimebound:SamplingLick","floor":5},{"not_picked":["Slimebound:SamplingLick","Slimebound:Nibble"],"picked":"Slimebound:Repurpose","floor":6},{"not_picked":["Slimebound:Schlurp","Slimebound:FinishingTackle"],"picked":"Slimebound:Gluttony","floor":8},{"not_picked":["Slimebound:DouseInSlime","Slimebound:Equalize"],"picked":"Slimebound:FirmFortitude","floor":9},{"not_picked":["Slimebound:LeadByExample","Slimebound:ViciousTackle"],"picked":"Slimebound:Dissolve","floor":10},{"not_picked":["Slimebound:FlameTackle","Slimebound:ForwardTackle","Slimebound:Schlurp"],"picked":"SKIP","floor":12},{"not_picked":["Slimebound:Replication","Slimebound:TongueLash"],"picked":"Slimebound:SplitAcid","floor":14},{"not_picked":["Slimebound:SlimeSpikes","Slimebound:SplitMire"],"picked":"Slimebound:GrowthPunch","floor":15},{"not_picked":["Slimebound:PrepareCrush","Slimebound:DuplicatedForm"],"picked":"Slimebound:SlimeSlap","floor":16},{"not_picked":["Slimebound:PressTheAttack","Slimebound:SlimeSpikes","Slimebound:Equalize"],"picked":"SKIP","floor":19},{"not_picked":["Slimebound:LeechingTouch","Slimebound:Repurpose"],"picked":"Slimebound:SplitLeeching+1","floor":21},{"not_picked":["Slimebound:FinishingTackle+1","Slimebound:SplitLeeching"],"picked":"Slimebound:FirmFortitude+1","floor":22},{"not_picked":["Slimebound:GoopTackle","Slimebound:MegaLick"],"picked":"Slimebound:LevelUp","floor":25},{"not_picked":["Slimebound:PrepareCrush","Slimebound:DisruptingSlam","Slimebound:LeechEnergy"],"picked":"SKIP","floor":26},{"not_picked":["Slimebound:DisruptingSlam","Slimebound:GoopSpray","Slimebound:Gluttony+1"],"picked":"SKIP","floor":28},{"not_picked":["Slimebound:FinishingTackle","Slimebound:Schlurp"],"picked":"Slimebound:Repurpose","floor":29},{"not_picked":["Slimebound:FormOfPuddle","Slimebound:ViciousTackle"],"picked":"Slimebound:SplitBruiser+1","floor":30},{"not_picked":["Slimebound:ViciousTackle+1","Slimebound:ForwardTackle"],"picked":"Slimebound:MinionMaster","floor":31},{"not_picked":["Slimebound:LeechingTouch","Slimebound:SamplingLick","Slimebound:SlimeSpikes+1"],"picked":"SKIP","floor":32},{"not_picked":["Slimebound:Teamwork","Slimebound:PrepareCrush"],"picked":"Slimebound:OneTwoCombo","floor":33},{"not_picked":[],"picked":"Slimebound:HauntingLick+1","floor":36},{"not_picked":[],"picked":"Slimebound:LeechingTouch+1","floor":37},{"not_picked":[],"picked":"Slimebound:SplitAcid+1","floor":39},{"not_picked":["Slimebound:SamplingLick"],"picked":"SKIP","floor":42},{"not_picked":["Slimebound:SamplingLick+1"],"picked":"SKIP","floor":47},{"not_picked":["Slimebound:ViciousTackle"],"picked":"SKIP","floor":49},{"not_picked":["Slimebound:SlimeSpikes+1"],"picked":"SKIP","floor":52}],"player_experience":190884,"relics_obtained":[{"floor":14,"key":"Slimebound:MaxSlimesRelic"},{"floor":24,"key":"White Beast Statue"},{"floor":26,"key":"Simple Rune"},{"floor":28,"key":"InkBottle"},{"floor":38,"key":"Ring of Searing"},{"floor":38,"key":"Ring of Fangs"},{"floor":41,"key":"Slimebound:AggressiveSlimeRelic"},{"floor":42,"key":"ReplayTheSpireMod:Ninjato"},{"floor":44,"key":"Pocketwatch"},{"floor":47,"key":"Shovel"},{"floor":52,"key":"Ice Cream"},{"floor":54,"key":"Replay:Bottled Eggs"}],"event_choices":[{"damage_healed":0,"gold_gain":0,"player_choice":"Ignored","damage_taken":0,"max_hp_gain":0,"max_hp_loss":0,"event_name":"Ghosts","floor":20,"gold_loss":0},{"damage_healed":0,"gold_gain":0,"player_choice":"Fight","damage_taken":0,"max_hp_gain":0,"max_hp_loss":0,"event_name":"Mysterious Sphere","floor":44,"gold_loss":0}],"is_beta":false,"boss_relics":[{"not_picked":["Kintsugi","Ring of Chaos"],"picked":"Slimebound:AbsorbEndCombatUpgraded"},{"not_picked":["Replay:Wanted Poster","Runic Dome"],"picked":"Busted Crown"}],"items_purged_floors":[31,43,48],"is_endless":false,"potions_floor_spawned":[4,6,8,12,14,19,22,25,26,28,29,30,31,32,33,36,37,39,42,44,47,49,52],"ascension_level":0}}