{"host":"9n00qg11haooyz80","time":1610538965,"event":{"mods":["BaseMod","Downfall","Minty Spire (QoL Compilation)","Rare Cards Sparkle","StSLib"],"gold_per_floor":[99,99,274,274,136,68,150,181,198,48,58,58,71,97,115,210,210,210,229,229,242,127,137,137,169,94,105,119,219,219,229,246,246,246,246],"floor_reached":33,"language":"ENG","playtime":5005,"items_purged":["Regret","Doubt"],"score":302,"play_id":"104a7db7-8392-439e-9b44-539a48918c64","local_time":"20210113125605","is_ascension_mode":false,"campfire_choices":[{"floor":1.0,"key":"RECALL"},{"data":"champ:FanOfKnives","floor":10.0,"key":"SMITH"},{"floor":12.0,"key":"REST"},{"data":"champ:GladiatorStyle","floor":18,"key":"SMITH"},{"floor":26,"key":"REST"},{"data":"champ:HoldFirm","floor":30,"key":"SMITH"}],"circlet_count":0,"master_deck":["champ:Strike","champ:Strike","champ:Strike","champ:Defend","champ:Defend","champ:Defend","champ:Defend","champ:Execute","champ:Taunt","champ:Haymaker","champ:GladiatorsShout","champ:FanOfKnives+1","champ:BladeFlurry+1","champ:CrookedStrike","champ:BringItOn","champ:Shatter","champ:FocusedBerserking","champ:GladiatorStyle+1","champ:DeathBlow","champ:PerfectForm","champ:FlashCut+1","champ:FanOfKnives+1","champ:AdrenalArmor+1","champ:FalseCounter","champ:EndlessRage","champ:Circumvent","champ:HoldFirm+1","champ:Circumvent+1","champ:HeavySlash"],"relics":["champ:ChampionCrown","Lizard Tail","Pear","Blood Vial","downfall:HeartBlessingRed","downfall:HeartBlessingGreen","Dream Catcher","Sozu","Pen Nib","downfall:HeartBlessingBlue","champ:BlackKnightHelmet","Mummified Hand"],"acts_visited":["Exordium","TheCity"],"potions_floor_usage":[16,16,29],"damage_taken":[{"damage":13.0,"enemies":"downfall:FleeingMerchant","floor":5.0,"turns":4.0},{"damage":10.0,"enemies":"downfall:FleeingMerchant","floor":6.0,"turns":4.0},{"damage":70.0,"enemies":"Lagavulin","floor":8.0,"turns":11.0},{"damage":0.0,"enemies":"Jaw Worm","floor":9.0,"turns":3.0},{"damage":0.0,"enemies":"2 Louse","floor":11.0,"turns":4.0},{"damage":0.0,"enemies":"Small Slimes","floor":13.0,"turns":3.0},{"damage":17.0,"enemies":"Gremlin Nob","floor":14.0,"turns":4.0},{"damage":4,"enemies":"Blue Slaver","floor":15,"turns":3},{"damage":128,"enemies":"downfall:Defect","floor":16,"turns":9},{"damage":5,"enemies":"Chosen","floor":19,"turns":4},{"damage":39,"enemies":"Centurion and Healer","floor":21,"turns":3},{"damage":18,"enemies":"downfall:FleeingMerchant","floor":22,"turns":4},{"damage":31,"enemies":"Snecko","floor":23,"turns":4},{"damage":29,"enemies":"Book of Stabbing","floor":25,"turns":4},{"damage":24,"enemies":"Sentry and Sphere","floor":27,"turns":5},{"damage":39,"enemies":"Centurion and Healer","floor":28,"turns":4},{"damage":19,"enemies":"Centurion and Healer","floor":29,"turns":7},{"damage":8,"enemies":"Snecko","floor":31,"turns":3},{"damage":13,"enemies":"Chosen and Byrds","floor":32,"turns":6},{"damage":58,"enemies":"downfall:Silent","floor":33,"turns":6}],"seed_played":"-9033479171319637113","potions_obtained":[{"floor":9.0,"key":"Fire Potion"},{"floor":11.0,"key":"Fire Potion"},{"floor":13.0,"key":"CultistPotion"}],"is_trial":false,"path_per_floor":["R","?","?","?","$","$","T","E","M","R","M","R","M","E","M","B",null,"R","M","?","M","$","M","T","E","R","M","M","?","R","M","M","B"],"character_chosen":"THE_CHAMP","items_purchased":["champ:GladiatorsShout","champ:BladeFlurry"],"campfire_rested":2,"item_purchase_floors":[5,6],"current_hp_per_floor":[99,99,99,99,96,96,106,54,56,56,58,90,92,77,75,29,109,109,109,109,85,72,63,63,49,94,79,57,52,52,54,50,0,0,0],"gold":246,"neow_bonus":"TEN_PERCENT_HP_BONUS","is_daily":false,"chose_seed":false,"campfire_upgraded":3,"win_rate":0.0,"timestamp":1610538965,"path_taken":["R","?","?","?","?","$","T","E","M","R","M","R","M","E","M","BOSS","R","M","?","M","$","M","T","E","R","M","?","?","R","M","M","BOSS"],"items_purchased_type":["Card","Card"],"build_version":"2020-12-22","purchased_purges":2,"victory":false,"max_hp_per_floor":[99,99,99,99,99,99,109,109,109,109,109,109,109,109,109,109,109,109,109,109,109,109,109,109,109,119,119,119,119,119,119,119,119,119,119],"card_choices":[{"not_picked":["champ:SkillfulDodge","champ:FightOn"],"picked":"champ:Haymaker","floor":5.0},{"not_picked":["champ:EndlessRage","champ:EnragedBash"],"picked":"champ:FanOfKnives","floor":6.0},{"not_picked":["champ:TornadoPunch","champ:DeathBlow"],"picked":"champ:CrookedStrike","floor":8.0},{"not_picked":["champ:Haymaker","champ:CrookedStrike"],"picked":"champ:BringItOn","floor":9.0},{"not_picked":["champ:BladeFlurry","champ:FaceSlap"],"picked":"champ:Shatter","floor":11.0},{"not_picked":["champ:LastStand","champ:IronFortress"],"picked":"champ:FocusedBerserking","floor":13.0},{"not_picked":["champ:Haymaker","champ:CrookedStrike"],"picked":"champ:GladiatorStyle","floor":14.0},{"not_picked":["champ:AdrenalArmor","champ:Backstep"],"picked":"champ:DeathBlow","floor":15},{"not_picked":["champ:VampiricStrike","champ:ShieldSlam"],"picked":"champ:PerfectForm","floor":16},{"not_picked":["champ:DefensiveShout","champ:StanceDance"],"picked":"champ:FlashCut+1","floor":19},{"not_picked":["champ:Backstep","champ:GladiatorsShout"],"picked":"champ:FanOfKnives+1","floor":21},{"not_picked":["champ:Shatter+1","champ:GladiatorsShout"],"picked":"champ:AdrenalArmor+1","floor":22},{"not_picked":["champ:EnGarde+1","champ:StanceDance"],"picked":"champ:FalseCounter","floor":23},{"not_picked":["champ:FocusedBerserking","champ:FalseCounter+1"],"picked":"champ:EndlessRage","floor":25},{"not_picked":["champ:DeathBlow","champ:GladiatorsShout"],"picked":"champ:Circumvent","floor":26},{"not_picked":["champ:AdrenalArmor+1","champ:PerfectedStrike"],"picked":"champ:HoldFirm","floor":27},{"not_picked":["champ:PerfectedStrike+1","champ:ViciousMockery","champ:BerserkersShout+1"],"picked":"SKIP","floor":28},{"not_picked":["champ:Duel","champ:BerserkerStyle"],"picked":"champ:Circumvent+1","floor":29},{"not_picked":["champ:GutPunch","champ:BringItOn"],"picked":"champ:HeavySlash","floor":31},{"not_picked":["champ:DefensiveShout+1","champ:FalseCounter","champ:Backstep"],"picked":"SKIP","floor":32}],"player_experience":104224,"relics_obtained":[{"floor":7.0,"key":"Pear"},{"floor":8.0,"key":"Blood Vial"},{"floor":14.0,"key":"Dream Catcher"},{"floor":25,"key":"Pen Nib"},{"floor":29,"key":"champ:BlackKnightHelmet"},{"floor":29,"key":"Mummified Hand"}],"event_choices":[{"damage_healed":0.0,"max_hp_gain":0.0,"max_hp_loss":0.0,"gold_gain":0.0,"event_name":"Big Fish","player_choice":"Box","floor":4.0,"gold_loss":0.0,"damage_taken":0.0,"relics_obtained":["Lizard Tail"],"cards_obtained":["Regret"]},{"damage_healed":0,"gold_gain":0,"player_choice":"Upgraded","damage_taken":0,"max_hp_gain":0,"max_hp_loss":0,"event_name":"Upgrade Shrine","floor":20,"gold_loss":0,"cards_upgraded":["champ:BladeFlurry"]}],"is_beta":false,"boss_relics":[{"not_picked":["Runic Dome","Fusion Hammer"],"picked":"Sozu"}],"items_purged_floors":[5,22],"is_endless":false,"potions_floor_spawned":[9,11,13,14,15,23,25,27,28],"killed_by":"downfall:Silent","ascension_level":0}}