{"host":"eejrqhjknvwl59ep","time":1610525192,"event":{"mods":["BaseMod","Downfall","Hubris","Infinite Spire","Minty Spire (QoL Compilation)","StSLib"],"gold_per_floor":[114,114,114,114,128,161,201,213,248,260,272,312,324,336,348,455,517,546,558,497,507,507,532,558,558,558,558,558,558,558,588,588,588,588,588],"floor_reached":33,"language":"ENG","playtime":1898,"items_purged":[],"score":388,"play_id":"747d432b-dbe0-4960-ac1b-ca60372e8ea2","local_time":"20210113090632","daily_mods":["SealedDeck","Heirloom","Time Dilation","Flight"],"is_ascension_mode":false,"campfire_choices":[{"data":"hexamod:ParanormalForm","floor":8,"key":"SMITH"},{"data":"hexamod:SkipABeat","floor":10,"key":"SMITH"},{"data":"hexamod:ThermalTransfer","floor":13,"key":"SMITH"},{"data":"hexamod:InspiringFlames","floor":15,"key":"SMITH"},{"data":"hexamod:ChargedBarrage","floor":25,"key":"SMITH"},{"data":"hexamod:VolcanoVisage","floor":28,"key":"SMITH"},{"data":"hexamod:EmpoweredFlame","floor":29,"key":"SMITH"},{"data":"hexamod:FastForward","floor":32,"key":"SMITH"}],"circlet_count":0,"master_deck":["hexamod:ThermalTransfer+1","hexamod:StepThrough","hexamod:GhostShield+1","hexamod:InspiringFlames+1","hexamod:InspiringFlames+1","hexamod:SkipABeat+1","hexamod:Firestarter","hexamod:Firestarter","hexamod:Hexaguard","hexamod:HauntingEcho","hexamod:ThirdSeal","hexamod:SoulSteal","hexamod:FastForward+1","hexamod:AdvancingGuard","hexamod:VolcanoVisage+1","hexamod:FastForward+1","hexamod:EmpoweredFlame+1","hexamod:BurningTouch","hexamod:PhantomFireball","hexamod:GhostShield+1","hexamod:ChargedBarrage+1","Writhe"],"relics":["hexamod:SpiritBrand","Incense Burner","MawBank","hubris:Reverence","Oddly Smooth Stone","Potion Belt","Tiny House","MutagenicStrength","Bottled Tornado","Ornamental Fan","infinitespire:BottledMercury","hubris:64BitClover","Blue Candle","hubris:SlimyHat"],"acts_visited":["Exordium","TheCity"],"potions_floor_usage":[24,33,33,33,33],"damage_taken":[{"damage":0,"enemies":"Jaw Worm","floor":1,"turns":3},{"damage":1,"enemies":"2 Louse","floor":5,"turns":3},{"damage":0,"enemies":"Gremlin Nob","floor":6,"turns":3},{"damage":1,"enemies":"Lagavulin","floor":7,"turns":6},{"damage":9,"enemies":"3 Sentries","floor":12,"turns":7},{"damage":10,"enemies":"Slime Boss","floor":16,"turns":13},{"damage":0,"enemies":"Chosen","floor":18,"turns":5},{"damage":2,"enemies":"3 Byrds","floor":21,"turns":6},{"damage":12,"enemies":"Book of Stabbing","floor":23,"turns":6},{"damage":33,"enemies":"Gremlin Leader","floor":24,"turns":7},{"damage":1,"enemies":"Slavers","floor":31,"turns":3},{"damage":33,"enemies":"hubris:MusketHawk","floor":33,"turns":7}],"seed_played":"-5913831836396368074","potions_obtained":[{"floor":6,"key":"hexamod:EctoCoolerPotion"},{"floor":16,"key":"Swift Potion"},{"floor":17,"key":"Swift Potion"},{"floor":21,"key":"infinitespire:BlackPotion"},{"floor":24,"key":"Ancient Potion"},{"floor":31,"key":"DistilledChaos"}],"is_trial":true,"path_per_floor":["M","?","?","$","M","E","E","R","T","R","?","E","R","?","R","B",null,"M","?","$","M","?","E","E","R","T","?","R","R","T","E","R","B"],"character_chosen":"THE_SPIRIT","items_purchased":["hexamod:EmpoweredFlame"],"campfire_rested":0,"item_purchase_floors":[20],"current_hp_per_floor":[70,70,70,70,69,69,68,68,68,68,68,59,59,59,59,49,75,75,75,75,73,73,61,28,28,28,28,28,28,28,27,27,0,0,0],"gold":588,"neow_bonus":"","is_daily":false,"chose_seed":false,"campfire_upgraded":8,"win_rate":0.0,"timestamp":1610525192,"path_taken":["M","?","?","$","?","E","E","R","T","R","?","E","R","?","R","BOSS","M","?","$","?","?","E","E","R","T","?","R","R","?","E","R","BOSS"],"items_purchased_type":["Card"],"build_version":"2020-12-22","purchased_purges":0,"victory":false,"max_hp_per_floor":[70,70,70,70,70,70,70,70,70,70,70,70,70,70,70,70,75,75,75,75,75,75,75,75,75,75,75,75,75,75,75,75,75,75,75],"card_choices":[{"not_picked":["hexamod:SwordOfDarkness","hexamod:SpectersWail"],"picked":"hexamod:HauntingEcho","floor":1},{"not_picked":["hexamod:ShieldOfDarkness","hexamod:FastForward"],"picked":"hexamod:SoulSteal","floor":5},{"not_picked":["hexamod:NightmareStrike","hexamod:InspiringFlames","hexamod:SwordOfDarkness"],"picked":"SKIP","floor":6},{"not_picked":["hexamod:NightmareGuise","hexamod:ThirdSeal"],"picked":"hexamod:ParanormalForm","floor":7},{"not_picked":["hexamod:SpectersWail","hexamod:BacktrackSmack","hexamod:HauntingEcho"],"picked":"SKIP","floor":7},{"not_picked":["hexamod:BacktrackSmack","hexamod:Incineration"],"picked":"hexamod:FastForward","floor":12},{"not_picked":["hexamod:RainOfEmbers","hexamod:SoulSteal"],"picked":"hexamod:AdvancingGuard","floor":12},{"not_picked":["hexamod:EmpoweringStance","hexamod:ParanormalForm"],"picked":"hexamod:VolcanoVisage","floor":16},{"not_picked":["hexamod:NightmareGuise","hexamod:Again"],"picked":"hexamod:FastForward","floor":17},{"not_picked":["hexamod:ShieldOfDarkness","hexamod:GhostLash","hexamod:InspiringFlames"],"picked":"SKIP","floor":18},{"not_picked":["hexamod:AdvancingGuard+1","hexamod:SkipABeat"],"picked":"hexamod:BurningTouch","floor":21},{"not_picked":["hexamod:InspiringFlames","hexamod:RainOfEmbers"],"picked":"hexamod:PhantomFireball","floor":23},{"not_picked":["hexamod:Firestarter","hexamod:EtherealExpedition"],"picked":"hexamod:GhostShield+1","floor":23},{"not_picked":["hexamod:RainOfEmbers","hexamod:FifthSeal"],"picked":"hexamod:ChargedBarrage","floor":24},{"not_picked":["hexamod:NightmareGuise","hexamod:ThermalTransfer","hexamod:RainOfEmbers+1"],"picked":"SKIP","floor":31}],"player_experience":253290,"relics_obtained":[{"floor":6,"key":"MawBank"},{"floor":7,"key":"hubris:Reverence"},{"floor":9,"key":"Oddly Smooth Stone"},{"floor":12,"key":"Potion Belt"},{"floor":23,"key":"Bottled Tornado"},{"floor":24,"key":"Ornamental Fan"},{"floor":26,"key":"infinitespire:BottledMercury"},{"floor":30,"key":"Blue Candle"},{"floor":31,"key":"hubris:SlimyHat"}],"event_choices":[{"damage_healed":0,"gold_gain":0,"player_choice":"Grow","damage_taken":0,"max_hp_gain":0,"max_hp_loss":0,"event_name":"Living Wall","floor":11,"gold_loss":0,"cards_upgraded":["hexamod:GhostShield"]},{"cards_removed":["hexamod:ParanormalForm"],"damage_healed":0,"gold_gain":0,"player_choice":"Purged","damage_taken":0,"max_hp_gain":0,"max_hp_loss":0,"event_name":"Purifier","floor":19,"gold_loss":0},{"damage_healed":0,"gold_gain":0,"player_choice":"Inject Mutagens","damage_taken":0,"relics_obtained":["MutagenicStrength"],"max_hp_gain":0,"max_hp_loss":0,"event_name":"Drug Dealer","floor":22,"gold_loss":0},{"damage_healed":0,"gold_gain":0,"player_choice":"Opened","damage_taken":0,"relics_obtained":["hubris:64BitClover"],"max_hp_gain":0,"max_hp_loss":0,"event_name":"The Mausoleum","floor":27,"gold_loss":0,"cards_obtained":["Writhe"]}],"is_beta":false,"boss_relics":[{"not_picked":["Snecko Eye","hubris:ScarierMask"],"picked":"Tiny House"}],"items_purged_floors":[],"is_endless":false,"potions_floor_spawned":[6,16,21,24,31],"killed_by":"hubris:MusketHawk","ascension_level":0}}