{"host":"v9ordiuf4xzdpttp","time":1610508728,"event":{"mods":["AchievementEnabler","Act Like it!","AlwaysNeverKeys","Aspiration","Bard","Bartender","BaseMod","Better Third Choice","Better Vampires","BetterRewards","CCEM","Colored Map","Conspire","Dio Mod","Downfall","Energized Spire","Filter the Spire","Gold Saver","GungeonMod","Halation","Hubris","Hunter ??","Infinite Spire","Ironclad Rager","Jedi Mod","Marked Mod","Melee Mod","Minty Spire (QoL Compilation)","Pale of the Ancients","Remove Card Discount Mod","Replay The Spire","Robot Space Explorer","SOS???????","Shop Mod","Small Relic Pack","Somnambulant","Spicy Shops","StSLib","The Bladedancer","The Bug Knight","The Construct","The Death Knight","The Exalted","The Hayseed","The Hierophant","The Jungle","The Mystic","The Runesmith","The Saiyan","The Senshi","The Servant 0.9.4","The Wild Card","TheBandit","vexMod","??????REMEMod"],"gold_per_floor":[111,126,138,157,176,176,190,214,263,263,263],"floor_reached":10,"language":"ENG","playtime":1209,"items_purged":[],"score":62,"play_id":"eb221c7e-2824-4565-b3bc-ee289bae0c68","local_time":"20210112223208","is_ascension_mode":false,"campfire_choices":[{"floor":6,"key":"REST"}],"circlet_count":0,"master_deck":["DeathKnight:Strike_DeathKnight","DeathKnight:Strike_DeathKnight","DeathKnight:Strike_DeathKnight","DeathKnight:Strike_DeathKnight","DeathKnight:Strike_DeathKnight","DeathKnight:Defend_DeathKnight","DeathKnight:Defend_DeathKnight","DeathKnight:Defend_DeathKnight","DeathKnight:Defend_DeathKnight","DeathKnight:Defend_DeathKnight","DeathKnight:RuneTap","DeathKnight:RuneStrike","Apotheosis","DeathKnight:DeathGrip","somnambulantmod: Damping","DeathKnight:Pestilence","DeathKnight:Hysteria","DeathKnight:Outbreak","DeathKnight:Hysteria","DeathKnight:Pestilence"],"relics":["DeathKnight:BrokenRuneblade","REME_ComplimentaryCards","CeramicFish","DeathKnight:JainasLocket"],"acts_visited":["Exordium"],"potions_floor_usage":[10,10],"damage_taken":[{"damage":9,"enemies":"Cultist","floor":1,"turns":4},{"damage":3,"enemies":"Jaw Worm","floor":2,"turns":3},{"damage":2,"enemies":"Small Slimes","floor":3,"turns":4},{"damage":22,"enemies":"Exordium Wildlife","floor":4,"turns":5},{"damage":16,"enemies":"3 Louse","floor":5,"turns":6},{"damage":5,"enemies":"Large Slime","floor":7,"turns":6},{"damage":49,"enemies":"Gremlin Nob","floor":10,"turns":5}],"seed_played":"3066148227813462332","potions_obtained":[{"floor":2,"key":"SteroidPotion"},{"floor":3,"key":"Dexterity Potion"}],"is_trial":false,"path_per_floor":["M","M","M","M","M","R","M","T","T","E"],"character_chosen":"DEATH_KNIGHT","items_purchased":["Apotheosis","DeathKnight:DeathGrip"],"campfire_rested":1,"item_purchase_floors":[0,0],"current_hp_per_floor":[66,63,61,39,23,45,40,40,40,0,0],"gold":263,"neow_bonus":"","is_daily":false,"chose_seed":false,"campfire_upgraded":0,"win_rate":0.0,"timestamp":1610508728,"path_taken":["M","M","M","M","M","R","M","?","T","E"],"items_purchased_type":["Card","Card"],"build_version":"2020-12-22","purchased_purges":0,"victory":false,"max_hp_per_floor":[75,75,75,75,75,75,75,75,75,75,75],"card_choices":[{"not_picked":["DeathKnight:HartStrike","DeathKnight:Ossuary"],"picked":"DeathKnight:Pestilence","floor":1},{"not_picked":["DeathKnight:PillarOfFrost","DeathKnight:BludPresence"],"picked":"DeathKnight:Hysteria","floor":2},{"not_picked":["DeathKnight:BloodTap","DeathKnight:IceboundArmor"],"picked":"DeathKnight:Outbreak","floor":3},{"not_picked":["DeathKnight:Rot","DeathKnight:FrosPresence"],"picked":"DeathKnight:Hysteria","floor":4},{"not_picked":["DeathKnight:Hemostasis","DeathKnight:BoneShield"],"picked":"DeathKnight:Pestilence","floor":5},{"not_picked":["DeathKnight:IceboundArmor","DeathKnight:HornOfWinter","DeathKnight:RunicCorruption"],"picked":"SKIP","floor":7}],"player_experience":271338,"relics_obtained":[{"floor":8,"key":"CeramicFish"},{"floor":9,"key":"DeathKnight:JainasLocket"}],"event_choices":[],"is_beta":false,"boss_relics":[],"items_purged_floors":[],"is_endless":false,"potions_floor_spawned":[2,3],"killed_by":"Gremlin Nob","ascension_level":0}}