{"host":"sav7uxregyirlf69","time":1610550858,"event":{"mods":["AchievementEnabler","BaseMod","Colored Map","DeckTracker","Keyboard Shortcuts","Minty Spire (QoL Compilation)","READ ME - Guardian Mod","StSLib","SuperFastMode"],"gold_per_floor":[117,131,131,149,149,176,176,18,43,43,76,76,107,120,120,194,194,164,164,164,176,61,61,77,77,77,91,124,24,36,36,36,111,111,126,126,140,160,160,187,198,228,228,228,228,228],"floor_reached":45,"language":"KOR","playtime":1246,"items_purged":["Strike_B","Defend_B"],"score":1047,"play_id":"a4cb9263-45b8-4e6f-b673-3064f35fa8cd","local_time":"20210114001418","is_ascension_mode":true,"campfire_choices":[{"floor":7.0,"key":"REST"},{"floor":10.0,"key":"REST"},{"data":"Go for the Eyes","floor":12.0,"key":"SMITH"},{"data":"Dualcast","floor":15.0,"key":"SMITH"},{"floor":23.0,"key":"REST"},{"data":"Turbo","floor":25.0,"key":"SMITH"},{"floor":32.0,"key":"REST"},{"floor":44,"key":"REST"}],"circlet_count":0,"master_deck":["AscendersBane","Strike_B","Strike_B","Defend_B","Defend_B","Defend_B","Zap","Dualcast+1","BootSequence","Sweeping Beam","Cold Snap","Turbo+1","Compile Driver","Go for the Eyes+1","Glacier","Multi-Cast","Redo","Capacitor","Chill","Loop","Coolheaded","Defragment","White Noise","Parasite"],"relics":["Cracked Core","Orichalcum","StoneCalendar","Dream Catcher","Lantern","Omamori","Cursed Key","Enchiridion","Gremlin Horn","Singing Bowl","Pocketwatch","SlaversCollar","Potion Belt","The Courier","Molten Egg 2"],"acts_visited":["Exordium","TheCity","TheBeyond"],"potions_floor_usage":[45],"damage_taken":[{"damage":5.0,"enemies":"Small Slimes","floor":1.0,"turns":4.0},{"damage":0.0,"enemies":"Jaw Worm","floor":2.0,"turns":2.0},{"damage":1.0,"enemies":"Cultist","floor":4.0,"turns":3.0},{"damage":38.0,"enemies":"Gremlin Nob","floor":6.0,"turns":5.0},{"damage":8.0,"enemies":"3 Sentries","floor":11.0,"turns":4.0},{"damage":11.0,"enemies":"Lagavulin","floor":13.0,"turns":4.0},{"damage":8.0,"enemies":"Lots of Slimes","floor":14.0,"turns":3.0},{"damage":23.0,"enemies":"Hexaghost","floor":16.0,"turns":12.0},{"damage":1.0,"enemies":"2 Thieves","floor":18.0,"turns":4.0},{"damage":11.0,"enemies":"Chosen","floor":21.0,"turns":6.0},{"damage":18.0,"enemies":"Snecko","floor":24.0,"turns":5.0},{"damage":4.0,"enemies":"Centurion and Healer","floor":27.0,"turns":3.0},{"damage":6.0,"enemies":"Gremlin Leader","floor":28.0,"turns":6.0},{"damage":9.0,"enemies":"3 Cultists","floor":30.0,"turns":6.0},{"damage":25.0,"enemies":"Champ","floor":33.0,"turns":11.0},{"damage":16.0,"enemies":"3 Shapes","floor":35.0,"turns":5.0},{"damage":3.0,"enemies":"Orb Walker","floor":37.0,"turns":6.0},{"damage":30.0,"enemies":"Transient","floor":38.0,"turns":6.0},{"damage":11.0,"enemies":"Giant Head","floor":40.0,"turns":10.0},{"damage":37.0,"enemies":"3 Darklings","floor":41.0,"turns":7.0},{"damage":4,"enemies":"Nemesis","floor":42,"turns":11},{"damage":40,"enemies":"Jaw Worm Horde","floor":45,"turns":3}],"seed_played":"-2616810927017102196","potions_obtained":[{"floor":6.0,"key":"AttackPotion"},{"floor":11.0,"key":"LiquidMemories"},{"floor":14.0,"key":"SteroidPotion"},{"floor":16.0,"key":"Swift Potion"},{"floor":28.0,"key":"AttackPotion"},{"floor":35.0,"key":"SteroidPotion"},{"floor":42,"key":"Block Potion"}],"is_trial":false,"path_per_floor":["M","M","?","M","?","E","R","$","T","R","E","R","E","M","R","B",null,"M","?","T","M","$","R","M","R","T","M","E","$","M","$","R","B",null,"M","?","M","M","?","E","M","E","T","R","M"],"character_chosen":"DEFECT","items_purchased":["Turbo","Compile Driver","Chill","Loop"],"campfire_rested":5,"item_purchase_floors":[8,8,22,22],"current_hp_per_floor":[66,66,59,58,47,9,32,32,32,55,47,47,36,28,28,5,60,59,38,38,27,27,50,32,32,32,28,24,24,17,17,43,20,70,56,88,87,57,57,48,11,9,9,39,0,0],"gold":228,"neow_bonus":"TEN_PERCENT_HP_BONUS","is_daily":false,"chose_seed":false,"campfire_upgraded":3,"win_rate":0.0,"timestamp":1610550858,"path_taken":["M","M","?","M","?","E","R","$","T","R","E","R","E","M","R","BOSS","M","?","?","M","$","R","M","R","T","?","E","?","M","$","R","BOSS","M","?","?","M","?","E","?","E","T","R","M"],"items_purchased_type":["Card","Card","Card","Card"],"build_version":"2020-12-22","purchased_purges":2,"victory":false,"max_hp_per_floor":[78,78,78,78,78,78,78,78,78,78,78,78,78,78,78,78,78,78,78,78,78,78,78,78,78,78,78,80,80,82,82,84,86,86,88,88,90,90,90,92,92,94,94,96,96,96],"card_choices":[{"not_picked":["Hologram","Stack"],"picked":"BootSequence","floor":1.0},{"not_picked":["Beam Cell","Steam"],"picked":"Sweeping Beam","floor":2.0},{"not_picked":["Glacier","Rebound"],"picked":"Doom and Gloom","floor":4.0},{"not_picked":["Genetic Algorithm","Rebound"],"picked":"Cold Snap","floor":6.0},{"not_picked":["Streamline","Stack"],"picked":"Go for the Eyes","floor":10.0},{"not_picked":["Gash","Meteor Strike","Compile Driver"],"picked":"SKIP","floor":11.0},{"not_picked":["FTL","Hyperbeam"],"picked":"Glacier","floor":13.0},{"not_picked":["Stack","Leap","Sweeping Beam"],"picked":"SKIP","floor":14.0},{"not_picked":["Amplify","Machine Learning"],"picked":"Multi-Cast","floor":16.0},{"not_picked":["Scrape","Chaos"],"picked":"Redo","floor":18.0},{"not_picked":["Hologram","Stack"],"picked":"Capacitor","floor":21.0},{"not_picked":["Go for the Eyes","Hello World","Beam Cell"],"picked":"SKIP","floor":24.0},{"not_picked":["Compile Driver","Redo"],"picked":"Coolheaded","floor":27.0},{"not_picked":["Static Discharge","Turbo","Beam Cell+1"],"picked":"Singing Bowl","floor":28.0},{"not_picked":["Steam","Streamline","Chill"],"picked":"Singing Bowl","floor":30.0},{"not_picked":["Cold Snap","Stack","Steam+1"],"picked":"Singing Bowl","floor":32.0},{"not_picked":["Multi-Cast","Buffer","Reboot"],"picked":"Singing Bowl","floor":33.0},{"not_picked":["Conserve Battery","Force Field","Reprogram"],"picked":"Singing Bowl","floor":35.0},{"not_picked":["Cold Snap","Stack","Sweeping Beam"],"picked":"Singing Bowl","floor":37.0},{"not_picked":["Heatsinks","Stack"],"picked":"Defragment","floor":38.0},{"not_picked":["All For One","Rip and Tear","Compile Driver+1"],"picked":"Singing Bowl","floor":40.0},{"not_picked":["Gash","Lockon"],"picked":"White Noise","floor":41.0},{"not_picked":["Go for the Eyes+1","Melter+1","Glacier"],"picked":"Singing Bowl","floor":42},{"not_picked":["Cold Snap+1","Hologram","Rip and Tear+1"],"picked":"Singing Bowl","floor":44}],"player_experience":1275398,"relics_obtained":[{"floor":6.0,"key":"StoneCalendar"},{"floor":9.0,"key":"Dream Catcher"},{"floor":11.0,"key":"Lantern"},{"floor":13.0,"key":"Omamori"},{"floor":19.0,"key":"Enchiridion"},{"floor":20.0,"key":"Gremlin Horn"},{"floor":26.0,"key":"Singing Bowl"},{"floor":28.0,"key":"Pocketwatch"},{"floor":40.0,"key":"The Courier"},{"floor":42,"key":"Molten Egg 2"}],"event_choices":[{"cards_removed":["Strike_B"],"damage_healed":0.0,"max_hp_gain":0.0,"max_hp_loss":0.0,"gold_gain":0.0,"event_name":"Golden Wing","player_choice":"Card Removal","floor":3.0,"gold_loss":0.0,"damage_taken":7.0},{"damage_healed":0.0,"max_hp_gain":0.0,"max_hp_loss":0.0,"gold_gain":0.0,"event_name":"Scrap Ooze","player_choice":"Success","floor":5.0,"gold_loss":0.0,"damage_taken":11.0,"relics_obtained":["Orichalcum"]},{"damage_healed":0.0,"max_hp_gain":0.0,"max_hp_loss":0.0,"gold_gain":0.0,"event_name":"Cursed Tome","player_choice":"Obtained Book","floor":19.0,"gold_loss":0.0,"damage_taken":21.0},{"damage_healed":32.0,"max_hp_gain":0.0,"max_hp_loss":0.0,"gold_gain":0.0,"event_name":"Wheel of Change","player_choice":"Full Heal","floor":36.0,"gold_loss":0.0,"damage_taken":0.0},{"cards_removed":["Doom and Gloom"],"damage_healed":0.0,"max_hp_gain":0.0,"max_hp_loss":0.0,"gold_gain":0.0,"event_name":"WeMeetAgain","player_choice":"Gave Card","floor":39.0,"gold_loss":0.0,"damage_taken":0.0,"relics_obtained":["Potion Belt"]}],"is_beta":false,"boss_relics":[{"not_picked":["Astrolabe","Runic Dome"],"picked":"Cursed Key"},{"not_picked":["Snecko Eye","SacredBark"],"picked":"SlaversCollar"}],"items_purged_floors":[8,29],"is_endless":false,"potions_floor_spawned":[6,11,14,16,28,35,42],"killed_by":"Jaw Worm Horde","ascension_level":20}}