{"host":"mwb0clku6crgv6yl","time":1610529786,"event":{"mods":["AchievementEnabler","BaseMod","Highlight Path","Koishi","Minty Spire (QoL Compilation)","Replay The Spire","StSLib","The Administrix","The Construct","The Cursed","The Gatherer","The Hierophant"],"gold_per_floor":[118,83,83,100,64,98,117,161,161,98,135,135,135,155,155,260,260,282,132,157,157,13,13,56,56,83,83,15,59,96,132,132,256,346,387,19,66,84,117,117,144,144,169,169,213,213,98,98,98,112],"floor_reached":51,"language":"ZHS","playtime":3319,"items_purged":["Shame"],"score":716,"play_id":"7a111c15-08f4-4cd9-bf0e-59398702467b","local_time":"20210113172306","is_ascension_mode":false,"metric_token":789,"campfire_choices":[{"floor":13,"key":"REST"},{"data":"Gatherer:AlchemyTrial","floor":15,"key":"SMITH"},{"floor":23,"key":"REST"},{"floor":25,"key":"REST"},{"data":"Gatherer:Examine","floor":27,"key":"SMITH"},{"floor":32,"key":"REST"},{"floor":40,"key":"REST"},{"floor":42,"key":"REST"},{"data":"Gatherer:LuckyClover","floor":44,"key":"SMITH"},{"floor":46,"key":"REST"},{"data":"Gatherer:LuckyClover","floor":49,"key":"SMITH"}],"circlet_count":0,"master_deck":["Gatherer:Centralize+1","Gatherer:FlowerWhip+2","Gatherer:FlowerFalling+2","Gatherer:AlchemyTrial+1","Gatherer:FlowerFalling+2","Gatherer:QuickSynthesis","Gatherer:QuickSynthesis","Gatherer:Examine+1","Gatherer:BambuSword","Gatherer:DrugPower","hierophant:Chorus","Gatherer:FlowerShield+2","Gatherer:ScentOfRosmari+1","Gatherer:BlackTea+1","Gatherer:Liquidism+1","Gatherer:FlowerBeam+3","Gatherer:BambuSword","Gatherer:WitheringStrike+1","Gatherer:Overflowing","Gatherer:EnergyBasket","Gatherer:TacticalStrike+1","Gatherer:LuckyClover+1","Gatherer:FinishingStrike","Gatherer:Frenzy","Gatherer:AlchemyTrial","Gatherer:LuckyClover+1","Gatherer:Misfortune+1","Gatherer:Frenzy","Gatherer:AcidicSpray","Gatherer:TreeGrowth","Gatherer:WitheringStrike","Gatherer:FinishingStrike","Gatherer:BambuSword+1","Gatherer:Nutrients","Gatherer:Liquidism+1","Madness","Madness","Gatherer:GatherMaterial+1","Secret Weapon","Impatience","Gatherer:FlowerShield+1","Gatherer:FragileHammer+1","Gatherer:MindSearch","Gatherer:FinishingStrike","Gatherer:DrugPower"],"relics":["Gatherer:AlchemyBag","Gatherer:FloralEgg","CeramicFish","Kunai","StoneCalendar","construct:ClawGrip","Medical Kit","Gremlin Food","Replay:Baseball","Orichalcum","Replay:Bandana","Pandora\u0027s Box","ReplayTheSpireMod:CursedCoin","Replay:Wax Seal","ReplayTheSpireMod:Shallot","Bag of Marbles","Orrery"],"acts_visited":["Exordium","TheCity","TheBeyond"],"potions_floor_usage":[11,16,16,33,50],"damage_taken":[{"damage":6,"enemies":"Jaw Worm","floor":1,"turns":2},{"damage":0,"enemies":"Cultist","floor":4,"turns":2},{"damage":36,"enemies":"3 Sentries","floor":6,"turns":8},{"damage":5,"enemies":"Small Slimes","floor":7,"turns":2},{"damage":22,"enemies":"Lagavulin","floor":8,"turns":8},{"damage":5,"enemies":"Looter","floor":11,"turns":2},{"damage":5,"enemies":"Exordium Thugs","floor":14,"turns":3},{"damage":25,"enemies":"Slime Boss","floor":16,"turns":7},{"damage":20,"enemies":"2 Thieves","floor":18,"turns":3},{"damage":22,"enemies":"3 Byrds","floor":20,"turns":7},{"damage":20,"enemies":"Book of Stabbing","floor":24,"turns":5},{"damage":4,"enemies":"Replay:Snechameleon","floor":29,"turns":6},{"damage":12,"enemies":"Snake Plant","floor":30,"turns":2},{"damage":13,"enemies":"3 Cultists","floor":31,"turns":5},{"damage":39,"enemies":"Collector","floor":33,"turns":5},{"damage":17,"enemies":"Orb Walker","floor":35,"turns":4},{"damage":1,"enemies":"3 Darklings","floor":37,"turns":7},{"damage":20,"enemies":"Transient","floor":39,"turns":5},{"damage":33,"enemies":"Maw","floor":45,"turns":6},{"damage":73,"enemies":"Donu and Deca","floor":50,"turns":8}],"seed_played":"6176908865761650850","potions_obtained":[{"floor":1,"key":"AttackPotion"},{"floor":4,"key":"Swift Potion"},{"floor":8,"key":"BloodPotion"},{"floor":16,"key":"Venom Potion"},{"floor":24,"key":"Elixir"},{"floor":31,"key":"Flashbang"}],"is_trial":false,"path_per_floor":["M","$","?","M","$","E","M","E","T","$","M","?","R","M","R","B",null,"M","$","M","?","$","R","E","R","T","R","$","E","M","M","R","B",null,"M","$","M","?","M","R","?","R","T","R","M","R","$","?","R","B",null],"character_chosen":"THE_GATHERER","items_purchased":["Gatherer:AlchemyTrial","Gatherer:QuickSynthesis","Gatherer:GrowBook","Medical Kit","Gremlin Food","Gatherer:WitheringStrike","ReplayTheSpireMod:CursedCoin","Replay:Wax Seal","ReplayTheSpireMod:Shallot","FairyPotion","Gatherer:Nutrients","Orrery"],"campfire_rested":7,"item_purchase_floors":[2,5,10,19,22,28,36,36,36,36,36,47],"current_hp_per_floor":[73,73,79,79,79,43,38,16,16,16,26,26,49,44,44,19,79,59,59,37,37,37,60,40,63,63,63,63,59,47,34,57,18,79,62,62,65,55,35,58,48,71,71,71,38,61,61,61,61,23],"gold":112,"neow_bonus":"TEN_PERCENT_HP_BONUS","is_daily":false,"chose_seed":false,"campfire_upgraded":4,"win_rate":0.0,"timestamp":1610529786,"path_taken":["M","$","?","M","$","E","M","E","T","?","M","?","R","M","R","BOSS","M","$","M","?","$","R","E","R","T","R","?","E","M","M","R","BOSS","M","$","M","?","M","R","?","R","T","R","?","R","?","?","R","BOSS"],"items_purchased_type":["Card","Card","Card","Relic","Relic","Card","Relic","Relic","Relic","Potion","Card","Relic"],"build_version":"2020-12-22","purchased_purges":1,"victory":true,"max_hp_per_floor":[79,79,79,79,79,79,79,79,79,79,79,79,79,79,79,79,79,79,79,79,79,79,79,79,79,79,79,79,79,79,79,79,79,79,79,79,79,79,79,79,79,79,79,79,79,79,79,79,79,79],"card_choices":[{"not_picked":["Gatherer:Liquidism","Gatherer:FlowerPower"],"picked":"Gatherer:FlowerFalling","floor":1},{"not_picked":["Gatherer:Duality","Gatherer:AcidicSpray"],"picked":"Gatherer:FlowerFalling","floor":4},{"not_picked":["Gatherer:FeelingFine","Gatherer:SaveValuables"],"picked":"Gatherer:Examine","floor":6},{"not_picked":["Gatherer:EnergyBasket","Gatherer:QuickSynthesis"],"picked":"Gatherer:BambuSword","floor":7},{"not_picked":["Gatherer:EnergyBasket","Gatherer:CollectorsShot"],"picked":"Gatherer:DrugPower","floor":8},{"not_picked":["Gatherer:CollectorsShot","Gatherer:TreeGrowth"],"picked":"Gatherer:FlowerShield","floor":11},{"not_picked":["Gatherer:QuickSynthesis","Gatherer:SmartManeuver"],"picked":"Gatherer:ScentOfRosmari","floor":14},{"not_picked":["Gatherer:MindSearch","Gatherer:CursedBlade"],"picked":"Gatherer:BlackTea","floor":16},{"not_picked":["Gatherer:FruitForce","Gatherer:FragileHammer+1"],"picked":"Gatherer:Liquidism+1","floor":18},{"not_picked":["Gatherer:Convert","Gatherer:FlowerShield"],"picked":"Gatherer:FlowerBeam+1","floor":20},{"not_picked":["Gatherer:TreeGrowth+1","Gatherer:FeelingFine+1"],"picked":"Gatherer:BambuSword","floor":24},{"not_picked":["Gatherer:Uplift+1","Gatherer:GatherMaterial"],"picked":"Gatherer:Overflowing","floor":29},{"not_picked":["Gatherer:Herbalism","Gatherer:FlowerShield"],"picked":"Gatherer:EnergyBasket","floor":30},{"not_picked":["Gatherer:Frenzy","Gatherer:UpgradeBag"],"picked":"Gatherer:TacticalStrike+1","floor":31},{"not_picked":["Gatherer:FlamingBottle","Gatherer:GrowBook"],"picked":"Gatherer:LuckyClover","floor":33},{"not_picked":["Gatherer:CollectorsShot","Gatherer:AromaProtection+1"],"picked":"Gatherer:BambuSword+1","floor":35},{"not_picked":["Gatherer:WoolGloves+1","Gatherer:TacticalStrike"],"picked":"Gatherer:Liquidism+1","floor":37},{"not_picked":["Gatherer:PotentialSlash+1","Gatherer:Snatch"],"picked":"Gatherer:GatherMaterial+1","floor":39},{"not_picked":["Specialist","Purity"],"picked":"Secret Weapon","floor":41},{"not_picked":["Replay:Bootleg Shield Generator","Finesse"],"picked":"Impatience","floor":41},{"not_picked":["Bandage Up","Trip"],"picked":"ReplayTheSpireMod:Brewmster","floor":41},{"not_picked":["Gatherer:SaveValuables+1","Gatherer:Polymorphism"],"picked":"Gatherer:FlowerShield","floor":45},{"not_picked":["Gatherer:FlowerShield","Gatherer:MiningStrike+1"],"picked":"Gatherer:FragileHammer+1","floor":47},{"not_picked":["Gatherer:FlowerShield","Gatherer:RecoveryHerb"],"picked":"Gatherer:MindSearch","floor":47},{"not_picked":["Gatherer:Convert","Gatherer:FlowerShield+1"],"picked":"Gatherer:FinishingStrike","floor":47},{"not_picked":["Gatherer:Snatch","Gatherer:Convert"],"picked":"Gatherer:DrugPower","floor":47}],"player_experience":272043,"relics_obtained":[{"floor":6,"key":"Gatherer:FloralEgg"},{"floor":8,"key":"CeramicFish"},{"floor":9,"key":"Kunai"},{"floor":24,"key":"Replay:Baseball"},{"floor":26,"key":"Orichalcum"},{"floor":29,"key":"Replay:Bandana"},{"floor":43,"key":"Bag of Marbles"}],"event_choices":[{"damage_healed":6,"gold_gain":0,"player_choice":"Full Heal","damage_taken":0,"max_hp_gain":0,"max_hp_loss":0,"event_name":"Wheel of Change","floor":3,"gold_loss":0},{"damage_healed":0,"gold_gain":0,"player_choice":"Searched \u00271\u0027 times","damage_taken":0,"relics_obtained":["StoneCalendar"],"max_hp_gain":0,"max_hp_loss":0,"event_name":"Dead Adventurer","floor":12,"gold_loss":0},{"damage_healed":0,"gold_gain":0,"player_choice":"Upgraded","damage_taken":0,"max_hp_gain":0,"max_hp_loss":0,"event_name":"Upgrade Shrine","floor":21,"gold_loss":0,"cards_upgraded":["Gatherer:BlackTea"]},{"damage_healed":0,"gold_gain":0,"player_choice":"Embrace Madness","damage_taken":10,"max_hp_gain":0,"max_hp_loss":0,"event_name":"Winding Halls","floor":38,"gold_loss":0,"cards_obtained":["Madness","Madness"]},{"damage_healed":0,"gold_gain":0,"player_choice":"Memory 3","damage_taken":10,"max_hp_gain":0,"max_hp_loss":0,"event_name":"SensoryStone","floor":41,"gold_loss":0},{"cards_removed":["ReplayTheSpireMod:Brewmster"],"damage_healed":0,"gold_gain":0,"player_choice":"Removed Power","damage_taken":0,"max_hp_gain":0,"max_hp_loss":0,"event_name":"Falling","floor":48,"gold_loss":0}],"is_beta":false,"boss_relics":[{"not_picked":["Kintsugi","SlaversCollar"],"picked":"construct:ClawGrip"},{"not_picked":["Replay:Drink Me","Empty Cage"],"picked":"Pandora\u0027s Box"}],"items_purged_floors":[36],"is_endless":false,"potions_floor_spawned":[1,4,8,16,24,31],"ascension_level":0}}