{"host":"04aht2z7d1qbuefv","time":1610576040,"event":{"mods":["AchievementEnabler","BaseMod","Downfall","Minty Spire (QoL Compilation)","StSLib","The Cursed","The Necromancer"],"gold_per_floor":[99,115,133,308,118,136,160,201,63,100,123,162,324,350,377,389,389,389],"floor_reached":16,"language":"SPA","playtime":770,"items_purged":["Doubt"],"score":128,"play_id":"e28f1b07-8d49-41b9-8066-4df9c68eb881","local_time":"20210113191400","is_ascension_mode":true,"campfire_choices":[{"floor":1,"key":"RECALL"},{"data":"Slimebound:SamplingLick","floor":9,"key":"SMITH"}],"circlet_count":0,"master_deck":["Slimebound:Strike_Slimebound+1","Slimebound:Strike_Slimebound+1","Slimebound:Strike_Slimebound","Slimebound:Tackle","Slimebound:Defend_Slimebound","Slimebound:Defend_Slimebound","Slimebound:Defend_Slimebound","Slimebound:Defend_Slimebound","Slimebound:Split","Slimebound:CorrosiveSpit","Slimebound:SplitBruiser","Slimebound:RejuvenatingLick","Slimebound:Overexert","Slimebound:Equalize","Slimebound:SplitMire","Slimebound:SamplingLick+1","Slimebound:RainOfGoop","Slimebound:Nibble","Slimebound:SelfFormingGoo","Slimebound:AcidTongue"],"relics":["Slimebound:AbsorbEndCombat","MawBank","downfall:HeartBlessingRed","downfall:HeartBlessingGreen","Sundial","Tiny Chest"],"acts_visited":["Exordium"],"potions_floor_usage":[12,14,16,16],"damage_taken":[{"damage":6,"enemies":"Small Slimes","floor":2,"turns":3},{"damage":12,"enemies":"Cultist","floor":3,"turns":3},{"damage":21,"enemies":"downfall:FleeingMerchant","floor":5,"turns":4},{"damage":8,"enemies":"2 Louse","floor":6,"turns":2},{"damage":41,"enemies":"3 Sentries","floor":8,"turns":6},{"damage":20,"enemies":"Gremlin Nob","floor":10,"turns":3},{"damage":27,"enemies":"Exordium Wildlife","floor":11,"turns":4},{"damage":31,"enemies":"3 Sentries","floor":12,"turns":6},{"damage":13,"enemies":"Gremlin Gang","floor":14,"turns":4},{"damage":17,"enemies":"Red Slaver","floor":15,"turns":3},{"damage":45,"enemies":"downfall:Silent","floor":16,"turns":4}],"seed_played":"4290139819865418037","potions_obtained":[{"floor":3,"key":"SpeedPotion"},{"floor":6,"key":"Slimebound:SlimedPotion"},{"floor":8,"key":"CultistPotion"},{"floor":12,"key":"Strength Potion"},{"floor":14,"key":"Energy Potion"}],"is_trial":false,"path_per_floor":["R","M","M","?","$","M","T","E","R","E","M","E","?","M","M","B"],"character_chosen":"SLIMEBOUND","items_purchased":["Slimebound:Equalize","Slimebound:SplitMire"],"campfire_rested":0,"item_purchase_floors":[5,5],"current_hp_per_floor":[66,66,66,66,58,66,66,51,51,47,38,31,31,38,33,0,0,0],"gold":389,"neow_bonus":"TEN_PERCENT_HP_BONUS","is_daily":false,"chose_seed":false,"campfire_upgraded":1,"win_rate":0.0,"timestamp":1610576040,"path_taken":["R","M","M","?","$","M","T","E","R","E","M","E","?","M","M","BOSS"],"items_purchased_type":["Card","Card"],"build_version":"2020-12-22","purchased_purges":1,"victory":false,"max_hp_per_floor":[66,66,66,66,66,66,66,66,66,66,66,66,66,66,66,66,66,66],"card_choices":[{"not_picked":["Slimebound:ViciousTackle","Slimebound:ProtectTheBoss"],"picked":"Slimebound:SplitBruiser","floor":2},{"not_picked":["Slimebound:PressTheAttack","Slimebound:FlameTackle"],"picked":"Slimebound:RejuvenatingLick","floor":3},{"not_picked":["Slimebound:SplitBruiser","Slimebound:ServeAndProtect"],"picked":"Slimebound:Overexert","floor":5},{"not_picked":["Slimebound:ViciousTackle","Slimebound:LeechingTouch"],"picked":"Slimebound:SamplingLick","floor":6},{"not_picked":["Slimebound:SplitMire","Slimebound:Grow"],"picked":"Slimebound:RainOfGoop","floor":8},{"not_picked":["Slimebound:LeechingTouch","Slimebound:SplitMire","Slimebound:ViciousTackle"],"picked":"SKIP","floor":10},{"not_picked":["Slimebound:ForwardTackle","Slimebound:PressTheAttack"],"picked":"Slimebound:Nibble","floor":11},{"not_picked":["Slimebound:LeechingTouch","Slimebound:Equalize"],"picked":"Slimebound:SelfFormingGoo","floor":12},{"not_picked":["Slimebound:RainOfGoop","Slimebound:GoopSpray","Slimebound:ForwardTackle"],"picked":"SKIP","floor":14},{"not_picked":["Slimebound:SlimeBarrage","Slimebound:Repurpose"],"picked":"Slimebound:AcidTongue","floor":15}],"player_experience":174643,"relics_obtained":[{"floor":7,"key":"MawBank"},{"floor":8,"key":"Whetstone"},{"floor":10,"key":"Sundial"},{"floor":12,"key":"Tiny Chest"}],"event_choices":[],"is_beta":false,"boss_relics":[],"items_purged_floors":[5],"is_endless":false,"potions_floor_spawned":[3,6,8,12,14],"killed_by":"downfall:Silent","ascension_level":1}}