{"host":"dhr6iszse2qz12e2","time":1610537593,"event":{"mods":["100% Spire Juice","2.2 Compatiblity","A Magickal Journey","Act Like it!","BaseMod","Bestiary","Better Note","BetterRewards","Colored Map","Downfall","Gensokyo","Hermit","Hubris","Infinite Spire","Marisa????????","Minty Spire (QoL Compilation)","Permanent Neow","Quick Restart","Reimu??????","Replay The Spire","Shop Mod","StSLib","Td1madao Mod","The Administrix","The Animator","The Bug Knight","The Cursed","The Gatherer","The Hierophant","The IronCluck","The Jungle","The Servant 0.9.4","everything is the same but u backflip on backflip","slay the spire mod where everything is the same but ironclad has a cowboy hat","??????REMEMod"],"gold_per_floor":[115,115,115,103,103,103,28,56,132,150,185,185,198,208,208,307,307,323,349,357,357,357,357],"floor_reached":22,"language":"ENG","playtime":1853,"items_purged":["Poor:ReiMu"],"score":196,"play_id":"ddbdd735-5fe3-4b24-8075-b7779506177b","local_time":"20210113133313","is_ascension_mode":false,"campfire_choices":[{"data":"hermit:Roughhouse","floor":6,"key":"SMITH"},{"data":"hermit:Ricochet","floor":12,"key":"SMITH"},{"floor":15,"key":"REST"}],"circlet_count":0,"master_deck":["hermit:Strike_Hermit","hermit:Strike_Hermit","hermit:Strike_Hermit","hermit:Strike_Hermit","hermit:Defend_Hermit","hermit:Defend_Hermit","hermit:Defend_Hermit","hermit:Defend_Hermit","hermit:Snapshot","hermit:Covet","hermit:Roughhouse+1","hermit:Ricochet+1","Regret","hermit:DeadOrAlive","hermit:Cheat","hubris:NaturalOne","expansioncontent:ManipulateTime"],"relics":["hermit:Momento","REME_ComplimentaryCards","YidongShenshe:ReiMu","hubris:Icosahedron","Ginger","hubris:CuriousFeather","Blood Vial","Painkiller Herb"],"acts_visited":["Exordium","TheCity"],"potions_floor_usage":[16,16,16],"damage_taken":[{"damage":0,"enemies":"Small Slimes","floor":1,"turns":2},{"damage":2,"enemies":"2 Louse","floor":4,"turns":3},{"damage":30,"enemies":"3 Sentries","floor":8,"turns":6},{"damage":0,"enemies":"Cultist","floor":10,"turns":3},{"damage":17,"enemies":"Gremlin Nob","floor":11,"turns":5},{"damage":13,"enemies":"2 Fungi Beasts","floor":13,"turns":3},{"damage":0,"enemies":"3 Louse","floor":14,"turns":3},{"damage":38,"enemies":"The Guardian","floor":16,"turns":7},{"damage":20,"enemies":"2 Thieves","floor":18,"turns":4},{"damage":21,"enemies":"Shell Parasite","floor":19,"turns":5},{"damage":37,"enemies":"Chosen and Byrds","floor":20,"turns":5},{"damage":3,"enemies":"Sentry and Sphere","floor":22,"turns":3}],"seed_played":"-4733108038222206278","potions_obtained":[{"floor":8,"key":"Strength Potion"},{"floor":11,"key":"SteroidPotion"},{"floor":13,"key":"SteroidPotion"},{"floor":18,"key":"Doom Potion"}],"is_trial":false,"path_per_floor":["M","?","?","M","?","R","$","E","T","M","E","R","M","M","R","B",null,"?","?","?","?","?"],"character_chosen":"HERMIT","items_purchased":[],"campfire_rested":1,"item_purchase_floors":[],"current_hp_per_floor":[75,75,75,73,73,73,73,43,43,43,26,26,15,17,39,3,75,55,36,1,1,0,0],"gold":357,"neow_bonus":"ONE_RANDOM_RARE_CARD","is_daily":false,"chose_seed":false,"campfire_upgraded":2,"win_rate":0.0,"timestamp":1610537593,"path_taken":["M","?","?","M","?","R","$","E","T","M","E","R","M","M","R","BOSS","?","?","?","?","?"],"items_purchased_type":[],"build_version":"2020-12-22","purchased_purges":1,"victory":false,"max_hp_per_floor":[75,75,75,75,75,75,75,75,75,75,75,75,75,75,75,75,75,75,75,75,75,75,75],"card_choices":[{"not_picked":["hermit:BigShot","hermit:Glare","hermit:Ricochet"],"picked":"SKIP","floor":1},{"not_picked":["hermit:Feint","hermit:BodyArmor"],"picked":"hermit:Ricochet","floor":4},{"not_picked":["hermit:FatalDesire","hermit:Vantage","hermit:Quickdraw"],"picked":"SKIP","floor":8},{"not_picked":["hermit:Snipe","hermit:Glare","hermit:Coalescence"],"picked":"SKIP","floor":10},{"not_picked":["hermit:Gestalt","hermit:LuckOfTheDraw","hermit:TrackingShot"],"picked":"SKIP","floor":11},{"not_picked":["hermit:TrackingShot","hermit:HighCaliber","hermit:Desperado"],"picked":"SKIP","floor":13},{"not_picked":["hermit:ItchyTrigger","hermit:Dissolve","hermit:Grudge"],"picked":"SKIP","floor":14},{"not_picked":["hermit:Purgatory","hermit:HighNoon"],"picked":"hermit:DeadOrAlive","floor":16},{"not_picked":["hermit:SprayPray","hermit:ItchyTrigger"],"picked":"hermit:Cheat","floor":18},{"not_picked":["hermit:Misfire+1","hermit:Vantage","hermit:Manifest"],"picked":"SKIP","floor":19},{"not_picked":["hermit:Brawl+1","hermit:Determination","hermit:Shortfuse"],"picked":"SKIP","floor":20}],"player_experience":469916,"relics_obtained":[{"floor":8,"key":"hubris:CuriousFeather"},{"floor":11,"key":"Blood Vial"}],"event_choices":[{"damage_healed":0,"gold_gain":0,"player_choice":"Take Tiny Shrine away","damage_taken":0,"relics_obtained":["YidongShenshe:ReiMu"],"max_hp_gain":0,"max_hp_loss":0,"event_name":"yidonshenshe","floor":2,"gold_loss":0,"cards_obtained":["Poor:ReiMu"]},{"damage_healed":0,"gold_gain":0,"player_choice":"Box","damage_taken":0,"relics_obtained":["Ginger"],"max_hp_gain":0,"max_hp_loss":0,"event_name":"Big Fish","floor":5,"gold_loss":0,"cards_obtained":["Regret"]},{"damage_healed":0,"gold_gain":0,"player_choice":"1 cards matched","damage_taken":0,"max_hp_gain":0,"max_hp_loss":0,"event_name":"Match and Keep!","floor":21,"gold_loss":0,"cards_obtained":["expansioncontent:ManipulateTime"]}],"is_beta":false,"boss_relics":[{"not_picked":["Empty Cage","Ring of Chaos"],"picked":"Painkiller Herb"}],"items_purged_floors":[7],"is_endless":false,"potions_floor_spawned":[8,11,13,18],"killed_by":"Sentry and Sphere","ascension_level":0}}