{"host":"daa8jqyg4gqfaysm","time":1610523276,"event":{"mods":["BaseMod","Colored Powertips","Minty Spire (QoL Compilation)","StSLib"],"gold_per_floor":[110,185,185,185,203,235,235,245,245,245,245,245],"floor_reached":11,"language":"ENG","playtime":285,"items_purged":[],"score":142,"play_id":"2ccadcb7-0bdd-4c75-b490-4eb9763b9e2a","local_time":"20210113153436","is_ascension_mode":true,"campfire_choices":[{"data":"Reprogram","floor":7,"key":"SMITH"},{"floor":10,"key":"REST"}],"circlet_count":0,"master_deck":["AscendersBane","Zap","Dualcast","Blizzard","Gash","Amplify","Reprogram+1","Melter","Gash","Sweeping Beam+1","Chill","Leap","Loop"],"relics":["Pandora\u0027s Box","InkBottle","Bag of Marbles","Anchor"],"acts_visited":["Exordium"],"potions_floor_usage":[6],"damage_taken":[{"damage":6,"enemies":"Cultist","floor":1,"turns":3},{"damage":12,"enemies":"Jaw Worm","floor":5,"turns":2},{"damage":12,"enemies":"3 Sentries","floor":6,"turns":6},{"damage":18,"enemies":"Small Slimes","floor":8,"turns":2},{"damage":27,"enemies":"Lagavulin","floor":11,"turns":5}],"seed_played":"-8806273929478482233","potions_obtained":[{"floor":1,"key":"Fire Potion"},{"floor":5,"key":"FearPotion"}],"is_trial":false,"path_per_floor":["M","?","?","?","M","E","R","M","T","R","E"],"character_chosen":"DEFECT","items_purchased":[],"campfire_rested":1,"item_purchase_floors":[],"current_hp_per_floor":[58,47,47,47,35,23,23,5,5,26,0,0],"gold":245,"neow_bonus":"BOSS_RELIC","is_daily":false,"chose_seed":false,"campfire_upgraded":1,"win_rate":0.0,"timestamp":1610523276,"path_taken":["M","?","?","?","M","E","R","M","T","R","E"],"items_purchased_type":[],"build_version":"2020-12-22","purchased_purges":0,"victory":false,"max_hp_per_floor":[71,71,71,71,71,71,71,71,71,71,71,71],"card_choices":[{"not_picked":["Hello World","Capacitor","Defragment"],"picked":"SKIP","floor":1},{"not_picked":["Cold Snap","Darkness"],"picked":"Chill","floor":5},{"not_picked":["Gash","Auto Shields"],"picked":"Leap","floor":6},{"not_picked":["Skim","Coolheaded"],"picked":"Loop","floor":8}],"player_experience":810131,"relics_obtained":[{"floor":6,"key":"Bag of Marbles"},{"floor":9,"key":"Anchor"}],"event_choices":[{"damage_healed":0,"gold_gain":75,"player_choice":"Gather Gold","damage_taken":11,"max_hp_gain":0,"max_hp_loss":0,"event_name":"World of Goop","floor":2,"gold_loss":0},{"damage_healed":0,"gold_gain":0,"player_choice":"Grow","damage_taken":0,"max_hp_gain":0,"max_hp_loss":0,"event_name":"Living Wall","floor":3,"gold_loss":0,"cards_upgraded":["Sweeping Beam"]},{"cards_removed":["Machine Learning"],"damage_healed":0,"gold_gain":0,"player_choice":"Gave Card","damage_taken":0,"relics_obtained":["InkBottle"],"max_hp_gain":0,"max_hp_loss":0,"event_name":"WeMeetAgain","floor":4,"gold_loss":0}],"is_beta":false,"boss_relics":[],"items_purged_floors":[],"is_endless":false,"potions_floor_spawned":[1,5],"killed_by":"Lagavulin","ascension_level":20}}