{"host":"b7j598ve05halrwk","time":1610496681,"event":{"mods":["2.2 Compatiblity","BaseMod","Block Reminder","DeckTracker","Minty Spire (QoL Compilation)","Relic Stats","Slay the Relics Exporter","StSLib","ojb\u0027s Better Paths Mod","ojb\u0027s Info Mod"],"gold_per_floor":[20,34,34,53,18,18,46,46,46,72,72,72,116,20,20,105,132,154,154,163,183,31,31,31,66,91,110,149,149,176,211,211,297,297,319,341,341,370,370,408,408,10,10,10,29,73,100,121,121,121,121],"floor_reached":50,"language":"ENG","playtime":3885,"items_purged":["Defend_B"],"score":1286,"play_id":"61647c04-59ef-4e1a-ae9c-c55425cfd44d","local_time":"20210112191121","is_ascension_mode":true,"campfire_choices":[{"data":"Streamline","floor":6.0,"key":"SMITH"},{"data":"Defragment","floor":8.0,"key":"SMITH"},{"data":"Sweeping Beam","floor":11.0,"key":"SMITH"},{"data":"Loop","floor":15.0,"key":"SMITH"},{"data":"Biased Cognition","floor":23.0,"key":"SMITH"},{"floor":32,"key":"REST"},{"data":"Reboot","floor":41,"key":"SMITH"},{"data":"Tempest","floor":44,"key":"SMITH"},{"floor":49,"key":"RECALL"}],"circlet_count":0,"master_deck":["AscendersBane","Defend_B","Zap+1","Dualcast+1","Turbo","Streamline+1","Sweeping Beam+1","FTL","Undo","Defragment+1","Cold Snap","Biased Cognition+1","Ball Lightning","Loop+1","Core Surge","Hello World+1","Defragment+1","Coolheaded+1","Conserve Battery+1","Reboot+1","Turbo","Reinforced Body+1","Cold Snap","Tempest+1","Storm","Cold Snap","Core Surge","Biased Cognition","Cold Snap+1","Lockon","Chaos+1","Ball Lightning","Heatsinks","All For One","Cold Snap","Redo+1","Core Surge","BootSequence","Skim"],"relics":["Cracked Core","Regal Pillow","Potion Belt","CeramicFish","Pen Nib","Astrolabe","Meat on the Bone","Lantern","Peace Pipe","Happy Flower","Coffee Dripper","Boot","Strange Spoon","War Paint"],"acts_visited":["Exordium","TheCity","TheBeyond"],"potions_floor_usage":[28,31,31,46,47,47],"damage_taken":[{"damage":1.0,"enemies":"Cultist","floor":1.0,"turns":3.0},{"damage":2.0,"enemies":"Jaw Worm","floor":2.0,"turns":2.0},{"damage":0.0,"enemies":"Small Slimes","floor":4.0,"turns":1.0},{"damage":9.0,"enemies":"Gremlin Nob","floor":7.0,"turns":3.0},{"damage":0.0,"enemies":"2 Fungi Beasts","floor":10.0,"turns":2.0},{"damage":22.0,"enemies":"Lagavulin","floor":13.0,"turns":6.0},{"damage":0.0,"enemies":"Slime Boss","floor":16.0,"turns":5.0},{"damage":2.0,"enemies":"Chosen","floor":18.0,"turns":3.0},{"damage":16.0,"enemies":"2 Thieves","floor":21.0,"turns":4.0},{"damage":9.0,"enemies":"Gremlin Leader","floor":25.0,"turns":7.0},{"damage":9.0,"enemies":"Shelled Parasite and Fungi","floor":27.0,"turns":7.0},{"damage":30,"enemies":"Slavers","floor":28,"turns":3},{"damage":0,"enemies":"Snecko","floor":30,"turns":4},{"damage":24,"enemies":"Gremlin Leader","floor":31,"turns":7},{"damage":1,"enemies":"Collector","floor":33,"turns":8},{"damage":10,"enemies":"3 Darklings","floor":35,"turns":3},{"damage":0,"enemies":"Orb Walker","floor":36,"turns":4},{"damage":16,"enemies":"Transient","floor":38,"turns":6},{"damage":19,"enemies":"Giant Head","floor":40,"turns":10},{"damage":15,"enemies":"Writhing Mass","floor":45,"turns":4},{"damage":30,"enemies":"Reptomancer","floor":46,"turns":5},{"damage":14,"enemies":"4 Shapes","floor":47,"turns":2},{"damage":0,"enemies":"3 Darklings","floor":48,"turns":4},{"damage":27,"enemies":"Donu and Deca","floor":50,"turns":8}],"seed_played":"15882609018638793","potions_obtained":[{"floor":4.0,"key":"PowerPotion"},{"floor":7.0,"key":"Weak Potion"},{"floor":13.0,"key":"Fire Potion"},{"floor":16.0,"key":"GamblersBrew"},{"floor":25.0,"key":"Energy Potion"},{"floor":28,"key":"FocusPotion"},{"floor":30,"key":"LiquidMemories"},{"floor":33,"key":"Strength Potion"},{"floor":45,"key":"DuplicationPotion"},{"floor":46,"key":"LiquidMemories"}],"is_trial":false,"path_per_floor":["M","M","T","M","?","R","E","R","T","M","R","?","E","$","R","B",null,"M","?","?","M","$","R","?","E","T","M","E","?","M","E","R","B",null,"M","M","?","M","?","E","R","$","T","R","M","E","M","M","R","B"],"character_chosen":"DEFECT","items_purchased":["Ball Lightning","Loop","Reinforced Body","Cold Snap","Strange Spoon","Heatsinks","All For One","Cold Snap"],"campfire_rested":1,"item_purchase_floors":[14,14,22,22,42,42,42,42],"current_hp_per_floor":[63,61,61,61,71,71,62,62,62,62,62,41,19,19,19,19,58,56,56,56,40,40,40,54,45,45,36,18,18,30,18,54,53,67,57,57,71,55,55,36,36,36,36,36,33,15,13,25,25,0,0],"gold":121,"neow_bonus":"TRANSFORM_TWO_CARDS","is_daily":false,"chose_seed":false,"campfire_upgraded":7,"win_rate":0.0,"timestamp":1610496681,"path_taken":["M","?","?","M","?","R","E","R","T","M","R","?","E","$","R","BOSS","M","?","?","?","$","R","?","E","T","M","E","?","M","E","R","BOSS","M","M","?","?","?","E","R","$","T","R","M","E","M","M","R","BOSS"],"items_purchased_type":["Card","Card","Card","Card","Relic","Card","Card","Card"],"build_version":"2020-12-22","purchased_purges":1,"victory":false,"max_hp_per_floor":[71,71,71,71,71,71,71,71,71,71,71,71,71,71,71,71,71,71,71,71,71,71,71,71,71,71,71,71,71,71,71,71,71,71,71,71,71,71,71,71,71,71,71,71,71,71,71,71,71,71,71],"relic_stats":{"Peace Pipe":0,"Strange Spoon":[9],"Regal Pillow":15,"Happy Flower":[18],"counters":[24,111],"CeramicFish":261,"Astrolabe":["Hello World","Defragment","Coolheaded"],"Pen Nib":[19],"War Paint":["Reinforced Body","Conserve Battery"],"Boot":[13],"obtain_stats":[{"Potion Belt":7,"Regal Pillow":3,"Lantern":26,"Happy Flower":31,"CeramicFish":9,"Astrolabe":17,"Pen Nib":13,"War Paint":46,"Boot":40,"Peace Pipe":28,"Strange Spoon":42,"Coffee Dripper":34,"Cracked Core":0,"Meat on the Bone":25},{"Potion Belt":4,"Regal Pillow":2,"Lantern":10,"Happy Flower":14,"CeramicFish":4,"Astrolabe":7,"Pen Nib":6,"War Paint":21,"Boot":19,"Peace Pipe":12,"Strange Spoon":19,"Coffee Dripper":15,"Cracked Core":0,"Meat on the Bone":10},{"Potion Belt":9,"Regal Pillow":5,"Lantern":36,"Happy Flower":57,"CeramicFish":9,"Astrolabe":22,"Pen Nib":17,"War Paint":97,"Boot":88,"Peace Pipe":46,"Strange Spoon":88,"Coffee Dripper":65,"Cracked Core":0,"Meat on the Bone":36}],"Meat on the Bone":84},"card_choices":[{"not_picked":["Steam","Chaos"],"picked":"Sweeping Beam","floor":1.0},{"not_picked":["Melter","Reprogram"],"picked":"FTL","floor":2.0},{"not_picked":["Auto Shields","Go for the Eyes"],"picked":"Undo","floor":4.0},{"not_picked":["Rebound","Go for the Eyes"],"picked":"Defragment","floor":7.0},{"not_picked":["Redo","Ball Lightning"],"picked":"Cold Snap","floor":10.0},{"not_picked":["Gash","Force Field"],"picked":"Biased Cognition","floor":13.0},{"not_picked":["Reboot","Creative AI"],"picked":"Core Surge","floor":16.0},{"not_picked":["Storm","Sweeping Beam"],"picked":"Conserve Battery","floor":18.0},{"not_picked":["Melter+1","Chaos"],"picked":"Turbo","floor":21.0},{"not_picked":["Streamline","Self Repair"],"picked":"Tempest","floor":25.0},{"not_picked":["Heatsinks","Compile Driver"],"picked":"Storm","floor":27},{"not_picked":["Go for the Eyes","Genetic Algorithm"],"picked":"Cold Snap","floor":28},{"not_picked":["FTL","Cold Snap"],"picked":"Core Surge","floor":30},{"not_picked":["Hologram","Barrage","Multi-Cast"],"picked":"SKIP","floor":31},{"not_picked":["Machine Learning","Creative AI"],"picked":"Biased Cognition","floor":33},{"not_picked":["Blizzard","Go for the Eyes"],"picked":"Cold Snap+1","floor":35},{"not_picked":["Sweeping Beam","Redo"],"picked":"Lockon","floor":36},{"not_picked":["Recycle","Beam Cell+1"],"picked":"Chaos+1","floor":38},{"not_picked":["Beam Cell","Stack+1"],"picked":"Ball Lightning","floor":40},{"not_picked":["Heatsinks","Cold Snap"],"picked":"Redo+1","floor":45},{"not_picked":["Coolheaded","Rebound"],"picked":"Core Surge","floor":46},{"not_picked":["Steam","Rebound+1"],"picked":"BootSequence","floor":47},{"not_picked":["Self Repair+1","Loop"],"picked":"Skim","floor":48}],"player_experience":933224,"relics_obtained":[{"floor":3.0,"key":"Regal Pillow"},{"floor":7.0,"key":"Potion Belt"},{"floor":9.0,"key":"CeramicFish"},{"floor":13.0,"key":"Pen Nib"},{"floor":25.0,"key":"Meat on the Bone"},{"floor":26.0,"key":"Lantern"},{"floor":28,"key":"Peace Pipe"},{"floor":31,"key":"Happy Flower"},{"floor":40,"key":"Boot"},{"floor":46,"key":"War Paint"}],"event_choices":[{"damage_healed":17.0,"max_hp_gain":0.0,"max_hp_loss":0.0,"gold_gain":0.0,"event_name":"The Cleric","player_choice":"Healed","floor":5.0,"gold_loss":35.0,"damage_taken":0.0},{"damage_healed":0.0,"max_hp_gain":0.0,"max_hp_loss":0.0,"gold_gain":0.0,"event_name":"Shining Light","player_choice":"Entered Light","floor":12.0,"gold_loss":0.0,"damage_taken":21.0,"cards_upgraded":["Zap","Dualcast"]},{"cards_removed":["Defend_B"],"damage_healed":0.0,"max_hp_gain":0.0,"max_hp_loss":0.0,"gold_gain":0.0,"event_name":"Back to Basics","player_choice":"Elegance","floor":19.0,"gold_loss":0.0,"damage_taken":0.0},{"damage_healed":0.0,"max_hp_gain":0.0,"max_hp_loss":0.0,"gold_gain":0.0,"event_name":"Match and Keep!","player_choice":"1 cards matched","floor":20.0,"gold_loss":0.0,"damage_taken":0.0,"cards_obtained":["Reboot"]},{"damage_healed":14.0,"max_hp_gain":0.0,"max_hp_loss":0.0,"gold_gain":0.0,"event_name":"The Library","player_choice":"Heal","floor":24.0,"gold_loss":0.0,"damage_taken":0.0},{"damage_healed":0,"gold_gain":0,"player_choice":"Ignored","damage_taken":0,"max_hp_gain":0,"max_hp_loss":0,"event_name":"Cursed Tome","floor":29,"gold_loss":0},{"damage_healed":14,"gold_gain":0,"player_choice":"Full Heal","damage_taken":0,"max_hp_gain":0,"max_hp_loss":0,"event_name":"Wheel of Change","floor":37,"gold_loss":0},{"damage_healed":0,"gold_gain":0,"player_choice":"Ignored","damage_taken":0,"max_hp_gain":0,"max_hp_loss":0,"event_name":"Tomb of Lord Red Mask","floor":39,"gold_loss":0}],"is_beta":false,"boss_relics":[{"not_picked":["SacredBark","Snecko Eye"],"picked":"Astrolabe"},{"not_picked":["SlaversCollar","Black Star"],"picked":"Coffee Dripper"}],"items_purged_floors":[22],"is_endless":false,"potions_floor_spawned":[4,7,13,16,25,28,30,33,45,46],"killed_by":"Donu and Deca","ascension_level":20}}