{"host":"m1hsm1cztz438mir","time":1610571960,"event":{"mods":["2.2 Compatiblity","AchievementEnabler","Act Like it!","Aspiration","BaseMod","Better Altar","Better Match","Better Sensory Stone","Better Skull","Better Third Choice","Colored Map","Glutton Mod","Minty Spire (QoL Compilation)","Relic Stats","Replay The Spire","Shop Mod","StSLib","The Cursed","The Juggle"],"gold_per_floor":[361,138,158,158,333,372,372,372,443,443,443,458,482,506,506,634,634,627,627,641,654,654,692,713,729,754,400,400,421,454,454,454,575,675,690,711,734,550,573,573,573,573,573,608,632,632,673,693,693,693],"floor_reached":51,"language":"ENG","playtime":6779,"items_purged":["TheCursedMod:Strike_TheCursed","TheCursedMod:Defend_TheCursed","TheCursedMod:Strike_TheCursed"],"score":899,"play_id":"7a7b448b-5e46-42fa-901e-4c3ee1619a57","local_time":"20210113210600","is_ascension_mode":false,"campfire_choices":[{"data":"TheCursedMod:CleanUpWorkshop","floor":8.0,"key":"SMITH"},{"floor":11.0,"key":"REST"},{"data":"TheCursedMod:CollectTribute","floor":15.0,"key":"SMITH"},{"floor":28,"key":"REST"},{"data":"TheCursedMod:StingEye","floor":32,"key":"SMITH"},{"data":"TheCursedMod:DemonicPact","floor":40,"key":"SMITH"},{"data":"TheCursedMod:FleshFromBone","floor":42,"key":"SMITH"},{"data":"TheCursedMod:ManaCirculation","floor":46,"key":"SMITH"},{"data":"TheCursedMod:Hemoplague","floor":49,"key":"SMITH"}],"circlet_count":0,"master_deck":["TheCursedMod:Strike_TheCursed","TheCursedMod:Strike_TheCursed","TheCursedMod:Defend_TheCursed","TheCursedMod:Defend_TheCursed","TheCursedMod:CursedWand","TheCursedMod:CleanUpWorkshop+1","TheCursedMod:Dregs","TheCursedMod:ReleasedStrength","TheCursedMod:CollectTribute+1","TheCursedMod:SmokeScreen","Injury","Doubt","TheCursedMod:Neurasthenia","TheCursedMod:FleshFromBone+1","TheCursedMod:RapidMovement","TheCursedMod:SpitefulPlan","TheCursedMod:DemonSword","TheCursedMod:CursedAmulet+1","TheCursedMod:CursedAmulet+1","TheCursedMod:StingEye+1","TheCursedMod:ReleasedKnowledge","TheCursedMod:CircleOfCorruption","Jack Of All Trades","Good Instincts","TheCursedMod:ShockAndAwe","TheCursedMod:SpitefulPray+1","TheCursedMod:DemonicPact+1","ReplayTheSpireMod:IOU","TheCursedMod:CursedStaff+1","TheCursedMod:ManaCirculation+1","TheCursedMod:FleshFromBone+1","TheCursedMod:Hemoplague+1"],"relics":["TheCursedMod:BlackMagic101","Golden Idol","Pondfish Scales","Kunai","ReplayTheSpireMod:TigerMarble","aspiration:SecretTechniqueScroll","aspiration:RitualStick","FossilizedHelix","Pet Ghost","Mercury Hourglass","Replay:Wax Seal","Replay:Wanted Poster","Gremlin Food","Pantograph"],"acts_visited":["Exordium","TheCity","TheBeyond"],"potions_floor_usage":[20,20,33,37,47],"damage_taken":[{"damage":0.0,"enemies":"Small Slimes","floor":1.0,"turns":4.0},{"damage":1.0,"enemies":"2 Louse","floor":3.0,"turns":3.0},{"damage":24.0,"enemies":"3 Sentries","floor":6.0,"turns":15.0},{"damage":0.0,"enemies":"Jaw Worm","floor":12.0,"turns":4.0},{"damage":0.0,"enemies":"Exordium Thugs","floor":13.0,"turns":5.0},{"damage":0.0,"enemies":"Large Slime","floor":14.0,"turns":6.0},{"damage":0.0,"enemies":"Hexaghost","floor":16.0,"turns":8.0},{"damage":11.0,"enemies":"2 Thieves","floor":18.0,"turns":4.0},{"damage":6,"enemies":"Spheric Guardian","floor":20,"turns":6},{"damage":0,"enemies":"3 Cultists","floor":21,"turns":6},{"damage":15,"enemies":"Gremlin Leader","floor":23,"turns":7},{"damage":2,"enemies":"Sentry and Sphere","floor":24,"turns":8},{"damage":0,"enemies":"Cultist and Chosen","floor":25,"turns":8},{"damage":0,"enemies":"Snake Plant","floor":29,"turns":5},{"damage":0,"enemies":"Replay:Snechameleon","floor":30,"turns":7},{"damage":0,"enemies":"Champ","floor":33,"turns":7},{"damage":0,"enemies":"Orb Walker","floor":35,"turns":3},{"damage":5,"enemies":"3 Shapes","floor":36,"turns":5},{"damage":0,"enemies":"Jaw Worm Horde","floor":37,"turns":3},{"damage":0,"enemies":"3 Darklings","floor":39,"turns":4},{"damage":0,"enemies":"Giant Head","floor":44,"turns":8},{"damage":0,"enemies":"Maw","floor":45,"turns":5},{"damage":2,"enemies":"Reptomancer","floor":47,"turns":6},{"damage":0,"enemies":"Spire Growth","floor":48,"turns":4},{"damage":24,"enemies":"Time Eater","floor":50,"turns":8}],"seed_played":"5091609770067996980","potions_obtained":[{"floor":1.0,"key":"Swift Potion"},{"floor":3.0,"key":"Toxic Potion"},{"floor":16.0,"key":"Languid Potion"},{"floor":21,"key":"Cursed Concoction"},{"floor":25,"key":"CultistPotion"},{"floor":29,"key":"SkillPotion"},{"floor":37,"key":"Fruit Juice"},{"floor":39,"key":"Adrenaline Potion"},{"floor":47,"key":"Toxic Potion"}],"is_trial":false,"path_per_floor":["M","$","M","?","?","E","?","R","T","?","R","M","M","M","R","B",null,"M","?","M","M","?","E","M","M","T","$","R","M","E","?","R","B",null,"M","M","M","$","M","R","?","R","T","E","M","R","E","M","R","B",null],"character_chosen":"THE_CURSED","items_purchased":["TheCursedMod:CollectTribute","Mercury Hourglass","TheCursedMod:DemonicPact"],"campfire_rested":2,"item_purchase_floors":[2,27,38],"current_hp_per_floor":[68,68,67,67,67,43,43,43,43,18,38,38,38,38,38,38,68,57,57,51,51,37,22,20,20,20,20,40,40,40,40,40,40,68,68,63,68,68,68,68,73,73,73,75,75,75,73,73,73,51],"gold":693,"neow_bonus":"TWO_FIFTY_GOLD","is_daily":false,"chose_seed":false,"campfire_upgraded":7,"win_rate":0.0,"timestamp":1610571960,"path_taken":["M","$","M","?","?","E","?","R","T","?","R","?","M","M","R","BOSS","M","?","M","M","?","E","M","M","T","$","R","M","E","?","R","BOSS","M","M","M","$","M","R","?","R","T","E","M","R","E","M","R","BOSS"],"items_purchased_type":["Card","Relic","Card"],"build_version":"2020-12-22","purchased_purges":3,"victory":true,"max_hp_per_floor":[68,68,68,68,68,68,68,68,68,68,68,68,68,68,68,68,68,68,68,68,68,68,68,68,68,68,68,68,68,68,68,68,68,68,68,68,73,73,73,73,73,73,73,75,75,75,75,75,75,75],"relic_stats":{"counters":[25,149],"Golden Idol":175,"Pantograph":2,"Kunai":[34],"obtain_stats":[{"Gremlin Food":44,"TheCursedMod:BlackMagic101":0,"Golden Idol":4,"aspiration:SecretTechniqueScroll":17,"aspiration:RitualStick":22,"Pet Ghost":26,"Mercury Hourglass":27,"Replay:Wanted Poster":34,"Pondfish Scales":6,"Pantograph":47,"ReplayTheSpireMod:TigerMarble":10,"Kunai":9,"Replay:Wax Seal":30,"FossilizedHelix":23},{"Gremlin Food":21,"TheCursedMod:BlackMagic101":0,"Golden Idol":2,"aspiration:SecretTechniqueScroll":7,"aspiration:RitualStick":10,"Pet Ghost":13,"Mercury Hourglass":13,"Replay:Wanted Poster":16,"Pondfish Scales":3,"Pantograph":23,"ReplayTheSpireMod:TigerMarble":3,"Kunai":3,"Replay:Wax Seal":15,"FossilizedHelix":11},{"Gremlin Food":126,"TheCursedMod:BlackMagic101":0,"Golden Idol":7,"aspiration:SecretTechniqueScroll":45,"aspiration:RitualStick":61,"Pet Ghost":84,"Mercury Hourglass":84,"Replay:Wanted Poster":103,"Pondfish Scales":22,"Pantograph":137,"ReplayTheSpireMod:TigerMarble":22,"Kunai":22,"Replay:Wax Seal":96,"FossilizedHelix":68}],"aspiration:RitualStick":[0],"Mercury Hourglass":[228]},"card_choices":[{"not_picked":["TheCursedMod:SurpriseAttack","TheCursedMod:CircleOfFlame"],"picked":"TheCursedMod:ReleasedStrength","floor":1.0},{"not_picked":["TheCursedMod:FleshFromBone","TheCursedMod:RavingStaff"],"picked":"TheCursedMod:SmokeScreen","floor":3.0},{"not_picked":["TheCursedMod:SoulCrush","TheCursedMod:TacticalStrike"],"picked":"TheCursedMod:Neurasthenia","floor":6.0},{"not_picked":["TheCursedMod:CursedShiv","TheCursedMod:Wield"],"picked":"TheCursedMod:FleshFromBone","floor":12.0},{"not_picked":["TheCursedMod:WearCloak","TheCursedMod:RavingStaff"],"picked":"TheCursedMod:RapidMovement","floor":13.0},{"not_picked":["TheCursedMod:SmokeScreen","TheCursedMod:RavingStaff"],"picked":"TheCursedMod:SpitefulPlan","floor":14.0},{"not_picked":["TheCursedMod:DemonicPact","TheCursedMod:AntiAging"],"picked":"TheCursedMod:DemonSword","floor":16.0},{"not_picked":["TheCursedMod:CircleOfCorruption","TheCursedMod:RapidMovement+1"],"picked":"TheCursedMod:CursedAmulet+1","floor":18.0},{"not_picked":["TheCursedMod:DemonSword","TheCursedMod:Stretching"],"picked":"TheCursedMod:CursedAmulet+1","floor":20},{"not_picked":["TheCursedMod:RavingStaff","TheCursedMod:SaltUponWound"],"picked":"TheCursedMod:StingEye","floor":21},{"not_picked":["TheCursedMod:CircleOfFlame","TheCursedMod:SoulCrush"],"picked":"TheCursedMod:ReleasedKnowledge","floor":23},{"not_picked":["TheCursedMod:CursedShiv+1","TheCursedMod:AshesToAshes","TheCursedMod:Torture"],"picked":"SKIP","floor":24},{"not_picked":["TheCursedMod:CursedAmulet","TheCursedMod:RavingStaff","TheCursedMod:Stretching"],"picked":"SKIP","floor":25},{"not_picked":["TheCursedMod:SpitefulPlan+1","TheCursedMod:Wield"],"picked":"TheCursedMod:CircleOfCorruption","floor":29},{"not_picked":["TheCursedMod:EmpowerCircles","TheCursedMod:CursedSpellbook","TheCursedMod:Wield"],"picked":"SKIP","floor":30},{"not_picked":["Replay:BasicMightCard","Enlightenment"],"picked":"Jack Of All Trades","floor":31},{"not_picked":["Purity","HandOfGreed"],"picked":"Good Instincts","floor":31},{"not_picked":["TheCursedMod:DemonSword","TheCursedMod:Neurasthenia"],"picked":"TheCursedMod:ShockAndAwe","floor":33},{"not_picked":["TheCursedMod:DoubleShield+1","TheCursedMod:RavingStaff+1","TheCursedMod:RapidMovement"],"picked":"SKIP","floor":35},{"not_picked":["TheCursedMod:Stigma+1","TheCursedMod:Wield"],"picked":"TheCursedMod:SpitefulPray+1","floor":36},{"not_picked":["TheCursedMod:Wield","TheCursedMod:VitalStrike","TheCursedMod:CircleOfFocus"],"picked":"SKIP","floor":37},{"not_picked":["TheCursedMod:EmpowerCircles","TheCursedMod:VitalStrike"],"picked":"TheCursedMod:CursedStaff+1","floor":39},{"not_picked":["TheCursedMod:Wield+1","TheCursedMod:RapidMovement+1"],"picked":"TheCursedMod:ManaCirculation","floor":44},{"not_picked":["TheCursedMod:SpitefulPlan","TheCursedMod:RavingStaff+1"],"picked":"TheCursedMod:FleshFromBone+1","floor":45},{"not_picked":["TheCursedMod:CursedBlade+1","TheCursedMod:VitalStrike+1","TheCursedMod:CursedMace+1"],"picked":"SKIP","floor":47},{"not_picked":["TheCursedMod:HellsGateOpen","TheCursedMod:SpitefulStrike+1"],"picked":"TheCursedMod:Hemoplague","floor":48}],"player_experience":337370,"relics_obtained":[{"floor":6.0,"key":"Pondfish Scales"},{"floor":9.0,"key":"Kunai"},{"floor":23,"key":"FossilizedHelix"},{"floor":26,"key":"Pet Ghost"},{"floor":30,"key":"Replay:Wax Seal"},{"floor":44,"key":"Gremlin Food"},{"floor":47,"key":"Pantograph"}],"event_choices":[{"damage_healed":0.0,"max_hp_gain":0.0,"max_hp_loss":0.0,"gold_gain":0.0,"event_name":"Golden Idol","player_choice":"Take Wound","floor":4.0,"gold_loss":0.0,"damage_taken":0.0,"relics_obtained":["Golden Idol"],"cards_obtained":["Injury"]},{"damage_healed":0.0,"max_hp_gain":0.0,"max_hp_loss":0.0,"gold_gain":175.0,"event_name":"betterThird:BetterSerpent","player_choice":"AGREE","floor":5.0,"gold_loss":0.0,"damage_taken":158.0},{"cards_removed":["TheCursedMod:Defend_TheCursed"],"damage_healed":0.0,"max_hp_gain":0.0,"max_hp_loss":0.0,"gold_gain":0.0,"event_name":"Living Wall","player_choice":"Forget","floor":7.0,"gold_loss":0.0,"damage_taken":0.0},{"damage_healed":0.0,"max_hp_gain":0.0,"max_hp_loss":0.0,"gold_gain":0.0,"event_name":"betterThird:BetterScrap","player_choice":"Relic ","floor":10.0,"gold_loss":0.0,"damage_taken":25.0,"cards_obtained":["ReplayTheSpireMod:The Works"]},{"damage_healed":0,"gold_gain":0,"player_choice":"Ignored","damage_taken":0,"max_hp_gain":0,"max_hp_loss":0,"event_name":"Vampires","floor":19,"gold_loss":0},{"damage_healed":0,"gold_gain":2,"player_choice":"1","damage_taken":0,"max_hp_gain":0,"max_hp_loss":0,"event_name":"betterStone:BetterStone","floor":31,"gold_loss":0}],"is_beta":false,"boss_relics":[{"not_picked":["Snecko Heart","Painkiller Herb"],"picked":"aspiration:SecretTechniqueScroll"},{"not_picked":["aspiration:FutureDiary","Black Star"],"picked":"Replay:Wanted Poster"}],"items_purged_floors":[2,27,38],"is_endless":false,"potions_floor_spawned":[1,3,16,21,25,29,37,39,47],"ascension_level":0}}