{"host":"15dd7v8o90xso62x","time":1610513289,"event":{"mods":["BaseMod","Minty Spire (QoL Compilation)","Quick Restart","StSLib","SuperFastMode"],"gold_per_floor":[116,116,116,126,51,51,80,90,90,6,32,32,51,21,21,98,98,108,108,108,119,119,146,146,179,261,116,143,143,18,18,18,95,95,105,124,124,141,141,171,171,200,252,102,102,116,149,163,163,163,163,163],"floor_reached":51,"language":"KOR","playtime":2066,"items_purged":["Defend_P","Strike_P","LessonLearned","Strike_P+1"],"score":1769,"play_id":"dabca462-a08f-4b23-8383-aee6f43bcdc3","local_time":"20210113134809","is_ascension_mode":true,"campfire_choices":[{"floor":6.0,"key":"REST"},{"data":"Adaptation","floor":12.0,"key":"SMITH"},{"data":"ClearTheMind","floor":15.0,"key":"SMITH"},{"floor":24.0,"key":"REST"},{"floor":29.0,"key":"REST"},{"data":"MentalFortress","floor":32.0,"key":"SMITH"},{"data":"Panacea","floor":41.0,"key":"SMITH"},{"floor":45.0,"key":"REST"},{"floor":49.0,"key":"REST"}],"circlet_count":0,"master_deck":["AscendersBane","Defend_P+1","Defend_P+1","Eruption+1","Vigilance+1","Consecrate+1","Protect+1","SignatureMove","Adaptation+1","ClearTheMind+1","MentalFortress+1","Worship+1","Adaptation","InnerPeace+1","Panacea+1","TalkToTheHand+1"],"relics":["PureWater","Shuriken","Singing Bowl","StrikeDummy","SlaversCollar","Boot","War Paint","Mummified Hand","Sundial","VioletLotus","Anchor","Blue Candle","CaptainsWheel"],"acts_visited":["Exordium","TheCity","TheBeyond"],"potions_floor_usage":[51,51],"damage_taken":[{"damage":4.0,"enemies":"Jaw Worm","floor":1.0,"turns":5.0},{"damage":3.0,"enemies":"Small Slimes","floor":4.0,"turns":3.0},{"damage":13.0,"enemies":"3 Sentries","floor":7.0,"turns":6.0},{"damage":1.0,"enemies":"2 Louse","floor":8.0,"turns":2.0},{"damage":0.0,"enemies":"Lagavulin","floor":11.0,"turns":4.0},{"damage":0.0,"enemies":"Looter","floor":13.0,"turns":2.0},{"damage":13.0,"enemies":"The Guardian","floor":16.0,"turns":13.0},{"damage":17.0,"enemies":"2 Thieves","floor":18.0,"turns":4.0},{"damage":0.0,"enemies":"Chosen","floor":21.0,"turns":3.0},{"damage":25.0,"enemies":"Book of Stabbing","floor":23.0,"turns":5.0},{"damage":9.0,"enemies":"Gremlin Leader","floor":25.0,"turns":5.0},{"damage":24.0,"enemies":"Book of Stabbing","floor":28.0,"turns":4.0},{"damage":0.0,"enemies":"Automaton","floor":33.0,"turns":4.0},{"damage":0.0,"enemies":"3 Darklings","floor":35.0,"turns":2.0},{"damage":15.0,"enemies":"3 Shapes","floor":36.0,"turns":4.0},{"damage":12.0,"enemies":"Jaw Worm Horde","floor":38.0,"turns":4.0},{"damage":29.0,"enemies":"Nemesis","floor":40.0,"turns":5.0},{"damage":0.0,"enemies":"Giant Head","floor":42.0,"turns":3.0},{"damage":10.0,"enemies":"3 Darklings","floor":46.0,"turns":3.0},{"damage":45.0,"enemies":"Reptomancer","floor":47.0,"turns":6.0},{"damage":0.0,"enemies":"Spire Growth","floor":48.0,"turns":2.0},{"damage":10,"enemies":"Donu and Deca","floor":50,"turns":5},{"damage":43,"enemies":"Awakened One","floor":51,"turns":3}],"seed_played":"-552898934594302949","potions_obtained":[{"floor":1.0,"key":"FearPotion"},{"floor":8.0,"key":"FearPotion"},{"floor":13.0,"key":"Energy Potion"},{"floor":21.0,"key":"Strength Potion"},{"floor":25.0,"key":"FairyPotion"},{"floor":38.0,"key":"FearPotion"},{"floor":47.0,"key":"Explosive Potion"}],"is_trial":false,"path_per_floor":["M","?","?","M","$","R","E","M","T","$","E","R","M","$","R","B",null,"M","?","?","M","?","E","R","E","T","$","E","R","$","?","R","B",null,"M","M","?","M","?","E","R","E","T","$","R","M","E","M","R","B","B"],"character_chosen":"WATCHER","items_purchased":["Adaptation","ClearTheMind","Adaptation"],"campfire_rested":5,"item_purchase_floors":[10,14,27],"current_hp_per_floor":[39,19,19,16,16,36,23,22,22,22,24,24,26,26,26,13,57,42,42,42,44,44,21,44,35,35,35,11,34,34,34,34,36,69,71,58,52,42,42,15,15,17,17,17,43,35,20,20,47,37,0,0],"gold":163,"neow_bonus":"REMOVE_TWO","is_daily":false,"chose_seed":false,"campfire_upgraded":4,"win_rate":0.0,"timestamp":1610513289,"path_taken":["M","?","?","M","?","R","E","M","T","$","E","R","M","$","R","BOSS","M","?","?","?","?","E","R","E","T","$","E","R","$","?","R","BOSS","M","M","?","M","?","E","R","E","T","?","R","M","E","M","R","BOSS","BOSS"],"items_purchased_type":["Card","Card","Card"],"build_version":"2020-12-22","purchased_purges":4,"victory":false,"max_hp_per_floor":[68,68,68,68,68,68,68,68,68,68,70,70,72,72,72,72,72,74,74,74,76,76,78,78,78,78,78,78,78,78,78,78,80,80,82,84,88,90,85,87,87,89,89,89,89,91,93,93,93,93,93,93],"card_choices":[{"not_picked":["DeceiveReality","Prostrate"],"picked":"Consecrate","floor":1.0},{"not_picked":["Halt","EmptyBody"],"picked":"Protect","floor":4.0},{"not_picked":["Wallop","Prostrate","Meditate"],"picked":"SKIP","floor":7.0},{"not_picked":["EmptyMind","Crescendo"],"picked":"SignatureMove","floor":8.0},{"not_picked":["SashWhip","Devotion","Fasting2"],"picked":"Singing Bowl","floor":11.0},{"not_picked":["ThirdEye","Conclude","ForeignInfluence"],"picked":"Singing Bowl","floor":13.0},{"not_picked":["Alpha","ConjureBlade"],"picked":"LessonLearned","floor":16.0},{"not_picked":["Protect","EmptyFist","LikeWater"],"picked":"Singing Bowl","floor":18.0},{"not_picked":["Wallop","Halt","BowlingBash"],"picked":"Singing Bowl","floor":21.0},{"not_picked":["Crescendo","CutThroughFate","SpiritShield"],"picked":"Singing Bowl","floor":23.0},{"not_picked":["FollowUp","Protect"],"picked":"Worship","floor":25.0},{"not_picked":["SashWhip+1","Weave"],"picked":"InnerPeace+1","floor":28.0},{"not_picked":["Judgement","MasterReality","LessonLearned"],"picked":"Singing Bowl","floor":33.0},{"not_picked":["SashWhip","JustLucky+1","ThirdEye"],"picked":"Singing Bowl","floor":35.0},{"not_picked":["CutThroughFate","Collect","SignatureMove"],"picked":"Singing Bowl","floor":36.0},{"not_picked":["Bandage Up","Mind Blast","Swift Strike"],"picked":"Singing Bowl","floor":37.0},{"not_picked":["Swift Strike","Purity","Mind Blast"],"picked":"Singing Bowl","floor":37.0},{"not_picked":["Apotheosis","Mayhem"],"picked":"Panacea","floor":37.0},{"not_picked":["EmptyBody","BowlingBash","DeceiveReality+1"],"picked":"Singing Bowl","floor":38.0},{"not_picked":["Wish","Consecrate+1","Fasting2+1"],"picked":"Singing Bowl","floor":40.0},{"not_picked":["EmptyBody+1","FlurryOfBlows+1","ConjureBlade"],"picked":"Singing Bowl","floor":42.0},{"not_picked":["Consecrate","Prostrate","BowlingBash"],"picked":"Singing Bowl","floor":46.0},{"not_picked":["PathToVictory+1","SignatureMove","InnerPeace"],"picked":"Singing Bowl","floor":47.0},{"not_picked":["Consecrate+1","Adaptation"],"picked":"TalkToTheHand+1","floor":48.0}],"player_experience":1031036,"relics_obtained":[{"floor":7.0,"key":"Shuriken"},{"floor":9.0,"key":"Singing Bowl"},{"floor":11.0,"key":"StrikeDummy"},{"floor":23.0,"key":"Boot"},{"floor":25.0,"key":"War Paint"},{"floor":26.0,"key":"Mummified Hand"},{"floor":28.0,"key":"Sundial"},{"floor":40.0,"key":"Anchor"},{"floor":42.0,"key":"Blue Candle"},{"floor":47.0,"key":"CaptainsWheel"}],"event_choices":[{"damage_healed":0.0,"max_hp_gain":0.0,"max_hp_loss":0.0,"gold_gain":0.0,"event_name":"Shining Light","player_choice":"Entered Light","floor":2.0,"gold_loss":0.0,"damage_taken":20.0,"cards_upgraded":["Strike_P","Vigilance"]},{"damage_healed":0.0,"max_hp_gain":0.0,"max_hp_loss":0.0,"gold_gain":0.0,"event_name":"Living Wall","player_choice":"Grow","floor":3.0,"gold_loss":0.0,"damage_taken":0.0,"cards_upgraded":["Eruption"]},{"damage_healed":0.0,"max_hp_gain":0.0,"max_hp_loss":0.0,"gold_gain":0.0,"event_name":"Ghosts","player_choice":"Ignored","floor":19.0,"gold_loss":0.0,"damage_taken":0.0},{"cards_removed":["Strike_P"],"damage_healed":0.0,"max_hp_gain":0.0,"max_hp_loss":0.0,"gold_gain":0.0,"event_name":"Back to Basics","player_choice":"Elegance","floor":20.0,"gold_loss":0.0,"damage_taken":0.0},{"damage_healed":0.0,"max_hp_gain":0.0,"max_hp_loss":0.0,"gold_gain":0.0,"event_name":"The Library","player_choice":"Read","floor":22.0,"gold_loss":0.0,"damage_taken":0.0,"cards_obtained":["MentalFortress"]},{"damage_healed":0.0,"max_hp_gain":0.0,"max_hp_loss":0.0,"gold_gain":0.0,"event_name":"The Mausoleum","player_choice":"Ignored","floor":31.0,"gold_loss":0.0,"damage_taken":0.0},{"damage_healed":0.0,"max_hp_gain":0.0,"max_hp_loss":0.0,"gold_gain":0.0,"event_name":"SensoryStone","player_choice":"Memory 3","floor":37.0,"gold_loss":0.0,"damage_taken":10.0},{"damage_healed":0.0,"max_hp_gain":0.0,"max_hp_loss":5.0,"gold_gain":0.0,"event_name":"Winding Halls","player_choice":"Max HP","floor":39.0,"gold_loss":0.0,"damage_taken":0.0}],"is_beta":false,"boss_relics":[{"not_picked":["Snecko Eye","Calling Bell"],"picked":"SlaversCollar"},{"not_picked":["Pandora\u0027s Box","Cursed Key"],"picked":"VioletLotus"}],"items_purged_floors":[5,27,30,44],"is_endless":false,"potions_floor_spawned":[1,8,13,21,25,38,40,46,47],"killed_by":"Awakened One","ascension_level":20}}