{"host":"1u4zr9vl8my47i07","time":1610540263,"event":{"mods":["AchievementEnabler","BaseMod","DeckTracker","Highlight Path","Keyboard Shortcuts","Minty Spire (QoL Compilation)","Relic Stats","StSLib","SuperFastMode","Uncapped","Waifu the Spire","everything is the same but u backflip on backflip"],"gold_per_floor":[119,7,7,57,71,99,122,134,146,158,95,107,151,163,175,260,272,304,333,345,375,300,300,300],"floor_reached":23,"language":"KOR","playtime":1345,"items_purged":["Strike_R"],"score":411,"play_id":"70089012-6e2b-413a-b9a0-1f89bd0fed1c","local_time":"20210113211743","is_ascension_mode":true,"campfire_choices":[{"data":"1","floor":8.0,"key":"LIFT"},{"data":"2","floor":10.0,"key":"LIFT"},{"data":"3","floor":12.0,"key":"LIFT"},{"data":"Sword Boomerang","floor":15.0,"key":"SMITH"}],"circlet_count":0,"master_deck":["AscendersBane","Defend_R","Defend_R","Defend_R","Bash","Twin Strike","Flame Barrier","Seeing Red","Fire Breathing","Combust","Sword Boomerang+1","Reaper","Power Through","Dark Embrace","Cleave","Rupture"],"relics":["Burning Blood","NeowsBlessing","Girya","MawBank","Bottled Tornado","Dream Catcher","Empty Cage"],"acts_visited":["Exordium","TheCity"],"potions_floor_usage":[23,23],"damage_taken":[{"damage":0.0,"enemies":"2 Louse","floor":1.0,"turns":2.0},{"damage":0.0,"enemies":"Small Slimes","floor":5.0,"turns":1.0},{"damage":0.0,"enemies":"Lagavulin","floor":6.0,"turns":1.0},{"damage":1.0,"enemies":"Cultist","floor":7.0,"turns":3.0},{"damage":27.0,"enemies":"Gremlin Nob","floor":13.0,"turns":4.0},{"damage":40.0,"enemies":"Hexaghost","floor":16.0,"turns":8.0},{"damage":61.0,"enemies":"2 Thieves","floor":18.0,"turns":5.0},{"damage":0.0,"enemies":"3 Byrds","floor":19.0,"turns":4.0},{"damage":23.0,"enemies":"Snake Plant","floor":21.0,"turns":5.0},{"damage":35,"enemies":"Book of Stabbing","floor":23,"turns":3}],"seed_played":"-7515334517126359133","potions_obtained":[{"floor":13.0,"key":"ColorlessPotion"},{"floor":18.0,"key":"Strength Potion"},{"floor":21.0,"key":"SteroidPotion"}],"is_trial":false,"path_per_floor":["M","$","?","?","M","E","M","R","T","R","?","R","E","?","R","B",null,"M","M","?","M","$","E"],"character_chosen":"IRONCLAD","items_purchased":["Flame Barrier","Rupture"],"campfire_rested":0,"item_purchase_floors":[2,22],"current_hp_per_floor":[74,74,63,63,69,75,75,75,75,75,75,75,54,47,47,13,60,19,34,34,23,23,0,0],"gold":300,"neow_bonus":"THREE_ENEMY_KILL","is_daily":false,"chose_seed":false,"campfire_upgraded":1,"win_rate":0.0,"timestamp":1610540263,"path_taken":["M","$","?","?","M","E","?","R","T","R","?","R","E","?","R","BOSS","M","M","?","?","$","E"],"items_purchased_type":["Card","Card"],"build_version":"2020-12-22","purchased_purges":1,"victory":false,"max_hp_per_floor":[75,75,75,75,75,75,75,75,75,75,75,75,75,75,75,75,75,75,75,75,75,75,75,75],"relic_stats":{"Dream Catcher":0,"counters":[10,36],"MawBank":192,"obtain_stats":[{"Girya":3,"Dream Catcher":13,"NeowsBlessing":0,"Bottled Tornado":9,"MawBank":6,"Empty Cage":17,"Burning Blood":0},{"Girya":1,"Dream Catcher":5,"NeowsBlessing":0,"Bottled Tornado":4,"MawBank":3,"Empty Cage":6,"Burning Blood":0},{"Girya":2,"Dream Catcher":11,"NeowsBlessing":0,"Bottled Tornado":7,"MawBank":4,"Empty Cage":19,"Burning Blood":0}],"Burning Blood":49},"card_choices":[{"not_picked":["Warcry","Seeing Red"],"picked":"Twin Strike","floor":1.0},{"not_picked":["Intimidate","Entrench"],"picked":"Seeing Red","floor":5.0},{"not_picked":["Clash","Cleave"],"picked":"Fire Breathing","floor":6.0},{"not_picked":["Flex","Twin Strike"],"picked":"Combust","floor":7.0},{"not_picked":["Clash","Blood for Blood"],"picked":"Sword Boomerang","floor":13.0},{"not_picked":["Immolate","Exhume"],"picked":"Reaper","floor":16.0},{"not_picked":["Dual Wield","Armaments"],"picked":"Power Through","floor":18.0},{"not_picked":["Dropkick","Twin Strike"],"picked":"Dark Embrace","floor":19.0},{"not_picked":["Clash","Heavy Blade"],"picked":"Cleave","floor":21.0}],"player_experience":329405,"relics_obtained":[{"floor":6.0,"key":"MawBank"},{"floor":9.0,"key":"Bottled Tornado"},{"floor":13.0,"key":"Dream Catcher"}],"event_choices":[{"damage_healed":0.0,"max_hp_gain":0.0,"max_hp_loss":0.0,"gold_gain":0.0,"event_name":"Scrap Ooze","player_choice":"Success","floor":3.0,"gold_loss":0.0,"damage_taken":11.0,"relics_obtained":["Girya"]},{"damage_healed":0.0,"max_hp_gain":0.0,"max_hp_loss":0.0,"gold_gain":50.0,"event_name":"Golden Shrine","player_choice":"Pray","floor":4.0,"gold_loss":0.0,"damage_taken":0.0},{"cards_removed":["Strike_R"],"damage_healed":0.0,"max_hp_gain":0.0,"max_hp_loss":0.0,"gold_gain":0.0,"event_name":"The Cleric","player_choice":"Card Removal","floor":11.0,"gold_loss":75.0,"damage_taken":0.0},{"cards_removed":["Strike_R"],"damage_healed":0.0,"max_hp_gain":0.0,"max_hp_loss":0.0,"gold_gain":0.0,"event_name":"Golden Wing","player_choice":"Card Removal","floor":14.0,"gold_loss":0.0,"damage_taken":7.0},{"cards_removed":["Strike_R"],"damage_healed":0.0,"max_hp_gain":0.0,"max_hp_loss":0.0,"gold_gain":0.0,"event_name":"Purifier","player_choice":"Purged","floor":20.0,"gold_loss":0.0,"damage_taken":0.0}],"is_beta":false,"boss_relics":[{"not_picked":["Black Blood","Busted Crown"],"picked":"Empty Cage"}],"items_purged_floors":[2],"is_endless":false,"potions_floor_spawned":[13,18,21],"killed_by":"Book of Stabbing","ascension_level":17}}