{"host":"yq7vhdvcv08g2502","time":1610522853,"event":{"mods":["2.2 Compatiblity","AchievementEnabler","Act Like it!","BaseMod","CapriCore","Colored Powertips","Custom Start","Gensokyo","Marisa????????","Minty Spire (QoL Compilation)","Quick Restart","Reimu??????","StSLib","The Servant 0.9.4"],"gold_per_floor":[109,109,109,13,41,41,54,280,280,612,623,483,483,494,494,589,589,601,601,620,580,591,591,621,621,703,717,442,442,475,495,495,495,495],"floor_reached":33,"language":"ENG","playtime":1791,"items_purged":[],"score":326,"play_id":"ac8f6782-5525-4e83-a6b2-e08e998a4e68","local_time":"20210113072733","is_ascension_mode":true,"campfire_choices":[{"data":"Eruption","floor":6.0,"key":"SMITH"},{"floor":13.0,"key":"REST"},{"floor":15.0,"key":"REST"},{"floor":23.0,"key":"REST"},{"floor":25,"key":"REST"},{"floor":29,"key":"REST"},{"floor":32,"key":"REST"}],"circlet_count":0,"master_deck":["Strike_P","Strike_P","Strike_P","Strike_P","Defend_P","Defend_P","Defend_P","Defend_P","Eruption+1","Vigilance","Wireheading","BowlingBash","ForeignInfluence","FearNoEvil","FlurryOfBlows","Judgement+1","EmptyMind","FollowUp","Alpha","FlurryOfBlows","Vengeance","Tantrum","EmptyBody","Gensokyo:BlemishedSteel","ClearTheMind"],"relics":["PureWater","NeowsBlessing","Thread and Needle","Anchor","CrazyTorch:ReiMu","Art of War","Unceasing Top","VioletLotus","Sundial","TeardropLocket","Melange","Tea:ReiMu","The Courier"],"acts_visited":["Gensokyo:Gensokyo","Gensokyo:Gensokyoer"],"potions_floor_usage":[24,24,30,30,31,33,33],"damage_taken":[{"damage":0.0,"enemies":"Gensokyo:Python","floor":1.0,"turns":1.0},{"damage":1.0,"enemies":"Gensokyo:Cirno","floor":5.0,"turns":2.0},{"damage":1.0,"enemies":"Gensokyo:2_Kodama","floor":7.0,"turns":2.0},{"damage":39.0,"enemies":"Gensokyo:Aya","floor":8.0,"turns":4.0},{"damage":18.0,"enemies":"Gensokyo:Cirno","floor":10.0,"turns":6.0},{"damage":0.0,"enemies":"Gensokyo:3_Fairies","floor":11.0,"turns":4.0},{"damage":0.0,"enemies":"Gensokyo:Python_and_Kodama","floor":14.0,"turns":2.0},{"damage":39.0,"enemies":"Gensokyo:Kokoro","floor":16.0,"turns":11.0},{"damage":22.0,"enemies":"Gensokyo:CosmicMonolith","floor":18.0,"turns":3.0},{"damage":8.0,"enemies":"Gensokyo:AngelMirror","floor":20.0,"turns":3.0},{"damage":32.0,"enemies":"Gensokyo:Wraith","floor":22.0,"turns":5.0},{"damage":37,"enemies":"Gensokyo:Koishi","floor":24,"turns":6},{"damage":16,"enemies":"Gensokyo:3_Gloops","floor":27,"turns":4},{"damage":16,"enemies":"Gensokyo:Tenshi","floor":30,"turns":3},{"damage":0,"enemies":"Gensokyo:Swordslinger","floor":31,"turns":2},{"damage":42,"enemies":"Gensokyo:Kaguya","floor":33,"turns":5}],"seed_played":"-4535359742362159810","potions_obtained":[{"floor":10.0,"key":"EntropicBrew"},{"floor":11.0,"key":"Energy Potion"},{"floor":16.0,"key":"AttackPotion"},{"floor":18.0,"key":"BottledMiracle"},{"floor":20.0,"key":"Swift Potion"},{"floor":22.0,"key":"MagicPotion:ReiMu"},{"floor":30,"key":"Strength Potion"}],"is_trial":false,"path_per_floor":["M","?","?","COS","?","R","M","E","T","E","M","?","R","M","R","B",null,"M","?","M","?","M","R","E","R","T","M","COS","R","E","M","R","B"],"character_chosen":"WATCHER","items_purchased":[],"campfire_rested":6,"item_purchase_floors":[],"current_hp_per_floor":[72,65,72,72,71,71,70,31,31,13,13,13,36,36,59,20,79,57,57,49,49,17,40,3,26,26,10,10,33,17,17,40,0,0],"gold":495,"neow_bonus":"THREE_ENEMY_KILL","is_daily":false,"chose_seed":false,"campfire_upgraded":1,"win_rate":0.0,"timestamp":1610522853,"path_taken":["M","?","?","COS","?","R","M","E","T","E","?","?","R","M","R","BOSS","M","?","?","?","M","R","E","R","T","M","COS","R","E","M","R","BOSS"],"items_purchased_type":[],"build_version":"2020-12-22","purchased_purges":0,"victory":false,"max_hp_per_floor":[72,72,79,79,79,79,79,79,79,79,79,79,79,79,79,79,79,79,79,79,79,79,79,79,79,79,79,79,79,79,79,79,79,79],"card_choices":[{"not_picked":["SashWhip","Prostrate"],"picked":"Wireheading","floor":1.0},{"not_picked":["CrushJoints","Protect"],"picked":"BowlingBash","floor":5.0},{"not_picked":["SignatureMove","Protect"],"picked":"ForeignInfluence","floor":7.0},{"not_picked":["ForeignInfluence","SashWhip"],"picked":"FearNoEvil","floor":8.0},{"not_picked":["Crescendo","ClearTheMind"],"picked":"FlurryOfBlows","floor":10.0},{"not_picked":["DevaForm","Establishment"],"picked":"Judgement","floor":11.0},{"not_picked":["LikeWater","ThirdEye"],"picked":"EmptyMind","floor":11.0},{"not_picked":["Prostrate","PathToVictory"],"picked":"FollowUp","floor":14.0},{"not_picked":["Wish","Scrawl"],"picked":"Alpha","floor":16.0},{"not_picked":["Fasting2","Weave"],"picked":"FlurryOfBlows","floor":18.0},{"not_picked":["BowlingBash+1","Consecrate"],"picked":"Tantrum","floor":20.0},{"not_picked":["Study","ForeignInfluence+1","Conclude+1"],"picked":"SKIP","floor":22.0},{"not_picked":["Ragnarok","Prostrate+1"],"picked":"EmptyBody","floor":24},{"not_picked":["EmptyBody","Protect+1","FlurryOfBlows"],"picked":"SKIP","floor":27},{"not_picked":["Nirvana","FollowUp","Vengeance"],"picked":"SKIP","floor":30},{"not_picked":["CrushJoints","EmptyBody+1"],"picked":"ClearTheMind","floor":31}],"player_experience":289079,"relics_obtained":[{"floor":5.0,"key":"Thread and Needle"},{"floor":8.0,"key":"Anchor"},{"floor":9.0,"key":"CrazyTorch:ReiMu"},{"floor":10.0,"key":"Art of War"},{"floor":24,"key":"Sundial"},{"floor":26,"key":"TeardropLocket"},{"floor":30,"key":"Tea:ReiMu"}],"event_choices":[],"is_beta":false,"boss_relics":[{"not_picked":["SlaversCollar","Ectoplasm"],"picked":"VioletLotus"}],"items_purged_floors":[],"is_endless":false,"potions_floor_spawned":[10,11,16,18,20,22,30],"killed_by":"Gensokyo:Kaguya","ascension_level":2}}