{"host":"6h0diz2ap0m56grs","time":1610521473,"event":{"mods":["2.2 Compatiblity","BaseMod","Colored Map","Marisa????????","Minty Spire (QoL Compilation)","Quick Restart","Replay The Spire","Shop Mod","StSLib","The Servant 0.9.4"],"gold_per_floor":[113,126,126,201,9,41,71,97,150,150,182,208,219,219,219,316,316,335,382,297,15,30,62,90,116,128,170,182,182],"floor_reached":28,"language":"ENG","playtime":889,"items_purged":[],"score":583,"play_id":"87f39136-cf92-4f0f-8fcd-77e0a1a1f945","local_time":"20210113010433","daily_mods":["SealedDeck","Heirloom","Time Dilation","Flight"],"is_ascension_mode":true,"campfire_choices":[{"data":"Draining Mist","floor":10,"key":"SMITH"},{"data":"Noxious Fumes","floor":15,"key":"SMITH"}],"circlet_count":0,"master_deck":["Dodge and Roll","Dodge and Roll+1","Bane","Poisoned Stab","Backflip+1","ReplayTheSpireMod:Tripwire","Predator","Noxious Fumes+1","Noxious Fumes+1","Draining Mist+1","Poisoned Stab","Apotheosis","Bouncing Flask","Fluid Movement","Night Terror","Bouncing Flask+1"],"relics":["Snecko Eye","Ring of Chaos","replay:Trail_Library","The Specimen","Molten Egg 2","Vajra","Gremlin Horn","Iron Hammer","TungstenRod","Sozu","Gremlin Food","MerchantsRug","Anchor","Pear","Juzu Bracelet","MawBank","Replay:Ringing Soul","Ancient Tea Set"],"acts_visited":["Exordium","TheCity"],"potions_floor_usage":[],"damage_taken":[{"damage":0,"enemies":"2 Louse","floor":1,"turns":1},{"damage":0,"enemies":"Small Slimes","floor":2,"turns":3},{"damage":2,"enemies":"3 Sentries","floor":6,"turns":4},{"damage":0,"enemies":"Gremlin Nob","floor":7,"turns":2},{"damage":0,"enemies":"3 Sentries","floor":8,"turns":3},{"damage":10,"enemies":"Gremlin Nob","floor":11,"turns":3},{"damage":0,"enemies":"Lagavulin","floor":12,"turns":2},{"damage":0,"enemies":"Cultist","floor":13,"turns":2},{"damage":0,"enemies":"Fading Forest","floor":16,"turns":9},{"damage":1,"enemies":"Chosen","floor":18,"turns":3},{"damage":0,"enemies":"Spheric Guardian","floor":22,"turns":2},{"damage":0,"enemies":"Book of Stabbing","floor":23,"turns":2},{"damage":0,"enemies":"Gremlin Leader","floor":24,"turns":3},{"damage":0,"enemies":"Replay:Snechameleon","floor":25,"turns":3},{"damage":3,"enemies":"Gremlin Leader","floor":27,"turns":3},{"damage":0,"enemies":"Slavers","floor":28,"turns":1}],"seed_played":"-4036567087236740110","potions_obtained":[{"floor":6,"key":"Poison Potion"},{"floor":7,"key":"SpeedPotion"},{"floor":8,"key":"Explosive Potion"},{"floor":12,"key":"Languid Potion"},{"floor":13,"key":"Adrenaline Potion"},{"floor":16,"key":"EssenceOfSteel"}],"is_trial":true,"path_per_floor":["M","M","?","?","$","E","E","E","T","R","E","E","M","?","R","B",null,"M","?","?","$","M","E","E","E","T","E","E"],"character_chosen":"THE_SILENT","items_purchased":["Apotheosis","MerchantsRug","Anchor"],"campfire_rested":0,"item_purchase_floors":[5,21,21],"current_hp_per_floor":[70,70,70,59,59,57,57,57,57,57,47,47,47,47,47,57,70,69,53,53,53,53,63,63,63,63,60,60,60],"gold":182,"neow_bonus":"","is_daily":false,"chose_seed":false,"campfire_upgraded":2,"win_rate":0.0,"timestamp":1610521473,"path_taken":["M","M","?","?","$","E","E","E","T","R","E","E","M","?","R","BOSS","M","?","?","$","M","E","E","E","T","E","E"],"items_purchased_type":["Card","Relic","Relic"],"build_version":"2020-12-22","purchased_purges":0,"victory":false,"max_hp_per_floor":[70,70,70,70,70,70,70,70,70,70,70,70,70,70,70,70,70,70,70,70,70,70,80,80,80,80,80,80,80],"card_choices":[{"not_picked":["Bane","Expertise","Poisoned Stab"],"picked":"SKIP","floor":1},{"not_picked":["Heel Hook","Slice"],"picked":"Poisoned Stab","floor":2},{"not_picked":["Toxin Wave","Flying Knee+1"],"picked":"Bouncing Flask","floor":6},{"not_picked":["Cloak And Dagger","Dagger Spray+1","Bane+1"],"picked":"SKIP","floor":7},{"not_picked":["Bane+1","A Thousand Cuts","Slice+1"],"picked":"SKIP","floor":8},{"not_picked":["Concentrate","Prepared","Blur"],"picked":"SKIP","floor":11},{"not_picked":["Underhanded Strike+1","Acrobatics","Poisoned Stab+1"],"picked":"SKIP","floor":12},{"not_picked":["Dodge and Roll","Caltrops","Backflip"],"picked":"SKIP","floor":13},{"not_picked":["Tools of the Trade","Adrenaline"],"picked":"Night Terror","floor":16},{"not_picked":["Slice+1","Prepared","PiercingWail"],"picked":"SKIP","floor":18},{"not_picked":["Blade Dance+1","Underhanded Strike+1"],"picked":"Bouncing Flask+1","floor":19},{"not_picked":["Outmaneuver","Escape Plan","Dagger Spray+1"],"picked":"SKIP","floor":22},{"not_picked":["After Image","Deflect+1","Sucker Punch+1"],"picked":"SKIP","floor":23},{"not_picked":["Quick Slash+1","Tactician+1","Sucker Punch+1"],"picked":"SKIP","floor":24},{"not_picked":["Backflip","Heel Hook+1","Slice+1"],"picked":"SKIP","floor":25},{"not_picked":["PiercingWail","Burst","Dagger Throw+1"],"picked":"SKIP","floor":27}],"player_experience":189939,"relics_obtained":[{"floor":6,"key":"Molten Egg 2"},{"floor":7,"key":"Vajra"},{"floor":8,"key":"Gremlin Horn"},{"floor":9,"key":"War Paint"},{"floor":11,"key":"Iron Hammer"},{"floor":12,"key":"TungstenRod"},{"floor":23,"key":"Pear"},{"floor":24,"key":"Juzu Bracelet"},{"floor":25,"key":"MawBank"},{"floor":26,"key":"Replay:Ringing Soul"},{"floor":27,"key":"Ancient Tea Set"}],"event_choices":[{"damage_healed":0,"gold_gain":75,"player_choice":"Gather Gold","damage_taken":11,"max_hp_gain":0,"max_hp_loss":0,"event_name":"World of Goop","floor":4,"gold_loss":0},{"damage_healed":0,"gold_gain":0,"player_choice":"Upgraded","damage_taken":0,"max_hp_gain":0,"max_hp_loss":0,"event_name":"Upgrade Shrine","floor":14,"gold_loss":0,"cards_upgraded":["Noxious Fumes"]},{"damage_healed":0,"gold_gain":0,"player_choice":"Obtained Relic","damage_taken":0,"relics_obtained":["Gremlin Food"],"max_hp_gain":0,"max_hp_loss":0,"event_name":"Addict","floor":20,"gold_loss":85}],"is_beta":false,"boss_relics":[{"not_picked":["Replay:Ancient Bell","Busted Crown"],"picked":"Sozu"}],"items_purged_floors":[],"is_endless":false,"potions_floor_spawned":[6,7,8,12,13,16,18,25,27],"killed_by":"Slavers","ascension_level":1}}