{"host":"pgqkv8mh62pnrbci","time":1610545413,"event":{"mods":["2.2 Compatiblity","AchievementEnabler","BaseMod","Custom Start","DeckTracker","Minty Spire (QoL Compilation)","Replay The Spire","StSLib","SuperFastMode","¡¼?Úª?ø«¡½REMEMod"],"gold_per_floor":[10,10,26,39,53,53,86,86,113,163,194,208,222,257,257,356,356,375,400,423,447,447,447,157,176,202,227,271,289,312,330,330,428,428,442,455,473,473,576,616,616,631,631,200,200,233,508,508,508,508,508,508,13,44,44,44],"floor_reached":55,"language":"KOR","playtime":2079,"items_purged":["Strike_G","Strike_G","Strike_G"],"score":1821,"play_id":"0649e261-cc04-434e-b45c-46261f7359de","local_time":"20210113224333","is_ascension_mode":true,"campfire_choices":[{"data":"Hyperbeam","floor":6.0,"key":"SMITH"},{"data":"Calculated Gamble","floor":15.0,"key":"SMITH"},{"data":"Neutralize","floor":23.0,"key":"SMITH"},{"data":"Footwork","floor":32.0,"key":"SMITH"},{"floor":41.0,"key":"REST"},{"data":"Envenom","floor":45,"key":"SMITH"},{"floor":49,"key":"RECALL"},{"data":"Burst","floor":52,"key":"SMITH"}],"circlet_count":0,"master_deck":["AscendersBane","Defend_G","Defend_G","Defend_G","Defend_G","Survivor","Neutralize+1","Hyperbeam+1","Terror+1","Calculated Gamble+1","ReplayTheSpireMod:Speed Training","Adrenaline","ReplayTheSpireMod:Scrap Shanks","Footwork+1","Hidden Blade","Storm of Steel","ReplayTheSpireMod:Shiv Toss","Blade Dance","Adrenaline","Concentrate","Envenom+1","Calculated Gamble","Blade Dance","Acrobatics","Burst+1","REME_GreenPollution+1","Calculated Gamble","Well Laid Plans","Adrenaline","Concentrate+1"],"relics":["Ring of the Snake","REME_ComplimentaryCards","Pen Nib","Golden Idol","Art of War","Tiny Chest","ReplayTheSpireMod:TigerMarble","SacredBark","Vajra","Snake Skull","Replay:Bottled Flurry","Omamori","WristBlade","ReplayTheSpireMod:Lightbulb","Bag of Marbles","Blue Candle","Smiling Mask","Pocketwatch","Onion Ring","DollysMirror","Pet Ghost"],"acts_visited":["Exordium","TheCity","TheBeyond","TheEnding"],"potions_floor_usage":[50,50,55],"damage_taken":[{"damage":10.0,"enemies":"Small Slimes","floor":1.0,"turns":2.0},{"damage":0.0,"enemies":"Cultist","floor":3.0,"turns":3.0},{"damage":2.0,"enemies":"Jaw Worm","floor":4.0,"turns":2.0},{"damage":2.0,"enemies":"Red Slaver","floor":5.0,"turns":3.0},{"damage":1.0,"enemies":"Gremlin Nob","floor":7.0,"turns":3.0},{"damage":0.0,"enemies":"Lagavulin","floor":11.0,"turns":2.0},{"damage":0.0,"enemies":"2 Fungi Beasts","floor":12.0,"turns":2.0},{"damage":10.0,"enemies":"Large Slime","floor":13.0,"turns":3.0},{"damage":0.0,"enemies":"3 Sentries","floor":14.0,"turns":2.0},{"damage":0.0,"enemies":"Slime Boss","floor":16.0,"turns":5.0},{"damage":0.0,"enemies":"Spheric Guardian","floor":18.0,"turns":1.0},{"damage":0.0,"enemies":"Chosen","floor":19.0,"turns":3.0},{"damage":0.0,"enemies":"Centurion and Healer","floor":20.0,"turns":2.0},{"damage":0.0,"enemies":"Snake Plant","floor":21.0,"turns":2.0},{"damage":1.0,"enemies":"Shelled Parasite and Fungi","floor":25.0,"turns":2.0},{"damage":7.0,"enemies":"Cultist and Chosen","floor":27.0,"turns":3.0},{"damage":12.0,"enemies":"Gremlin Leader","floor":28.0,"turns":3.0},{"damage":0.0,"enemies":"Snecko","floor":29.0,"turns":3.0},{"damage":0.0,"enemies":"Shelled Parasite and Fungi","floor":31.0,"turns":1.0},{"damage":0.0,"enemies":"Collector","floor":33.0,"turns":3.0},{"damage":28.0,"enemies":"3 Shapes","floor":35.0,"turns":3.0},{"damage":20.0,"enemies":"3 Darklings","floor":36.0,"turns":3.0},{"damage":0.0,"enemies":"Transient","floor":37.0,"turns":6.0},{"damage":26.0,"enemies":"R_Hoarder","floor":40.0,"turns":5.0},{"damage":0.0,"enemies":"Maw","floor":42.0,"turns":2.0},{"damage":25,"enemies":"Nemesis","floor":46,"turns":3},{"damage":24,"enemies":"Awakened One","floor":50,"turns":4},{"damage":12,"enemies":"Shield and Spear","floor":54,"turns":2},{"damage":98,"enemies":"The Heart","floor":55,"turns":2}],"seed_played":"-5784937855097192910","potions_obtained":[{"floor":1.0,"key":"Explosive Potion"},{"floor":5.0,"key":"Explosive Potion"},{"floor":13.0,"key":"ColorlessPotion"},{"floor":18.0,"key":"PowerPotion"},{"floor":19.0,"key":"Adrenaline Potion"},{"floor":25.0,"key":"FairyPotion"},{"floor":29.0,"key":"Dexterity Potion"},{"floor":36.0,"key":"Energy Potion"},{"floor":42.0,"key":"BlessingOfTheForge"}],"is_trial":false,"path_per_floor":["M","?","M","M","M","R","E","?","T","?","E","M","M","E","R","B",null,"M","M","M","M","?","R","$","M","T","M","E","M","T","M","R","B",null,"M","M","M","?","?","E","R","M","T","$","R","E","?","T","R","B",null,"R","$","E","B"],"character_chosen":"THE_SILENT","items_purchased":["Adrenaline Potion","Vajra","Block Potion","Blue Candle","Onion Ring","DollysMirror"],"campfire_rested":1,"item_purchase_floors":[24,24,44,44,53,53],"current_hp_per_floor":[49,49,49,47,45,45,44,21,21,21,21,21,11,11,11,11,52,52,52,52,52,52,52,52,51,51,44,32,32,32,32,32,32,58,30,10,10,10,10,27,46,46,46,46,46,34,34,34,34,10,52,52,52,40,0,0],"gold":44,"neow_bonus":"REMOVE_TWO","is_daily":false,"chose_seed":false,"campfire_upgraded":6,"win_rate":0.0,"timestamp":1610545413,"path_taken":["M","?","M","?","M","R","E","?","T","?","E","M","M","E","R","BOSS","M","?","M","M","?","R","$","?","T","M","E","M","?","M","R","BOSS","M","M","M","?","?","E","R","M","T","$","R","E","?","?","R","BOSS","R","$","E","BOSS"],"items_purchased_type":["Potion","Relic","Potion","Relic","Relic","Relic"],"build_version":"2020-12-22","purchased_purges":3,"victory":false,"max_hp_per_floor":[66,66,66,66,66,66,66,66,66,66,66,66,66,66,66,66,66,66,66,66,66,66,66,66,66,66,66,66,66,66,66,66,66,66,66,66,66,66,66,66,66,66,66,66,66,66,66,66,66,66,66,66,66,66,66,66],"card_choices":[{"not_picked":["Skewer","Cloak And Dagger"],"picked":"Terror","floor":1.0},{"not_picked":["Prepared","Sneak Up"],"picked":"Calculated Gamble","floor":3.0},{"not_picked":["Finisher","Poisoned Stab","Outmaneuver"],"picked":"SKIP","floor":4.0},{"not_picked":["Dash","Terror"],"picked":"ReplayTheSpireMod:Speed Training","floor":5.0},{"not_picked":["ReplayTheSpireMod:Shiv Toss","Deadly Poison"],"picked":"Adrenaline","floor":7.0},{"not_picked":["Deadly Poison","Prepared"],"picked":"ReplayTheSpireMod:Scrap Shanks","floor":11.0},{"not_picked":["Deadly Poison","Well Laid Plans"],"picked":"Footwork","floor":12.0},{"not_picked":["Outmaneuver","Dodge and Roll"],"picked":"Hidden Blade","floor":13.0},{"not_picked":["Dodge and Roll","Acrobatics","Heel Hook"],"picked":"SKIP","floor":14.0},{"not_picked":["ReplayTheSpireMod:From All Sides","Die Die Die"],"picked":"Storm of Steel","floor":16.0},{"not_picked":["ReplayTheSpireMod:Tripwire","Deadly Poison"],"picked":"ReplayTheSpireMod:Shiv Toss","floor":18.0},{"not_picked":["Deadly Poison","Hidden Blade","Toxin Wave"],"picked":"SKIP","floor":19.0},{"not_picked":["Dodge and Roll","Prepared"],"picked":"Blade Dance","floor":20.0},{"not_picked":["Sucker Punch","ReplayTheSpireMod:Tripwire+1","Bane"],"picked":"SKIP","floor":21.0},{"not_picked":["Bouncing Flask","Underhanded Strike","Outmaneuver"],"picked":"SKIP","floor":25.0},{"not_picked":["Backflip","PiercingWail"],"picked":"Adrenaline","floor":27.0},{"not_picked":["Dodge and Roll","Predator","Underhanded Strike"],"picked":"SKIP","floor":28.0},{"not_picked":["Crippling Poison","Prepared","Blade Dance"],"picked":"SKIP","floor":29.0},{"not_picked":["PiercingWail","Deadly Poison"],"picked":"Concentrate","floor":31.0},{"not_picked":["Tools of the Trade","Storm of Steel"],"picked":"Envenom","floor":33.0},{"not_picked":["REME_ShadowStrike","Acrobatics"],"picked":"Calculated Gamble","floor":35.0},{"not_picked":["Infinite Blades+1","Deflect"],"picked":"Blade Dance","floor":36.0},{"not_picked":["Deflect","Prepared"],"picked":"Acrobatics","floor":37.0},{"not_picked":["Acrobatics","Dagger Throw+1"],"picked":"Burst","floor":39.0},{"not_picked":["Quick Slash","Dodge and Roll"],"picked":"REME_GreenPollution+1","floor":39.0},{"not_picked":["Masterful Stab+1","Outmaneuver"],"picked":"Calculated Gamble","floor":40.0},{"not_picked":["Backflip","Acrobatics","Dodge and Roll+1"],"picked":"SKIP","floor":42.0},{"not_picked":["Terror","Dagger Spray","Well Laid Plans"],"picked":"SKIP","floor":46},{"not_picked":["Terror","Dagger Spray"],"picked":"Well Laid Plans","floor":46},{"not_picked":["Underhanded Strike+1","Slice"],"picked":"Concentrate+1","floor":54}],"player_experience":628328,"relics_obtained":[{"floor":7.0,"key":"Pen Nib"},{"floor":9.0,"key":"Art of War"},{"floor":11.0,"key":"Tiny Chest"},{"floor":14.0,"key":"ReplayTheSpireMod:TigerMarble"},{"floor":26.0,"key":"Snake Skull"},{"floor":28.0,"key":"Replay:Bottled Flurry"},{"floor":30.0,"key":"Omamori"},{"floor":39.0,"key":"ReplayTheSpireMod:Lightbulb"},{"floor":40.0,"key":"Bag of Marbles"},{"floor":46,"key":"Smiling Mask"},{"floor":48,"key":"Pocketwatch"},{"floor":54,"key":"Pet Ghost"}],"event_choices":[{"cards_removed":["Strike_G"],"damage_healed":0.0,"max_hp_gain":0.0,"max_hp_loss":0.0,"gold_gain":0.0,"event_name":"Purifier","player_choice":"Purged","floor":2.0,"gold_loss":0.0,"damage_taken":0.0},{"damage_healed":0.0,"max_hp_gain":0.0,"max_hp_loss":0.0,"gold_gain":0.0,"event_name":"Golden Idol","player_choice":"Take Damage","floor":8.0,"gold_loss":0.0,"damage_taken":23.0,"relics_obtained":["Golden Idol"]},{"damage_healed":0.0,"max_hp_gain":0.0,"max_hp_loss":0.0,"gold_gain":50.0,"event_name":"Golden Shrine","player_choice":"Pray","floor":10.0,"gold_loss":0.0,"damage_taken":0.0},{"damage_healed":0.0,"max_hp_gain":0.0,"max_hp_loss":0.0,"gold_gain":0.0,"event_name":"Upgrade Shrine","player_choice":"Upgraded","floor":22.0,"gold_loss":0.0,"damage_taken":0.0,"cards_upgraded":["Terror"]},{"damage_healed":0.0,"max_hp_gain":0.0,"max_hp_loss":0.0,"gold_gain":0.0,"event_name":"Tomb of Lord Red Mask","player_choice":"Ignored","floor":38.0,"gold_loss":0.0,"damage_taken":0.0},{"damage_healed":0,"gold_gain":275,"player_choice":"Desecrate","damage_taken":0,"max_hp_gain":0,"max_hp_loss":0,"event_name":"Golden Shrine","floor":47,"gold_loss":0,"cards_obtained":["Regret"]}],"is_beta":false,"boss_relics":[{"not_picked":["Kintsugi","Ring of Chaos"],"picked":"SacredBark"},{"not_picked":["Abe\u0027s Treasure","Runic Pyramid"],"picked":"WristBlade"}],"items_purged_floors":[24,44,53],"is_endless":false,"potions_floor_spawned":[1,5,7,12,13,18,19,25,29,33,36,37,42,46],"killed_by":"The Heart","ascension_level":19}}