{"host":"6ld56ls1xbe0aj21","time":1610506190,"event":{"mods":["AchievementEnabler","BaseMod","Colored Powertips","Minty Spire (QoL Compilation)","Quick Restart","Rare Cards Sparkle","StSLib","SuperFastMode","everything is the same but u backflip on backflip","slay the spire mod where everything is the same but ironclad has a cowboy hat"],"gold_per_floor":[109,89,104,118,118,144,144,171,171,183,216,229,241,1,1,1,1],"floor_reached":16,"language":"ENG","playtime":425,"items_purged":[],"score":220,"play_id":"4b15b94e-b78f-4717-be5d-bb9d193369be","local_time":"20210113134950","is_ascension_mode":true,"campfire_choices":[{"data":"Rupture","floor":7.0,"key":"SMITH"},{"data":"Whirlwind","floor":15.0,"key":"SMITH"}],"circlet_count":0,"master_deck":["AscendersBane","Strike_R","Strike_R","Strike_R","Strike_R","Strike_R","Defend_R","Defend_R","Defend_R","Defend_R","Bash","Pommel Strike","True Grit","Flame Barrier","Pain","Rupture+1","Exhume","Power Through","Shockwave","Whirlwind+1","Combust"],"relics":["Burning Blood","NeowsBlessing","WarpedTongs","FossilizedHelix","Ornamental Fan","Matryoshka","StrikeDummy","Strange Spoon"],"acts_visited":["Exordium"],"potions_floor_usage":[],"damage_taken":[{"damage":0.0,"enemies":"Small Slimes","floor":1.0,"turns":1.0},{"damage":0.0,"enemies":"Cultist","floor":3.0,"turns":1.0},{"damage":0.0,"enemies":"Jaw Worm","floor":4.0,"turns":1.0},{"damage":22.0,"enemies":"3 Sentries","floor":6.0,"turns":12.0},{"damage":13.0,"enemies":"Gremlin Nob","floor":8.0,"turns":4.0},{"damage":14.0,"enemies":"Lots of Slimes","floor":10.0,"turns":5.0},{"damage":9.0,"enemies":"Lagavulin","floor":11.0,"turns":8.0},{"damage":1.0,"enemies":"Red Slaver","floor":12.0,"turns":2.0},{"damage":8.0,"enemies":"Blue Slaver","floor":13.0,"turns":4.0},{"damage":0,"enemies":"Hexaghost","floor":16,"turns":1}],"seed_played":"2169455094185754738","potions_obtained":[{"floor":1.0,"key":"Block Potion"},{"floor":2.0,"key":"SkillPotion"},{"floor":6.0,"key":"SteroidPotion"},{"floor":8.0,"key":"DistilledChaos"},{"floor":10.0,"key":"Block Potion"}],"is_trial":false,"path_per_floor":["M","?","M","M","?","E","R","E","T","M","E","M","M","$","R","B"],"character_chosen":"IRONCLAD","items_purchased":["Strange Spoon","Combust"],"campfire_rested":0,"item_purchase_floors":[14,14],"current_hp_per_floor":[74,74,75,75,75,59,59,52,52,44,41,46,44,44,44,44,44],"gold":1,"neow_bonus":"THREE_ENEMY_KILL","is_daily":false,"chose_seed":false,"campfire_upgraded":2,"win_rate":0.0,"timestamp":1610506190,"path_taken":["M","?","?","?","?","E","R","E","T","M","E","M","?","$","R","BOSS"],"items_purchased_type":["Relic","Card"],"build_version":"2020-12-22","purchased_purges":0,"victory":false,"max_hp_per_floor":[75,75,75,75,75,75,75,75,75,75,75,75,75,75,75,75,75],"card_choices":[{"not_picked":["Searing Blow","Sword Boomerang"],"picked":"Pommel Strike","floor":1.0},{"not_picked":["Thunderclap","Wild Strike"],"picked":"True Grit","floor":3.0},{"not_picked":["Carnage","Flex"],"picked":"Flame Barrier","floor":4.0},{"not_picked":["Flex","Clothesline"],"picked":"Rupture","floor":6.0},{"not_picked":["Rampage","Intimidate"],"picked":"Exhume","floor":8.0},{"not_picked":["Armaments","Wild Strike"],"picked":"Power Through","floor":10.0},{"not_picked":["Anger","Pommel Strike","Dark Embrace"],"picked":"SKIP","floor":11.0},{"not_picked":["Feel No Pain","Bloodletting"],"picked":"Shockwave","floor":12.0},{"not_picked":["Ghostly Armor","Evolve"],"picked":"Whirlwind","floor":13.0}],"player_experience":316962,"relics_obtained":[{"floor":6.0,"key":"FossilizedHelix"},{"floor":8.0,"key":"Ornamental Fan"},{"floor":9.0,"key":"Matryoshka"},{"floor":11.0,"key":"StrikeDummy"}],"event_choices":[{"damage_healed":0.0,"max_hp_gain":0.0,"max_hp_loss":0.0,"gold_gain":0.0,"event_name":"The Woman in Blue","player_choice":"Bought 1 Potion","floor":2.0,"gold_loss":0.0,"damage_taken":0.0},{"damage_healed":0.0,"max_hp_gain":0.0,"max_hp_loss":0.0,"gold_gain":0.0,"event_name":"Accursed Blacksmith","player_choice":"Rummage","floor":5.0,"gold_loss":0.0,"damage_taken":0.0,"relics_obtained":["WarpedTongs"],"cards_obtained":["Pain"]}],"is_beta":false,"boss_relics":[],"items_purged_floors":[],"is_endless":false,"potions_floor_spawned":[1,6,8,10],"killed_by":"Hexaghost","ascension_level":16}}