{"host":"lmshf3swj20gmdor","time":1610581067,"event":{"mods":["2.2 Compatiblity","Aspiration","BaseMod","Conspire","Downfall","Googly Eyes","Hubris","Mad Scientist","Minty Spire (QoL Compilation)","Replay The Spire","Spikes Relics","StSLib","Synergy Search","The Construct"],"gold_per_floor":[114,134,134,145,157,157,157],"floor_reached":6,"language":"ENG","playtime":160,"items_purged":[],"score":57,"play_id":"2b89b95c-4aab-4fc9-86ca-bc6e13a46a63","local_time":"20210113233747","is_ascension_mode":true,"campfire_choices":[],"circlet_count":0,"master_deck":["AscendersBane","construct:Strike_Gold","construct:Strike_Gold","construct:Strike_Gold","construct:Strike_Gold","construct:Strike_Gold","construct:Defend_Gold","construct:Defend_Gold","construct:Defend_Gold","construct:Defend_Gold","construct:Defend_Gold","construct:AttackMode","construct:DefenseMode","construct:ClockworkEgg","construct:ScrapCannon","Injury","construct:SweepLaser+1"],"relics":["construct:ClockworkPhoenix","Molten Egg 2"],"acts_visited":["Exordium"],"potions_floor_usage":[6],"damage_taken":[{"damage":10,"enemies":"conspire:RoseBush","floor":1,"turns":2},{"damage":6,"enemies":"Cultist","floor":2,"turns":3},{"damage":9,"enemies":"Jaw Worm","floor":4,"turns":3},{"damage":44,"enemies":"conspire:2 RoseBushes","floor":5,"turns":3},{"damage":8,"enemies":"Lagavulin","floor":6,"turns":4}],"seed_played":"2522563827681405900","potions_obtained":[{"floor":4,"key":"ColorlessPotion"},{"floor":5,"key":"Death Potion"}],"is_trial":false,"path_per_floor":["M","M","?","M","M","E"],"character_chosen":"THE_CONSTRUCT_MOD","items_purchased":[],"campfire_rested":0,"item_purchase_floors":[],"current_hp_per_floor":[67,61,61,52,8,0,0],"gold":157,"neow_bonus":"THREE_RARE_CARDS","is_daily":false,"chose_seed":false,"campfire_upgraded":0,"win_rate":0.0,"timestamp":1610581067,"path_taken":["M","M","?","M","M","E"],"items_purchased_type":[],"build_version":"2020-12-22","purchased_purges":0,"victory":false,"max_hp_per_floor":[77,77,77,77,77,77,77],"card_choices":[{"not_picked":["construct:LongRangeLance","construct:HastyRepair"],"picked":"construct:ClockworkEgg","floor":0},{"not_picked":["construct:Disrupt","construct:FocusedBeam"],"picked":"construct:ScrapCannon","floor":1},{"not_picked":["construct:ModeShift","construct:SuppressiveFire","construct:Accumulate"],"picked":"SKIP","floor":2},{"not_picked":["construct:VentSteam","construct:SpinDrive"],"picked":"construct:SweepLaser+1","floor":4},{"not_picked":["construct:SuppressiveFire+1","construct:Boost+1","construct:Stasis"],"picked":"SKIP","floor":5}],"player_experience":869937,"relics_obtained":[],"event_choices":[],"is_beta":false,"boss_relics":[],"items_purged_floors":[],"is_endless":false,"potions_floor_spawned":[4,5],"killed_by":"Lagavulin","ascension_level":10}}