{"host":"9tdk3zzhmpo6o3dg","time":1610541073,"event":{"mods":["BaseMod","Downfall","Marisa£®ÏF”Í°°ƒß¿Ì…≥£©","Minty Spire (QoL Compilation)","Shop Mod","StSLib","The Cursed","The Marked","The Servant 0.9.4"],"gold_per_floor":[116,116,133,151,164,189,115,115,115,131,141,166,166,166],"floor_reached":13,"language":"ZHS","playtime":517,"items_purged":[],"score":87,"play_id":"fc764787-a420-4845-a060-cdb54ab69126","local_time":"20210113203113","is_ascension_mode":false,"campfire_choices":[{"data":"Magnetism","floor":8,"key":"SMITH"}],"circlet_count":0,"master_deck":["theMarked:Strike","theMarked:Strike","theMarked:Strike","theMarked:Strike","theMarked:Strike","theMarked:Defend","theMarked:Defend","theMarked:Defend","theMarked:Defend","theMarked:SoldierOfQuellstein","TheCursedMod:Dregs","Magnetism+1","theMarked:Generate+1","theMarked:RogueSparks","theMarked:BanishingStrike","theMarked:RogueSparks","theMarked:Indomitable","theMarked:WardOff","theMarked:BanishingStrike","theMarked:HeightenedSenses","theMarked:BanishingStrike+1"],"relics":["theMarked:ArtifactOfAir","Gremlin Horn","Molten Egg 2","Happy Flower"],"acts_visited":["Exordium"],"potions_floor_usage":[6,13],"damage_taken":[{"damage":1,"enemies":"2 Louse","floor":1,"turns":2},{"damage":1,"enemies":"Cultist","floor":3,"turns":3},{"damage":1,"enemies":"Jaw Worm","floor":4,"turns":5},{"damage":11,"enemies":"Blue Slaver","floor":5,"turns":4},{"damage":21,"enemies":"Lagavulin","floor":6,"turns":6},{"damage":21,"enemies":"Exordium Thugs","floor":10,"turns":8},{"damage":6,"enemies":"2 Fungi Beasts","floor":11,"turns":3},{"damage":14,"enemies":"3 Sentries","floor":13,"turns":2}],"seed_played":"-8577270896401203184","potions_obtained":[{"floor":4,"key":"Fire Potion"},{"floor":5,"key":"PowerPotion"}],"is_trial":false,"path_per_floor":["M","?","M","M","M","E","$","R","T","M","M","T","E"],"character_chosen":"THE_DEFAULT","items_purchased":["theMarked:WardOff","theMarked:BanishingStrike"],"campfire_rested":0,"item_purchase_floors":[7,7],"current_hp_per_floor":[69,69,68,67,56,35,35,35,35,14,8,8,0,0],"gold":166,"neow_bonus":"RANDOM_COLORLESS_2","is_daily":false,"chose_seed":false,"campfire_upgraded":1,"win_rate":0.0,"timestamp":1610541073,"path_taken":["M","?","M","?","M","E","$","R","T","?","M","?","E"],"items_purchased_type":["Card","Card"],"build_version":"2020-12-22","purchased_purges":0,"victory":false,"max_hp_per_floor":[70,70,70,70,70,70,70,70,70,70,70,70,70,70],"card_choices":[{"not_picked":["expansioncontent:Corrupt","expansioncontent:QuickStudy"],"picked":"Magnetism","floor":0},{"not_picked":["theMarked:TwofoldDefense","theMarked:WastefulDefense"],"picked":"theMarked:Generate","floor":1},{"not_picked":["theMarked:ResourceFulStrike","theMarked:ParalyzingBlade"],"picked":"theMarked:RogueSparks","floor":3},{"not_picked":["theMarked:ReduceFriction","theMarked:ResourceFulStrike"],"picked":"theMarked:BanishingStrike","floor":4},{"not_picked":["theMarked:WastefulDefense","theMarked:TwofoldDefense"],"picked":"theMarked:RogueSparks","floor":5},{"not_picked":["theMarked:Polarize","theMarked:ElectricStrings"],"picked":"theMarked:Indomitable","floor":6},{"not_picked":["theMarked:WastefulDefense","theMarked:RepellingDischarge"],"picked":"theMarked:HeightenedSenses","floor":10},{"not_picked":["theMarked:KeepCalmAndFightOn+1","theMarked:ChainLightning+1"],"picked":"theMarked:BanishingStrike+1","floor":11}],"player_experience":104686,"relics_obtained":[{"floor":6,"key":"Gremlin Horn"},{"floor":9,"key":"Molten Egg 2"},{"floor":12,"key":"Happy Flower"}],"event_choices":[{"damage_healed":0,"gold_gain":0,"player_choice":"Upgraded","damage_taken":0,"max_hp_gain":0,"max_hp_loss":0,"event_name":"Upgrade Shrine","floor":2,"gold_loss":0,"cards_upgraded":["theMarked:Generate"]}],"is_beta":false,"boss_relics":[],"items_purged_floors":[],"is_endless":false,"potions_floor_spawned":[4,5],"killed_by":"3 Sentries","ascension_level":0}}