{"host":"t4313i2190y6fz3q","time":1610505681,"event":{"mods":["2.2 Compatiblity","AchievementEnabler","Act Like it!","BaseMod","Colored Powertips","Downfall","Highlight Path","Minty Spire (QoL Compilation)","Permanent Neow","Quick Restart","Rare Cards Sparkle","StSLib"],"gold_per_floor":[19,37,50,65,15,15,47,47,47,74,89,189,10,36,36,136,136,150,160,160,160,177,206,206,235,235,260,260,260,293,309,309,408,408,418,418,418,197,213,213,243,243,267,298,308,308,322,352,352,352],"floor_reached":51,"language":"ENG","playtime":2127,"items_purged":["Defend_B+1"],"score":1407,"play_id":"bec7d35d-b726-4ff4-a354-366e06b3577f","local_time":"20210112184121","is_ascension_mode":true,"campfire_choices":[{"data":"Sunder","floor":6.0,"key":"SMITH"},{"data":"Self Repair","floor":8.0,"key":"SMITH"},{"data":"Fission","floor":15.0,"key":"SMITH"},{"data":"Biased Cognition","floor":24.0,"key":"SMITH"},{"data":"Biased Cognition","floor":29,"key":"SMITH"},{"data":"Defragment","floor":32,"key":"SMITH"},{"data":"Rainbow","floor":40,"key":"SMITH"},{"data":"Zap","floor":42,"key":"SMITH"},{"data":"Fission","floor":49,"key":"SMITH"}],"circlet_count":0,"master_deck":["AscendersBane","Strike_B+1","Strike_B+1","Strike_B+1","Defend_B+1","Defend_B+1","Defend_B+1","Zap+1","Dualcast+1","Ball Lightning","Sunder+1","Self Repair+1","Cold Snap","Coolheaded","Fission+1","Defragment+1","Conserve Battery","Biased Cognition+1","Compile Driver","Turbo+1","Beam Cell+1","Consume+1","Biased Cognition+1","Capacitor+1","Rainbow+1","Recycle+1","Chaos+1","Seek+1","Fission+1"],"relics":["Cracked Core","Thread and Needle","War Paint","Orichalcum","Guardian:PocketSentry","OrangePellets","Boot","Black Star","Darkstone Periapt","Omamori","Cables","Molten Egg 2","Question Card","Nunchaku","Bottled Tornado","Blood Vial","Ginger","Coffee Dripper","Ancient Tea Set","Du-Vu Doll","Pen Nib","Oddly Smooth Stone","HornCleat","Centennial Puzzle","Juzu Bracelet","Meat on the Bone"],"acts_visited":["Exordium","TheCity","TheBeyond"],"potions_floor_usage":[25,44,50],"damage_taken":[{"damage":3.0,"enemies":"Jaw Worm","floor":1.0,"turns":3.0},{"damage":4.0,"enemies":"2 Louse","floor":2.0,"turns":2.0},{"damage":0.0,"enemies":"Cultist","floor":3.0,"turns":3.0},{"damage":7.0,"enemies":"2 Fungi Beasts","floor":4.0,"turns":3.0},{"damage":19.0,"enemies":"Lagavulin","floor":7.0,"turns":4.0},{"damage":0.0,"enemies":"Blue Slaver","floor":11.0,"turns":3.0},{"damage":13.0,"enemies":"3 Sentries","floor":14.0,"turns":6.0},{"damage":15.0,"enemies":"The Guardian","floor":16.0,"turns":10.0},{"damage":3.0,"enemies":"Shell Parasite","floor":18.0,"turns":4.0},{"damage":1.0,"enemies":"Spheric Guardian","floor":19.0,"turns":3.0},{"damage":0.0,"enemies":"Shelled Parasite and Fungi","floor":22.0,"turns":4.0},{"damage":7.0,"enemies":"Slavers","floor":23.0,"turns":5.0},{"damage":0,"enemies":"Gremlin Leader","floor":25,"turns":6},{"damage":8,"enemies":"Book of Stabbing","floor":27,"turns":5},{"damage":3,"enemies":"Gremlin Leader","floor":30,"turns":4},{"damage":2,"enemies":"Centurion and Healer","floor":31,"turns":5},{"damage":10,"enemies":"Automaton","floor":33,"turns":9},{"damage":7,"enemies":"3 Darklings","floor":35,"turns":6},{"damage":0,"enemies":"Orb Walker","floor":39,"turns":2},{"damage":20,"enemies":"Giant Head","floor":41,"turns":8},{"damage":2,"enemies":"Nemesis","floor":44,"turns":5},{"damage":0,"enemies":"Transient","floor":45,"turns":5},{"damage":0,"enemies":"Spire Growth","floor":47,"turns":3},{"damage":5,"enemies":"Giant Head","floor":48,"turns":7},{"damage":0,"enemies":"Time Eater","floor":50,"turns":8}],"seed_played":"-6416568124562567425","potions_obtained":[{"floor":2.0,"key":"LiquidMemories"},{"floor":3.0,"key":"FearPotion"},{"floor":7.0,"key":"Swift Potion"},{"floor":11.0,"key":"Dexterity Potion"},{"floor":19.0,"key":"GamblersBrew"},{"floor":27,"key":"BlessingOfTheForge"},{"floor":30,"key":"Weak Potion"},{"floor":31,"key":"Fruit Juice"},{"floor":44,"key":"DuplicationPotion"},{"floor":47,"key":"Ancient Potion"},{"floor":48,"key":"EntropicBrew"}],"is_trial":false,"path_per_floor":["M","M","M","M","?","R","E","R","T","T","M","?","$","E","R","B",null,"M","M","?","?","M","E","R","E","T","E","?","R","E","M","R","B",null,"M","?","?","$","M","R","E","R","T","E","M","?","M","E","R","B",null],"character_chosen":"DEFECT","items_purchased":["Defragment","OrangePellets","Ancient Tea Set"],"campfire_rested":0,"item_purchase_floors":[13,13,38],"current_hp_per_floor":[65,61,61,61,61,61,49,49,49,49,59,59,59,56,56,51,69,75,74,74,74,75,75,75,75,75,75,75,75,75,73,73,75,75,75,75,75,75,75,75,65,65,65,80,80,80,80,75,75,80],"gold":352,"neow_bonus":"ONE_RARE_RELIC","is_daily":false,"chose_seed":false,"campfire_upgraded":9,"win_rate":0.0,"timestamp":1610505681,"path_taken":["M","M","M","M","?","R","E","R","T","?","?","?","?","E","R","BOSS","M","M","?","?","M","E","R","E","T","E","?","R","E","M","R","BOSS","M","?","?","$","?","R","E","R","T","E","M","?","M","E","R","BOSS"],"items_purchased_type":["Card","Relic","Relic"],"build_version":"2020-12-22","purchased_purges":1,"victory":true,"max_hp_per_floor":[75,75,75,75,75,75,75,75,75,75,75,75,75,75,75,75,75,75,75,75,75,75,75,75,75,75,75,75,75,75,75,75,75,75,75,75,75,75,75,75,75,75,75,80,80,80,80,80,80,80],"card_choices":[{"not_picked":["Compile Driver","Hologram"],"picked":"Ball Lightning","floor":1.0},{"not_picked":["Redo","Turbo"],"picked":"Sunder","floor":2.0},{"not_picked":["Loop","Hologram"],"picked":"Self Repair","floor":3.0},{"not_picked":["Steam","Stack"],"picked":"Cold Snap","floor":4.0},{"not_picked":["Streamline","Go for the Eyes"],"picked":"Coolheaded","floor":7.0},{"not_picked":["Barrage","BootSequence"],"picked":"Fission","floor":11.0},{"not_picked":["Gash","Streamline"],"picked":"Conserve Battery","floor":14.0},{"not_picked":["Reboot","Buffer"],"picked":"Biased Cognition","floor":16.0},{"not_picked":["Redo","Streamline"],"picked":"Compile Driver","floor":18.0},{"not_picked":["Reinforced Body","Hologram"],"picked":"Turbo+1","floor":19.0},{"not_picked":["Undo","Self Repair"],"picked":"Beam Cell+1","floor":22.0},{"not_picked":["Conserve Battery","Beam Cell","All For One"],"picked":"SKIP","floor":23.0},{"not_picked":["Rebound+1","Skim"],"picked":"Consume+1","floor":25},{"not_picked":["Stack","Streamline+1","Consume"],"picked":"Biased Cognition","floor":27},{"not_picked":["Auto Shields","Ball Lightning+1","Static Discharge","Compile Driver+1"],"picked":"SKIP","floor":30},{"not_picked":["Barrage+1","Ball Lightning+1","Hello World"],"picked":"Capacitor+1","floor":31},{"not_picked":["Hyperbeam+1","Core Surge+1","Thunder Strike+1"],"picked":"Rainbow","floor":33},{"not_picked":["Double Energy+1","Streamline+1","Consume+1"],"picked":"Recycle+1","floor":35},{"not_picked":["Beam Cell+1","Defragment","Redo+1"],"picked":"Chaos+1","floor":39},{"not_picked":["Leap+1","Ball Lightning+1","Reinforced Body","Rebound+1"],"picked":"SKIP","floor":41},{"not_picked":["Heatsinks+1","Compile Driver+1","Streamline+1"],"picked":"Seek","floor":44},{"not_picked":["Beam Cell+1","White Noise+1","Rebound+1","Sunder+1"],"picked":"SKIP","floor":45},{"not_picked":["Go for the Eyes+1","Coolheaded","Conserve Battery"],"picked":"Fission","floor":47},{"not_picked":["Storm+1","Hologram+1","FTL+1","Heatsinks"],"picked":"SKIP","floor":48}],"player_experience":205790,"relics_obtained":[{"floor":7.0,"key":"War Paint"},{"floor":9.0,"key":"Orichalcum"},{"floor":10.0,"key":"Guardian:PocketSentry"},{"floor":14.0,"key":"Boot"},{"floor":23.0,"key":"Darkstone Periapt"},{"floor":23.0,"key":"Omamori"},{"floor":25,"key":"Cables"},{"floor":25,"key":"Molten Egg 2"},{"floor":26,"key":"Question Card"},{"floor":27,"key":"Nunchaku"},{"floor":27,"key":"Bottled Tornado"},{"floor":30,"key":"Blood Vial"},{"floor":30,"key":"Ginger"},{"floor":41,"key":"Du-Vu Doll"},{"floor":41,"key":"Pen Nib"},{"floor":43,"key":"Oddly Smooth Stone"},{"floor":44,"key":"HornCleat"},{"floor":44,"key":"Centennial Puzzle"},{"floor":48,"key":"Juzu Bracelet"},{"floor":48,"key":"Meat on the Bone"}],"event_choices":[{"cards_removed":["Strike_B"],"damage_healed":0.0,"max_hp_gain":0.0,"max_hp_loss":0.0,"gold_gain":0.0,"event_name":"The Cleric","player_choice":"Card Removal","floor":5.0,"gold_loss":50.0,"damage_taken":0.0},{"damage_healed":0.0,"max_hp_gain":0.0,"max_hp_loss":0.0,"gold_gain":100.0,"event_name":"Golden Shrine","player_choice":"Pray","floor":12.0,"gold_loss":0.0,"damage_taken":0.0},{"damage_healed":0.0,"max_hp_gain":0.0,"max_hp_loss":0.0,"gold_gain":0.0,"event_name":"Ghosts","player_choice":"Ignored","floor":20.0,"gold_loss":0.0,"damage_taken":0.0},{"damage_healed":0.0,"max_hp_gain":0.0,"max_hp_loss":0.0,"gold_gain":0.0,"event_name":"Back to Basics","player_choice":"Simplicity","floor":21.0,"gold_loss":0.0,"damage_taken":0.0,"cards_upgraded":["Strike_B","Strike_B","Strike_B","Defend_B","Defend_B","Defend_B"]},{"damage_healed":0,"gold_gain":0,"player_choice":"Memory 1","damage_taken":0,"max_hp_gain":0,"max_hp_loss":0,"event_name":"SensoryStone","floor":36,"gold_loss":0},{"damage_healed":0,"gold_gain":0,"player_choice":"Ignored","damage_taken":0,"max_hp_gain":0,"max_hp_loss":0,"event_name":"SecretPortal","floor":37,"gold_loss":0},{"damage_healed":0,"gold_gain":0,"player_choice":"Upgraded","damage_taken":0,"max_hp_gain":0,"max_hp_loss":0,"event_name":"Upgrade Shrine","floor":46,"gold_loss":0,"cards_upgraded":["Seek"]}],"is_beta":false,"boss_relics":[{"not_picked":["Runic Dome","Astrolabe"],"picked":"Black Star"},{"not_picked":["Runic Pyramid","Velvet Choker"],"picked":"Coffee Dripper"}],"items_purged_floors":[38],"is_endless":false,"potions_floor_spawned":[2,3,7,11,16,19,27,30,31,33,39,44,47,48],"ascension_level":10}}