{"host":"3sy7znbn119ou4bz","time":1610511934,"event":{"mods":["Arknights The Spire","BaseMod","BetterRewards","Dio Mod","Energized Spire","Hermit","HexUI Lib","Hubris","Infinite Spire","JesterMod","KinomotoSakuraMod(????)","Luminous","Minty Spire (QoL Compilation)","Prisma Mod","Railgun Mod","Replay The Spire","Shop Mod","StSLib","The Construct","The Exalted","The Fake Hero","The Kombatant","TheHero","TheSwordswoman","vexMod"],"gold_per_floor":[113,188,206,219,230,255,271,236,236,240,240],"floor_reached":10,"language":"ENG","playtime":704,"items_purged":[],"score":70,"play_id":"20cb842b-733b-4abe-b8f0-75bdd3dfb5b4","local_time":"20210112232534","is_ascension_mode":false,"campfire_choices":[],"circlet_count":0,"master_deck":["dioMod:TheWalk+1","animeID:Deku","animeID:Bakugo","animeID:Smash","animeID:Smash","animeID:Smash","animeID:Smash","animeID:DefendMH","animeID:DefendMH","animeID:DefendMH","animeID:DefendMH","animeID:Dabi","animeID:Kirishima","animeID:Momo","animeID:ShootStyle","animeID:Mina"],"relics":["animeID:HeroCostume","infinitespire:Midas Blood","construct:FoamFinger"],"acts_visited":["Exordium"],"potions_floor_usage":[6],"damage_taken":[{"damage":7,"enemies":"2 Louse","floor":1,"turns":2},{"damage":15,"enemies":"Jaw Worm","floor":3,"turns":4},{"damage":5,"enemies":"Small Slimes","floor":4,"turns":3},{"damage":0,"enemies":"3 Louse","floor":5,"turns":2},{"damage":29,"enemies":"Lagavulin","floor":6,"turns":8},{"damage":3,"enemies":"Exordium Thugs","floor":7,"turns":6},{"damage":13,"enemies":"3 Sentries","floor":10,"turns":3}],"seed_played":"6939224490567529203","potions_obtained":[{"floor":3,"key":"Dexterity Potion"},{"floor":7,"key":"Venom Potion"}],"is_trial":false,"path_per_floor":["M","?","M","M","M","E","M","?","T","E"],"character_chosen":"THE_HERO","items_purchased":[],"campfire_rested":0,"item_purchase_floors":[],"current_hp_per_floor":[75,64,51,48,48,23,24,44,44,33,33],"gold":240,"neow_bonus":"TEN_PERCENT_HP_BONUS","is_daily":false,"chose_seed":false,"campfire_upgraded":0,"win_rate":0.0,"timestamp":1610511934,"path_taken":["M","?","M","M","M","E","M","?","T","E"],"items_purchased_type":[],"build_version":"2020-12-22","purchased_purges":0,"victory":false,"max_hp_per_floor":[82,82,82,82,82,82,82,82,82,82,82],"card_choices":[{"not_picked":["animeID:Uraraka","animeID:Kendo"],"picked":"animeID:Dabi","floor":1},{"not_picked":["animeID:MtLady","animeID:GentleCriminal"],"picked":"animeID:Kirishima","floor":3},{"not_picked":["animeID:Tomura","animeID:Aoyama"],"picked":"animeID:Momo","floor":4},{"not_picked":["animeID:Aoyama","animeID:GranTorino","animeID:Kaminari"],"picked":"SKIP","floor":5},{"not_picked":["animeID:Bakugo","animeID:Dabi"],"picked":"animeID:ShootStyle","floor":6},{"not_picked":["animeID:Nomu","animeID:ToruHagakure"],"picked":"animeID:Mina","floor":7}],"player_experience":24864,"relics_obtained":[{"floor":6,"key":"infinitespire:Midas Blood"},{"floor":9,"key":"construct:FoamFinger"}],"event_choices":[{"damage_healed":0,"gold_gain":75,"player_choice":"Gather Gold","damage_taken":11,"max_hp_gain":0,"max_hp_loss":0,"event_name":"World of Goop","floor":2,"gold_loss":0},{"damage_healed":20,"gold_gain":0,"player_choice":"Healed","damage_taken":0,"max_hp_gain":0,"max_hp_loss":0,"event_name":"The Cleric","floor":8,"gold_loss":35}],"is_beta":false,"boss_relics":[],"items_purged_floors":[],"is_endless":false,"potions_floor_spawned":[3,7],"killed_by":"3 Sentries","ascension_level":0}}