{"host":"6bsan6hkua32tfq7","time":1610511033,"event":{"mods":["BaseMod","Better Third Choice","Colored Map","Highlight Path","Minty Spire (QoL Compilation)","StSLib"],"gold_per_floor":[115,115,131,4,4,4,39,55,82,7,25,44,73,84,84,158,158,178,93,104,114,114,114,134,460,460,460,360,372,372,386,386,463,463,480,496,507,507,341,341,375,375,375,375,401,401,433,451,451,451,451],"floor_reached":50,"language":"ENG","playtime":2137,"items_purged":["Defend_G","Masterful Stab","Bane"],"score":1124,"play_id":"87034c98-77c2-4699-9699-363ef6f17444","local_time":"20210113051033","is_ascension_mode":true,"campfire_choices":[{"data":"Buffer","floor":6,"key":"SMITH"},{"data":"Prepared","floor":15,"key":"SMITH"},{"floor":23,"key":"REST"},{"data":"Tools of the Trade","floor":27,"key":"SMITH"},{"data":"Noxious Fumes","floor":30,"key":"SMITH"},{"data":"Well Laid Plans","floor":32,"key":"SMITH"},{"data":"PiercingWail","floor":40,"key":"SMITH"},{"floor":42,"key":"RECALL"},{"data":"Prepared","floor":44,"key":"SMITH"},{"data":"Terror","floor":49,"key":"SMITH"}],"circlet_count":0,"master_deck":["AscendersBane","Survivor","Neutralize","CurseOfTheBell","After Image","Reflex","Dagger Throw","Buffer+1","Riddle With Holes","Dagger Throw","Noxious Fumes+1","Prepared+1","Predator","Dagger Throw","Venomology+1","Escape Plan","Sucker Punch","Deadly Poison","Outmaneuver","Prepared+1","Dash","Dagger Spray","Tools of the Trade+1","Well Laid Plans+1","Corpse Explosion","PiercingWail+1","Caltrops+1","Caltrops","PiercingWail","Terror+1"],"relics":["Calling Bell","Bronze Scales","Eternal Feather","Torii","Akabeko","Strawberry","Lantern","MealTicket","Pandora\u0027s Box","Bag of Preparation","Old Coin","Coffee Dripper","Kunai","Anchor","Ninja Scroll","Question Card"],"acts_visited":["Exordium","TheCity","TheBeyond"],"potions_floor_usage":[2,7,7,11,20,21,24,25,25,31,33,35,36,37,37,45,47,47,48,50,50],"damage_taken":[{"damage":2,"enemies":"Jaw Worm","floor":1,"turns":6},{"damage":0,"enemies":"Cultist","floor":3,"turns":5},{"damage":19,"enemies":"Lagavulin","floor":7,"turns":10},{"damage":1,"enemies":"2 Louse","floor":8,"turns":2},{"damage":8,"enemies":"Blue Slaver","floor":11,"turns":3},{"damage":0,"enemies":"Red Slaver","floor":12,"turns":1},{"damage":7,"enemies":"Gremlin Nob","floor":13,"turns":5},{"damage":6,"enemies":"3 Louse","floor":14,"turns":2},{"damage":32,"enemies":"Hexaghost","floor":16,"turns":9},{"damage":0,"enemies":"Chosen","floor":18,"turns":3},{"damage":16,"enemies":"Shell Parasite","floor":20,"turns":2},{"damage":13,"enemies":"Snake Plant","floor":21,"turns":2},{"damage":0,"enemies":"Centurion and Healer","floor":24,"turns":7},{"damage":9,"enemies":"Book of Stabbing","floor":25,"turns":4},{"damage":7,"enemies":"Snecko","floor":29,"turns":4},{"damage":6,"enemies":"Snake Plant","floor":31,"turns":3},{"damage":60,"enemies":"Champ","floor":33,"turns":13},{"damage":0,"enemies":"Orb Walker","floor":35,"turns":4},{"damage":12,"enemies":"3 Darklings","floor":36,"turns":3},{"damage":27,"enemies":"Transient","floor":37,"turns":6},{"damage":15,"enemies":"Reptomancer","floor":41,"turns":7},{"damage":11,"enemies":"Nemesis","floor":45,"turns":8},{"damage":9,"enemies":"Reptomancer","floor":47,"turns":9},{"damage":7,"enemies":"4 Shapes","floor":48,"turns":4},{"damage":93,"enemies":"Time Eater","floor":50,"turns":9}],"seed_played":"-1798362345249048554","potions_obtained":[{"floor":1,"key":"Explosive Potion"},{"floor":2,"key":"Fruit Juice"},{"floor":2,"key":"GamblersBrew"},{"floor":3,"key":"AttackPotion"},{"floor":8,"key":"CunningPotion"},{"floor":11,"key":"SmokeBomb"},{"floor":16,"key":"PowerPotion"},{"floor":18,"key":"PowerPotion"},{"floor":20,"key":"Energy Potion"},{"floor":25,"key":"SmokeBomb"},{"floor":47,"key":"Swift Potion"}],"is_trial":false,"path_per_floor":["M","?","M","$","?","R","E","M","T","$","M","M","E","M","R","B",null,"M","?","M","M","?","R","M","E","T","R","$","M","R","M","R","B",null,"M","M","M","?","$","R","E","R","T","R","E","?","E","M","R","B"],"character_chosen":"THE_SILENT","items_purchased":["Dagger Throw","Noxious Fumes","Caltrops"],"campfire_rested":1,"item_purchase_floors":[4,10,39],"current_hp_per_floor":[57,62,62,62,48,57,45,44,44,44,36,36,29,23,35,3,59,59,59,43,30,30,68,68,71,71,78,78,71,78,72,78,18,63,63,51,24,24,39,54,39,54,54,69,58,58,49,42,60,0,0],"gold":451,"neow_bonus":"BOSS_RELIC","is_daily":false,"chose_seed":false,"campfire_upgraded":8,"win_rate":0.0,"timestamp":1610511033,"path_taken":["M","?","M","?","?","R","E","M","T","?","?","M","E","M","R","BOSS","M","?","M","M","?","R","M","E","T","R","$","?","R","M","R","BOSS","M","M","M","?","$","R","E","R","T","R","E","?","E","M","R","BOSS"],"items_purchased_type":["Card","Card","Card"],"build_version":"2020-12-22","purchased_purges":3,"victory":false,"max_hp_per_floor":[66,71,71,71,71,71,78,78,78,78,78,78,78,78,78,78,78,78,78,78,78,78,78,78,78,78,78,78,78,78,78,78,78,78,78,78,78,78,78,78,78,78,78,78,78,78,78,78,78,78,78],"card_choices":[{"not_picked":["Quick Slash","Acrobatics"],"picked":"After Image","floor":1},{"not_picked":["Quick Slash","Heel Hook"],"picked":"Reflex","floor":3},{"not_picked":["Caltrops","Blur"],"picked":"Riddle With Holes","floor":7},{"not_picked":["Outmaneuver","Backflip","Dagger Throw"],"picked":"SKIP","floor":8},{"not_picked":["Outmaneuver","Backflip"],"picked":"Dagger Throw","floor":8},{"not_picked":["Prepared","Infinite Blades","Slice"],"picked":"SKIP","floor":11},{"not_picked":["Infinite Blades","Slice"],"picked":"Prepared","floor":11},{"not_picked":["Blade Dance","Bane"],"picked":"Predator","floor":12},{"not_picked":["Setup","Heel Hook","Poisoned Stab"],"picked":"SKIP","floor":13},{"not_picked":["Blade Dance","Sucker Punch","Dagger Throw"],"picked":"SKIP","floor":14},{"not_picked":["Blade Dance","Sucker Punch"],"picked":"Dagger Throw","floor":14},{"not_picked":["Bullet Time","Grand Finale"],"picked":"Venomology","floor":16},{"not_picked":["Deflect","Endless Agony"],"picked":"Dagger Spray","floor":18},{"not_picked":["Blade Dance","Outmaneuver","Cloak And Dagger"],"picked":"SKIP","floor":20},{"not_picked":["Outmaneuver","Flying Knee","Blur"],"picked":"SKIP","floor":21},{"not_picked":["Dodge and Roll","Bane+1"],"picked":"Tools of the Trade","floor":24},{"not_picked":["Die Die Die","Blade Dance","Poisoned Stab"],"picked":"SKIP","floor":25},{"not_picked":["Outmaneuver","Calculated Gamble","Backflip+1"],"picked":"SKIP","floor":29},{"not_picked":["Backflip+1","Deflect"],"picked":"Well Laid Plans","floor":31},{"not_picked":["After Image","Doppelganger"],"picked":"Corpse Explosion","floor":33},{"not_picked":["Bane","Underhanded Strike","Dodge and Roll+1"],"picked":"SKIP","floor":35},{"not_picked":["Prepared","Dagger Throw"],"picked":"PiercingWail","floor":36},{"not_picked":["Quick Slash","Bane"],"picked":"Caltrops+1","floor":37},{"not_picked":["Blade Dance","Dagger Spray+1","Grand Finale"],"picked":"SKIP","floor":41},{"not_picked":["Slice+1","Flying Knee"],"picked":"PiercingWail","floor":45},{"not_picked":["Dodge and Roll","All Out Attack"],"picked":"Terror","floor":47},{"not_picked":["Blur+1","Skewer","Well Laid Plans+1","Quick Slash"],"picked":"SKIP","floor":48}],"player_experience":5268204,"relics_obtained":[{"floor":0,"key":"Bronze Scales"},{"floor":0,"key":"Eternal Feather"},{"floor":0,"key":"Torii"},{"floor":7,"key":"Strawberry"},{"floor":9,"key":"Lantern"},{"floor":13,"key":"MealTicket"},{"floor":25,"key":"Old Coin"},{"floor":41,"key":"Kunai"},{"floor":43,"key":"Anchor"},{"floor":45,"key":"Ninja Scroll"},{"floor":47,"key":"Question Card"}],"event_choices":[{"damage_healed":0,"gold_gain":0,"player_choice":"Got Potions","damage_taken":0,"max_hp_gain":0,"max_hp_loss":0,"event_name":"Lab","floor":2,"gold_loss":0},{"damage_healed":0,"gold_gain":0,"player_choice":"Obtained Relic","damage_taken":0,"relics_obtained":["Bag of Preparation"],"max_hp_gain":0,"max_hp_loss":0,"event_name":"Addict","floor":19,"gold_loss":85},{"damage_healed":0,"gold_gain":0,"player_choice":"Upgraded","damage_taken":0,"max_hp_gain":0,"max_hp_loss":0,"event_name":"Upgrade Shrine","floor":22,"gold_loss":0,"cards_upgraded":["Venomology"]},{"cards_removed":["Underhanded Strike"],"damage_healed":0,"gold_gain":0,"player_choice":"Removed Attack","damage_taken":0,"max_hp_gain":0,"max_hp_loss":0,"event_name":"Falling","floor":38,"gold_loss":0},{"damage_healed":0,"gold_gain":0,"player_choice":"Ignored","damage_taken":0,"max_hp_gain":0,"max_hp_loss":0,"event_name":"Tomb of Lord Red Mask","floor":46,"gold_loss":0}],"is_beta":false,"boss_relics":[{"not_picked":["Runic Dome","Sozu"],"picked":"Pandora\u0027s Box"},{"not_picked":["Runic Pyramid","Fusion Hammer"],"picked":"Coffee Dripper"}],"items_purged_floors":[4,28,39],"is_endless":false,"potions_floor_spawned":[1,3,8,11,16,18,20,25,33,41,45,47],"killed_by":"Time Eater","ascension_level":20}}