{"host":"95i1gxnztdrdyvhi","time":1610504585,"event":{"mods":["100% Spire Juice","AchievementEnabler","Act Like it!","BaseMod","Minty Spire (QoL Compilation)","Quick Restart","StSLib"],"gold_per_floor":[118,10,10,10,21,50,60,79,79,104,104,117,132,151,151,255,255,266,191,290,205,125,142,162,162,162,162,196,196,224,224,224,325,325,97,97,97,97,113,145,145,173,173,173,73,73,93,93,93,93,93,93,56,56,56],"floor_reached":54,"language":"ENG","playtime":3305,"items_purged":["Moonworks:Strike","Moonworks:Strike","Moonworks:Ambush"],"score":893,"play_id":"7ca29704-e235-445f-9de0-1754af92915a","local_time":"20210113022305","is_ascension_mode":false,"campfire_choices":[{"data":"Moonworks:CloudOfSeagulls","floor":15.0,"key":"SMITH"},{"data":"Moonworks:DeployBits","floor":25.0,"key":"SMITH"},{"data":"Moonworks:DeployBits","floor":27.0,"key":"SMITH"},{"data":"Moonworks:Strike+1","floor":32.0,"key":"PURGE"},{"floor":41.0,"key":"RECALL"},{"data":"Moonworks:Strike+1","floor":44.0,"key":"PURGE"},{"data":"Moonworks:Defend","floor":46.0,"key":"PURGE"},{"data":"Moonworks:Defend","floor":49,"key":"PURGE"},{"data":"Moonworks:Defend","floor":52,"key":"PURGE"}],"circlet_count":0,"master_deck":["Moonworks:Defend","Moonworks:LongDistanceShot","Moonworks:DeployBits+1","Moonworks:DeployBits+1","Moonworks:SakisCookie","Moonworks:Dash","Moonworks:CrystalBarrier","Moonworks:CloudOfSeagulls+1","Moonworks:ShieldCounter","Moonworks:ForcedRevival+1","Moonworks:TreasureThief","Moonworks:Dash","Moonworks:SinkOrSwim","Moonworks:Dash+1","Deep Breath","Moonworks:UnpaidWork+1","Moonworks:ImOnFire"],"relics":["Moonworks:SBBomb","Moonworks:Homemark","NeowsBlessing","Unceasing Top","Orichalcum","FossilizedHelix","Whetstone","The Courier","Ice Cream","Incense Burner","Peace Pipe","Lantern","Blood Vial"],"acts_visited":["Exordium","TheCity","TheBeyond","TheEnding"],"potions_floor_usage":[54,54,54,54,54],"damage_taken":[{"damage":0.0,"enemies":"Cultist","floor":1.0,"turns":1.0},{"damage":0.0,"enemies":"Jaw Worm","floor":2.0,"turns":1.0},{"damage":0.0,"enemies":"2 Louse","floor":5.0,"turns":1.0},{"damage":28.0,"enemies":"Gremlin Nob","floor":6.0,"turns":5.0},{"damage":0.0,"enemies":"Large Slime","floor":7.0,"turns":4.0},{"damage":0.0,"enemies":"Blue Slaver","floor":8.0,"turns":4.0},{"damage":0.0,"enemies":"Lagavulin","floor":10.0,"turns":9.0},{"damage":0.0,"enemies":"2 Fungi Beasts","floor":12.0,"turns":4.0},{"damage":0.0,"enemies":"Large Slime","floor":13.0,"turns":7.0},{"damage":0.0,"enemies":"Exordium Thugs","floor":14.0,"turns":6.0},{"damage":45.0,"enemies":"Slime Boss","floor":16.0,"turns":16.0},{"damage":0.0,"enemies":"Shell Parasite","floor":18.0,"turns":7.0},{"damage":0.0,"enemies":"2 Thieves","floor":23.0,"turns":5.0},{"damage":0.0,"enemies":"Sentry and Sphere","floor":24.0,"turns":7.0},{"damage":18.0,"enemies":"Gremlin Leader","floor":28.0,"turns":8.0},{"damage":11.0,"enemies":"Book of Stabbing","floor":30.0,"turns":6.0},{"damage":0.0,"enemies":"Champ","floor":33.0,"turns":10.0},{"damage":30.0,"enemies":"3 Shapes","floor":35.0,"turns":4.0},{"damage":9.0,"enemies":"3 Darklings","floor":39.0,"turns":5.0},{"damage":0.0,"enemies":"Giant Head","floor":40.0,"turns":7.0},{"damage":4.0,"enemies":"Reptomancer","floor":42.0,"turns":7.0},{"damage":0.0,"enemies":"4 Shapes","floor":47.0,"turns":5.0},{"damage":0,"enemies":"Time Eater","floor":50,"turns":7},{"damage":33,"enemies":"Shield and Spear","floor":54,"turns":6}],"seed_played":"7079394757067803149","potions_obtained":[{"floor":7.0,"key":"PowerPotion"},{"floor":8.0,"key":"LiquidBronze"},{"floor":10.0,"key":"Regen Potion"},{"floor":16.0,"key":"DistilledChaos"},{"floor":24.0,"key":"EntropicBrew"}],"is_trial":false,"path_per_floor":["M","M","T","?","M","E","M","M","T","E","?","M","M","M","R","B",null,"M","$","?","?","$","M","M","R","T","R","E","?","E","?","R","B",null,"M","?","$","?","M","E","R","E","T","R","$","R","M","?","R","B",null,"R","$","E"],"character_chosen":"THE_STARBREAKER","items_purchased":["Moonworks:ImOnFire"],"campfire_rested":0,"item_purchase_floors":[53],"current_hp_per_floor":[60,60,60,65,65,37,37,37,37,37,37,37,37,39,39,9,65,65,65,65,65,65,65,65,65,65,65,55,55,52,52,52,60,65,35,35,35,35,36,44,44,48,48,48,48,48,58,58,58,65,65,65,65,36,36],"gold":56,"neow_bonus":"THREE_ENEMY_KILL","is_daily":false,"chose_seed":false,"campfire_upgraded":3,"win_rate":0.0,"timestamp":1610504585,"path_taken":["M","M","?","?","M","E","M","M","T","E","?","M","M","M","R","BOSS","M","$","?","?","$","M","M","R","T","R","E","?","E","?","R","BOSS","M","?","$","?","M","E","R","E","T","R","$","R","M","?","R","BOSS","R","$","E"],"items_purchased_type":["Card"],"build_version":"2020-12-22","purchased_purges":3,"victory":false,"max_hp_per_floor":[60,60,60,65,65,65,65,65,65,65,65,65,65,65,65,65,65,65,65,65,65,65,65,65,65,65,65,65,65,65,65,65,65,65,65,65,65,65,65,65,65,65,65,65,65,65,65,65,65,65,65,65,65,65,65],"card_choices":[{"not_picked":["Moonworks:EvilSpyWorkPreparation","Moonworks:LulusLuckyEgg"],"picked":"Moonworks:DeployBits","floor":1.0},{"not_picked":["Moonworks:CastOff","Moonworks:ImOnFire"],"picked":"Moonworks:DeployBits","floor":2.0},{"not_picked":["Moonworks:SealedMemories","Moonworks:NicePresent"],"picked":"Moonworks:SakisCookie","floor":5.0},{"not_picked":["Moonworks:NicePresent","Moonworks:Assault"],"picked":"Moonworks:Dash","floor":6.0},{"not_picked":["Moonworks:NicePresent","Moonworks:LulusLuckyEgg","Moonworks:IndiscriminateFireSupport"],"picked":"SKIP","floor":7.0},{"not_picked":["Moonworks:BigMagnum","Moonworks:MiracleWalker"],"picked":"Moonworks:CrystalBarrier","floor":8.0},{"not_picked":["Moonworks:Flamethrower","Moonworks:ImOnFire"],"picked":"Moonworks:CloudOfSeagulls","floor":10.0},{"not_picked":["Moonworks:Poppoformation","Moonworks:CloudOfSeagulls","Moonworks:AccelHyper"],"picked":"SKIP","floor":12.0},{"not_picked":["Moonworks:Flamethrower","Moonworks:DeployBits","Moonworks:TacticalRetreat"],"picked":"SKIP","floor":13.0},{"not_picked":["Moonworks:BigMagnum","Moonworks:EvilSpyWorkPreparation","Moonworks:IndiscriminateFireSupport"],"picked":"SKIP","floor":14.0},{"not_picked":["Moonworks:CrystalBarrier","Moonworks:GoAway"],"picked":"Moonworks:ShieldCounter","floor":16.0},{"not_picked":["Moonworks:JonathanRush","Moonworks:IndiscriminateFireSupport+1","Moonworks:MiracleRedBeanIceCream"],"picked":"SKIP","floor":18.0},{"not_picked":["Moonworks:ExtendedPhotonRifle+1","Moonworks:EvilSpyWorkPreparation+1","Moonworks:NicePresent"],"picked":"SKIP","floor":23.0},{"not_picked":["Moonworks:LulusLuckyEgg","Moonworks:Assault"],"picked":"Moonworks:ForcedRevival+1","floor":24.0},{"not_picked":["Moonworks:NicePresent","Moonworks:SakisCookie"],"picked":"Moonworks:TreasureThief","floor":28.0},{"not_picked":["Moonworks:ForcedRevival","Moonworks:NicePresent","Moonworks:CookingTime"],"picked":"SKIP","floor":30.0},{"not_picked":["Moonworks:WeAreWaruda","Moonworks:PlushieMaster"],"picked":"Moonworks:SinkOrSwim","floor":33.0},{"not_picked":["Moonworks:SakisCookie+1","Moonworks:CloudOfSeagulls+1"],"picked":"Moonworks:Dash+1","floor":35.0},{"not_picked":["Enlightenment","Finesse"],"picked":"Deep Breath","floor":36.0},{"not_picked":["Moonworks:JonathanRush+1","Moonworks:BigMagnum+1"],"picked":"Moonworks:UnpaidWork+1","floor":39.0},{"not_picked":["Moonworks:SealedMemories+1","Moonworks:JonathanRush+1","Moonworks:LulusLuckyEgg"],"picked":"SKIP","floor":40.0},{"not_picked":["Moonworks:x16BigRocket+1","Moonworks:BindingChains","Moonworks:SubspaceTunnel"],"picked":"SKIP","floor":42.0},{"not_picked":["Moonworks:FinalSurgery","Moonworks:CloudOfSeagulls+1","Moonworks:SealedMemories"],"picked":"SKIP","floor":47.0}],"player_experience":638814,"relics_obtained":[{"floor":3.0,"key":"Unceasing Top"},{"floor":6.0,"key":"Orichalcum"},{"floor":9.0,"key":"FossilizedHelix"},{"floor":10.0,"key":"Whetstone"},{"floor":26.0,"key":"Ice Cream"},{"floor":28.0,"key":"Incense Burner"},{"floor":30.0,"key":"Peace Pipe"},{"floor":40.0,"key":"Lantern"},{"floor":42.0,"key":"Blood Vial"}],"event_choices":[{"damage_healed":0.0,"max_hp_gain":5.0,"max_hp_loss":0.0,"gold_gain":0.0,"event_name":"Big Fish","player_choice":"Donut","floor":4.0,"gold_loss":0.0,"damage_taken":0.0},{"damage_healed":0.0,"max_hp_gain":0.0,"max_hp_loss":0.0,"gold_gain":0.0,"event_name":"Liars Game","player_choice":"Ignored","floor":11.0,"gold_loss":0.0,"damage_taken":0.0},{"damage_healed":0.0,"max_hp_gain":0.0,"max_hp_loss":0.0,"gold_gain":99.0,"event_name":"Nest","player_choice":"Stole From Cult","floor":20.0,"gold_loss":0.0,"damage_taken":0.0},{"damage_healed":0.0,"max_hp_gain":0.0,"max_hp_loss":0.0,"gold_gain":0.0,"event_name":"Addict","player_choice":"Obtained Relic","floor":21.0,"gold_loss":85.0,"damage_taken":0.0,"relics_obtained":["The Courier"]},{"damage_healed":0.0,"max_hp_gain":0.0,"max_hp_loss":0.0,"gold_gain":0.0,"event_name":"The Mausoleum","player_choice":"Ignored","floor":29.0,"gold_loss":0.0,"damage_taken":0.0},{"damage_healed":0.0,"max_hp_gain":0.0,"max_hp_loss":0.0,"gold_gain":0.0,"event_name":"The Library","player_choice":"Read","floor":31.0,"gold_loss":0.0,"damage_taken":0.0,"cards_obtained":["Moonworks:Dash"]},{"damage_healed":0.0,"max_hp_gain":0.0,"max_hp_loss":0.0,"gold_gain":0.0,"event_name":"SensoryStone","player_choice":"Memory 1","floor":36.0,"gold_loss":0.0,"damage_taken":0.0},{"damage_healed":0.0,"max_hp_gain":0.0,"max_hp_loss":0.0,"gold_gain":0.0,"event_name":"Tomb of Lord Red Mask","player_choice":"Ignored","floor":38.0,"gold_loss":0.0,"damage_taken":0.0},{"damage_healed":0,"gold_gain":0,"player_choice":"Ignored","damage_taken":0,"max_hp_gain":0,"max_hp_loss":0,"event_name":"Mysterious Sphere","floor":48,"gold_loss":0}],"is_beta":false,"boss_relics":[{"not_picked":["Calling Bell","Runic Dome"],"picked":"Moonworks:SBBomb"},{"not_picked":["Velvet Choker","Pandora\u0027s Box","Cursed Key"]}],"items_purged_floors":[19,22,45],"is_endless":false,"potions_floor_spawned":[7,8,10,12,13,14,16,24,30,40],"killed_by":"Shield and Spear","ascension_level":0}}