{"host":"4ek4eq5z32z3zgvw","time":1610579348,"event":{"mods":["2.2 Compatiblity","AchievementEnabler","Act Like it!","AlwaysNeverKeys","Aspiration","BaseMod","Better Match","Better Note","Better Sensory Stone","Better Third Choice","BetterRewards","Block Reminder","Colored Map","Colored Powertips","DeckTracker","Defuse TimeMaze Blight","Downfall","Energized Spire","Halation","Hubris","Infinite Spire","Minty Spire (QoL Compilation)","Permanent Neow","Quick Restart","Rare Cards Sparkle","Relic Filter","Relic Sorter","Replay The Spire","Shop Mod","Spikes Relics","StSLib","SuperFastMode","Synergy Search","Unceasing Turn Reminder","UnlockEverythingMod","egg","vexMod"],"gold_per_floor":[113,113,113,113,124,124,134,134,134,167,67,83,132,20,20,96,96,108,33,33,52,52,52,72,97,177,177,40,40,74,87,87,384,384,429,429,477,477,378,378,419,419,419,419,419,419,419,419,419,419,419],"floor_reached":52,"language":"ENG","playtime":1849,"items_purged":["Pain","Strike_R+1"],"score":2264,"play_id":"ae2eaa4f-bfbc-4a29-81a3-aadeb7d1b7a6","local_time":"20210113170908","is_ascension_mode":true,"campfire_choices":[{"data":"Bash","floor":6,"key":"SMITH"},{"floor":8,"key":"REST"},{"data":"Spot Weakness","floor":15,"key":"SMITH"},{"floor":23,"key":"REST"},{"floor":29,"key":"REST"},{"floor":32,"key":"REST"},{"floor":40,"key":"REST"},{"floor":42,"key":"REST"},{"data":"Offering","floor":45,"key":"SMITH"},{"data":"ReplayTheSpireMod:Chaos Vortex","floor":47,"key":"SMITH"},{"floor":49,"key":"DIG"}],"circlet_count":0,"master_deck":["AscendersBane","Strike_R+1","Strike_R+1","Defend_R+1","Defend_R+1","Defend_R+1","Defend_R+1","Bash+1","Uppercut","Sword Boomerang","Shrug It Off+1","Clothesline","Rage","Twin Strike+1","Spot Weakness+1","Feel No Pain","Burning Pact","Inflame+1","Armaments+1","Second Wind","Intimidate","Fire Breathing","Offering+1","Feel No Pain+1","Fire Breathing","Rupture","Battle Trance+1","Havoc","Flash of Steel","Finesse","Demon Form+1","CurseOfTheBell","ReplayTheSpireMod:Chaos Vortex+1"],"relics":["Burning Blood","hubris:Icosahedron","vexMod:RedPlottingStone","StoneCalendar","sneckomod:BabySnecko","hubris:ChampionShield","Mummified Hand","Juzu Bracelet","SlaversCollar","vexMod:InvisibilityCloak","infinitespire:FocusingShard","Toy Ornithopter","infinitespire:Beetle Shell","infinitespire:EvilPickle","Calling Bell","Vajra","hubris:IronBody","Replay:Kaleidoscope","aspiration:ChemicalBlood","aspiration:HatOfInfinitePower","vexMod:ImprovementManual","SuspiciousGoo","Oddly Smooth Stone"],"acts_visited":["Exordium","TheCity","TheBeyond"],"potions_floor_usage":[16,16,18,25,30,31,33,41,41,50,50,50,50,50,51,51,51],"damage_taken":[{"damage":6,"enemies":"2 Louse","floor":1,"turns":3},{"damage":8,"enemies":"Small Slimes","floor":5,"turns":2},{"damage":12,"enemies":"Jaw Worm","floor":7,"turns":2},{"damage":16,"enemies":"3 Sentries","floor":10,"turns":7},{"damage":6,"enemies":"2 Fungi Beasts","floor":12,"turns":3},{"damage":11,"enemies":"Hexaghost","floor":16,"turns":7},{"damage":18,"enemies":"2 Thieves","floor":18,"turns":3},{"damage":20,"enemies":"3 Byrds","floor":21,"turns":5},{"damage":37,"enemies":"Snake Plant","floor":24,"turns":4},{"damage":26,"enemies":"Book of Stabbing","floor":25,"turns":4},{"damage":14,"enemies":"Replay:Snechameleon","floor":30,"turns":5},{"damage":6,"enemies":"Cultist and Chosen","floor":31,"turns":5},{"damage":39,"enemies":"Pondfish","floor":33,"turns":7},{"damage":67,"enemies":"3 Darklings","floor":35,"turns":7},{"damage":9,"enemies":"3 Shapes","floor":37,"turns":7},{"damage":40,"enemies":"Writhing Mass","floor":41,"turns":6},{"damage":72,"enemies":"Time Eater","floor":50,"turns":9},{"damage":34,"enemies":"Awakened One","floor":51,"turns":7}],"seed_played":"4257343638566906964","potions_obtained":[{"floor":7,"key":"Toxic Potion"},{"floor":12,"key":"Elixir"},{"floor":13,"key":"Flashbang"},{"floor":13,"key":"champ:CounterPotion"},{"floor":16,"key":"Block Potion"},{"floor":24,"key":"ColorlessPotion"},{"floor":25,"key":"PowerPotion"},{"floor":30,"key":"Swift Potion"},{"floor":31,"key":"BlessingOfTheForge"},{"floor":37,"key":"Dexterity Potion"},{"floor":41,"key":"Ancient Potion"}],"is_trial":false,"path_per_floor":["M","?","?","?","M","R","M","R","T","E","$","M","?","$","R","B",null,"M","?","?","M","$","R","M","E","T","?","$","R","E","M","R","B",null,"M","?","M","?","?","R","M","R","T","?","R","AVR","R","?","R_BF","B","B",null],"character_chosen":"IRONCLAD","items_purchased":["Shrug It Off+1","Clothesline","Inflame","Armaments","Fire Breathing","Battle Trance"],"campfire_rested":6,"item_purchase_floors":[0,0,11,11,14,28],"current_hp_per_floor":[44,44,44,51,49,49,43,64,64,54,54,54,54,54,54,49,65,53,53,53,39,39,60,29,9,9,9,9,30,27,32,53,45,71,10,10,7,7,7,31,7,31,31,66,66,66,66,66,66,38,25],"gold":419,"neow_bonus":"","is_daily":false,"chose_seed":false,"campfire_upgraded":4,"win_rate":0.0,"timestamp":1610579348,"path_taken":["M","?","?","?","M","R","?","R","T","E","$","M","?","?","R","BOSS","M","?","?","M","$","R","M","E","T","?","$","R","E","M","R","BOSS","M","?","M","?","?","R","M","R","T","?","R","AVR","R","?","R_BF","BOSS","BOSS"],"items_purchased_type":["Card","Card","Card","Card","Card","Card"],"build_version":"2020-12-22","purchased_purges":2,"victory":true,"max_hp_per_floor":[70,70,70,70,70,70,70,70,70,70,70,70,70,70,70,70,70,70,70,70,70,70,70,70,70,70,70,70,70,70,70,70,80,80,80,80,80,80,80,80,80,80,80,66,66,66,66,66,66,66,66],"card_choices":[{"not_picked":["ReplayTheSpireMod:Limb From Limb","Carnage"],"picked":"Rage","floor":1},{"not_picked":["Entrench","Cleave"],"picked":"Feel No Pain","floor":5},{"not_picked":["Uppercut","Run Through","Body Slam"],"picked":"SKIP","floor":7},{"not_picked":["Headbutt","Run Through"],"picked":"Burning Pact","floor":10},{"not_picked":["ReplayTheSpireMod:Strike From Hell","Perfected Strike"],"picked":"Second Wind","floor":12},{"not_picked":["Warcry","Sword Boomerang"],"picked":"Intimidate","floor":13},{"not_picked":["Exhume","hubris:StunningStrike"],"picked":"Offering","floor":16},{"not_picked":["Second Wind","Warcry"],"picked":"Feel No Pain","floor":18},{"not_picked":["Dropkick","BarbarianYell","Twin Strike"],"picked":"SKIP","floor":21},{"not_picked":["Perfected Strike+1","Wild Strike"],"picked":"Fire Breathing","floor":24},{"not_picked":["Clash","ReplayTheSpireMod:LeadingStrike"],"picked":"Rupture","floor":25},{"not_picked":["Iron Wave","Havoc","ReplayTheSpireMod:Stacked"],"picked":"SKIP","floor":30},{"not_picked":["Iron Wave","ReplayTheSpireMod:Stacked"],"picked":"Havoc","floor":30},{"not_picked":["Disarm","Bloodletting","ReplayTheSpireMod:Limb From Limb"],"picked":"SKIP","floor":31},{"not_picked":["Hemogenesis","Impervious"],"picked":"Demon Form","floor":33},{"not_picked":["Battle Trance","Searing Blow","Replay:Undeath\u0027s Touch+1"],"picked":"SKIP","floor":35},{"not_picked":["True Grit","Spot Weakness","Dropkick"],"picked":"SKIP","floor":37},{"not_picked":["Thunderclap","Rampage","Uppercut"],"picked":"SKIP","floor":41}],"player_experience":599580,"relics_obtained":[{"floor":9,"key":"hubris:ChampionShield"},{"floor":10,"key":"Mummified Hand"},{"floor":13,"key":"Juzu Bracelet"},{"floor":25,"key":"vexMod:InvisibilityCloak"},{"floor":26,"key":"infinitespire:FocusingShard"},{"floor":27,"key":"Toy Ornithopter"},{"floor":30,"key":"vexMod:RedPlottingStone"},{"floor":34,"key":"Vajra"},{"floor":34,"key":"hubris:IronBody"},{"floor":34,"key":"Replay:Kaleidoscope"},{"floor":43,"key":"aspiration:HatOfInfinitePower"},{"floor":49,"key":"Oddly Smooth Stone"}],"event_choices":[{"cards_removed":["Strike_R"],"damage_healed":0,"gold_gain":0,"player_choice":"Gave Gold","damage_taken":0,"max_hp_gain":0,"max_hp_loss":0,"event_name":"Beggar","floor":19,"gold_loss":75},{"damage_healed":0,"gold_gain":0,"player_choice":"Simplicity","damage_taken":0,"max_hp_gain":0,"max_hp_loss":7,"event_name":"betterThird:BetterWriting","floor":20,"gold_loss":0},{"damage_healed":0,"gold_gain":0,"player_choice":"Relic","damage_taken":0,"max_hp_gain":0,"max_hp_loss":0,"event_name":"Wheel of Change","floor":27,"gold_loss":0},{"damage_healed":0,"gold_gain":0,"player_choice":"Ignored","damage_taken":0,"max_hp_gain":0,"max_hp_loss":0,"event_name":"Tomb of Lord Red Mask","floor":38,"gold_loss":0},{"damage_healed":0,"gold_gain":0,"player_choice":"Paid Gold","damage_taken":0,"relics_obtained":["aspiration:ChemicalBlood"],"max_hp_gain":0,"max_hp_loss":0,"event_name":"WeMeetAgain","floor":39,"gold_loss":99},{"damage_healed":66,"gold_gain":0,"player_choice":"Heal","damage_taken":0,"max_hp_gain":0,"max_hp_loss":14,"event_name":"The Moai Head","floor":44,"gold_loss":0}],"is_beta":false,"boss_relics":[{"not_picked":["Ooze Armor","Tiny House"],"picked":"SlaversCollar"},{"not_picked":["HailfireSword","energizedSpire:RedRose"],"picked":"Calling Bell"}],"items_purged_floors":[14,28],"is_endless":false,"potions_floor_spawned":[7,12,16,24,25,30,31,37,41],"ascension_level":20}}