{"host":"9jj9tzo2iym4bpat","time":1610578631,"event":{"mods":["Act Like it!","BaseMod","CapriCore","Gensokyo","Luminous","Marisa????????","Minty Spire (QoL Compilation)","Permanent Neow","StSLib","Td1madao Mod","The Animator","The Immortal","The Marked","The Servant 0.9.4"],"gold_per_floor":[121,121,121,121,131,165,179,179,179],"floor_reached":8,"language":"ENG","playtime":624,"items_purged":[],"score":56,"play_id":"1f6e7844-7bcb-459a-b34c-e86bb5ac65ef","local_time":"20210113165711","is_ascension_mode":false,"campfire_choices":[],"circlet_count":0,"master_deck":["animator:Strike_Konosuba","animator:Defend_Konosuba","animator:Strike","animator:Strike","animator:Strike","animator:Defend","animator:Defend","animator:Defend","animator:Kazuma","animator:Aqua","animator:KyokoSakura","animator:SuzuneAmano","animator:KyokoSakura","Gensokyo:CrescentMoonSlash","animator:SakuraMatou","animator:Witch"],"relics":["animator:LivingPicture","animator:TheMissingPiece","Juzu Bracelet","Anchor"],"acts_visited":["Gensokyo:Gensokyo"],"potions_floor_usage":[],"damage_taken":[{"damage":2,"enemies":"Gensokyo:3_Fairies","floor":1,"turns":5},{"damage":6,"enemies":"Gensokyo:Python","floor":5,"turns":3},{"damage":13,"enemies":"Gensokyo:Mamizou","floor":6,"turns":7},{"damage":0,"enemies":"Gensokyo:2_Kodama","floor":7,"turns":3},{"damage":45,"enemies":"Gensokyo:Aya","floor":8,"turns":5}],"seed_played":"4918933194178317715","potions_obtained":[{"floor":1,"key":"FearPotion"},{"floor":5,"key":"Energy Potion"}],"is_trial":false,"path_per_floor":["M","?","$","?","M","E","M","?"],"character_chosen":"THE_ANIMATOR","items_purchased":[],"campfire_rested":0,"item_purchase_floors":[],"current_hp_per_floor":[64,65,65,55,51,40,42,0,0],"gold":179,"neow_bonus":"RANDOM_COMMON_RELIC","is_daily":false,"chose_seed":false,"campfire_upgraded":0,"win_rate":0.0,"timestamp":1610578631,"path_taken":["M","?","$","?","M","E","M","?"],"items_purchased_type":[],"build_version":"2020-12-22","purchased_purges":0,"victory":false,"max_hp_per_floor":[66,67,67,67,67,67,67,67,67],"card_choices":[{"not_picked":["animator:Alexander","animator:Demiurge"],"picked":"animator:KyokoSakura","floor":1},{"not_picked":["animator:CowGirl","animator:Caster"],"picked":"animator:SuzuneAmano","floor":2},{"not_picked":["animator:MumenRider","animator:Tatsumaki"],"picked":"animator:KyokoSakura","floor":2},{"not_picked":["animator:LizardPriest","animator:PandorasActor"],"picked":"animator:SakuraMatou","floor":5},{"not_picked":["animator:SilverFang","animator:PandorasActor"],"picked":"animator:Witch","floor":6}],"player_experience":234339,"relics_obtained":[{"floor":6,"key":"Anchor"}],"event_choices":[],"is_beta":false,"boss_relics":[],"items_purged_floors":[],"is_endless":false,"potions_floor_spawned":[1,5],"killed_by":"Gensokyo:Aya","ascension_level":0}}