{"host":"i0xrm7p89v8es8ob","time":1610545506,"event":{"mods":["ATMod(°¢èªMod)","BaseMod","Minty Spire (QoL Compilation)","Quick Restart","Relic Stats","Replay The Spire","Robot Space Explorer","Spicy Shops","StSLib","vexMod","¡¾ÒÅÎï¿¨ÅÆ¡¿REMEMod"],"gold_per_floor":[112,161,171,184,200,200,264,289,313,313,340,357,21,37,37,142,142,152,171,17,17,31,64,79,7,34,34,54,89,105,116,116,217,217,228,247,6,21,39,39,0,0,27,27,61,76,4,17,17,17],"floor_reached":51,"language":"ZHS","playtime":3603,"items_purged":["Defend_G"],"score":821,"play_id":"a0b6bbd0-8b9d-4bf7-9ff2-973499384c05","local_time":"20210113214506","is_ascension_mode":true,"campfire_choices":[{"data":"AT_KingSlayer","floor":6.0,"key":"SMITH"},{"data":"Distraction","floor":10.0,"key":"SMITH"},{"floor":15.0,"key":"REST"},{"floor":32.0,"key":"REST"},{"floor":40,"key":"REST"},{"data":"REME_LeechingPoison","floor":49,"key":"SMITH"}],"circlet_count":0,"master_deck":["Strike_G","Strike_G","Strike_G","Strike_G","Strike_G","Defend_G","Survivor","Neutralize","ReplayTheSpireMod:From All Sides","AT_KingSlayer+1","AT_WomanClash","Distraction+1","ReplayTheSpireMod:Splinters","Acrobatics","AT_WindRun","Blade Dance","Quick Slash","ReplayTheSpireMod:Scrap Shanks","Footwork","Dash","ReplayTheSpireMod:Scrap Shanks","Acrobatics","Replay:Bag of Tricks","Riddle With Holes+1","Prepared+1","Infinite Blades+1","Infinite Blades+1","Blade Dance","ReplayTheSpireMod:The Works","AT_WindFlip","Necronomicurse","Hidden Blade","Hidden Blade+1","REME_LeechingPoison+1","Finisher+1","AT_ThistleTea+1","AT_ArcaneSupremacy+1","Bane","Neutralize","AT_WindFlip+1"],"relics":["Ring of the Serpent","REME_ComplimentaryCards","AT_ATBox","AT_BladeRuinedKing","PreservedInsect","Replay:Wax Seal","Ancient Tea Set","Blue Candle","Membership Card","Vajra","ReplayFunnel","Empty Cage","DollysMirror","vexMod:BarristanHead","vexMod:PaidLearning","Toy Ornithopter","Necronomicon","Frozen Egg 2","REME_HourglassOfDeath","vexMod:InvisibilityCloak","Thread and Needle","Anchor","Ninja Scroll","Sling"],"acts_visited":["Exordium","TheCity","TheBeyond"],"potions_floor_usage":[50],"damage_taken":[{"damage":0.0,"enemies":"Jaw Worm","floor":1.0,"turns":2.0},{"damage":0.0,"enemies":"2 Louse","floor":3.0,"turns":4.0},{"damage":0.0,"enemies":"Cultist","floor":4.0,"turns":2.0},{"damage":2.0,"enemies":"Blue Slaver","floor":5.0,"turns":3.0},{"damage":0.0,"enemies":"Lagavulin Event","floor":7.0,"turns":5.0},{"damage":13.0,"enemies":"Lagavulin","floor":8.0,"turns":4.0},{"damage":10.0,"enemies":"3 Sentries","floor":11.0,"turns":3.0},{"damage":8.0,"enemies":"Exordium Wildlife","floor":12.0,"turns":2.0},{"damage":0.0,"enemies":"Exordium Thugs","floor":14.0,"turns":4.0},{"damage":0.0,"enemies":"Hexaghost","floor":16.0,"turns":6.0},{"damage":0.0,"enemies":"Chosen","floor":18.0,"turns":2.0},{"damage":2.0,"enemies":"Shell Parasite","floor":19.0,"turns":4.0},{"damage":6.0,"enemies":"Centurion and Healer","floor":22.0,"turns":4.0},{"damage":8.0,"enemies":"Book of Stabbing","floor":23.0,"turns":3.0},{"damage":6.0,"enemies":"Cultist and Chosen","floor":24.0,"turns":4.0},{"damage":4.0,"enemies":"Sentry and Sphere","floor":28.0,"turns":3.0},{"damage":0.0,"enemies":"REME_1_Revenger","floor":29.0,"turns":2.0},{"damage":0.0,"enemies":"Centurion and Healer","floor":30.0,"turns":2.0},{"damage":14.0,"enemies":"Shelled Parasite and Fungi","floor":31.0,"turns":3.0},{"damage":22.0,"enemies":"Champ","floor":33.0,"turns":4.0},{"damage":56.0,"enemies":"3 Shapes","floor":35.0,"turns":4.0},{"damage":8.0,"enemies":"3 Darklings","floor":36.0,"turns":4.0},{"damage":7,"enemies":"Sphere and 2 Shapes","floor":38,"turns":5},{"damage":9,"enemies":"Jaw Worm Horde","floor":39,"turns":4},{"damage":3,"enemies":"R_Hoarder","floor":45,"turns":3},{"damage":0,"enemies":"Transient","floor":46,"turns":4},{"damage":0,"enemies":"Sphere and 2 Shapes","floor":48,"turns":5},{"damage":21,"enemies":"Donu and Deca","floor":50,"turns":4}],"seed_played":"2361508060702508717","potions_obtained":[{"floor":1.0,"key":"SpeedPotion"},{"floor":2.0,"key":"Strength Potion"},{"floor":4.0,"key":"SkillPotion"},{"floor":11.0,"key":"EssenceOfSteel"},{"floor":12.0,"key":"FearPotion"},{"floor":18.0,"key":"Explosive Potion"},{"floor":23.0,"key":"Swift Potion"},{"floor":24.0,"key":"CunningPotion"},{"floor":45,"key":"SpeedPotion"},{"floor":46,"key":"Dexterity Potion"}],"is_trial":false,"path_per_floor":["M","?","M","M","M","R","?","E","T","R","E","M","$","M","R","B",null,"M","M","$","?","M","E","M","$","T","?","M","E","M","M","R","B",null,"M","M","$","M","M","R","$","?","T","?","E","M","$","M","R","B",null],"character_chosen":"THE_SILENT","items_purchased":["Membership Card","Vajra","ReplayTheSpireMod:Scrap Shanks","ReplayFunnel","CunningPotion","Infinite Blades","DollysMirror","vexMod:PaidLearning","REME_HourglassOfDeath","vexMod:InvisibilityCloak","Thread and Needle","AT_ArcaneSupremacy+1","Sling"],"campfire_rested":3,"item_purchase_floors":[13,13,13,13,20,20,20,25,37,37,41,41,47],"current_hp_per_floor":[70,70,70,70,68,68,68,55,55,55,45,37,37,37,58,58,70,70,68,68,68,62,54,48,48,48,32,28,33,33,24,45,23,70,14,46,46,39,30,51,51,51,51,51,48,69,69,69,69,53],"gold":17,"neow_bonus":"TRANSFORM_CARD","is_daily":false,"chose_seed":false,"campfire_upgraded":3,"win_rate":0.0,"timestamp":1610545506,"path_taken":["M","?","M","M","?","R","?","E","T","R","E","M","$","M","R","BOSS","M","M","$","?","M","E","M","?","T","?","M","E","M","M","R","BOSS","M","M","$","M","M","R","$","?","T","?","E","?","?","M","R","BOSS"],"items_purchased_type":["Relic","Relic","Card","Relic","Potion","Card","Relic","Relic","Relic","Relic","Relic","Card","Relic"],"build_version":"2020-12-22","purchased_purges":1,"victory":true,"max_hp_per_floor":[70,70,70,70,70,70,70,70,70,70,70,70,70,70,70,70,70,70,70,70,70,70,70,70,70,70,70,70,70,70,70,70,70,70,70,70,70,70,70,70,70,70,70,70,70,70,70,70,70,70],"relic_stats":{"counters":[28,99],"Blue Candle":[2],"PreservedInsect":213,"Necronomicon":[24],"obtain_stats":[{"ReplayFunnel":13,"AT_ATBox":0,"Vajra":13,"Ancient Tea Set":9,"Empty Cage":17,"Sling":47,"vexMod:InvisibilityCloak":37,"DollysMirror":20,"Ninja Scroll":45,"Necronomicon":27,"Replay:Wax Seal":8,"Ring of the Snake":0,"Blue Candle":11,"Thread and Needle":41,"AT_BladeRuinedKing":2,"PreservedInsect":7,"vexMod:PaidLearning":25,"Frozen Egg 2":29,"Anchor":43,"vexMod:BarristanHead":23,"REME_HourglassOfDeath":37,"Membership Card":13,"Toy Ornithopter":26,"Ring of the Serpent":34,"REME_ComplimentaryCards":0},{"ReplayFunnel":8,"AT_ATBox":0,"Vajra":8,"Ancient Tea Set":6,"Empty Cage":10,"Sling":26,"vexMod:InvisibilityCloak":22,"DollysMirror":12,"Ninja Scroll":25,"Necronomicon":15,"Replay:Wax Seal":6,"Ring of the Snake":0,"Blue Candle":7,"Thread and Needle":24,"AT_BladeRuinedKing":1,"PreservedInsect":5,"vexMod:PaidLearning":15,"Frozen Egg 2":17,"Anchor":24,"vexMod:BarristanHead":14,"REME_HourglassOfDeath":22,"Membership Card":8,"Toy Ornithopter":15,"Ring of the Serpent":20,"REME_ComplimentaryCards":0},{"ReplayFunnel":25,"AT_ATBox":0,"Vajra":25,"Ancient Tea Set":20,"Empty Cage":35,"Sling":90,"vexMod:InvisibilityCloak":74,"DollysMirror":41,"Ninja Scroll":86,"Necronomicon":52,"Replay:Wax Seal":20,"Ring of the Snake":0,"Blue Candle":23,"Thread and Needle":83,"AT_BladeRuinedKing":2,"PreservedInsect":16,"vexMod:PaidLearning":52,"Frozen Egg 2":57,"Anchor":83,"vexMod:BarristanHead":48,"REME_HourglassOfDeath":74,"Membership Card":25,"Toy Ornithopter":52,"Ring of the Serpent":66,"REME_ComplimentaryCards":0}],"Toy Ornithopter":20},"card_choices":[{"not_picked":["Dodge and Roll","Deflect"],"picked":"Distraction","floor":1.0},{"not_picked":["Dagger Throw","Tactician"],"picked":"Acrobatics","floor":2.0},{"not_picked":["Blade Dance","Dagger Throw"],"picked":"AT_WindRun","floor":2.0},{"not_picked":["Deflect","Sucker Punch"],"picked":"Blade Dance","floor":3.0},{"not_picked":["Glass Knife","Underhanded Strike"],"picked":"Quick Slash","floor":4.0},{"not_picked":["Dodge and Roll","Fluid Movement","PiercingWail"],"picked":"SKIP","floor":5.0},{"not_picked":["Predator","Bane"],"picked":"Dodge and Roll","floor":7.0},{"not_picked":["Expertise","Bane"],"picked":"ReplayTheSpireMod:Scrap Shanks","floor":8.0},{"not_picked":["Deflect","REME_CopyPotion"],"picked":"Footwork","floor":11.0},{"not_picked":["Tactician","Prepared"],"picked":"Dash","floor":12.0},{"not_picked":["Deadly Poison","Prepared"],"picked":"Acrobatics","floor":14.0},{"not_picked":["REME_CopyPotion","AT_MyraUnstableElement"],"picked":"Replay:Bag of Tricks","floor":16.0},{"not_picked":["Bane","PiercingWail"],"picked":"Riddle With Holes+1","floor":18.0},{"not_picked":["AT_WindFlip","Slice"],"picked":"Prepared+1","floor":19.0},{"not_picked":["ReplayTheSpireMod:Shiv Toss","Hidden Blade"],"picked":"Blade Dance","floor":22.0},{"not_picked":["Underhanded Strike+1","ReplayTheSpireMod:From All Sides"],"picked":"ReplayTheSpireMod:The Works","floor":23.0},{"not_picked":["Flying Knee","Underhanded Strike"],"picked":"AT_WindFlip","floor":24.0},{"not_picked":["Dodge and Roll","Slice"],"picked":"Hidden Blade","floor":28.0},{"not_picked":["Endless Agony","Flying Knee","AT_KneejerkReflex+1"],"picked":"SKIP","floor":29.0},{"not_picked":["Footwork+1","AT_WomanClash"],"picked":"Hidden Blade+1","floor":30.0},{"not_picked":["Blur","Bane","PiercingWail"],"picked":"SKIP","floor":31.0},{"not_picked":["AT_MyraUnstableElement","REME_CopyPotion"],"picked":"REME_LeechingPoison","floor":33.0},{"not_picked":["Deflect","Flechettes+1","Catalyst"],"picked":"SKIP","floor":35.0},{"not_picked":["AT_WomanClash+1","PiercingWail+1","Poisoned Stab"],"picked":"SKIP","floor":36.0},{"not_picked":["Dodge and Roll","Blade Dance+1"],"picked":"Finisher+1","floor":38},{"not_picked":["Riddle With Holes+1","Acrobatics"],"picked":"AT_ThistleTea+1","floor":39},{"not_picked":["Deflect+1","Corpse Explosion"],"picked":"AT_WindFlip+1","floor":45},{"not_picked":["Sucker Punch","Replay:Poison Smokescreen","PiercingWail"],"picked":"SKIP","floor":46},{"not_picked":["Poisoned Stab+1","Dagger Spray","Bouncing Flask+1"],"picked":"SKIP","floor":48}],"player_experience":54185,"relics_obtained":[{"floor":2.0,"key":"AT_BladeRuinedKing"},{"floor":7.0,"key":"PreservedInsect"},{"floor":8.0,"key":"Replay:Wax Seal"},{"floor":9.0,"key":"Ancient Tea Set"},{"floor":11.0,"key":"Blue Candle"},{"floor":23.0,"key":"vexMod:BarristanHead"},{"floor":26.0,"key":"Toy Ornithopter"},{"floor":27.0,"key":"Necronomicon"},{"floor":29.0,"key":"Frozen Egg 2"},{"floor":43,"key":"Anchor"},{"floor":45,"key":"Ninja Scroll"}],"event_choices":[{"damage_healed":0.0,"max_hp_gain":0.0,"max_hp_loss":0.0,"gold_gain":0.0,"event_name":"Dead Adventurer","player_choice":"Searched \u00271\u0027 times","floor":7.0,"gold_loss":0.0,"damage_taken":0.0},{"damage_healed":0.0,"max_hp_gain":0.0,"max_hp_loss":0.0,"gold_gain":0.0,"event_name":"Cursed Tome","player_choice":"Obtained Book","floor":27.0,"gold_loss":0.0,"damage_taken":16.0},{"cards_removed":["Dodge and Roll"],"damage_healed":0,"gold_gain":0,"player_choice":"Removed Skill","damage_taken":0,"max_hp_gain":0,"max_hp_loss":0,"event_name":"Falling","floor":42,"gold_loss":0},{"damage_healed":0,"gold_gain":0,"player_choice":"2 cards matched","damage_taken":0,"max_hp_gain":0,"max_hp_loss":0,"event_name":"Match and Keep!","floor":44,"gold_loss":0,"cards_obtained":["Bane","Neutralize"]}],"is_beta":false,"boss_relics":[{"not_picked":["vexMod:DeviousBotling","Snecko Scales"],"picked":"Empty Cage"},{"not_picked":["Sozu","vexMod:TanglingVine"],"picked":"Ring of the Serpent"}],"items_purged_floors":[20],"is_endless":false,"potions_floor_spawned":[1,4,11,12,18,23,24,28,45,46],"ascension_level":1}}