{"host":"sum4dy402bbv9y4o","time":1610563874,"event":{"mods":["Aspiration","BaseMod","Conspire","Highlight Path","Minty Spire (QoL Compilation)","StSLib"],"gold_per_floor":[116,116,133,58,105,138,152,152,152,181,29,29,29,44,44,123,123,134,39,49,49,49,49],"floor_reached":22,"language":"ENG","playtime":482,"items_purged":["Strike_P"],"score":484,"play_id":"edc5666b-97be-4bac-aaac-b337203058b7","local_time":"20210113215114","is_ascension_mode":true,"campfire_choices":[{"data":"Eruption","floor":8,"key":"SMITH"},{"data":"Adaptation","floor":12,"key":"SMITH"},{"data":"SashWhip","floor":15,"key":"SMITH"}],"circlet_count":0,"master_deck":["AscendersBane","Strike_P","Strike_P","Strike_P","Defend_P","Defend_P","Defend_P","Defend_P","Eruption+1","Vigilance","CrushJoints","SandsOfTime","Swivel","SashWhip+1","FlyingSleeves","Adaptation+1","MentalFortress","Conclude","MentalFortress","Halt"],"relics":["PureWater","NeowsBlessing","StrikeDummy","PreservedInsect","Tiny Chest","aspiration:HiddenCompartment","Ancient Tea Set","conspire:SpecialSausage","Sundial"],"acts_visited":["Exordium","TheCity"],"potions_floor_usage":[14,14,16,20,22],"damage_taken":[{"damage":0,"enemies":"Small Slimes","floor":1,"turns":1},{"damage":2,"enemies":"2 Louse","floor":3,"turns":2},{"damage":0,"enemies":"Lagavulin","floor":6,"turns":1},{"damage":2,"enemies":"Jaw Worm","floor":7,"turns":2},{"damage":0,"enemies":"Gremlin Nob","floor":10,"turns":2},{"damage":0,"enemies":"Exordium Wildlife","floor":14,"turns":3},{"damage":25,"enemies":"Hexaghost","floor":16,"turns":5},{"damage":25,"enemies":"2 Thieves","floor":18,"turns":4},{"damage":22,"enemies":"3 Byrds","floor":20,"turns":5},{"damage":13,"enemies":"Snake Plant","floor":22,"turns":2}],"seed_played":"2924421968539936990","potions_obtained":[{"floor":6,"key":"AttackPotion"},{"floor":10,"key":"Block Potion"},{"floor":14,"key":"FearPotion"},{"floor":20,"key":"Fire Potion"}],"is_trial":false,"path_per_floor":["M","?","M","?","T","E","M","R","T","E","$","R","?","M","R","B",null,"M","$","M","T","M"],"character_chosen":"WATCHER","items_purchased":["Adaptation","MentalFortress","SkillPotion"],"campfire_rested":0,"item_purchase_floors":[11,19,19],"current_hp_per_floor":[61,61,59,59,59,59,57,57,57,57,57,57,57,57,57,32,59,34,34,12,12,0,0],"gold":49,"neow_bonus":"THREE_ENEMY_KILL","is_daily":false,"chose_seed":false,"campfire_upgraded":3,"win_rate":0.0,"timestamp":1610563874,"path_taken":["M","?","M","?","?","E","?","R","T","E","?","R","?","M","R","BOSS","M","$","M","?","M"],"items_purchased_type":["Card","Card","Potion"],"build_version":"2020-12-22","purchased_purges":1,"victory":false,"max_hp_per_floor":[68,68,68,68,68,68,68,68,68,68,68,68,68,68,68,68,68,68,68,68,68,68,68],"card_choices":[{"not_picked":["ThirdEye","CutThroughFate"],"picked":"CrushJoints","floor":1},{"not_picked":["PathToVictory","ThirdEye"],"picked":"SandsOfTime","floor":3},{"not_picked":["Crescendo","Vault"],"picked":"Swivel","floor":6},{"not_picked":["Protect","Study"],"picked":"SashWhip","floor":7},{"not_picked":["Study","Prostrate"],"picked":"FlyingSleeves","floor":10},{"not_picked":["Meditate","CarveReality"],"picked":"MentalFortress","floor":14},{"not_picked":["DeceiveReality","EmptyFist"],"picked":"Conclude","floor":18},{"not_picked":["ClearTheMind","WaveOfTheHand"],"picked":"Halt","floor":20}],"player_experience":2938355,"relics_obtained":[{"floor":5,"key":"PreservedInsect"},{"floor":6,"key":"Tiny Chest"},{"floor":9,"key":"aspiration:HiddenCompartment"},{"floor":10,"key":"Ancient Tea Set"},{"floor":21,"key":"Sundial"}],"event_choices":[{"damage_healed":0,"gold_gain":0,"player_choice":"Box","damage_taken":0,"relics_obtained":["StrikeDummy"],"max_hp_gain":0,"max_hp_loss":0,"event_name":"Big Fish","floor":2,"gold_loss":0,"cards_obtained":["Regret"]},{"cards_removed":["Regret"],"damage_healed":0,"gold_gain":0,"player_choice":"Card Removal","damage_taken":0,"max_hp_gain":0,"max_hp_loss":0,"event_name":"The Cleric","floor":4,"gold_loss":75},{"damage_healed":0,"gold_gain":0,"player_choice":"Ignored","damage_taken":0,"max_hp_gain":0,"max_hp_loss":0,"event_name":"Golden Idol","floor":13,"gold_loss":0}],"is_beta":false,"boss_relics":[{"not_picked":["aspiration:PoetsPen","Velvet Choker"],"picked":"conspire:SpecialSausage"}],"items_purged_floors":[11],"is_endless":false,"potions_floor_spawned":[6,10,14,20],"killed_by":"Snake Plant","ascension_level":20}}