{"host":"8by3m8mve9y2rhh4","time":1610541517,"event":{"mods":["BaseMod","Minty Spire (QoL Compilation)","Quick Restart"],"gold_per_floor":[110,128,142,155,80,114,114,149,149,160,160,160,34,48,48,172,172,186,38,57,77,96,130,45,98,110,156,168,221,233,284,296,439,451,478,490,502,514,545,557,604,616,655,711,748,23,38,53,53,53,53],"floor_reached":50,"language":"ENG","playtime":3343,"items_purged":["Strike_G","Strike_G","Strike_G","Strike_G"],"score":663,"play_id":"4607bacf-9bf2-4597-8f05-32f77a695851","local_time":"20210113123837","is_ascension_mode":true,"campfire_choices":[{"floor":7,"key":"REST"},{"floor":12,"key":"RECALL"},{"floor":15,"key":"REST"},{"floor":28,"key":"REST"},{"floor":30,"key":"REST"},{"data":"After Image","floor":32,"key":"SMITH"},{"data":"Envenom","floor":40,"key":"SMITH"},{"floor":42,"key":"REST"},{"data":"A Thousand Cuts","floor":49,"key":"SMITH"}],"circlet_count":0,"master_deck":["Strike_G","Defend_G","Defend_G","Defend_G","Defend_G+1","Defend_G","Survivor","Neutralize","Dagger Throw","Flying Knee","Dagger Throw","Sucker Punch","Quick Slash","Flying Knee","After Image+1","A Thousand Cuts+1","Acrobatics","Dodge and Roll+1","Dash+1","Envenom+1","Dodge and Roll+1","Noxious Fumes","Footwork"],"relics":["HoveringKite","Ornamental Fan","Blood Vial","Bag of Marbles","Golden Idol","Busted Crown","The Courier","MawBank","WingedGreaves","Toy Ornithopter","Eternal Feather","Mercury Hourglass","Pantograph","WristBlade","Centennial Puzzle","Bronze Scales","Smiling Mask","War Paint","Lee\u0027s Waffle","Ginger"],"acts_visited":["Exordium","TheCity","TheBeyond"],"potions_floor_usage":[6,8,16,21,25,25,25,27,41,44,44,50],"damage_taken":[{"damage":0,"enemies":"Cultist","floor":1,"turns":5},{"damage":0,"enemies":"Small Slimes","floor":2,"turns":4},{"damage":0,"enemies":"Jaw Worm","floor":3,"turns":5},{"damage":0,"enemies":"Blue Slaver","floor":4,"turns":4},{"damage":24,"enemies":"Lagavulin","floor":6,"turns":8},{"damage":18,"enemies":"3 Sentries","floor":8,"turns":11},{"damage":0,"enemies":"Exordium Wildlife","floor":10,"turns":2},{"damage":0,"enemies":"Exordium Thugs","floor":14,"turns":3},{"damage":24,"enemies":"Hexaghost","floor":16,"turns":14},{"damage":4,"enemies":"Chosen","floor":18,"turns":5},{"damage":15,"enemies":"2 Thieves","floor":20,"turns":4},{"damage":9,"enemies":"Chosen and Byrds","floor":21,"turns":8},{"damage":11,"enemies":"Snake Plant","floor":22,"turns":6},{"damage":8,"enemies":"Gremlin Leader","floor":23,"turns":8},{"damage":5,"enemies":"Slavers","floor":25,"turns":6},{"damage":16,"enemies":"Gremlin Leader","floor":27,"turns":10},{"damage":14,"enemies":"Slavers","floor":29,"turns":6},{"damage":4,"enemies":"Gremlin Leader","floor":31,"turns":7},{"damage":15,"enemies":"Champ","floor":33,"turns":15},{"damage":10,"enemies":"3 Shapes","floor":35,"turns":4},{"damage":0,"enemies":"Orb Walker","floor":39,"turns":3},{"damage":41,"enemies":"Giant Head","floor":41,"turns":10},{"damage":9,"enemies":"Reptomancer","floor":44,"turns":9},{"damage":0,"enemies":"4 Shapes","floor":47,"turns":6},{"damage":0,"enemies":"Writhing Mass","floor":48,"turns":8},{"damage":74,"enemies":"Time Eater","floor":50,"turns":12}],"seed_played":"-888075730164892128","potions_obtained":[{"floor":3,"key":"Swift Potion"},{"floor":6,"key":"Strength Potion"},{"floor":8,"key":"PowerPotion"},{"floor":10,"key":"BlessingOfTheForge"},{"floor":20,"key":"Swift Potion"},{"floor":21,"key":"LiquidBronze"},{"floor":22,"key":"SteroidPotion"},{"floor":25,"key":"AttackPotion"},{"floor":31,"key":"Poison Potion"},{"floor":39,"key":"BlessingOfTheForge"},{"floor":41,"key":"LiquidMemories"},{"floor":47,"key":"PowerPotion"}],"is_trial":false,"path_per_floor":["M","M","M","M","$","E","R","E","T","M","?","R","$","M","R","B",null,"M","$","M","M","M","E","?","E","T","E","R","E","R","E","R","B",null,"M","?","?","?","M","R","E","R","T","E","T","$","M","M","R","B"],"character_chosen":"THE_SILENT","items_purchased":["Flying Knee","Acrobatics","GhostInAJar","Noxious Fumes","War Paint","Footwork","Lee\u0027s Waffle","Ginger"],"campfire_rested":5,"item_purchase_floors":[13,19,46,46,46,46,46,46],"current_hp_per_floor":[70,70,70,70,70,46,67,49,49,51,51,51,51,53,65,41,65,61,61,48,41,32,26,26,23,23,14,45,33,64,61,65,50,65,55,55,55,55,57,62,21,51,51,53,53,69,69,69,69,0,0],"gold":53,"neow_bonus":"BOSS_RELIC","is_daily":false,"chose_seed":false,"campfire_upgraded":3,"win_rate":0.0,"timestamp":1610541517,"path_taken":["M","M","?","M","$","E","R","E","T","M","?","R","$","M","R","BOSS","M","$","M","M","M","E","?","E","T","E","R","E","R","E","R","BOSS","M","?","?","?","?","R","E","R","T","E","?","$","M","M","R","BOSS"],"items_purchased_type":["Card","Card","Potion","Card","Relic","Card","Relic","Relic"],"build_version":"2020-12-22","purchased_purges":4,"victory":false,"max_hp_per_floor":[70,70,70,70,70,70,70,70,70,70,65,65,65,65,65,65,65,65,65,65,65,65,65,65,65,65,65,65,65,65,65,65,65,65,65,62,62,62,62,62,62,62,62,62,62,69,69,69,69,69,69],"card_choices":[{"not_picked":["Slice","Prepared"],"picked":"Dagger Throw","floor":1},{"not_picked":["Prepared","Catalyst"],"picked":"Flying Knee","floor":2},{"not_picked":["Deflect","Catalyst"],"picked":"Dagger Throw","floor":3},{"not_picked":["Flying Knee","Cloak And Dagger"],"picked":"PiercingWail","floor":4},{"not_picked":["Underhanded Strike","Flying Knee","Acrobatics"],"picked":"SKIP","floor":6},{"not_picked":["Tactician","Expertise"],"picked":"Sucker Punch","floor":8},{"not_picked":["Flechettes","Concentrate"],"picked":"Quick Slash","floor":10},{"not_picked":["Deadly Poison","Cloak And Dagger"],"picked":"After Image","floor":14},{"not_picked":["Envenom","Storm of Steel"],"picked":"A Thousand Cuts","floor":16},{"not_picked":["Well Laid Plans+1"],"picked":"SKIP","floor":18},{"not_picked":[],"picked":"Dodge and Roll","floor":20},{"not_picked":["Deadly Poison"],"picked":"SKIP","floor":21},{"not_picked":["Finisher"],"picked":"SKIP","floor":22},{"not_picked":["Poisoned Stab"],"picked":"SKIP","floor":23},{"not_picked":[],"picked":"Dash+1","floor":25},{"not_picked":["Bane+1"],"picked":"SKIP","floor":27},{"not_picked":["Deflect"],"picked":"SKIP","floor":29},{"not_picked":["Outmaneuver"],"picked":"SKIP","floor":31},{"not_picked":[],"picked":"Envenom","floor":33},{"not_picked":["Flying Knee"],"picked":"SKIP","floor":35},{"not_picked":[],"picked":"Dodge and Roll+1","floor":39},{"not_picked":["Well Laid Plans+1"],"picked":"SKIP","floor":41},{"not_picked":["Dodge and Roll"],"picked":"SKIP","floor":44},{"not_picked":["Outmaneuver+1"],"picked":"SKIP","floor":47},{"not_picked":["Dagger Throw+1"],"picked":"SKIP","floor":48}],"player_experience":697941,"relics_obtained":[{"floor":6,"key":"Ornamental Fan"},{"floor":8,"key":"Blood Vial"},{"floor":9,"key":"Bag of Marbles"},{"floor":23,"key":"The Courier"},{"floor":25,"key":"WingedGreaves"},{"floor":26,"key":"Toy Ornithopter"},{"floor":27,"key":"Eternal Feather"},{"floor":29,"key":"Mercury Hourglass"},{"floor":31,"key":"Pantograph"},{"floor":41,"key":"Centennial Puzzle"},{"floor":44,"key":"Bronze Scales"},{"floor":45,"key":"Smiling Mask"}],"event_choices":[{"damage_healed":0,"gold_gain":0,"player_choice":"Lose Max HP","damage_taken":0,"relics_obtained":["Golden Idol"],"max_hp_gain":0,"max_hp_loss":5,"event_name":"Golden Idol","floor":11,"gold_loss":0},{"damage_healed":0,"gold_gain":0,"player_choice":"Obtained Relic","damage_taken":0,"relics_obtained":["MawBank"],"max_hp_gain":0,"max_hp_loss":0,"event_name":"Addict","floor":24,"gold_loss":85},{"damage_healed":0,"gold_gain":0,"player_choice":"Max HP","damage_taken":0,"max_hp_gain":0,"max_hp_loss":3,"event_name":"Winding Halls","floor":36,"gold_loss":0},{"damage_healed":0,"gold_gain":0,"player_choice":"Ignored","damage_taken":0,"max_hp_gain":0,"max_hp_loss":0,"event_name":"Tomb of Lord Red Mask","floor":37,"gold_loss":0},{"cards_removed":["PiercingWail"],"damage_healed":0,"gold_gain":0,"player_choice":"Removed Skill","damage_taken":0,"max_hp_gain":0,"max_hp_loss":0,"event_name":"Falling","floor":38,"gold_loss":0}],"is_beta":false,"boss_relics":[{"not_picked":["Cursed Key","Coffee Dripper"],"picked":"Busted Crown"},{"not_picked":["Snecko Eye","Velvet Choker"],"picked":"WristBlade"}],"items_purged_floors":[5,13,19,46],"is_endless":false,"potions_floor_spawned":[3,6,8,10,20,21,22,25,31,39,41,47],"killed_by":"Time Eater","ascension_level":1}}