{"host":"04hh9gplt9wkfmr1","time":1610556306,"event":{"mods":["AchievementEnabler","BaseMod","Colored Map","KOR Keyword Fix","Minty Spire (QoL Compilation)","Rare Cards Sparkle","SuperFastMode"],"gold_per_floor":[111,122,297,309,321,321,331,358,382,382,393,428,428,428,428,528,528,544,544,469,531,581,581,614,664,664],"floor_reached":25,"language":"KOR","playtime":638,"items_purged":["Doubt"],"score":266,"play_id":"0915acca-e092-4747-85a4-758811a67731","local_time":"20210114014506","is_ascension_mode":true,"campfire_choices":[{"data":"Dualcast","floor":6,"key":"SMITH"},{"data":"Zap","floor":10,"key":"SMITH"},{"floor":13,"key":"REST"},{"floor":15,"key":"REST"},{"data":"Echo Form","floor":23,"key":"SMITH"}],"circlet_count":0,"master_deck":["Strike_B","Strike_B","Strike_B+1","Strike_B","Defend_B","Defend_B","Defend_B","Defend_B","Zap+1","Dualcast+1","Leap","Cold Snap","Ball Lightning","Stack","Core Surge+1","Electrodynamics+1","Echo Form+1","Hologram","Core Surge"],"relics":["Cracked Core","Potion Belt","Art of War","Toy Ornithopter","Black Star","SsserpentHead","Bag of Marbles","MealTicket"],"acts_visited":["Exordium","TheCity"],"potions_floor_usage":[7,18,24],"damage_taken":[{"damage":2,"enemies":"Jaw Worm","floor":1,"turns":4},{"damage":10,"enemies":"2 Louse","floor":2,"turns":3},{"damage":1,"enemies":"Cultist","floor":4,"turns":4},{"damage":1,"enemies":"Looter","floor":5,"turns":4},{"damage":0,"enemies":"Lots of Slimes","floor":7,"turns":1},{"damage":36,"enemies":"3 Sentries","floor":8,"turns":9},{"damage":9,"enemies":"Large Slime","floor":11,"turns":5},{"damage":18,"enemies":"Lagavulin","floor":12,"turns":8},{"damage":22,"enemies":"Slime Boss","floor":16,"turns":9},{"damage":21,"enemies":"Shell Parasite","floor":18,"turns":4},{"damage":2,"enemies":"Chosen","floor":21,"turns":4},{"damage":41,"enemies":"Gremlin Leader","floor":24,"turns":8},{"damage":30,"enemies":"Centurion and Healer","floor":25,"turns":2}],"seed_played":"2113759148892112710","potions_obtained":[{"floor":4,"key":"AttackPotion"},{"floor":11,"key":"EssenceOfDarkness"},{"floor":12,"key":"SkillPotion"}],"is_trial":false,"path_per_floor":["M","M","?","M","M","R","M","E","T","R","M","E","R","?","R","B",null,"M","?","$","M","?","R","E","M"],"character_chosen":"DEFECT","items_purchased":[],"campfire_rested":2,"item_purchase_floors":[],"current_hp_per_floor":[80,70,70,69,68,68,68,32,32,32,23,5,29,13,37,15,82,61,61,61,59,59,59,23,0,0],"gold":664,"neow_bonus":"TEN_PERCENT_HP_BONUS","is_daily":false,"chose_seed":false,"campfire_upgraded":3,"win_rate":0.0,"timestamp":1610556306,"path_taken":["M","M","?","M","M","R","M","E","T","R","M","E","R","?","R","BOSS","M","?","$","?","?","R","E","?"],"items_purchased_type":[],"build_version":"2020-12-22","purchased_purges":1,"victory":false,"max_hp_per_floor":[82,82,82,82,82,82,82,82,82,82,82,82,82,82,82,82,82,82,82,82,82,82,82,82,82,82],"card_choices":[{"not_picked":["Turbo","Steam","Coolheaded"],"picked":"SKIP","floor":1},{"not_picked":["Beam Cell","Sweeping Beam"],"picked":"Leap","floor":2},{"not_picked":["Streamline","Barrage"],"picked":"Cold Snap","floor":4},{"not_picked":["Go for the Eyes","Compile Driver"],"picked":"Ball Lightning","floor":5},{"not_picked":["Rebound","Go for the Eyes"],"picked":"Stack","floor":7},{"not_picked":["Steam","Steam Power","Auto Shields"],"picked":"SKIP","floor":8},{"not_picked":["Streamline","Rebound"],"picked":"Core Surge","floor":11},{"not_picked":["Redo","Recycle"],"picked":"Electrodynamics","floor":12},{"not_picked":["Amplify","Biased Cognition"],"picked":"Echo Form","floor":16},{"not_picked":["Turbo","Rebound"],"picked":"Hologram","floor":18},{"not_picked":["Streamline+1","Darkness+1","Beam Cell"],"picked":"SKIP","floor":21},{"not_picked":["Blizzard","Recycle"],"picked":"Core Surge","floor":24}],"player_experience":23947,"relics_obtained":[{"floor":8,"key":"Potion Belt"},{"floor":9,"key":"Art of War"},{"floor":12,"key":"Toy Ornithopter"},{"floor":24,"key":"Bag of Marbles"},{"floor":24,"key":"MealTicket"}],"event_choices":[{"damage_healed":0,"gold_gain":175,"player_choice":"AGREE","damage_taken":0,"max_hp_gain":0,"max_hp_loss":0,"event_name":"Liars Game","floor":3,"gold_loss":0,"cards_obtained":["Doubt"]},{"damage_healed":0,"gold_gain":0,"player_choice":"Entered Light","damage_taken":16,"max_hp_gain":0,"max_hp_loss":0,"event_name":"Shining Light","floor":14,"gold_loss":0,"cards_upgraded":["Strike_B","Core Surge"]},{"damage_healed":0,"gold_gain":0,"player_choice":"Trade","damage_taken":0,"relics_obtained":["SsserpentHead"],"max_hp_gain":0,"max_hp_loss":0,"event_name":"FaceTrader","floor":19,"gold_loss":0},{"damage_healed":0,"gold_gain":0,"player_choice":"Upgraded","damage_taken":0,"max_hp_gain":0,"max_hp_loss":0,"event_name":"Upgrade Shrine","floor":22,"gold_loss":0,"cards_upgraded":["Electrodynamics"]}],"is_beta":false,"boss_relics":[{"not_picked":["FrozenCore","Ectoplasm"],"picked":"Black Star"}],"items_purged_floors":[20],"is_endless":false,"potions_floor_spawned":[4,11,12],"killed_by":"Centurion and Healer","ascension_level":3}}