{"host":"qy7jow5usmjkdnnq","time":1610573971,"event":{"mods":["BaseMod","Colored Map","Downfall","Minty Spire (QoL Compilation)","Permanent Neow","Relic Stats","StSLib"],"gold_per_floor":[99,119,138,138,138,123,123,153,27,46,46,46,46,6,17,17,17],"floor_reached":16,"language":"ENG","playtime":1111,"items_purged":["Writhe"],"score":206,"play_id":"3b086ad6-af2a-4207-9342-fd3eb310ee47","local_time":"20210113223931","is_ascension_mode":true,"campfire_choices":[{"floor":1.0,"key":"RECALL"},{"data":"bronze:Repulsor","floor":11,"key":"SMITH"},{"data":"bronze:BronzeOrb","floor":13,"key":"SMITH"}],"circlet_count":0,"master_deck":["bronze:Strike","bronze:Strike","bronze:Strike","bronze:Defend","bronze:Defend","bronze:Defend","bronze:Defend","bronze:Replicate+1","bronze:Goto","bronze:Iterate","bronze:Deprecate","Shame","Shame","downfall:Bewildered","bronze:BronzeOrb+1","downfall:Aged","bronze:FineTuning","bronze:Refactor","bronze:Repulsor+1","bronze:Turbo","Clumsy","bronze:GetLatest","bronze:BuggyMess","bronze:Branch+1"],"relics":["bronze:BronzeCore","Cursed Key","Meat on the Bone","Odd Mushroom","Molten Egg 2"],"acts_visited":["Exordium"],"potions_floor_usage":[16],"damage_taken":[{"damage":0.0,"enemies":"Cultist","floor":2.0,"turns":3.0},{"damage":7.0,"enemies":"Small Slimes","floor":3.0,"turns":2.0},{"damage":1.0,"enemies":"downfall:FleeingMerchant","floor":6.0,"turns":4.0},{"damage":49,"enemies":"The Mushroom Lair","floor":8,"turns":6},{"damage":5,"enemies":"downfall:FleeingMerchant","floor":9,"turns":4},{"damage":19,"enemies":"Jaw Worm","floor":10,"turns":6},{"damage":5,"enemies":"downfall:FleeingMerchant","floor":14,"turns":4},{"damage":9,"enemies":"Exordium Wildlife","floor":15,"turns":3},{"damage":45,"enemies":"downfall:Silent","floor":16,"turns":7}],"seed_played":"-3617017818490622857","potions_obtained":[{"floor":2.0,"key":"Fruit Juice"},{"floor":3.0,"key":"sneckomod:MuddlingPotion"},{"floor":15,"key":"bronze:FreeFunctionsPotion"}],"is_trial":false,"path_per_floor":["R","M","M","?","?","$","T","?","$","M","R","T","R","$","M","B"],"character_chosen":"THE_AUTOMATON","items_purchased":["bronze:Repulsor","bronze:BuggyMess"],"campfire_rested":0,"item_purchase_floors":[9,14],"current_hp_per_floor":[70,70,63,63,63,62,62,25,32,25,25,25,25,32,35,0,0],"gold":17,"neow_bonus":"UPGRADE_CARD","is_daily":false,"chose_seed":false,"campfire_upgraded":2,"win_rate":0.0,"timestamp":1610573971,"path_taken":["R","M","M","?","?","$","T","?","?","M","R","?","R","$","M","BOSS"],"items_purchased_type":["Card","Card"],"build_version":"2020-12-22","purchased_purges":1,"victory":false,"max_hp_per_floor":[70,70,70,70,70,70,70,70,70,70,70,70,70,70,70,75,75],"relic_stats":{"counters":[9,39],"Cursed Key":2,"obtain_stats":[{"bronze:BronzeCore":0,"Molten Egg 2":12,"Odd Mushroom":8,"Cursed Key":4,"Meat on the Bone":7},{"bronze:BronzeCore":0,"Molten Egg 2":6,"Odd Mushroom":4,"Cursed Key":2,"Meat on the Bone":3},{"bronze:BronzeCore":0,"Molten Egg 2":25,"Odd Mushroom":15,"Cursed Key":5,"Meat on the Bone":9}],"Meat on the Bone":60},"card_choices":[{"not_picked":["bronze:Repulsor","bronze:BuggyMess"],"picked":"bronze:Iterate","floor":2.0},{"not_picked":["bronze:Invalidate","bronze:BugBarrage"],"picked":"bronze:Deprecate","floor":3.0},{"not_picked":["bronze:BuggyMess","bronze:Hardcode"],"picked":"bronze:BronzeOrb","floor":6},{"not_picked":["bronze:Turbo","bronze:Frontload"],"picked":"bronze:FineTuning","floor":8},{"not_picked":["bronze:DelayedSlice","bronze:CutThrough"],"picked":"bronze:Refactor","floor":9},{"not_picked":["bronze:WhirlingStrike","bronze:Separator"],"picked":"bronze:Turbo","floor":10},{"not_picked":["bronze:ClassDefault","bronze:Repulsor"],"picked":"bronze:GetLatest","floor":14},{"not_picked":["bronze:ItsAFeature","bronze:Fortify+1"],"picked":"bronze:Branch+1","floor":15}],"player_experience":616627,"relics_obtained":[{"floor":7,"key":"Meat on the Bone"},{"floor":8,"key":"Odd Mushroom"},{"floor":12,"key":"Molten Egg 2"}],"event_choices":[{"damage_healed":0,"gold_gain":0,"player_choice":"Fought Mushrooms","damage_taken":0,"max_hp_gain":0,"max_hp_loss":0,"event_name":"Mushrooms","floor":8,"gold_loss":0}],"is_beta":false,"boss_relics":[],"items_purged_floors":[9],"is_endless":false,"potions_floor_spawned":[2,3,15],"killed_by":"downfall:Silent","ascension_level":4}}