{"host":"usrgk25etjl0nf5i","time":1610511696,"event":{"mods":["2.2 Compatiblity","BaseMod","Downfall","Hubris","Minty Spire (QoL Compilation)","StSLib","SuperFastMode"],"gold_per_floor":[115,115,133,133,146,178,178,211,236,236,266,280,280,298,298,396,396,408,36,311,328,346,373,373,400,400,400,400,400],"floor_reached":28,"language":"ENG","playtime":1042,"items_purged":[],"score":452,"play_id":"a9237924-cf82-4c96-a9b2-38b86df76b78","local_time":"20210112202136","is_ascension_mode":true,"campfire_choices":[{"data":"Genetic Algorithm","floor":7,"key":"SMITH"},{"floor":10,"key":"REST"},{"floor":13,"key":"REST"},{"floor":15,"key":"REST"},{"data":"Defragment","floor":24,"key":"SMITH"}],"circlet_count":0,"master_deck":["AscendersBane","Electrodynamics","Strike_B","Strike_B","Strike_B","Strike_B","Defend_B","Defend_B","Defend_B","Defend_B","Zap","Dualcast","Barrage","Genetic Algorithm","Force Field","Pain","Ball Lightning","Genetic Algorithm+1","Steam Power","Defragment+1","Storm","Seek","Leap+1","hubris:Ukulele","Loop","BootSequence","Ball Lightning","RitualDagger"],"relics":["Cracked Core","hubris:Towel","WarpedTongs","Pen Nib","hubris:MedicalManual","Omamori","Matryoshka","Cursed Key","FossilizedHelix","Art of War","White Beast Statue","hubris:GlazedTorus","Nunchaku"],"acts_visited":["Exordium","TheCity"],"potions_floor_usage":[6,8,11,16,23,25,28],"damage_taken":[{"damage":2,"enemies":"2 Louse","floor":1,"turns":3},{"damage":7,"enemies":"Jaw Worm","floor":3,"turns":4},{"damage":3,"enemies":"Cultist","floor":5,"turns":4},{"damage":10,"enemies":"Lagavulin","floor":6,"turns":5},{"damage":23,"enemies":"Gremlin Nob","floor":8,"turns":4},{"damage":27,"enemies":"3 Sentries","floor":11,"turns":5},{"damage":7,"enemies":"2 Fungi Beasts","floor":12,"turns":3},{"damage":1,"enemies":"Red Slaver","floor":14,"turns":3},{"damage":8,"enemies":"Slime Boss","floor":16,"turns":7},{"damage":10,"enemies":"3 Byrds","floor":18,"turns":3},{"damage":3,"enemies":"2 Thieves","floor":21,"turns":4},{"damage":8,"enemies":"Centurion and Healer","floor":22,"turns":5},{"damage":1,"enemies":"Slavers","floor":23,"turns":3},{"damage":12,"enemies":"Book of Stabbing","floor":25,"turns":4},{"damage":28,"enemies":"Gremlin Leader","floor":28,"turns":2}],"seed_played":"-4077023325840287772","potions_obtained":[{"floor":1,"key":"PowerPotion"},{"floor":3,"key":"Strength Potion"},{"floor":8,"key":"Energy Potion"},{"floor":14,"key":"LiquidMemories"},{"floor":16,"key":"FocusPotion"},{"floor":21,"key":"ColorlessPotion"},{"floor":23,"key":"SpeedPotion"}],"is_trial":false,"path_per_floor":["M","?","M","?","M","E","R","E","T","R","E","M","R","M","R","B",null,"M","$","?","M","M","E","R","E","T","?","E"],"character_chosen":"DEFECT","items_purchased":["FossilizedHelix","hubris:Ukulele"],"campfire_rested":3,"item_purchase_floors":[19,19],"current_hp_per_floor":[66,66,59,59,56,46,46,23,23,45,18,11,33,32,54,46,68,58,58,58,55,47,46,46,34,34,28,0,0],"gold":400,"neow_bonus":"THREE_CARDS","is_daily":false,"chose_seed":false,"campfire_upgraded":2,"win_rate":0.0,"timestamp":1610511696,"path_taken":["M","?","M","?","M","E","R","E","T","R","E","M","R","?","R","BOSS","M","$","?","?","M","E","R","E","T","?","E"],"items_purchased_type":["Relic","Card"],"build_version":"2020-12-22","purchased_purges":0,"victory":false,"max_hp_per_floor":[75,75,75,75,75,75,75,75,75,75,75,75,75,75,75,75,75,75,75,75,75,75,75,75,75,75,75,75,75],"card_choices":[{"not_picked":["Hologram","Leap"],"picked":"Barrage","floor":0},{"not_picked":["Cold Snap","Hologram"],"picked":"Genetic Algorithm","floor":1},{"not_picked":["Redo","Gash"],"picked":"Force Field","floor":3},{"not_picked":["Streamline","Steam"],"picked":"Ball Lightning","floor":5},{"not_picked":["Leap","Machine Learning"],"picked":"Genetic Algorithm","floor":6},{"not_picked":["Conserve Battery","Coolheaded"],"picked":"Steam Power","floor":8},{"not_picked":["Multi-Cast","Sunder"],"picked":"Defragment","floor":11},{"not_picked":["Steam","Compile Driver"],"picked":"Storm","floor":12},{"not_picked":["Scrape","Sweeping Beam","Tempest"],"picked":"SKIP","floor":14},{"not_picked":["Meteor Strike","Multi-Cast"],"picked":"Seek","floor":16},{"not_picked":["Coolheaded+1","Gash"],"picked":"Leap+1","floor":18},{"not_picked":["Steam","Tempest","hubris:PowerSurge"],"picked":"SKIP","floor":21},{"not_picked":["Rebound+1","Recycle"],"picked":"Loop","floor":22},{"not_picked":["Loop","Meteor Strike"],"picked":"BootSequence","floor":23},{"not_picked":["Rebound","Go for the Eyes"],"picked":"Ball Lightning","floor":25}],"player_experience":634144,"relics_obtained":[{"floor":6,"key":"Pen Nib"},{"floor":8,"key":"hubris:MedicalManual"},{"floor":9,"key":"Omamori"},{"floor":11,"key":"Matryoshka"},{"floor":23,"key":"Art of War"},{"floor":25,"key":"White Beast Statue"},{"floor":26,"key":"hubris:GlazedTorus"},{"floor":26,"key":"Nunchaku"}],"event_choices":[{"damage_healed":0,"gold_gain":0,"player_choice":"Rummage","damage_taken":0,"relics_obtained":["WarpedTongs"],"max_hp_gain":0,"max_hp_loss":0,"event_name":"Accursed Blacksmith","floor":4,"gold_loss":0,"cards_obtained":["Pain"]},{"damage_healed":0,"gold_gain":275,"player_choice":"Desecrate","damage_taken":0,"max_hp_gain":0,"max_hp_loss":0,"event_name":"Golden Shrine","floor":20,"gold_loss":0,"cards_obtained":["Regret"]},{"damage_healed":0,"gold_gain":0,"player_choice":"Joined the Cult","damage_taken":6,"max_hp_gain":0,"max_hp_loss":0,"event_name":"Nest","floor":27,"gold_loss":0,"cards_obtained":["RitualDagger"]}],"is_beta":false,"boss_relics":[{"not_picked":["SlaversCollar","hubris:ScarierMask"],"picked":"Cursed Key"}],"items_purged_floors":[],"is_endless":false,"potions_floor_spawned":[1,3,8,14,16,21,23],"killed_by":"Gremlin Leader","ascension_level":10}}