{"host":"t4313i2190y6fz3q","time":1610577358,"event":{"mods":["2.2 Compatiblity","AchievementEnabler","Act Like it!","BaseMod","Colored Powertips","Downfall","Highlight Path","Minty Spire (QoL Compilation)","Permanent Neow","Quick Restart","Rare Cards Sparkle","StSLib"],"gold_per_floor":[111,111,132,145,170,170,186,186,186,217,217,255,255,288,288,411,411,427,446,446,466,466,466,64,100,126,164,178,178,197,213,213,334,334,358,374,446,169,188,188,207,207,285,285,285,316,341,0,0,0],"floor_reached":51,"language":"ENG","playtime":2155,"items_purged":["Defend_G","Strike_G"],"score":1168,"play_id":"7931559b-faf8-4abe-bef3-ea80fd4bb4b6","local_time":"20210113143558","is_ascension_mode":true,"campfire_choices":[{"floor":11.0,"key":"REST"},{"data":"Dash","floor":13.0,"key":"SMITH"},{"floor":15.0,"key":"DIG"},{"floor":23.0,"key":"DIG"},{"floor":29.0,"key":"DIG"},{"floor":32.0,"key":"DIG"},{"floor":40.0,"key":"DIG"},{"floor":42.0,"key":"DIG"},{"floor":44.0,"key":"DIG"},{"floor":49.0,"key":"DIG"}],"circlet_count":0,"master_deck":["AscendersBane","Strike_G","Strike_G","Strike_G","Defend_G+1","Defend_G","Defend_G","Defend_G","Survivor","Neutralize+1","Backstab","Deadly Poison","Dagger Throw","Bane","Sucker Punch","Footwork","Dash+1","Malaise","Glass Knife","Well Laid Plans","Footwork","Dodge and Roll+1","Dodge and Roll","Envenom","Blade Dance","Cloak And Dagger","After Image","Caltrops","Backstab+1"],"relics":["Ring of the Snake","Golden Idol","White Beast Statue","Mercury Hourglass","Turnip","HornCleat","Matryoshka","Shovel","Tiny Chest","Fusion Hammer","Lizard Tail","Bird Faced Urn","Anchor","Smiling Mask","Vajra","Bronze Scales","Tingsha","Shuriken","HoveringKite","Juzu Bracelet","Ornamental Fan","HandDrill","Ancient Tea Set","The Courier","Pantograph","Calipers","Bag of Marbles","Red Mask","War Paint"],"acts_visited":["Exordium","TheCity","TheBeyond"],"potions_floor_usage":[50,50,50],"damage_taken":[{"damage":3.0,"enemies":"2 Louse","floor":1.0,"turns":3.0},{"damage":4.0,"enemies":"Jaw Worm","floor":3.0,"turns":3.0},{"damage":0.0,"enemies":"Small Slimes","floor":4.0,"turns":3.0},{"damage":7.0,"enemies":"Exordium Wildlife","floor":5.0,"turns":5.0},{"damage":14.0,"enemies":"Exordium Thugs","floor":7.0,"turns":5.0},{"damage":2.0,"enemies":"3 Sentries","floor":10.0,"turns":5.0},{"damage":1.0,"enemies":"Lagavulin","floor":12.0,"turns":4.0},{"damage":0.0,"enemies":"Gremlin Nob","floor":14.0,"turns":3.0},{"damage":7.0,"enemies":"Slime Boss","floor":16.0,"turns":12.0},{"damage":5.0,"enemies":"2 Thieves","floor":18.0,"turns":4.0},{"damage":8.0,"enemies":"Spheric Guardian","floor":19.0,"turns":4.0},{"damage":0.0,"enemies":"Snake Plant","floor":21.0,"turns":5.0},{"damage":4.0,"enemies":"Book of Stabbing","floor":25.0,"turns":7.0},{"damage":18.0,"enemies":"Gremlin Leader","floor":27.0,"turns":8.0},{"damage":3.0,"enemies":"Snecko","floor":28.0,"turns":4.0},{"damage":3.0,"enemies":"Cultist and Chosen","floor":30.0,"turns":5.0},{"damage":5.0,"enemies":"Snake Plant","floor":31.0,"turns":3.0},{"damage":32.0,"enemies":"Champ","floor":33.0,"turns":12.0},{"damage":0.0,"enemies":"Orb Walker","floor":35.0,"turns":3.0},{"damage":0.0,"enemies":"3 Shapes","floor":36.0,"turns":3.0},{"damage":0.0,"enemies":"Jaw Worm Horde","floor":39.0,"turns":2.0},{"damage":29.0,"enemies":"3 Darklings","floor":41.0,"turns":6.0},{"damage":9.0,"enemies":"Reptomancer","floor":46.0,"turns":8.0},{"damage":4.0,"enemies":"Spire Growth","floor":47.0,"turns":4.0},{"damage":46,"enemies":"Time Eater","floor":50,"turns":15}],"seed_played":"6525720014577793842","potions_obtained":[{"floor":1.0,"key":"Block Potion"},{"floor":3.0,"key":"Strength Potion"},{"floor":7.0,"key":"champ:CounterPotion"},{"floor":10.0,"key":"Explosive Potion"},{"floor":12.0,"key":"SteroidPotion"},{"floor":14.0,"key":"Fruit Juice"},{"floor":16.0,"key":"SkillPotion"},{"floor":18.0,"key":"GhostInAJar"},{"floor":25.0,"key":"Strength Potion"},{"floor":27.0,"key":"SteroidPotion"},{"floor":28.0,"key":"SteroidPotion"},{"floor":30.0,"key":"Explosive Potion"},{"floor":31.0,"key":"AttackPotion"},{"floor":33.0,"key":"SkillPotion"},{"floor":35.0,"key":"GamblersBrew"},{"floor":36.0,"key":"Weak Potion"},{"floor":39.0,"key":"Fruit Juice"},{"floor":41.0,"key":"AttackPotion"},{"floor":46.0,"key":"Guardian:BlockOnCardUsePotion"},{"floor":47.0,"key":"Regen Potion"}],"is_trial":false,"path_per_floor":["M","?","M","M","M","?","M","T","T","E","R","E","R","E","R","B",null,"M","M","?","M","?","R","$","E","T","E","M","R","M","M","R","B",null,"M","M","T","$","M","R","M","R","T","R","?","E","M","?","R","B",null],"character_chosen":"THE_SILENT","items_purchased":["Bird Faced Urn","Dodge and Roll","HandDrill","Caltrops"],"campfire_rested":1,"item_purchase_floors":[24,24,38,38],"current_hp_per_floor":[60,60,56,56,49,37,23,23,23,21,40,39,39,39,39,32,57,57,49,49,49,49,49,49,51,51,39,40,40,45,46,46,22,58,62,68,68,68,75,75,52,52,52,52,52,55,57,57,57,44],"gold":0,"neow_bonus":"UPGRADE_CARD","is_daily":false,"chose_seed":false,"campfire_upgraded":1,"win_rate":0.0,"timestamp":1610577358,"path_taken":["M","?","M","M","M","?","M","?","T","E","R","E","R","E","R","BOSS","M","M","?","M","?","R","$","E","T","E","M","R","M","?","R","BOSS","M","M","?","$","M","R","M","R","T","R","?","E","M","?","R","BOSS"],"items_purchased_type":["Relic","Card","Relic","Card"],"build_version":"2020-12-22","purchased_purges":2,"victory":true,"max_hp_per_floor":[70,65,65,65,65,65,65,65,65,65,65,65,65,65,65,65,65,70,70,70,70,70,70,70,70,70,70,70,70,70,70,70,70,70,70,70,70,70,75,75,75,75,75,75,71,71,71,71,71,71],"card_choices":[{"not_picked":["Cloak And Dagger","Choke"],"picked":"Backstab","floor":1.0},{"not_picked":["Calculated Gamble","Eviscerate"],"picked":"Deadly Poison","floor":3.0},{"not_picked":["Terror","Blade Dance"],"picked":"Dagger Throw","floor":4.0},{"not_picked":["Outmaneuver","Quick Slash"],"picked":"Bane","floor":5.0},{"not_picked":["Skewer","Slice"],"picked":"Sucker Punch","floor":7.0},{"not_picked":["Dagger Spray","Cloak And Dagger"],"picked":"Footwork","floor":10.0},{"not_picked":["Choke","Cloak And Dagger"],"picked":"Dash","floor":12.0},{"not_picked":["Finisher","Accuracy"],"picked":"Malaise","floor":14.0},{"not_picked":["Burst","Bullet Time"],"picked":"Glass Knife","floor":16.0},{"not_picked":["PiercingWail","Masterful Stab","Expertise+1"],"picked":"SKIP","floor":18.0},{"not_picked":["Slice","Outmaneuver"],"picked":"Well Laid Plans","floor":19.0},{"not_picked":["Flying Knee","Underhanded Strike","Poisoned Stab"],"picked":"SKIP","floor":21.0},{"not_picked":["Accuracy","Bane"],"picked":"Dodge and Roll","floor":25.0},{"not_picked":["Grand Finale","Cloak And Dagger+1"],"picked":"Envenom","floor":27.0},{"not_picked":["Underhanded Strike","Slice","Endless Agony"],"picked":"SKIP","floor":28.0},{"not_picked":["Slice","Underhanded Strike"],"picked":"Blade Dance","floor":30.0},{"not_picked":["Deadly Poison","Poisoned Stab"],"picked":"Cloak And Dagger","floor":31.0},{"not_picked":["Night Terror","Burst"],"picked":"After Image","floor":33.0},{"not_picked":["Acrobatics","Endless Agony+1","Prepared+1"],"picked":"SKIP","floor":35.0},{"not_picked":["Poisoned Stab+1","Dagger Spray+1","Sucker Punch"],"picked":"SKIP","floor":36.0},{"not_picked":["Dash+1","Outmaneuver+1","Deflect+1"],"picked":"SKIP","floor":39.0},{"not_picked":["PiercingWail+1","Concentrate","Infinite Blades+1"],"picked":"SKIP","floor":41.0},{"not_picked":["Acrobatics","Blade Dance"],"picked":"Backstab+1","floor":46.0},{"not_picked":["Acrobatics+1","Cloak And Dagger","Blade Dance"],"picked":"SKIP","floor":47.0}],"player_experience":207922,"relics_obtained":[{"floor":8.0,"key":"Mercury Hourglass"},{"floor":9.0,"key":"Turnip"},{"floor":10.0,"key":"HornCleat"},{"floor":12.0,"key":"Matryoshka"},{"floor":14.0,"key":"Shovel"},{"floor":15.0,"key":"Tiny Chest"},{"floor":23.0,"key":"Lizard Tail"},{"floor":25.0,"key":"Anchor"},{"floor":26.0,"key":"Smiling Mask"},{"floor":26.0,"key":"Vajra"},{"floor":27.0,"key":"Bronze Scales"},{"floor":29.0,"key":"Tingsha"},{"floor":32.0,"key":"Shuriken"},{"floor":37.0,"key":"Juzu Bracelet"},{"floor":37.0,"key":"Ornamental Fan"},{"floor":40.0,"key":"Ancient Tea Set"},{"floor":42.0,"key":"The Courier"},{"floor":43.0,"key":"Pantograph"},{"floor":44.0,"key":"Calipers"},{"floor":46.0,"key":"Bag of Marbles"},{"floor":49.0,"key":"War Paint"}],"event_choices":[{"damage_healed":0.0,"max_hp_gain":0.0,"max_hp_loss":5.0,"gold_gain":0.0,"event_name":"Golden Idol","player_choice":"Lose Max HP","floor":2.0,"gold_loss":0.0,"damage_taken":0.0,"relics_obtained":["Golden Idol"]},{"damage_healed":0.0,"max_hp_gain":0.0,"max_hp_loss":0.0,"gold_gain":0.0,"event_name":"Scrap Ooze","player_choice":"Success","floor":6.0,"gold_loss":0.0,"damage_taken":12.0,"relics_obtained":["White Beast Statue"]},{"damage_healed":0.0,"max_hp_gain":0.0,"max_hp_loss":0.0,"gold_gain":0.0,"event_name":"The Library","player_choice":"Read","floor":20.0,"gold_loss":0.0,"damage_taken":0.0,"cards_obtained":["Footwork"]},{"cards_removed":["Strike_G"],"damage_healed":0.0,"max_hp_gain":0.0,"max_hp_loss":0.0,"gold_gain":0.0,"event_name":"Purifier","player_choice":"Purged","floor":22.0,"gold_loss":0.0,"damage_taken":0.0},{"damage_healed":0.0,"max_hp_gain":0.0,"max_hp_loss":4.0,"gold_gain":0.0,"event_name":"Winding Halls","player_choice":"Max HP","floor":45.0,"gold_loss":0.0,"damage_taken":0.0},{"damage_healed":0.0,"max_hp_gain":0.0,"max_hp_loss":0.0,"gold_gain":0.0,"event_name":"Tomb of Lord Red Mask","player_choice":"Paid","floor":48.0,"gold_loss":341.0,"damage_taken":0.0,"relics_obtained":["Red Mask"]}],"is_beta":false,"boss_relics":[{"not_picked":["Tiny House","Runic Dome"],"picked":"Fusion Hammer"},{"not_picked":["Cursed Key","Velvet Choker"],"picked":"HoveringKite"}],"items_purged_floors":[24,38],"is_endless":false,"potions_floor_spawned":[1,3,7,10,12,14,16,18,19,21,25,27,28,30,31,33,35,36,39,41,46,47],"ascension_level":10}}