{"host":"mmqs5ul2bvb60kyc","time":1610513572,"event":{"mods":["AchievementEnabler","BaseMod","Colored Map","Hermit","Minty Spire (QoL Compilation)","Quick Restart","Remilia£®¿Ÿ√◊¿Ú—«£©","StSLib","[IsaacMod]“‘»ˆº‚À˛"],"gold_per_floor":[119,44,126,145,152,152,159,176,200,200,227,227,256,298,298,416,416,435,461,218,308,308,308],"floor_reached":22,"language":"ZHS","playtime":935,"items_purged":["hermit:Strike_Hermit","hermit:Strike_Hermit","hermit:TrackingShot"],"score":234,"play_id":"8adae975-48e3-4911-8596-b5547cf1bf3f","local_time":"20210113125252","is_ascension_mode":false,"campfire_choices":[{"data":"hermit:WideOpen","floor":6.0,"key":"SMITH"},{"data":"hermit:Covet","floor":10.0,"key":"SMITH"},{"floor":12.0,"key":"RECALL"},{"data":"hermit:Gestalt","floor":15.0,"key":"SMITH"}],"circlet_count":0,"master_deck":["hermit:Strike_Hermit","hermit:Defend_Hermit+1","hermit:Defend_Hermit","hermit:Defend_Hermit","hermit:Defend_Hermit","hermit:Snapshot+1","hermit:Covet+1","hermit:WideOpen+1","hermit:Gestalt+1","hermit:Enervate","hermit:OverwhelmingPower","hermit:CursedWeapon","hermit:Shortfuse","hermit:EyeOfTheStorm","hermit:Enervate"],"relics":["hermit:Momento","HushsDoor","SalivaCoin","NeowsBlessing","Orichalcum","MealTicket","Black Star","GuppysCollar","Akabeko","Juzu Bracelet","SteamSale"],"acts_visited":["Exordium","TheCity"],"potions_floor_usage":[21],"damage_taken":[{"damage":0.0,"enemies":"Small Slimes","floor":1.0,"turns":1.0},{"damage":1.0,"enemies":"Jaw Worm","floor":4.0,"turns":2.0},{"damage":0.0,"enemies":"2 Louse","floor":8.0,"turns":1.0},{"damage":8.0,"enemies":"Exordium Wildlife","floor":13.0,"turns":5.0},{"damage":2.0,"enemies":"Lagavulin","floor":14.0,"turns":6.0},{"damage":0.0,"enemies":"Slime Boss","floor":16.0,"turns":7.0},{"damage":2.0,"enemies":"Chosen","floor":18.0,"turns":4.0},{"damage":0.0,"enemies":"Spheric Guardian","floor":19.0,"turns":4.0},{"damage":18,"enemies":"Snake Plant","floor":21,"turns":6},{"damage":0,"enemies":"Cultist and Chosen","floor":22,"turns":2}],"seed_played":"-1051871341990464270","potions_obtained":[{"floor":4.0,"key":"Energy Potion"},{"floor":13.0,"key":"Fire Potion"},{"floor":16.0,"key":"Dexterity Potion"},{"floor":19.0,"key":"AttackPotion"}],"is_trial":false,"path_per_floor":["M","$","?","M","?","R","?","M","T","R","T","R","M","E","R","B",null,"M","M","$","M","M"],"character_chosen":"HERMIT","items_purchased":["hermit:CursedWeapon","GuppysCollar","Damocles","FairyPotion","SteamSale","hermit:Enervate"],"campfire_rested":0,"item_purchase_floors":[17,17,17,17,20,20],"current_hp_per_floor":[75,75,64,63,48,48,41,41,41,41,41,41,33,31,31,31,40,38,38,40,10,10,10],"gold":308,"neow_bonus":"THREE_ENEMY_KILL","is_daily":false,"chose_seed":false,"campfire_upgraded":3,"win_rate":0.0,"timestamp":1610513572,"path_taken":["M","$","?","M","?","R","?","M","T","R","?","R","M","E","R","BOSS","M","M","$","M","M"],"items_purchased_type":["Card","Relic","Relic","Potion","Relic","Card"],"build_version":"2020-12-22","purchased_purges":3,"victory":false,"max_hp_per_floor":[75,75,75,75,75,75,75,75,75,75,75,75,75,75,75,75,40,40,40,40,40,40,40],"card_choices":[{"not_picked":[],"picked":"Bomb","floor":0.0},{"not_picked":["hermit:Ricochet","hermit:Manifest"],"picked":"hermit:TrackingShot","floor":1.0},{"not_picked":["hermit:TrackingShot","hermit:Headshot"],"picked":"hermit:WideOpen","floor":4.0},{"not_picked":["hermit:DeadMansHand","hermit:TrackingShot","hermit:PistolWhip"],"picked":"SKIP","floor":8.0},{"not_picked":["hermit:Snipe","hermit:TakeCover"],"picked":"hermit:Gestalt","floor":13.0},{"not_picked":["hermit:TakeCover","hermit:Manifest"],"picked":"hermit:Enervate","floor":14.0},{"not_picked":["hermit:FromBeyond","hermit:BlackWind"],"picked":"hermit:OverwhelmingPower","floor":16.0},{"not_picked":["hermit:Manifest","hermit:Headshot"],"picked":"hermit:Shortfuse","floor":18.0},{"not_picked":["hermit:Showdown","hermit:Deadeye"],"picked":"hermit:EyeOfTheStorm","floor":19.0},{"not_picked":["hermit:Feint","hermit:Snipe","hermit:Roulette+1"],"picked":"SKIP","floor":21}],"player_experience":252298,"relics_obtained":[{"floor":9.0,"key":"Orichalcum"},{"floor":14.0,"key":"MealTicket"},{"floor":18.0,"key":"Akabeko"},{"floor":19.0,"key":"Juzu Bracelet"}],"event_choices":[{"damage_healed":0.0,"max_hp_gain":0.0,"max_hp_loss":0.0,"gold_gain":75.0,"event_name":"World of Goop","player_choice":"Gather Gold","floor":3.0,"gold_loss":0.0,"damage_taken":11.0},{"damage_healed":0.0,"max_hp_gain":0.0,"max_hp_loss":0.0,"gold_gain":0.0,"event_name":"Shining Light","player_choice":"Entered Light","floor":5.0,"gold_loss":0.0,"damage_taken":15.0,"cards_upgraded":["hermit:Snapshot","hermit:Defend_Hermit"]},{"cards_removed":["hermit:Strike_Hermit"],"damage_healed":0.0,"max_hp_gain":0.0,"max_hp_loss":0.0,"gold_gain":0.0,"event_name":"Golden Wing","player_choice":"Card Removal","floor":7.0,"gold_loss":0.0,"damage_taken":7.0}],"is_beta":false,"boss_relics":[{"not_picked":["Velvet Choker","ChampionBelt"],"picked":"Black Star"},{"not_picked":[]}],"items_purged_floors":[2,17,20],"is_endless":false,"potions_floor_spawned":[4,13,16,19],"killed_by":"Cultist and Chosen","ascension_level":0}}