{"host":"y193d0agu1dp5x1y","time":1610511843,"event":{"mods":["BaseMod","Googly Eyes","Minty Spire (QoL Compilation)"],"gold_per_floor":[110,127,26,26,36,36,51,51,98,63,63,96,106,106,106,106,106],"floor_reached":16,"language":"ENG","playtime":567,"items_purged":["Scrape"],"score":100,"play_id":"62f828fc-b322-43fa-adbe-43a4710f9422","local_time":"20210112222403","is_ascension_mode":false,"campfire_choices":[{"data":"Zap","floor":6,"key":"SMITH"},{"data":"Undo","floor":11,"key":"SMITH"},{"floor":15,"key":"REST"}],"circlet_count":0,"master_deck":["Strike_B","Strike_B","Strike_B","Strike_B","Defend_B+1","Defend_B","Defend_B","Defend_B","Zap+1","Dualcast","Go for the Eyes","Conserve Battery","Undo+1","Barrage+1","Seek","Sweeping Beam"],"relics":["Cracked Core","NeowsBlessing","Juzu Bracelet","Happy Flower","Centennial Puzzle","Incense Burner"],"acts_visited":["Exordium"],"potions_floor_usage":[],"damage_taken":[{"damage":0,"enemies":"Jaw Worm","floor":1,"turns":1},{"damage":0,"enemies":"2 Louse","floor":2,"turns":1},{"damage":0,"enemies":"Small Slimes","floor":5,"turns":1},{"damage":7,"enemies":"3 Louse","floor":7,"turns":5},{"damage":21,"enemies":"3 Sentries","floor":12,"turns":10},{"damage":14,"enemies":"Exordium Thugs","floor":13,"turns":5},{"damage":0,"enemies":"The Guardian","floor":16,"turns":1}],"seed_played":"1581344950137624858","potions_obtained":[{"floor":1,"key":"FocusPotion"},{"floor":2,"key":"GamblersBrew"},{"floor":12,"key":"Energy Potion"}],"is_trial":false,"path_per_floor":["M","M","$","?","M","R","M","?","T","?","R","E","M","?","R","B"],"character_chosen":"DEFECT","items_purchased":["Conserve Battery"],"campfire_rested":1,"item_purchase_floors":[3],"current_hp_per_floor":[75,75,75,68,68,68,61,46,46,64,64,43,29,29,51,51,51],"gold":106,"neow_bonus":"THREE_ENEMY_KILL","is_daily":false,"chose_seed":false,"campfire_upgraded":2,"win_rate":0.0,"timestamp":1610511843,"path_taken":["M","M","$","?","M","R","M","?","T","?","R","E","M","?","R","BOSS"],"items_purchased_type":["Card"],"build_version":"2020-12-22","purchased_purges":1,"victory":false,"max_hp_per_floor":[75,75,75,75,75,75,75,75,75,75,75,75,75,75,75,75,75],"card_choices":[{"not_picked":["Recycle","Sweeping Beam"],"picked":"Go for the Eyes","floor":1},{"not_picked":["Double Energy","Cold Snap"],"picked":"Scrape","floor":2},{"not_picked":["Tempest","Compile Driver"],"picked":"Undo","floor":5},{"not_picked":["Sweeping Beam","Streamline"],"picked":"Barrage","floor":7},{"not_picked":["Aggregate","Cold Snap"],"picked":"Seek","floor":12},{"not_picked":["Steam Power","Tempest"],"picked":"Sweeping Beam","floor":13}],"player_experience":65377,"relics_obtained":[{"floor":9,"key":"Happy Flower"},{"floor":12,"key":"Centennial Puzzle"}],"event_choices":[{"damage_healed":0,"gold_gain":0,"player_choice":"Success","damage_taken":7,"relics_obtained":["Juzu Bracelet"],"max_hp_gain":0,"max_hp_loss":0,"event_name":"Scrap Ooze","floor":4,"gold_loss":0},{"damage_healed":0,"gold_gain":0,"player_choice":"Entered Light","damage_taken":15,"max_hp_gain":0,"max_hp_loss":0,"event_name":"Shining Light","floor":8,"gold_loss":0,"cards_upgraded":["Barrage","Defend_B"]},{"damage_healed":18,"gold_gain":0,"player_choice":"Healed","damage_taken":0,"max_hp_gain":0,"max_hp_loss":0,"event_name":"The Cleric","floor":10,"gold_loss":35},{"damage_healed":0,"gold_gain":0,"player_choice":"Gave Potion","damage_taken":0,"relics_obtained":["Incense Burner"],"max_hp_gain":0,"max_hp_loss":0,"event_name":"WeMeetAgain","floor":14,"gold_loss":0}],"is_beta":false,"boss_relics":[],"items_purged_floors":[3],"is_endless":false,"potions_floor_spawned":[1,2,12],"killed_by":"The Guardian","ascension_level":0}}