{"host":"a1eatafr7pisesky","time":1610536419,"event":{"mods":["AchievementEnabler","BaseMod","Colored Map","Keyboard Shortcuts","Minty Spire (QoL Compilation)","Say the Spire","StSLib","SuperFastMode","everything is the same but u backflip on backflip"],"gold_per_floor":[111,124,124,143,143,143,176,126,126,126,138,155,6,0,0,97,97,114,38,51,70,70,70],"floor_reached":22,"language":"KOR","playtime":601,"items_purged":[],"score":260,"play_id":"ef330898-bf16-408e-ae46-18fa6904fd02","local_time":"20210113201339","is_ascension_mode":true,"campfire_choices":[{"data":"Strike_B","floor":6.0,"key":"PURGE"},{"floor":10.0,"key":"REST"},{"data":"1","floor":15.0,"key":"LIFT"}],"circlet_count":0,"master_deck":["Strike_B","Defend_B","Defend_B","Defend_B","Defend_B","Zap","Dualcast","Core Surge","FTL","Defragment","Coolheaded","Consume","Recycle","Ball Lightning","Seek","CurseOfTheBell","Sweeping Beam+1","Storm","White Noise","Coolheaded"],"relics":["Cracked Core","Peace Pipe","Happy Flower","Girya","Lantern","Calling Bell","Art of War","Pear","Thread and Needle"],"acts_visited":["Exordium","TheCity"],"potions_floor_usage":[22],"damage_taken":[{"damage":12.0,"enemies":"2 Louse","floor":1.0,"turns":3.0},{"damage":7.0,"enemies":"Jaw Worm","floor":2.0,"turns":3.0},{"damage":0.0,"enemies":"Small Slimes","floor":4.0,"turns":2.0},{"damage":17.0,"enemies":"Gremlin Nob","floor":7.0,"turns":5.0},{"damage":8.0,"enemies":"Blue Slaver","floor":11.0,"turns":4.0},{"damage":4.0,"enemies":"Exordium Thugs","floor":12.0,"turns":6.0},{"damage":7.0,"enemies":"Looter","floor":14.0,"turns":4.0},{"damage":19.0,"enemies":"Hexaghost","floor":16.0,"turns":13.0},{"damage":17.0,"enemies":"Spheric Guardian","floor":18.0,"turns":4.0},{"damage":21.0,"enemies":"3 Byrds","floor":20.0,"turns":3.0},{"damage":12.0,"enemies":"Centurion and Healer","floor":21.0,"turns":4.0},{"damage":15,"enemies":"3 Cultists","floor":22,"turns":3}],"seed_played":"-5539936739915987123","potions_obtained":[{"floor":1.0,"key":"SkillPotion"},{"floor":4.0,"key":"DuplicationPotion"},{"floor":12.0,"key":"EssenceOfSteel"},{"floor":16.0,"key":"PowerPotion"},{"floor":18.0,"key":"LiquidBronze"},{"floor":20.0,"key":"Fire Potion"}],"is_trial":false,"path_per_floor":["M","M","?","M","?","R","E","?","T","R","M","M","$","M","R","B",null,"M","$","M","M","M"],"character_chosen":"DEFECT","items_purchased":["Lantern","Storm"],"campfire_rested":1,"item_purchase_floors":[13,19],"current_hp_per_floor":[56,49,46,46,39,39,22,22,22,42,34,30,30,23,23,4,62,45,45,24,12,0,0],"gold":70,"neow_bonus":"THREE_RARE_CARDS","is_daily":false,"chose_seed":false,"campfire_upgraded":0,"win_rate":0.0,"timestamp":1610536419,"path_taken":["M","M","?","M","?","R","E","?","T","R","?","M","?","M","R","BOSS","M","$","M","M","M"],"items_purchased_type":["Relic","Card"],"build_version":"2020-12-22","purchased_purges":0,"victory":false,"max_hp_per_floor":[68,68,68,68,68,68,68,68,68,68,68,68,68,68,68,68,78,78,78,78,78,78,78],"card_choices":[{"not_picked":["Fission","Seek"],"picked":"Core Surge","floor":0.0},{"not_picked":["Hello World","Leap"],"picked":"FTL","floor":1.0},{"not_picked":["Hologram","Stack"],"picked":"Defragment","floor":2.0},{"not_picked":["Conserve Battery","Stack","Steam"],"picked":"SKIP","floor":4.0},{"not_picked":["Hello World","Conserve Battery"],"picked":"Coolheaded","floor":7.0},{"not_picked":["Redo","Coolheaded"],"picked":"Consume","floor":11.0},{"not_picked":["Redo","Reinforced Body"],"picked":"Recycle","floor":12.0},{"not_picked":["Go for the Eyes","Compile Driver"],"picked":"Ball Lightning","floor":14.0},{"not_picked":["Fission","Multi-Cast"],"picked":"Seek","floor":16.0},{"not_picked":["Streamline+1","Ball Lightning"],"picked":"Sweeping Beam+1","floor":18.0},{"not_picked":["Doom and Gloom","Gash"],"picked":"White Noise","floor":20.0},{"not_picked":["Turbo","Sweeping Beam"],"picked":"Coolheaded","floor":21.0}],"player_experience":311532,"relics_obtained":[{"floor":7.0,"key":"Happy Flower"},{"floor":9.0,"key":"Girya"},{"floor":17.0,"key":"Art of War"},{"floor":17.0,"key":"Pear"},{"floor":17.0,"key":"Thread and Needle"}],"event_choices":[{"damage_healed":0.0,"max_hp_gain":0.0,"max_hp_loss":0.0,"gold_gain":0.0,"event_name":"Scrap Ooze","player_choice":"Success","floor":3.0,"gold_loss":0.0,"damage_taken":3.0,"relics_obtained":["Peace Pipe"]},{"cards_removed":["Strike_B"],"damage_healed":0.0,"max_hp_gain":0.0,"max_hp_loss":0.0,"gold_gain":0.0,"event_name":"Golden Wing","player_choice":"Card Removal","floor":5.0,"gold_loss":0.0,"damage_taken":7.0},{"cards_removed":["Strike_B"],"damage_healed":0.0,"max_hp_gain":0.0,"max_hp_loss":0.0,"gold_gain":0.0,"event_name":"The Cleric","player_choice":"Card Removal","floor":8.0,"gold_loss":50.0,"damage_taken":0.0}],"is_beta":false,"boss_relics":[{"not_picked":["SacredBark","Empty Cage"],"picked":"Calling Bell"}],"items_purged_floors":[],"is_endless":false,"potions_floor_spawned":[1,4,12,16,18,20],"killed_by":"3 Cultists","ascension_level":8}}