{"host":"tne4ru9orcvptaml","time":1610563497,"event":{"mods":["ATMod(°¢èªMod)","Act Like it!","Ascension Reborn","Ascension Unlocker","Aspiration","BaseMod","BetterRewards","CapriCore","Colored Powertips","Conspire","Dota2Spire","Friendly Minions","Gensokyo","GungeonMod","KinomotoSakuraMod(Ä¾Ö®±¾Ó£)","Mari Mod (Legacy)","Mari\u0027s V1 Patch","Marisa£¨ìFÓê¡¡Ä§ÀíÉ³£©","Minty Spire (QoL Compilation)","MostiFishMod","Pale of the Ancients","Permanent Neow","Quick Restart","Replay The Spire","Robot Space Explorer","RumiaBox-Â¶Ã×æ«µÄÉñÃØºÐ×Ó","SIMod","Shop Mod","Spicy Shops","StSLib","TestMod","The Alterego","The Animator","The Gatherer","The Immortal","Treasure Hunter","Uncapped","Waifu the Spire","Yakumo Yukari mod","noobMod","¡¾¹¦ÄÜMod¡¿»ìãçÖ®»·ÐÞ¸´²¹¶¡","¡¾ÒÅÎï¿¨ÅÆ¡¿REMEMod","óô»ðÖ¸ÄÏ"],"gold_per_floor":[122,158,180,180,25,65,65,65,65,83,467,507,226,226,226,340,340,359,409,421,441,441,478,478,83,114,145,100,122,122,144,144,499,499,871,781,781,591,591,591,622,651,745,745,745,21,58,74,74,433,433,452,465,794,454,454,705,52,52,52,52],"floor_reached":62,"language":"ZHS","playtime":2034,"items_purged":["Clumsy"],"score":2303,"play_id":"3fb220f1-e74a-4662-acfc-879f3c2221c3","local_time":"20210114024457","is_ascension_mode":true,"campfire_choices":[{"floor":7.0,"key":"RECALL"},{"floor":15,"key":"DIG"},{"floor":32,"key":"DIG"},{"floor":40,"key":"DIG"},{"floor":44,"key":"DIG"},{"floor":49,"key":"DIG"},{"floor":56,"key":"DIG"}],"circlet_count":0,"master_deck":["RobotSpaceExplorer:Strike+1","RobotSpaceExplorer:Strike+1","RobotSpaceExplorer:Strike+1","RobotSpaceExplorer:Strike+1","RobotSpaceExplorer:Defend+1","RobotSpaceExplorer:Defend+1","RobotSpaceExplorer:Scan+1","RobotSpaceExplorer:MiniLasers+1","Violence","AT_DrawKnifeCut+1","RobotSpaceExplorer:TrailblazerForm+1","TH:Mimic","RobotSpaceExplorer:LuckyStrike+1","TH:Mimic","TH:CursedSword","RobotSpaceExplorer:ScrapMissile","RobotSpaceExplorer:ScrapMissile","RobotSpaceExplorer:ShovelStrike","TH:EnergyPotion","RobotSpaceExplorer:Ammunition+1","Gensokyo:SummonYinYangFox","RobotSpaceExplorer:Explosion","TH:EnergyPotion","RobotSpaceExplorer:JunkDive+1","RobotSpaceExplorer:ScrapMissile","RobotSpaceExplorer:ShovelStrike","RobotSpaceExplorer:MakeshiftVolley+1","RobotSpaceExplorer:Probe+1","RobotSpaceExplorer:ScrapMissile+1","RobotSpaceExplorer:SurgingStrike+1","TH:CopperCoins","RobotSpaceExplorer:ShockMissile+1","TH:CopperCoins+1","TH:TreasureMap+1","RobotSpaceExplorer:Ammunition+1","RobotSpaceExplorer:Probe+1","RobotSpaceExplorer:ScrapToss+1","RobotSpaceExplorer:ImprovisedAttack+1","RobotSpaceExplorer:ScrapMissile+1","TH:DeckOfManyThings+1","RobotSpaceExplorer:ShockMissile+1","RobotSpaceExplorer:FranticSearch+1","Gensokyo:CustomPotion","TH:TreasureMap+1","RobotSpaceExplorer:Probe+1","TH:TreasureMap+1","TH:TreasureMap+1","RobotSpaceExplorer:ChargingLaser+1","RobotSpaceExplorer:LuckyStrike+1","RobotSpaceExplorer:FrostMissile+1","RobotSpaceExplorer:Reload+1","RobotSpaceExplorer:Reload+1","TH:TreasureMap+1","RobotSpaceExplorer:Wormhole+1","RobotSpaceExplorer:Probe+1","RobotSpaceExplorer:Probe+1","RobotSpaceExplorer:Ammunition+1","RobotSpaceExplorer:StunGrenade+1","RobotSpaceExplorer:StunGrenade+1","RobotSpaceExplorer:Probe+1","RobotSpaceExplorer:ShovelStrike+1","RobotSpaceExplorer:ShovelStrike+1","TH:CopperCoins+1"],"relics":["RobotSpaceExplorer:RoboCore","ice","testmod-TestBox","DaveBox","REME_ComplimentaryCards","AT_ATBox","Civilization","testmod-Justice","NeowsBlessing","SynthV:TestCard","Dota2Spire:BlackKingBar","Shovel","DemoMod:PartiallyEatenCheese","Prayer Wheel","Peace Pipe","AT_RedTearstoneRing","Dota2Spire:BladeMail","aspiration:Lifesprig","Technique","Gensokyo:NagashiBinaDoll","aspiration:DSix","DemoMod:WhiteGuonStone","aspiration:RandomNobGenerator","MoreBug","Gensokyo:Companionship","The Courier","Molten Egg 2","DemoMod:GlassGuonStoneRelic","Golden Egg","BirthdayGift-Tetrahedron","Ying","Whetstone","Dota2Spire:EchoSabre","Smiling Mask","Dota2Spire:ShadowBlade","Blue Doll","Boot","SoulBox","testmod-Charity","BranchBurnRelic","Omamori","ReplayTheSpireMod:TigerMarble","AT_BladeRuinedKing","Dota2Spire:ArcaneBoots","DemoMod:WeirdEgg","aspiration:StickyExplosives","AT_Kusabimaru","Ring of Searing","Ring of Fangs","BargainBundle","GodSword6","Blood Vial","Chemical X","Toy Ornithopter","testmod-AssaultLearning","Replay:Bandana","AT_ChloranthyRing","AT_LudenTempest","testmod-OneHitWonder","testmod-TurbochargingSystem","paleoftheancients:Timepiece","paleoftheancients:KeyRelic","Orichalcum","Gremlin Horn","TungstenRod","AT_BellDemon","GodSword4","testmod-Hope","CombinedTypeHook","paleoftheancients:SoulOfTheBandit","SynthV:C4","ZombieArmy","ReplayTheSpireMod:Lightbulb","GodSword5","testmod-ThousandKnives","AT_SpeedBoots","Onion Ring"],"acts_visited":["Gensokyo:Gensokyo","Gensokyo:Gensokyoer","Gensokyo:Gensokyoest","paleoftheancients:PaleOfTheAncients"],"potions_floor_usage":[],"damage_taken":[{"damage":0.0,"enemies":"Gensokyo:2_Kodama","floor":1.0,"turns":1.0},{"damage":0.0,"enemies":"conspire:MimicChest","floor":2.0,"turns":1.0},{"damage":0.0,"enemies":"Gensokyo:3_Fairies","floor":3.0,"turns":1.0},{"damage":26.0,"enemies":"Gensokyo:Cirno","floor":6.0,"turns":5.0},{"damage":0.0,"enemies":"Gensokyo:Python","floor":10.0,"turns":1.0},{"damage":7.0,"enemies":"Gensokyo:2_Rabbits","floor":11.0,"turns":3.0},{"damage":0.0,"enemies":"Gensokyo:Aya","floor":12.0,"turns":4.0},{"damage":0,"enemies":"Gensokyo:Yukari","floor":16,"turns":3},{"damage":0,"enemies":"Gensokyo:3_Dogs","floor":18,"turns":1},{"damage":0,"enemies":"Gensokyo:Chomper","floor":20,"turns":1},{"damage":0,"enemies":"Gensokyo:3_Gloops","floor":21,"turns":1},{"damage":0,"enemies":"Gensokyo:Koishi","floor":23,"turns":1},{"damage":0,"enemies":"Gensokyo:Reisen","floor":27,"turns":1},{"damage":2,"enemies":"Gensokyo:Wraith","floor":29,"turns":2},{"damage":0,"enemies":"Gensokyo:Slime_Group","floor":31,"turns":1},{"damage":0,"enemies":"Gensokyo:Eternal_Rivals","floor":33,"turns":1},{"damage":2,"enemies":"Gensokyo:3_Boulders","floor":35,"turns":2},{"damage":3,"enemies":"Gensokyo:Marisa","floor":41,"turns":2},{"damage":0,"enemies":"Gensokyo:Kasen","floor":47,"turns":1},{"damage":0,"enemies":"Gensokyo:AncientGuardian","floor":48,"turns":1},{"damage":16,"enemies":"Gensokyo:Shinki","floor":50,"turns":3},{"damage":0,"enemies":"Gensokyo:Scarlet_Devils","floor":51,"turns":1},{"damage":0,"enemies":"Gensokyo:Scarlet_Devils","floor":52,"turns":1},{"damage":4,"enemies":"Gensokyo:Scarlet_Devils","floor":53,"turns":2},{"damage":4,"enemies":"Gensokyo:Scarlet_Devils","floor":57,"turns":2},{"damage":4,"enemies":"paleoftheancients:N","floor":61,"turns":2}],"seed_played":"-2364060028737127216","potions_obtained":[{"floor":1.0,"key":"Energy Potion"},{"floor":16,"key":"Dota2Spire:HealingSalve"}],"is_trial":false,"path_per_floor":["M","?","M","?","COS","E","R","T","T","M","M","E","$","?","R","B",null,"M","?","M","M","?","E","?","COS","T","E","$","M","?","M","R","B",null,"M","?","?","COS","?","R","E","T","T","R","?","$","E","M","R","B","B","M","M","?","$","R","M","R","T","?","B",null],"character_chosen":"RobotSpaceExplorer","items_purchased":["Dota2Spire:BladeMail","aspiration:Lifesprig","Technique","Dota2Spire:ShadowBlade","BargainBundle","GodSword6","Blood Vial","Chemical X","Toy Ornithopter","testmod-AssaultLearning","Replay:Bandana","AT_ChloranthyRing","AT_LudenTempest","RobotSpaceExplorer:ChargingLaser+1","RobotSpaceExplorer:LuckyStrike+1","RobotSpaceExplorer:FrostMissile+1","RobotSpaceExplorer:Reload","GodSword4","testmod-Hope","RobotSpaceExplorer:Probe+1","ZombieArmy","ReplayTheSpireMod:Lightbulb","GodSword5","testmod-ThousandKnives"],"campfire_rested":0,"item_purchase_floors":[13,13,13,28,46,46,46,46,46,46,46,46,46,46,46,46,46,55,55,55,58,58,58,58],"current_hp_per_floor":[81,84,90,90,90,89,89,89,89,116,138,169,169,169,169,197,197,223,134,172,214,214,259,259,259,259,308,308,358,358,399,399,444,444,489,489,489,489,416,416,490,491,492,492,492,492,577,662,662,744,814,880,949,950,950,950,1119,1119,1119,1119,1222],"gold":52,"neow_bonus":"THREE_ENEMY_KILL","is_daily":false,"chose_seed":false,"campfire_upgraded":0,"win_rate":0.0,"timestamp":1610563497,"path_taken":["M","?","M","?","COS","E","R","?","T","?","M","E","?","?","R","BOSS","M","?","M","?","?","E","?","COS","T","E","?","?","?","M","R","BOSS","M","?","?","COS","?","R","E","?","T","R","?","$","E","M","R","BOSS","BOSS","M","M","?","$","R","M","R","T","?","BOSS"],"items_purchased_type":["Relic","Relic","Relic","Relic","Relic","Relic","Relic","Relic","Relic","Relic","Relic","Relic","Relic","Card","Card","Card","Card","Relic","Relic","Card","Relic","Relic","Relic","Relic"],"build_version":"2020-12-22","purchased_purges":1,"victory":true,"max_hp_per_floor":[81,84,90,90,90,108,108,108,108,127,148,170,170,170,170,197,197,223,223,250,280,280,312,288,288,288,323,323,360,360,399,399,444,444,489,489,489,489,489,489,537,538,539,539,539,539,601,662,662,744,814,880,949,950,950,950,1119,1119,1119,1119,1222],"card_choices":[{"not_picked":["RobotSpaceExplorer:SurgingShield","RobotSpaceExplorer:ScrapShield","RobotSpaceExplorer:FranticSearch"],"picked":"SKIP","floor":1.0},{"not_picked":["RobotSpaceExplorer:Probe","RobotSpaceExplorer:TurboDodge","RobotSpaceExplorer:StunGrenade","RobotSpaceExplorer:MetalStrike"],"picked":"RobotSpaceExplorer:TrailblazerForm","floor":3.0},{"not_picked":["TH:EnergyPotion","TH:ArmorSpikes","TH:BikiniMail"],"picked":"TH:Mimic","floor":6.0},{"not_picked":["RobotSpaceExplorer:SurgingShield","RobotSpaceExplorer:SlimeMissile","RobotSpaceExplorer:LaserBurst","RobotSpaceExplorer:Probe"],"picked":"RobotSpaceExplorer:LuckyStrike","floor":6.0},{"not_picked":["TH:ArmorSpikes","TH:CursedSword","TH:ElvenBoots"],"picked":"TH:Mimic","floor":8.0},{"not_picked":["TH:PixieDust","TH:ElvenBoots","TH:BikiniMail"],"picked":"TH:CursedSword","floor":9.0},{"not_picked":["RobotSpaceExplorer:MakeshiftVolley","RobotSpaceExplorer:SlimeMissile","RobotSpaceExplorer:SwiftStep","RobotSpaceExplorer:Pulsar"],"picked":"RobotSpaceExplorer:ScrapMissile","floor":10.0},{"not_picked":["RobotSpaceExplorer:ExhaustFan","RobotSpaceExplorer:Counterblock","RobotSpaceExplorer:SwiftStep","RobotSpaceExplorer:BigMissile","RobotSpaceExplorer:Pulsar"],"picked":"SKIP","floor":10.0},{"not_picked":["RobotSpaceExplorer:ShovelStrike","RobotSpaceExplorer:FranticSearch","RobotSpaceExplorer:Fix","RobotSpaceExplorer:ScrapToss"],"picked":"RobotSpaceExplorer:ScrapMissile","floor":11.0},{"not_picked":["RobotSpaceExplorer:SelfCleaning","RobotSpaceExplorer:ImprovisedAttack","RobotSpaceExplorer:Blitz","RobotSpaceExplorer:SwiftStep"],"picked":"RobotSpaceExplorer:ShovelStrike","floor":11.0},{"not_picked":["TH:Mimic","TH:PixieDust","TH:ElvenBoots"],"picked":"TH:EnergyPotion","floor":12.0},{"not_picked":["RobotSpaceExplorer:Electroshield","RobotSpaceExplorer:PlasmaMissile","RobotSpaceExplorer:PowerGlove","RobotSpaceExplorer:StunGrenade"],"picked":"RobotSpaceExplorer:Ammunition","floor":12.0},{"not_picked":["RobotSpaceExplorer:Exploration","RobotSpaceExplorer:Comet","RobotSpaceExplorer:Accelerator","RobotSpaceExplorer:Asteroid"],"picked":"RobotSpaceExplorer:Explosion","floor":16},{"not_picked":["TH:BikiniMail","TH:PixieDust","TH:ElvenBoots"],"picked":"TH:EnergyPotion","floor":16},{"not_picked":["RobotSpaceExplorer:Probe","RobotSpaceExplorer:DualCore","RobotSpaceExplorer:MetalStrike","RobotSpaceExplorer:ShockKick"],"picked":"RobotSpaceExplorer:JunkDive+1","floor":18},{"not_picked":["RobotSpaceExplorer:DoubleFind","RobotSpaceExplorer:SlimeMissile+1","RobotSpaceExplorer:ShovelStrike","RobotSpaceExplorer:PowerGlove"],"picked":"RobotSpaceExplorer:ScrapMissile","floor":18},{"not_picked":["RobotSpaceExplorer:FrostMissile","RobotSpaceExplorer:GlueShot","RobotSpaceExplorer:DoubleFind","RobotSpaceExplorer:IronShell"],"picked":"RobotSpaceExplorer:ShovelStrike","floor":19},{"not_picked":["RobotSpaceExplorer:ChargingLaser+1","RobotSpaceExplorer:ShovelStrike+1","RobotSpaceExplorer:Reload","RobotSpaceExplorer:FrostMissile+1"],"picked":"RobotSpaceExplorer:MakeshiftVolley+1","floor":20},{"not_picked":["RobotSpaceExplorer:GlueSpray","RobotSpaceExplorer:FrostMissile+1","RobotSpaceExplorer:SwiftStep","RobotSpaceExplorer:FranticSearch"],"picked":"RobotSpaceExplorer:Probe+1","floor":20},{"not_picked":["RobotSpaceExplorer:Jetpack","RobotSpaceExplorer:Pulsar","RobotSpaceExplorer:FrostMissile+1","RobotSpaceExplorer:StunGrenade+1"],"picked":"RobotSpaceExplorer:ScrapMissile+1","floor":21},{"not_picked":["RobotSpaceExplorer:Pulsar","RobotSpaceExplorer:StarDust","RobotSpaceExplorer:BlastShield","RobotSpaceExplorer:Ammunition"],"picked":"RobotSpaceExplorer:SurgingStrike+1","floor":21},{"not_picked":["TH:ArmorSpikes","TH:BikiniMail","TH:PixieDust"],"picked":"TH:CopperCoins","floor":23},{"not_picked":["RobotSpaceExplorer:Electroshield+1","RobotSpaceExplorer:ScrapMissile+1","RobotSpaceExplorer:ShockKick+1","RobotSpaceExplorer:ExhaustFan"],"picked":"RobotSpaceExplorer:ShockMissile+1","floor":23},{"not_picked":["TH:Mimic","TH:ArmorSpikes","TH:EnergyPotion"],"picked":"TH:CopperCoins","floor":26},{"not_picked":["TH:PixieDust","TH:DeckOfManyThings","TH:Mimic"],"picked":"TH:TreasureMap","floor":27},{"not_picked":["RobotSpaceExplorer:PlasmaMissile+1","RobotSpaceExplorer:SurgingStrike+1","RobotSpaceExplorer:Smokescreen","RobotSpaceExplorer:GlueShot"],"picked":"RobotSpaceExplorer:Ammunition+1","floor":27},{"not_picked":["RobotSpaceExplorer:ToxicBomb","RobotSpaceExplorer:ShockKick+1","RobotSpaceExplorer:Ammunition","RobotSpaceExplorer:FrostMissile+1"],"picked":"RobotSpaceExplorer:Probe+1","floor":29},{"not_picked":["RobotSpaceExplorer:ShockKick+1","RobotSpaceExplorer:HighVoltage+1","RobotSpaceExplorer:Jetpack","RobotSpaceExplorer:Pulsar","RobotSpaceExplorer:Counterblock+1"],"picked":"SKIP","floor":29},{"not_picked":["RobotSpaceExplorer:Reload","RobotSpaceExplorer:MetalStrike+1","RobotSpaceExplorer:JunkDive+1","RobotSpaceExplorer:Counterblock"],"picked":"RobotSpaceExplorer:ImprovisedAttack+1","floor":31},{"not_picked":["RobotSpaceExplorer:Counterblock","RobotSpaceExplorer:FrostMissile+1","RobotSpaceExplorer:ScrapToss+1","RobotSpaceExplorer:Probe+1"],"picked":"RobotSpaceExplorer:ScrapMissile+1","floor":31},{"not_picked":["TH:BikiniMail","TH:PixieDust","TH:CursedSword"],"picked":"TH:DeckOfManyThings","floor":33},{"not_picked":["RobotSpaceExplorer:Scanner","RobotSpaceExplorer:HighVoltage+1","RobotSpaceExplorer:DroneSwarm","RobotSpaceExplorer:BlastShield"],"picked":"RobotSpaceExplorer:ShockMissile+1","floor":33},{"not_picked":["RobotSpaceExplorer:Smokescreen+1","RobotSpaceExplorer:GearShield+1","RobotSpaceExplorer:PlasmaMissile+1","RobotSpaceExplorer:SelfCleaning"],"picked":"RobotSpaceExplorer:FranticSearch+1","floor":35},{"not_picked":["RobotSpaceExplorer:GlueSpray","RobotSpaceExplorer:SwiftStep","RobotSpaceExplorer:Blitz+1","RobotSpaceExplorer:MiniDrones+1","RobotSpaceExplorer:FreezingShield+1"],"picked":"SKIP","floor":35},{"not_picked":["TH:BikiniMail","TH:CursedSword","TH:EnergyPotion"],"picked":"TH:TreasureMap","floor":41},{"not_picked":["RobotSpaceExplorer:GlueSpray","RobotSpaceExplorer:Calculate+1","RobotSpaceExplorer:PowerCollector","RobotSpaceExplorer:ScrapMissile+1"],"picked":"RobotSpaceExplorer:Probe+1","floor":41},{"not_picked":["TH:ElvenBoots","TH:BikiniMail","TH:EnergyPotion"],"picked":"TH:TreasureMap","floor":42},{"not_picked":["TH:Mimic","TH:ArmorSpikes","TH:CopperCoins"],"picked":"TH:TreasureMap","floor":43},{"not_picked":["TH:CursedSword","TH:ElvenBoots","TH:CopperCoins"],"picked":"TH:TreasureMap","floor":47},{"not_picked":["RobotSpaceExplorer:ExhaustFan","RobotSpaceExplorer:StunGrenade+1","RobotSpaceExplorer:FranticSearch+1","RobotSpaceExplorer:Ammunition+1"],"picked":"RobotSpaceExplorer:Wormhole","floor":47},{"not_picked":["RobotSpaceExplorer:ImprovisedAttack+1","RobotSpaceExplorer:GlueSpray+1","RobotSpaceExplorer:PowerCollector","RobotSpaceExplorer:MiniDrones+1"],"picked":"RobotSpaceExplorer:Probe+1","floor":48},{"not_picked":["RobotSpaceExplorer:Pulsar","RobotSpaceExplorer:IronShell+1","RobotSpaceExplorer:StarDust","RobotSpaceExplorer:ExhaustFan","RobotSpaceExplorer:FreezeRay"],"picked":"SKIP","floor":48},{"not_picked":["RobotSpaceExplorer:Pulsar+1","RobotSpaceExplorer:SurgingStrike+1","RobotSpaceExplorer:TurboDodge+1","RobotSpaceExplorer:MetalStrike+1"],"picked":"RobotSpaceExplorer:Probe+1","floor":52},{"not_picked":["RobotSpaceExplorer:FranticSearch+1","RobotSpaceExplorer:SurgingShield","RobotSpaceExplorer:DualCore+1","RobotSpaceExplorer:DroneSwarm"],"picked":"RobotSpaceExplorer:Ammunition+1","floor":52},{"not_picked":["RobotSpaceExplorer:MetalStrike+1","RobotSpaceExplorer:Electroshield+1","RobotSpaceExplorer:Blitz+1","RobotSpaceExplorer:StarDust"],"picked":"RobotSpaceExplorer:StunGrenade+1","floor":53},{"not_picked":["RobotSpaceExplorer:PlasmaMissile+1","RobotSpaceExplorer:SurgingShield","RobotSpaceExplorer:Counterblock","RobotSpaceExplorer:Pulsar"],"picked":"RobotSpaceExplorer:StunGrenade+1","floor":53},{"not_picked":["RobotSpaceExplorer:MetalStrike+1","RobotSpaceExplorer:ChargingLaser+1","RobotSpaceExplorer:SlimeMissile+1","RobotSpaceExplorer:StunGrenade+1"],"picked":"RobotSpaceExplorer:ShovelStrike+1","floor":57},{"not_picked":["RobotSpaceExplorer:Blitz+1","RobotSpaceExplorer:GearShield+1","RobotSpaceExplorer:MetalStrike+1","RobotSpaceExplorer:Reload"],"picked":"RobotSpaceExplorer:ShovelStrike+1","floor":57},{"not_picked":["TH:DeckOfManyThings","TH:TreasureMap","TH:ArmorSpikes"],"picked":"TH:CopperCoins","floor":59}],"player_experience":316943,"relics_obtained":[{"floor":1.0,"key":"SynthV:TestCard"},{"floor":2.0,"key":"Dota2Spire:BlackKingBar"},{"floor":6.0,"key":"Shovel"},{"floor":8.0,"key":"DemoMod:PartiallyEatenCheese"},{"floor":9.0,"key":"Prayer Wheel"},{"floor":9.0,"key":"Peace Pipe"},{"floor":12.0,"key":"AT_RedTearstoneRing"},{"floor":15,"key":"aspiration:DSix"},{"floor":16,"key":"DemoMod:WhiteGuonStone"},{"floor":19,"key":"The Courier"},{"floor":20,"key":"Molten Egg 2"},{"floor":26,"key":"Whetstone"},{"floor":26,"key":"Dota2Spire:EchoSabre"},{"floor":27,"key":"Smiling Mask"},{"floor":29,"key":"Blue Doll"},{"floor":32,"key":"Boot"},{"floor":33,"key":"Dead Branch"},{"floor":40,"key":"Omamori"},{"floor":41,"key":"ReplayTheSpireMod:TigerMarble"},{"floor":42,"key":"AT_BladeRuinedKing"},{"floor":42,"key":"Dota2Spire:ArcaneBoots"},{"floor":43,"key":"DemoMod:WeirdEgg"},{"floor":43,"key":"aspiration:StickyExplosives"},{"floor":44,"key":"AT_Kusabimaru"},{"floor":45,"key":"Ring of Searing"},{"floor":45,"key":"Ring of Fangs"},{"floor":47,"key":"testmod-OneHitWonder"},{"floor":49,"key":"testmod-TurbochargingSystem"},{"floor":52,"key":"TungstenRod"},{"floor":56,"key":"CombinedTypeHook"},{"floor":57,"key":"paleoftheancients:SoulOfTheBandit"},{"floor":57,"key":"SynthV:C4"},{"floor":59,"key":"AT_SpeedBoots"},{"floor":59,"key":"Onion Ring"}],"event_choices":[{"damage_healed":0.0,"max_hp_gain":0.0,"max_hp_loss":0.0,"gold_gain":0.0,"event_name":"conspire:Investor","player_choice":"Leave","floor":4.0,"gold_loss":0.0,"damage_taken":0.0},{"damage_healed":0,"gold_gain":275,"player_choice":"Desecrate","damage_taken":0,"max_hp_gain":0,"max_hp_loss":0,"event_name":"Golden Shrine","floor":54,"gold_loss":0,"cards_obtained":["Regret"]}],"is_beta":false,"boss_relics":[{"not_picked":["xbg","Empty Cage"],"picked":"aspiration:RandomNobGenerator"},{"not_picked":["aspiration:FutureDiary","SynthV:MejaisSoulstealer"],"picked":"SoulBox"}],"items_purged_floors":[46],"is_endless":false,"potions_floor_spawned":[10,12,16,20,23,29,33,41,52],"ascension_level":0}}