{"host":"73u9ojxmo0iakdto","time":1610509581,"event":{"mods":["BaseMod","Better Third Choice","Downfall","Minty Spire (QoL Compilation)","Permanent Neow","Replay The Spire","StSLib"],"gold_per_floor":[110,121,121,134,134,163,163,183,183,183,183,183,108,152,152,276,276,296,221,221,242,142,183,183,227,305,330,354,372,397,432,432,432,432,553,553,572,593,608,633,654,654,698,719,719,782,782,818,537,561,561,561],"floor_reached":53,"language":"ENG","playtime":5585,"items_purged":["Strike_B","Strike_B","Dualcast+1"],"score":828,"play_id":"30478dda-5bc0-4185-b6f5-854e2f174c1d","local_time":"20210112214621","is_ascension_mode":true,"campfire_choices":[{"data":"Zap","floor":7.0,"key":"SMITH"},{"data":"Dualcast","floor":10.0,"key":"SMITH"},{"floor":15.0,"key":"REST"},{"floor":24.0,"key":"REST"},{"floor":34.0,"key":"DIG"},{"floor":42.0,"key":"REST"},{"floor":51,"key":"REST"}],"circlet_count":0,"master_deck":["Zap+1","Cold Snap+1","Static Discharge+1","Double Energy","Hyperbeam+1","Scrape","Go for the Eyes","Thunder Strike+1","Gash+1","Streamline","Beam Cell","Hyperbeam","White Noise+1","Hyperbeam","All For One+1","Gash+1","Tempest","Reinforced Body+1","Double Energy"],"relics":["Astrolabe","Mirror","Divine Protection","Golden Idol","Ring of Panic","Garlic","Replay:Bronze Core","Gremlin Food","Snack Pack","White Beast Statue","Dream Catcher","ReplayTheSpireMod:Lightbulb","Painkiller Herb","Torii","Peace Pipe","Durian","Counterbalance","Pen Nib"],"acts_visited":["Exordium","TheCity","TheBeyond"],"potions_floor_usage":[],"damage_taken":[{"damage":4.0,"enemies":"Cultist","floor":1.0,"turns":3.0},{"damage":2.0,"enemies":"2 Louse","floor":2.0,"turns":2.0},{"damage":8.0,"enemies":"Small Slimes","floor":4.0,"turns":2.0},{"damage":19.0,"enemies":"Gremlin Nob","floor":6.0,"turns":4.0},{"damage":10.0,"enemies":"Blue Slaver","floor":8.0,"turns":3.0},{"damage":0.0,"enemies":"3 Sentries","floor":14.0,"turns":1.0},{"damage":12.0,"enemies":"Hexaghost","floor":16.0,"turns":7.0},{"damage":13.0,"enemies":"3 Byrds","floor":18.0,"turns":3.0},{"damage":12.0,"enemies":"Shell Parasite","floor":21.0,"turns":4.0},{"damage":44.0,"enemies":"Book of Stabbing","floor":23.0,"turns":5.0},{"damage":0.0,"enemies":"Gremlin Leader","floor":25.0,"turns":4.0},{"damage":22.0,"enemies":"Centurion and Healer","floor":27.0,"turns":4.0},{"damage":0.0,"enemies":"Chosen and Byrds","floor":28.0,"turns":3.0},{"damage":0.0,"enemies":"Sentry and Sphere","floor":29.0,"turns":3.0},{"damage":8.0,"enemies":"Cultist and Chosen","floor":30.0,"turns":4.0},{"damage":7.0,"enemies":"Book of Stabbing","floor":31.0,"turns":3.0},{"damage":8.0,"enemies":"Collector","floor":35.0,"turns":6.0},{"damage":0.0,"enemies":"3 Darklings","floor":37.0,"turns":3.0},{"damage":0.0,"enemies":"3 Shapes","floor":38.0,"turns":1.0},{"damage":0.0,"enemies":"Transient","floor":39.0,"turns":5.0},{"damage":35.0,"enemies":"Writhing Mass","floor":40.0,"turns":3.0},{"damage":0.0,"enemies":"4 Shapes","floor":41.0,"turns":2.0},{"damage":19.0,"enemies":"R_Hoarder","floor":43.0,"turns":8.0},{"damage":0.0,"enemies":"Maw","floor":44.0,"turns":4.0},{"damage":30.0,"enemies":"Mind Bloom Boss Battle","floor":46.0,"turns":7.0},{"damage":58.0,"enemies":"Nemesis","floor":48.0,"turns":5.0},{"damage":0.0,"enemies":"Transient","floor":50.0,"turns":5.0},{"damage":24,"enemies":"Time Eater","floor":52,"turns":10}],"seed_played":"8290400178952070466","potions_obtained":[{"floor":1.0,"key":"Elixir"},{"floor":6.0,"key":"Venom Potion"},{"floor":14.0,"key":"Venom Potion"},{"floor":16.0,"key":"Weak Potion"},{"floor":21.0,"key":"GamblersBrew"},{"floor":25.0,"key":"Cursed Concoction"},{"floor":27.0,"key":"hexamod:EctoCoolerPotion"},{"floor":28.0,"key":"PowerPotion"},{"floor":29.0,"key":"Regen Potion"},{"floor":30.0,"key":"SneckoOil"},{"floor":31.0,"key":"sneckomod:MuddlingPotion"},{"floor":35.0,"key":"hexamod:EctoCoolerPotion"},{"floor":40.0,"key":"Block Potion"},{"floor":48.0,"key":"Flashbang"},{"floor":50.0,"key":"Weak Potion"}],"is_trial":false,"path_per_floor":["M","M","?","M","?","E","R","M","T","R","?","?","$","E","R","B",null,"M","?","?","M","$","E","R","E","T","M","M","M","M","E","PTL","PTL","R","B",null,"?","?","?","?","?","T","E","?","T","?","?","E","T","?","T","B",null],"character_chosen":"DEFECT","items_purchased":["Pen Nib"],"campfire_rested":4,"item_purchase_floors":[49],"current_hp_per_floor":[71,69,69,61,61,42,42,32,32,32,14,14,14,14,36,24,75,62,62,62,50,50,6,28,28,28,8,10,12,22,21,21,21,21,21,75,75,75,75,46,46,68,65,69,69,54,54,4,4,18,42,32],"gold":561,"neow_bonus":"BOSS_RELIC","is_daily":false,"chose_seed":false,"campfire_upgraded":2,"win_rate":0.0,"timestamp":1610509581,"path_taken":["M","M","?","?","?","E","R","M","T","R","?","?","?","E","R","BOSS","M","?","?","?","?","E","R","E","T","M","M","M","M","E","PTL","PTL","R","BOSS","?","?","?","?","?","T","E","?","T","?","?","E","T","?","T","BOSS"],"items_purchased_type":["Relic"],"build_version":"2020-12-22","purchased_purges":3,"victory":true,"max_hp_per_floor":[75,75,75,75,75,75,75,75,75,75,75,75,75,75,75,75,75,75,75,75,75,75,75,75,75,75,75,75,75,75,75,75,75,75,75,75,75,75,75,75,75,75,75,75,75,80,80,80,80,80,80,80],"card_choices":[{"not_picked":["Steam Power","Consume","Conserve Battery"],"picked":"SKIP","floor":1.0},{"not_picked":["Undo","Beam Cell","Doom and Gloom"],"picked":"SKIP","floor":2.0},{"not_picked":["Panic Button","Defragment"],"picked":"ReplayRNGCard","floor":4.0},{"not_picked":["Barrage","Redo"],"picked":"Scrape","floor":6.0},{"not_picked":["Sweeping Beam","Rebound"],"picked":"Go for the Eyes","floor":8.0},{"not_picked":["Hologram","Ball Lightning","Cold Snap"],"picked":"SKIP","floor":14.0},{"not_picked":["Buffer","Reboot"],"picked":"Thunder Strike","floor":16.0},{"not_picked":["Coolheaded+1","BasicCrystalCard"],"picked":"Gash+1","floor":18.0},{"not_picked":["Stack","Recycle","Cold Snap"],"picked":"SKIP","floor":21.0},{"not_picked":["BasicCrystalCard","ReplayTheSpireMod:System Scan"],"picked":"Streamline","floor":23.0},{"not_picked":["Hologram","Aggregate","Cold Snap"],"picked":"SKIP","floor":25.0},{"not_picked":["Panic Button","Cold Snap"],"picked":"Beam Cell","floor":27.0},{"not_picked":["Barrage+1","ReplayTheSpireMod:Calculation Training"],"picked":"Hyperbeam","floor":28.0},{"not_picked":["Beam Cell","Chill+1"],"picked":"White Noise","floor":29.0},{"not_picked":["Stack","BasicCrystalCard","Storm"],"picked":"SKIP","floor":30.0},{"not_picked":["Crystallizer","Stack"],"picked":"Hyperbeam","floor":31.0},{"not_picked":["ReplayRNGCard","Fission"],"picked":"All For One","floor":35.0},{"not_picked":["Double Energy","Hologram+1","Cold Snap"],"picked":"SKIP","floor":37.0},{"not_picked":["Hologram","Leap+1","ReplayTheSpireMod:Calculation Training"],"picked":"SKIP","floor":38.0},{"not_picked":["Melter+1","BootSequence+1"],"picked":"Gash+1","floor":39.0},{"not_picked":["ReplayTheSpireMod:Calculation Training","Hologram"],"picked":"Tempest","floor":40.0},{"not_picked":["ReplaySolidLightProjector","Cold Snap"],"picked":"Reinforced Body+1","floor":41.0},{"not_picked":["Sweeping Beam","Redo","Reinforced Body+1"],"picked":"SKIP","floor":43.0},{"not_picked":["Chill","Lockon+1","Hologram+1"],"picked":"SKIP","floor":44.0},{"not_picked":["Force Field+1","Self Repair+1"],"picked":"Double Energy","floor":48.0},{"not_picked":["Biased Cognition","Capacitor","Go for the Eyes+1"],"picked":"SKIP","floor":50.0}],"player_experience":226263,"relics_obtained":[{"floor":6.0,"key":"Mirror"},{"floor":9.0,"key":"Divine Protection"},{"floor":12.0,"key":"Ring of Panic"},{"floor":14.0,"key":"Garlic"},{"floor":23.0,"key":"Gremlin Food"},{"floor":25.0,"key":"Snack Pack"},{"floor":26.0,"key":"White Beast Statue"},{"floor":31.0,"key":"Dream Catcher"},{"floor":34.0,"key":"ReplayTheSpireMod:Lightbulb"},{"floor":43.0,"key":"Torii"},{"floor":45.0,"key":"Peace Pipe"},{"floor":46.0,"key":"Durian"},{"floor":48.0,"key":"Counterbalance"}],"event_choices":[{"damage_healed":0.0,"max_hp_gain":0.0,"max_hp_loss":0.0,"gold_gain":0.0,"cards_transformed":["Defend_B"],"event_name":"Transmorgrifier","player_choice":"Transformed","floor":3.0,"gold_loss":0.0,"damage_taken":0.0,"cards_obtained":["Double Energy"]},{"damage_healed":0.0,"max_hp_gain":0.0,"max_hp_loss":0.0,"gold_gain":0.0,"event_name":"Golden Idol","player_choice":"Take Damage","floor":11.0,"gold_loss":0.0,"damage_taken":18.0,"relics_obtained":["Golden Idol"]},{"cards_removed":["Strike_B"],"damage_healed":0.0,"max_hp_gain":0.0,"max_hp_loss":0.0,"gold_gain":0.0,"event_name":"Beggar","player_choice":"Gave Gold","floor":19.0,"gold_loss":75.0,"damage_taken":0.0},{"cards_removed":["Strike_B"],"damage_healed":0.0,"max_hp_gain":0.0,"max_hp_loss":0.0,"gold_gain":0.0,"event_name":"Purifier","player_choice":"Purged","floor":20.0,"gold_loss":0.0,"damage_taken":0.0},{"damage_healed":0.0,"max_hp_gain":0.0,"max_hp_loss":0.0,"gold_gain":0.0,"event_name":"MindBloom","player_choice":"Fight","floor":46.0,"gold_loss":0.0,"damage_taken":0.0},{"cards_removed":["ReplayTheSpireMod:Repulse"],"damage_healed":0.0,"max_hp_gain":0.0,"max_hp_loss":0.0,"gold_gain":0.0,"event_name":"Falling","player_choice":"Removed Skill","floor":47.0,"gold_loss":0.0,"damage_taken":0.0}],"is_beta":false,"boss_relics":[{"not_picked":["Busted Crown","Runic Pyramid"],"picked":"Replay:Bronze Core"},{"not_picked":["Tiny House","Fusion Hammer"],"picked":"Painkiller Herb"}],"items_purged_floors":[13,22,49],"is_endless":false,"potions_floor_spawned":[1,6,14,16,21,25,27,28,29,30,31,35,37,38,39,40,41,43,44,46,48,50],"ascension_level":1}}