{"host":"8fup84v061vi31le","time":1610504742,"event":{"mods":["Aspiration","BaseMod","Better Match","Better Third Choice","Minty Spire (QoL Compilation)","Replay The Spire","StSLib"],"gold_per_floor":[113,128,128,142,152,185,185,185,212,212,287,322,322,340,340,437,537,547,597,609,622,622,622],"floor_reached":22,"language":"ZHS","playtime":974,"items_purged":["Voices"],"score":284,"play_id":"0fd83e43-416d-46e1-b431-19881ce12699","local_time":"20210113102542","is_ascension_mode":true,"campfire_choices":[{"floor":7.0,"key":"REST"},{"floor":13.0,"key":"REST"},{"floor":15.0,"key":"REST"}],"circlet_count":0,"master_deck":["Strike_R","Strike_R","Strike_R","Strike_R+1","Defend_R+1","Defend_R","Bash","Defy Death","Body Slam+1","ReplayTheSpireMod:Speed Training","Doppelganger","Flying Knee","Shrug It Off","Armaments+1"],"relics":["Burning Blood","NeowsBlessing","Regal Pillow","Gremlin Food","ReplayTheSpireMod:CursedCoin","Centennial Puzzle","Replay:Wanted Poster"],"acts_visited":["Exordium","TheCity"],"potions_floor_usage":[],"damage_taken":[{"damage":0.0,"enemies":"Jaw Worm","floor":1.0,"turns":1.0},{"damage":0.0,"enemies":"Small Slimes","floor":2.0,"turns":1.0},{"damage":0.0,"enemies":"Cultist","floor":4.0,"turns":1.0},{"damage":14.0,"enemies":"3 Louse","floor":5.0,"turns":4.0},{"damage":42.0,"enemies":"Gremlin Nob","floor":6.0,"turns":5.0},{"damage":17.0,"enemies":"3 Sentries","floor":12.0,"turns":8.0},{"damage":27.0,"enemies":"Exordium Thugs","floor":14.0,"turns":7.0},{"damage":37.0,"enemies":"Hexaghost","floor":16.0,"turns":9.0},{"damage":13.0,"enemies":"Spheric Guardian","floor":18.0,"turns":4.0},{"damage":12,"enemies":"Shell Parasite","floor":20,"turns":5},{"damage":38,"enemies":"Sentry and Sphere","floor":21,"turns":8},{"damage":33,"enemies":"Centurion and Healer","floor":22,"turns":3}],"seed_played":"-1333350784231130582","potions_obtained":[{"floor":2.0,"key":"SkillPotion"},{"floor":12.0,"key":"Energy Potion"},{"floor":14.0,"key":"LiquidMemories"},{"floor":16.0,"key":"ColorlessPotion"},{"floor":20,"key":"Toxic Potion"}],"is_trial":false,"path_per_floor":["M","M","?","M","M","E","R","?","T","?","$","E","R","M","R","B",null,"M","?","M","M","M"],"character_chosen":"IRONCLAD","items_purchased":["ReplayTheSpireMod:CursedCoin"],"campfire_rested":3,"item_purchase_floors":[11],"current_hp_per_floor":[78,80,80,80,72,36,75,75,75,59,59,48,80,59,80,49,72,65,65,59,27,0,0],"gold":622,"neow_bonus":"THREE_ENEMY_KILL","is_daily":false,"chose_seed":false,"campfire_upgraded":0,"win_rate":0.0,"timestamp":1610504742,"path_taken":["M","M","?","M","M","E","R","?","T","?","$","E","R","M","R","BOSS","M","?","?","M","M"],"items_purchased_type":["Relic"],"build_version":"2020-12-22","purchased_purges":1,"victory":false,"max_hp_per_floor":[80,80,80,80,80,80,80,80,80,80,80,80,80,80,80,80,80,80,80,80,80,80,80],"card_choices":[{"not_picked":["Run Through","Thunderclap"],"picked":"Defy Death","floor":1.0},{"not_picked":["Replay:Undeath\u0027s Touch","True Grit"],"picked":"Body Slam","floor":2.0},{"not_picked":["Iron Wave","Headbutt"],"picked":"Shrug It Off","floor":4.0},{"not_picked":["Perfected Strike","Havoc"],"picked":"Armaments","floor":5.0},{"not_picked":["Anger","Metallicize","Rampage"],"picked":"SKIP","floor":6.0},{"not_picked":["Rupture","Anger","Demon Form"],"picked":"SKIP","floor":12.0},{"not_picked":["Dropkick","Carnage","ReplayTheSpireMod:LeadingStrike"],"picked":"SKIP","floor":14.0},{"not_picked":["Flex","Thunderclap","Rupture"],"picked":"SKIP","floor":18.0},{"not_picked":["Intimidate+1","Thunderclap+1","ReplayTheSpireMod:LeadingStrike"],"picked":"SKIP","floor":20},{"not_picked":["Rupture","Wild Strike+1","Defy Death"],"picked":"SKIP","floor":21}],"player_experience":160635,"relics_obtained":[{"floor":6.0,"key":"Regal Pillow"},{"floor":9.0,"key":"Gremlin Food"},{"floor":12.0,"key":"Centennial Puzzle"}],"event_choices":[{"damage_healed":0.0,"max_hp_gain":0.0,"max_hp_loss":0.0,"gold_gain":0.0,"event_name":"betterThird:BetterSerpent","player_choice":"Ignored","floor":8.0,"gold_loss":0.0,"damage_taken":185.0},{"damage_healed":75.0,"max_hp_gain":0.0,"max_hp_loss":80.0,"gold_gain":0.0,"event_name":"betterThird:BetterShining","player_choice":"Upgrade","floor":10.0,"gold_loss":0.0,"damage_taken":16.0,"cards_upgraded":["Strike_R","Armaments"]},{"damage_healed":0,"gold_gain":100,"player_choice":"Bet on Murderer","damage_taken":0,"max_hp_gain":0,"max_hp_loss":0,"event_name":"The Joust","floor":19,"gold_loss":50}],"is_beta":false,"boss_relics":[{"not_picked":["aspiration:WatcherSkillbook","aspiration:DefectSkillbook"],"picked":"Replay:Wanted Poster"}],"items_purged_floors":[11],"is_endless":false,"potions_floor_spawned":[2,12,14,16,20],"killed_by":"Centurion and Healer","ascension_level":9}}