{"host":"1a3cjta80tad0aqj","time":1610545485,"event":{"mods":["2.2 Compatiblity","AchievementEnabler","BaseMod","Colored Map","DeckTracker","KOR Keyword Fix","Keyboard Shortcuts","Minty Spire (QoL Compilation)","Permanent Neow","Quick Restart","Random Character Button","StSLib","SuperFastMode","everything is the same but u backflip on backflip"],"gold_per_floor":[10,23,43,54,54,54,87,106,106,132,132,150,4,24,24,129,129,139,158,83,83,94,128,128,28,98,129,129,159,173,24,24,119,119,136,151,151,151,168,194,194,219,219,219,68,78,78,112,112,112],"floor_reached":51,"language":"KOR","playtime":2204,"items_purged":["Strike_P","Strike_P"],"score":1216,"play_id":"84f32666-458b-47b2-bb65-f27b5443cf4b","local_time":"20210113224445","is_ascension_mode":true,"campfire_choices":[{"data":"Eruption","floor":6.0,"key":"SMITH"},{"floor":11.0,"key":"REST"},{"floor":15.0,"key":"REST"},{"floor":24.0,"key":"REST"},{"floor":28.0,"key":"REST"},{"floor":32.0,"key":"REST"},{"floor":41.0,"key":"REST"},{"data":"Scrawl","floor":47.0,"key":"SMITH"},{"data":"MentalFortress","floor":49.0,"key":"SMITH"}],"circlet_count":0,"master_deck":["Strike_P","Strike_P+1","Defend_P","Eruption+1","Vigilance","MentalFortress+1","ReachHeaven","FollowUp","BowlingBash+1","InnerPeace+1","Halt","EmptyFist","FlurryOfBlows","EmptyBody","LessonLearned","Tantrum","CutThroughFate","FearNoEvil+1","Scrawl+1","Secret Technique"],"relics":["PureWater","Yang","InkBottle","Akabeko","Omamori","Black Star","FossilizedHelix","Bottled Flame","Ornamental Fan","Singing Bowl","Blood Vial","Toy Ornithopter","Girya","Bottled Lightning","MealTicket","SlaversCollar","Mercury Hourglass","Pocketwatch","Ancient Tea Set","Meat on the Bone","Boot","Pen Nib","Pear","HornCleat"],"acts_visited":["Exordium","TheCity","TheBeyond"],"potions_floor_usage":[50,50,50],"damage_taken":[{"damage":1.0,"enemies":"Cultist","floor":1.0,"turns":3.0},{"damage":8.0,"enemies":"2 Louse","floor":2.0,"turns":2.0},{"damage":0.0,"enemies":"Small Slimes","floor":3.0,"turns":2.0},{"damage":6.0,"enemies":"Looter","floor":4.0,"turns":2.0},{"damage":12.0,"enemies":"Lagavulin","floor":7.0,"turns":4.0},{"damage":12.0,"enemies":"3 Louse","floor":8.0,"turns":3.0},{"damage":0.0,"enemies":"3 Sentries","floor":10.0,"turns":3.0},{"damage":7.0,"enemies":"Blue Slaver","floor":12.0,"turns":2.0},{"damage":0.0,"enemies":"Exordium Wildlife","floor":14.0,"turns":2.0},{"damage":56.0,"enemies":"Hexaghost","floor":16.0,"turns":5.0},{"damage":12.0,"enemies":"Chosen","floor":18.0,"turns":4.0},{"damage":0.0,"enemies":"Spheric Guardian","floor":19.0,"turns":3.0},{"damage":18.0,"enemies":"Snecko","floor":22.0,"turns":4.0},{"damage":18.0,"enemies":"Gremlin Leader","floor":23.0,"turns":3.0},{"damage":9.0,"enemies":"Book of Stabbing","floor":27.0,"turns":4.0},{"damage":14.0,"enemies":"Slavers","floor":29.0,"turns":5.0},{"damage":14.0,"enemies":"Snake Plant","floor":30.0,"turns":5.0},{"damage":28.0,"enemies":"Automaton","floor":33.0,"turns":5.0},{"damage":0.0,"enemies":"3 Darklings","floor":35.0,"turns":4.0},{"damage":0.0,"enemies":"Orb Walker","floor":36.0,"turns":3.0},{"damage":44.0,"enemies":"Maw","floor":39.0,"turns":7.0},{"damage":23.0,"enemies":"Reptomancer","floor":40.0,"turns":6.0},{"damage":0.0,"enemies":"Giant Head","floor":42.0,"turns":6.0},{"damage":11.0,"enemies":"4 Shapes","floor":46.0,"turns":3.0},{"damage":0.0,"enemies":"Nemesis","floor":48.0,"turns":3.0},{"damage":0,"enemies":"Time Eater","floor":50,"turns":4}],"seed_played":"-8164055803362317221","potions_obtained":[{"floor":2.0,"key":"ColorlessPotion"},{"floor":7.0,"key":"Dexterity Potion"},{"floor":12.0,"key":"Strength Potion"},{"floor":18.0,"key":"PowerPotion"},{"floor":27.0,"key":"EssenceOfSteel"},{"floor":30.0,"key":"StancePotion"},{"floor":39.0,"key":"Regen Potion"},{"floor":46.0,"key":"Ambrosia"},{"floor":48.0,"key":"Ancient Potion"}],"is_trial":false,"path_per_floor":["M","M","M","M","$","R","E","M","T","E","R","M","$","M","R","B",null,"M","M","$","?","M","E","R","$","T","E","R","E","M","$","R","B",null,"M","M","?","?","M","E","R","E","T","?","$","M","R","E","R","B",null],"character_chosen":"WATCHER","items_purchased":["Omamori","MealTicket","Pen Nib"],"campfire_rested":6,"item_purchase_floors":[13,31,45],"current_hp_per_floor":[71,63,63,57,57,57,45,33,33,33,54,47,47,47,68,12,72,60,60,60,60,42,24,45,45,45,38,60,55,43,43,65,39,76,78,80,80,80,38,19,44,68,68,68,83,76,76,90,90,100],"gold":112,"neow_bonus":"TRANSFORM_TWO_CARDS","is_daily":false,"chose_seed":false,"campfire_upgraded":3,"win_rate":0.0,"timestamp":1610545485,"path_taken":["M","M","M","M","?","R","E","M","T","E","R","M","$","M","R","BOSS","M","M","$","?","M","E","R","$","T","E","R","E","M","$","R","BOSS","M","M","?","?","M","E","R","E","T","?","$","M","R","E","R","BOSS"],"items_purchased_type":["Relic","Relic","Relic"],"build_version":"2020-12-22","purchased_purges":2,"victory":true,"max_hp_per_floor":[72,72,72,72,72,72,72,72,72,72,72,72,72,72,72,72,72,72,72,72,72,72,72,72,72,72,74,74,76,76,76,76,76,76,78,80,80,80,82,84,84,86,86,86,86,88,88,100,100,100],"card_choices":[{"not_picked":["Vengeance","MentalFortress"],"picked":"FollowUp","floor":1.0},{"not_picked":["Consecrate","SashWhip"],"picked":"BowlingBash","floor":2.0},{"not_picked":["ClearTheMind","ThirdEye"],"picked":"InnerPeace","floor":3.0},{"not_picked":["ThirdEye","Protect"],"picked":"Halt","floor":4.0},{"not_picked":["InnerPeace","Evaluate"],"picked":"EmptyFist","floor":7.0},{"not_picked":["Collect","Brilliance"],"picked":"FlurryOfBlows","floor":8.0},{"not_picked":["MasterReality","DeceiveReality","Study"],"picked":"SKIP","floor":10.0},{"not_picked":["BattleHymn","FollowUp"],"picked":"EmptyBody","floor":12.0},{"not_picked":["BowlingBash","Consecrate","Conclude"],"picked":"SKIP","floor":14.0},{"not_picked":["DevaForm","MasterReality"],"picked":"LessonLearned","floor":16.0},{"not_picked":["Crescendo","BowlingBash","Halt"],"picked":"SKIP","floor":18.0},{"not_picked":["FlurryOfBlows+1","EmptyBody+1"],"picked":"Tantrum","floor":19.0},{"not_picked":["FollowUp+1","Devotion","Consecrate+1"],"picked":"SKIP","floor":22.0},{"not_picked":["Pray+1","PathToVictory"],"picked":"CutThroughFate","floor":23.0},{"not_picked":["Vengeance","Evaluate+1","Protect"],"picked":"Singing Bowl","floor":27.0},{"not_picked":["Sanctity","Nirvana","Weave"],"picked":"Singing Bowl","floor":29.0},{"not_picked":["Consecrate","Protect"],"picked":"FearNoEvil+1","floor":30.0},{"not_picked":["Brilliance","DeusExMachina"],"picked":"Scrawl","floor":33.0},{"not_picked":["FlurryOfBlows","Indignation","Halt+1"],"picked":"Singing Bowl","floor":35.0},{"not_picked":["CrushJoints","Protect","Prostrate+1"],"picked":"Singing Bowl","floor":36.0},{"not_picked":["Flash of Steel","Purity"],"picked":"Secret Technique","floor":38.0},{"not_picked":["JustLucky","Nirvana+1","PathToVictory"],"picked":"Singing Bowl","floor":39.0},{"not_picked":["CrushJoints","SignatureMove+1","Vengeance+1"],"picked":"Singing Bowl","floor":40.0},{"not_picked":["FlurryOfBlows+1","LikeWater","BowlingBash"],"picked":"Singing Bowl","floor":42.0},{"not_picked":["BattleHymn+1","WreathOfFlame+1","EmptyMind"],"picked":"Singing Bowl","floor":46.0},{"not_picked":["FollowUp","Prostrate","Sanctity+1"],"picked":"Singing Bowl","floor":48.0}],"player_experience":300885,"relics_obtained":[{"floor":7.0,"key":"Yang"},{"floor":9.0,"key":"InkBottle"},{"floor":10.0,"key":"Akabeko"},{"floor":23.0,"key":"Bottled Flame"},{"floor":23.0,"key":"Ornamental Fan"},{"floor":26.0,"key":"Singing Bowl"},{"floor":27.0,"key":"Blood Vial"},{"floor":27.0,"key":"Toy Ornithopter"},{"floor":29.0,"key":"Girya"},{"floor":29.0,"key":"Bottled Lightning"},{"floor":40.0,"key":"Mercury Hourglass"},{"floor":40.0,"key":"Pocketwatch"},{"floor":42.0,"key":"Ancient Tea Set"},{"floor":42.0,"key":"Meat on the Bone"},{"floor":43.0,"key":"Boot"},{"floor":48.0,"key":"Pear"},{"floor":48.0,"key":"HornCleat"}],"event_choices":[{"damage_healed":0.0,"max_hp_gain":0.0,"max_hp_loss":0.0,"gold_gain":0.0,"event_name":"The Mausoleum","player_choice":"Opened","floor":21.0,"gold_loss":0.0,"damage_taken":0.0,"relics_obtained":["FossilizedHelix"],"cards_obtained":["Writhe"]},{"damage_healed":0.0,"max_hp_gain":0.0,"max_hp_loss":0.0,"gold_gain":0.0,"event_name":"Tomb of Lord Red Mask","player_choice":"Ignored","floor":37.0,"gold_loss":0.0,"damage_taken":0.0},{"damage_healed":0.0,"max_hp_gain":0.0,"max_hp_loss":0.0,"gold_gain":0.0,"event_name":"SensoryStone","player_choice":"Memory 1","floor":38.0,"gold_loss":0.0,"damage_taken":0.0},{"cards_removed":["Defend_P"],"damage_healed":0.0,"max_hp_gain":0.0,"max_hp_loss":0.0,"gold_gain":0.0,"event_name":"Falling","player_choice":"Removed Skill","floor":44.0,"gold_loss":0.0,"damage_taken":0.0}],"is_beta":false,"boss_relics":[{"not_picked":["HolyWater","Ectoplasm"],"picked":"Black Star"},{"not_picked":["Cursed Key","Runic Pyramid"],"picked":"SlaversCollar"}],"items_purged_floors":[20,25],"is_endless":false,"potions_floor_spawned":[2,7,12,18,22,27,30,33,39,46,48],"ascension_level":3}}