{"host":"J","time":1610532187,"event":{"mods":["BaseMod","Better Third Choice","Minty Spire (QoL Compilation)","StSLib"],"gold_per_floor":[119,119,131,143,108,136,136,170,225,225,237,312,333,144,144,219,219,236,250,9,25,25,25],"floor_reached":22,"language":"ENG","playtime":597,"items_purged":["Strike_P"],"score":388,"play_id":"9730b8fe-ee30-4b55-b127-2e824880e1b3","local_time":"20210113110307","is_ascension_mode":true,"campfire_choices":[{"floor":7.0,"key":"REST"},{"floor":10.0,"key":"REST"},{"data":"TalkToTheHand","floor":15.0,"key":"SMITH"}],"circlet_count":0,"master_deck":["AscendersBane","Strike_P","Strike_P","Defend_P","Defend_P","Eruption","Vigilance","Tantrum","WreathOfFlame","TalkToTheHand+1","FollowUp","FlyingSleeves","CarveReality","ThirdEye","Perseverance","Consecrate","Ragnarok","Wireheading","Halt+1","EmptyFist","Meditate"],"relics":["PureWater","Shuriken","Dream Catcher","Regal Pillow","Odd Mushroom","Empty Cage","Membership Card"],"acts_visited":["Exordium","TheCity"],"potions_floor_usage":[],"damage_taken":[{"damage":12.0,"enemies":"Small Slimes","floor":1.0,"turns":3.0},{"damage":0.0,"enemies":"2 Louse","floor":3.0,"turns":2.0},{"damage":0.0,"enemies":"Cultist","floor":4.0,"turns":3.0},{"damage":27.0,"enemies":"3 Sentries","floor":6.0,"turns":5.0},{"damage":4.0,"enemies":"Lagavulin","floor":8.0,"turns":5.0},{"damage":4.0,"enemies":"2 Fungi Beasts","floor":11.0,"turns":3.0},{"damage":12.0,"enemies":"The Mushroom Lair","floor":13.0,"turns":3.0},{"damage":27.0,"enemies":"The Guardian","floor":16.0,"turns":8.0},{"damage":0,"enemies":"Spheric Guardian","floor":18,"turns":3},{"damage":16,"enemies":"3 Byrds","floor":19,"turns":4},{"damage":42,"enemies":"Snake Plant","floor":21,"turns":4},{"damage":6,"enemies":"3 Cultists","floor":22,"turns":2}],"seed_played":"-8879360250792415998","potions_obtained":[{"floor":0.0,"key":"DuplicationPotion"},{"floor":0.0,"key":"DuplicationPotion"},{"floor":3.0,"key":"Fire Potion"},{"floor":6.0,"key":"SpeedPotion"},{"floor":8.0,"key":"Fruit Juice"}],"is_trial":false,"path_per_floor":["M","?","M","M","?","E","R","E","T","R","M","?","?","$","R","B",null,"M","M","$","M","M"],"character_chosen":"WATCHER","items_purchased":["Consecrate","Swift Potion","Membership Card","EmptyFist","StancePotion"],"campfire_rested":2,"item_purchase_floors":[14,14,20,20,20],"current_hp_per_floor":[49,42,42,42,59,32,52,53,53,73,69,58,46,46,46,19,60,60,44,44,2,0,0],"gold":25,"neow_bonus":"THREE_SMALL_POTIONS","is_daily":false,"chose_seed":false,"campfire_upgraded":1,"win_rate":0.0,"timestamp":1610532187,"path_taken":["M","?","M","M","?","E","R","E","T","R","M","?","?","$","R","BOSS","M","M","$","M","M"],"items_purchased_type":["Card","Potion","Relic","Card","Potion"],"build_version":"2020-12-18","purchased_purges":1,"victory":false,"max_hp_per_floor":[68,68,68,68,68,68,68,73,73,73,73,73,73,73,73,73,73,73,73,73,73,73,73],"card_choices":[{"not_picked":["PathToVictory","Collect"],"picked":"Tantrum","floor":1.0},{"not_picked":["LikeWater","Halt"],"picked":"WreathOfFlame","floor":3.0},{"not_picked":["LikeWater","Crescendo"],"picked":"TalkToTheHand","floor":4.0},{"not_picked":["ThirdEye","Weave"],"picked":"FollowUp","floor":6.0},{"not_picked":["Crescendo","Alpha"],"picked":"FlyingSleeves","floor":8.0},{"not_picked":["Crescendo","EmptyFist"],"picked":"CarveReality","floor":10.0},{"not_picked":["Prostrate","FlyingSleeves"],"picked":"ThirdEye","floor":11.0},{"not_picked":["Swivel","Protect"],"picked":"Perseverance","floor":13.0},{"not_picked":["Omniscience","Brilliance"],"picked":"Ragnarok","floor":16.0},{"not_picked":["WreathOfFlame","Pray+1"],"picked":"Wireheading","floor":18},{"not_picked":["Fasting2","JustLucky"],"picked":"Halt+1","floor":19},{"not_picked":["Crescendo","JustLucky"],"picked":"Meditate","floor":21}],"player_experience":1089763,"relics_obtained":[{"floor":6.0,"key":"Shuriken"},{"floor":8.0,"key":"Dream Catcher"},{"floor":9.0,"key":"Regal Pillow"},{"floor":13.0,"key":"Odd Mushroom"}],"event_choices":[{"cards_removed":["Defend_P"],"damage_healed":0.0,"max_hp_gain":0.0,"max_hp_loss":0.0,"gold_gain":0.0,"event_name":"Golden Wing","player_choice":"Card Removal","floor":2.0,"gold_loss":0.0,"damage_taken":7.0},{"damage_healed":17.0,"max_hp_gain":0.0,"max_hp_loss":0.0,"gold_gain":0.0,"event_name":"The Cleric","player_choice":"Healed","floor":5.0,"gold_loss":35.0,"damage_taken":0.0},{"damage_healed":0.0,"max_hp_gain":0.0,"max_hp_loss":0.0,"gold_gain":75.0,"event_name":"betterThird:BetterGoop","player_choice":"Gold","floor":12.0,"gold_loss":0.0,"damage_taken":11.0},{"damage_healed":0.0,"max_hp_gain":0.0,"max_hp_loss":0.0,"gold_gain":0.0,"event_name":"Mushrooms","player_choice":"Fought Mushrooms","floor":13.0,"gold_loss":0.0,"damage_taken":0.0}],"is_beta":true,"boss_relics":[{"not_picked":["Runic Dome","Velvet Choker"],"picked":"Empty Cage"}],"items_purged_floors":[14],"is_endless":false,"potions_floor_spawned":[1,3,6,8,21],"killed_by":"3 Cultists","ascension_level":20}}