{"host":"vlqejv0notyktumz","time":1610580227,"event":{"mods":["AchievementEnabler","BaseMod","Googly Eyes","Minty Spire (QoL Compilation)"],"gold_per_floor":[217,49,66,85,85,85,97,97,97,2,2,27,27,61,61,160,160,173,46,46,6,21,21,21,41,41,54,73,73,73],"floor_reached":29,"language":"ENG","playtime":827,"items_purged":["Defend_B","Defend_B"],"score":315,"play_id":"474114e3-66df-41d6-9ca4-e579c1ae51ad","local_time":"20210113172347","is_ascension_mode":true,"campfire_choices":[{"data":"Zap","floor":6,"key":"SMITH"},{"data":"Chaos","floor":8,"key":"SMITH"},{"floor":13,"key":"DIG"},{"data":"Melter","floor":15,"key":"SMITH"},{"data":"Creative AI","floor":23,"key":"SMITH"}],"circlet_count":0,"master_deck":["Strike_B","Strike_B","Strike_B","Defend_B","Defend_B+1","Zap+1","Dualcast+1","Undo","Conserve Battery","Melter+1","Barrage","Beam Cell","Chaos+1","Defragment","Conserve Battery+1","Streamline","Rebound","Creative AI+1","CurseOfTheBell","Auto Shields+1","Go for the Eyes","Capacitor","Loop","Hologram+1"],"relics":["Cracked Core","Pear","Toxic Egg 2","HornCleat","Shovel","Meat on the Bone","War Paint","Calling Bell","Juzu Bracelet","Ornamental Fan","TungstenRod","Symbiotic Virus"],"acts_visited":["Exordium","TheCity"],"potions_floor_usage":[14,25,29,29],"damage_taken":[{"damage":1,"enemies":"Cultist","floor":1,"turns":3},{"damage":2,"enemies":"Jaw Worm","floor":3,"turns":3},{"damage":0,"enemies":"Small Slimes","floor":4,"turns":2},{"damage":14,"enemies":"Red Slaver","floor":7,"turns":2},{"damage":8,"enemies":"Lagavulin","floor":12,"turns":7},{"damage":8,"enemies":"Gremlin Nob","floor":14,"turns":4},{"damage":19,"enemies":"Slime Boss","floor":16,"turns":7},{"damage":5,"enemies":"Shell Parasite","floor":18,"turns":5},{"damage":0,"enemies":"Spheric Guardian","floor":22,"turns":1},{"damage":9,"enemies":"Snecko","floor":25,"turns":6},{"damage":22,"enemies":"Shelled Parasite and Fungi","floor":27,"turns":7},{"damage":27,"enemies":"Centurion and Healer","floor":28,"turns":11},{"damage":38,"enemies":"Gremlin Leader","floor":29,"turns":5}],"seed_played":"-2161293958994138619","potions_obtained":[{"floor":4,"key":"PotionOfCapacity"},{"floor":12,"key":"EssenceOfSteel"},{"floor":14,"key":"BlessingOfTheForge"},{"floor":18,"key":"PowerPotion"},{"floor":25,"key":"BlessingOfTheForge"}],"is_trial":false,"path_per_floor":["M","$","M","M","?","R","M","R","T","$","T","E","R","E","R","B",null,"M","$","?","$","M","R","?","M","T","M","M","E"],"character_chosen":"DEFECT","items_purchased":["Conserve Battery","Melter","Defragment","Conserve Battery+1","Go for the Eyes","Capacitor"],"campfire_rested":0,"item_purchase_floors":[2,2,10,10,19,21],"current_hp_per_floor":[67,67,65,65,72,72,58,58,58,58,58,50,50,54,54,47,76,71,71,71,71,71,71,71,62,62,52,37,0,0],"gold":73,"neow_bonus":"HUNDRED_GOLD","is_daily":false,"chose_seed":false,"campfire_upgraded":4,"win_rate":0.0,"timestamp":1610580227,"path_taken":["M","$","M","M","?","R","M","R","T","?","?","E","R","E","R","BOSS","M","$","?","$","M","R","?","M","T","M","M","E"],"items_purchased_type":["Card","Card","Card","Card","Card","Card"],"build_version":"2020-12-22","purchased_purges":2,"victory":false,"max_hp_per_floor":[75,75,75,75,85,85,85,85,85,85,85,85,85,85,85,85,85,85,85,85,85,85,85,85,85,85,85,85,85,85],"card_choices":[{"not_picked":["Compile Driver","Aggregate"],"picked":"Undo","floor":1},{"not_picked":["Steam","Redo"],"picked":"Barrage","floor":3},{"not_picked":["Rebound","Storm"],"picked":"Beam Cell","floor":4},{"not_picked":["Go for the Eyes","Storm"],"picked":"Chaos","floor":7},{"not_picked":["Gash","Barrage"],"picked":"Streamline","floor":12},{"not_picked":["Barrage","Gash"],"picked":"Rebound","floor":14},{"not_picked":["Reboot+1","Echo Form"],"picked":"Creative AI","floor":16},{"not_picked":["Streamline","Force Field+1"],"picked":"Auto Shields+1","floor":18},{"not_picked":["Compile Driver","Turbo+1"],"picked":"Loop","floor":22},{"not_picked":["Conserve Battery+1","Beam Cell","Barrage"],"picked":"SKIP","floor":25},{"not_picked":["Chaos+1","Sweeping Beam"],"picked":"Hologram+1","floor":27},{"not_picked":["Compile Driver","Hello World","Rebound"],"picked":"SKIP","floor":28}],"player_experience":334825,"relics_obtained":[{"floor":9,"key":"Toxic Egg 2"},{"floor":11,"key":"HornCleat"},{"floor":12,"key":"Shovel"},{"floor":13,"key":"Meat on the Bone"},{"floor":14,"key":"War Paint"},{"floor":17,"key":"Juzu Bracelet"},{"floor":17,"key":"Ornamental Fan"},{"floor":17,"key":"TungstenRod"},{"floor":26,"key":"Symbiotic Virus"}],"event_choices":[{"damage_healed":0,"gold_gain":0,"player_choice":"Success","damage_taken":3,"relics_obtained":["Pear"],"max_hp_gain":0,"max_hp_loss":0,"event_name":"Scrap Ooze","floor":5,"gold_loss":0},{"damage_healed":0,"gold_gain":0,"player_choice":"Ignored","damage_taken":0,"max_hp_gain":0,"max_hp_loss":0,"event_name":"Vampires","floor":20,"gold_loss":0},{"cards_removed":["Strike_B"],"damage_healed":0,"gold_gain":0,"player_choice":"Card Removal","damage_taken":0,"max_hp_gain":0,"max_hp_loss":0,"event_name":"Wheel of Change","floor":24,"gold_loss":0}],"is_beta":false,"boss_relics":[{"not_picked":["Coffee Dripper","Empty Cage"],"picked":"Calling Bell"}],"items_purged_floors":[2,19],"is_endless":false,"potions_floor_spawned":[4,12,14,18,22,25],"killed_by":"Gremlin Leader","ascension_level":7}}