{"host":"appz8zkad29u9482","time":1610519710,"event":{"mods":["2.2 Compatiblity","Act Like it!","Aspiration","BaseMod","Beaked The Cultist","Better Altar","Better Match","Better Note","Better Skull","Better Third Choice","BetterRewards","CapriCore","Conspire","Disable Question Mark Monsters","Energized Spire","Gensokyo","GifTheSpireLib","Gold Saver","Halation","Hermit","Hubris","Infinite Spire","Jedi Mod","Marisa????????","Minty Spire (QoL Compilation)","Permanent Neow","Reimu??????","Replay The Spire","Somnambulant","Spicy Shops","StSLib","Strawberry Spire","Stuff the Spire","The Administrix","The Animator","The Cursed","The Hierophant","The Immortal","yUi"],"gold_per_floor":[113,124,141,160,160,160,190,201,224,242,242,274,274,302,302,400,350,363,380,398,398,409,435,450,450,450,466,466,466],"floor_reached":28,"language":"ENG","playtime":1753,"items_purged":[],"score":317,"play_id":"500f9a36-5a0d-44dc-8333-25718f3c37e1","local_time":"20210112203510","is_ascension_mode":true,"campfire_choices":[{"data":"PiercingWail","floor":6.0,"key":"SMITH"},{"floor":11.0,"key":"REST"},{"floor":13.0,"key":"REST"},{"floor":15.0,"key":"REST"},{"floor":25,"key":"REST"}],"circlet_count":0,"master_deck":["Strike_G","Strike_G","Strike_G","Strike_G","Defend_G","Defend_G","Defend_G","Defend_G","Defend_G","Survivor+1","Neutralize","Terror","strawberrySpire:SideSwipe","Blade Dance+1","All Out Attack","Glass Knife","Leg Sweep","StuffTheSpire:Shiver","Storm of Steel","Strike_G","Backstab","Acrobatics","strawberrySpire:Momentum","strawberrySpire:SpinKick+1","ReplayTheSpireMod:??????????????????????","strawberrySpire:SideSwipe","Venomology+1","ReplayTheSpireMod:Speed Training+1","strawberrySpire:Rummage"],"relics":["Ring of the Snake","infinitespire:Golems Mask","infinitespire:Satchel","strawberrySpire:ElefentMask","Replay:Wax Seal","energizedSpire:HugeHouse","strawberrySpire:CharschorBlot","strawberrySpire:BonfireDress"],"acts_visited":["Exordium","TheCity"],"potions_floor_usage":[23,24,28,28,28],"damage_taken":[{"damage":16.0,"enemies":"infinitespire:Voidling","floor":1.0,"turns":6.0},{"damage":1.0,"enemies":"Small Slimes","floor":2.0,"turns":3.0},{"damage":2.0,"enemies":"Jaw Worm","floor":3.0,"turns":3.0},{"damage":7.0,"enemies":"Large Slime","floor":4.0,"turns":4.0},{"damage":16.0,"enemies":"Gremlin Nob","floor":7.0,"turns":3.0},{"damage":9.0,"enemies":"Exordium Wildlife","floor":8.0,"turns":3.0},{"damage":0.0,"enemies":"3 Louse","floor":10.0,"turns":1.0},{"damage":16.0,"enemies":"strawberrySpire:EnergyPylons","floor":12.0,"turns":4.0},{"damage":15.0,"enemies":"Lagavulin","floor":14.0,"turns":4.0},{"damage":17.0,"enemies":"The Guardian","floor":16.0,"turns":10.0},{"damage":14.0,"enemies":"Shell Parasite","floor":18.0,"turns":4.0},{"damage":11.0,"enemies":"conspire:FuzzyDice","floor":19.0,"turns":5.0},{"damage":14.0,"enemies":"3 Cultists","floor":20.0,"turns":4.0},{"damage":0,"enemies":"Centurion and Healer","floor":22,"turns":4},{"damage":3,"enemies":"conspire:Head Lice","floor":23,"turns":4},{"damage":0,"enemies":"Cultist and Chosen","floor":24,"turns":4},{"damage":18,"enemies":"Snecko","floor":27,"turns":3},{"damage":14,"enemies":"conspire:HollyBat","floor":28,"turns":5}],"seed_played":"5813238145535783865","potions_obtained":[{"floor":1.0,"key":"SpeedPotion"},{"floor":7.0,"key":"Fire Potion"},{"floor":10.0,"key":"LiquidMemories"},{"floor":16.0,"key":"SkillPotion"},{"floor":18.0,"key":"Adrenaline Potion"},{"floor":20.0,"key":"Adrenaline Potion"},{"floor":24,"key":"Fire Potion"}],"is_trial":false,"path_per_floor":["M","M","M","M","?","R","E","M","T","M","R","E","R","E","R","B",null,"M","M","M","?","M","E","M","R","T","M","M"],"character_chosen":"THE_SILENT","items_purchased":[],"campfire_rested":4,"item_purchase_floors":[],"current_hp_per_floor":[63,62,60,53,53,53,37,28,28,28,49,33,54,39,60,43,65,51,40,26,10,10,7,7,26,26,8,0,0],"gold":466,"neow_bonus":"RANDOM_EVENT","is_daily":false,"chose_seed":false,"campfire_upgraded":1,"win_rate":0.0,"timestamp":1610519710,"path_taken":["M","M","?","M","?","R","E","M","T","?","R","E","R","E","R","BOSS","M","M","M","?","M","E","M","R","T","M","M"],"items_purchased_type":[],"build_version":"2020-12-22","purchased_purges":0,"victory":false,"max_hp_per_floor":[70,70,70,70,70,70,70,70,70,70,70,70,70,70,70,70,65,65,65,65,65,65,65,65,65,65,65,65,65],"card_choices":[{"not_picked":["strawberrySpire:Rummage","Masterful Stab"],"picked":"Terror","floor":1.0},{"not_picked":["hubris:TrickCloak","Bane"],"picked":"strawberrySpire:SideSwipe","floor":2.0},{"not_picked":["strawberrySpire:Swampstar","StuffTheSpire:Python"],"picked":"Blade Dance","floor":3.0},{"not_picked":["hubris:SlightOfHand","Flying Knee"],"picked":"PiercingWail","floor":4.0},{"not_picked":["Terror","Quick Slash"],"picked":"All Out Attack","floor":7.0},{"not_picked":["Sucker Punch","strawberrySpire:SideSwipe"],"picked":"Glass Knife","floor":8.0},{"not_picked":["strawberrySpire:Slide","Dagger Spray"],"picked":"Leg Sweep","floor":10.0},{"not_picked":["Bane","Poisoned Stab","StuffTheSpire:BumpUp"],"picked":"SKIP","floor":12.0},{"not_picked":["strawberrySpire:Urgency","strawberrySpire:Rummage"],"picked":"StuffTheSpire:Shiver","floor":14.0},{"not_picked":["Replay:Bag of Tricks","Phantasmal Killer"],"picked":"Storm of Steel","floor":16.0},{"not_picked":["Deadly Poison","Dagger Spray+1"],"picked":"Acrobatics","floor":18.0},{"not_picked":["hubris:SlightOfHand","ReplayTheSpireMod:Necrosis"],"picked":"strawberrySpire:Momentum","floor":19.0},{"not_picked":["Bane+1","strawberrySpire:Insectonator"],"picked":"strawberrySpire:SpinKick+1","floor":20.0},{"not_picked":["infinitespire:Collect","infinitespire:FinalStrike"],"picked":"ReplayTheSpireMod:??????????????????????","floor":21},{"not_picked":["Quick Slash","strawberrySpire:Insectonator+1"],"picked":"strawberrySpire:SideSwipe","floor":22},{"not_picked":["Blade Dance","hubris:SlightOfHand"],"picked":"ReplayTheSpireMod:Speed Training+1","floor":23},{"not_picked":["Predator+1","Hidden Blade+1"],"picked":"strawberrySpire:Rummage","floor":24},{"not_picked":["Quick Slash","Unload","StuffTheSpire:Injection"],"picked":"SKIP","floor":27}],"player_experience":547599,"relics_obtained":[{"floor":7.0,"key":"infinitespire:Golems Mask"},{"floor":9.0,"key":"infinitespire:Satchel"},{"floor":12.0,"key":"strawberrySpire:ElefentMask"},{"floor":14.0,"key":"Replay:Wax Seal"},{"floor":23,"key":"strawberrySpire:CharschorBlot"},{"floor":26,"key":"strawberrySpire:BonfireDress"}],"event_choices":[{"damage_healed":0.0,"max_hp_gain":0.0,"max_hp_loss":0.0,"gold_gain":0.0,"event_name":"Living Wall","player_choice":"Grow","floor":5.0,"gold_loss":0.0,"damage_taken":0.0,"cards_upgraded":["Blade Dance"]}],"is_beta":false,"boss_relics":[{"not_picked":["Cursed Key","halation:MonkeysPaw"],"picked":"energizedSpire:HugeHouse"}],"items_purged_floors":[],"is_endless":false,"potions_floor_spawned":[1,7,10,16,18,19,20,24],"killed_by":"conspire:HollyBat","ascension_level":4}}