{"host":"25beq07qjecnigqh","time":1610552175,"event":{"mods":["BaseMod","Minty Spire (QoL Compilation)"],"gold_per_floor":[109,123,298,316,53,86,86,99,152,164,177,203,214,225,225,225,225],"floor_reached":16,"language":"ZHS","playtime":963,"items_purged":["Doubt"],"score":106,"play_id":"3316ee40-31c1-4e84-bb7b-7b9f523cd6c4","local_time":"20210113233615","is_ascension_mode":false,"campfire_choices":[{"data":"Eruption","floor":7,"key":"SMITH"},{"floor":15,"key":"REST"}],"circlet_count":0,"master_deck":["Strike_P","Strike_P","Strike_P","Strike_P","Defend_P","Defend_P","Defend_P","Defend_P","Eruption+1","Vigilance","CutThroughFate","TalkToTheHand","Mayhem","FlurryOfBlows","ClearTheMind","BowlingBash","FearNoEvil","EmptyBody"],"relics":["PureWater","Toy Ornithopter","Mercury Hourglass","Blood Vial","Odd Mushroom"],"acts_visited":["Exordium"],"potions_floor_usage":[4,6,14,16],"damage_taken":[{"damage":3,"enemies":"Cultist","floor":1,"turns":6},{"damage":7,"enemies":"Jaw Worm","floor":2,"turns":6},{"damage":3,"enemies":"2 Louse","floor":4,"turns":3},{"damage":26,"enemies":"3 Sentries","floor":6,"turns":8},{"damage":1,"enemies":"2 Fungi Beasts","floor":8,"turns":2},{"damage":3,"enemies":"Red Slaver","floor":10,"turns":3},{"damage":3,"enemies":"Looter","floor":11,"turns":3},{"damage":19,"enemies":"The Mushroom Lair","floor":12,"turns":3},{"damage":22,"enemies":"Large Slime","floor":13,"turns":3},{"damage":0,"enemies":"3 Louse","floor":14,"turns":2},{"damage":39,"enemies":"The Guardian","floor":16,"turns":5}],"seed_played":"-6845630617635763921","potions_obtained":[{"floor":1,"key":"Strength Potion"},{"floor":2,"key":"ColorlessPotion"},{"floor":13,"key":"EssenceOfSteel"},{"floor":14,"key":"BottledMiracle"}],"is_trial":false,"path_per_floor":["M","M","?","M","$","E","R","M","T","M","M","?","M","M","R","B"],"character_chosen":"WATCHER","items_purchased":["Mayhem"],"campfire_rested":1,"item_purchase_floors":[5],"current_hp_per_floor":[69,62,62,64,64,43,43,42,42,41,40,23,3,10,31,0,0],"gold":225,"neow_bonus":"RANDOM_COMMON_RELIC","is_daily":false,"chose_seed":false,"campfire_upgraded":1,"win_rate":0.0,"timestamp":1610552175,"path_taken":["M","?","?","M","$","E","R","M","T","M","M","?","M","M","R","BOSS"],"items_purchased_type":["Card"],"build_version":"2020-12-22","purchased_purges":1,"victory":false,"max_hp_per_floor":[72,72,72,72,72,72,72,72,72,72,72,72,72,72,72,72,72],"card_choices":[{"not_picked":["Perseverance","Pray"],"picked":"CutThroughFate","floor":1},{"not_picked":["Collect","Study"],"picked":"TalkToTheHand","floor":2},{"not_picked":["Prostrate","ClearTheMind","Crescendo"],"picked":"SKIP","floor":4},{"not_picked":["Pray","EmptyFist","Omniscience"],"picked":"SKIP","floor":6},{"not_picked":["Worship","Pray"],"picked":"FlurryOfBlows","floor":8},{"not_picked":["Prostrate","Evaluate"],"picked":"ClearTheMind","floor":10},{"not_picked":["WindmillStrike","JustLucky"],"picked":"BowlingBash","floor":11},{"not_picked":["Consecrate","Halt"],"picked":"FearNoEvil","floor":12},{"not_picked":["CutThroughFate","FlurryOfBlows"],"picked":"EmptyBody","floor":13},{"not_picked":["SashWhip","CrushJoints","WindmillStrike"],"picked":"SKIP","floor":14}],"player_experience":60171,"relics_obtained":[{"floor":6,"key":"Mercury Hourglass"},{"floor":9,"key":"Blood Vial"},{"floor":12,"key":"Odd Mushroom"}],"event_choices":[{"damage_healed":0,"gold_gain":175,"player_choice":"AGREE","damage_taken":0,"max_hp_gain":0,"max_hp_loss":0,"event_name":"Liars Game","floor":3,"gold_loss":0,"cards_obtained":["Doubt"]},{"damage_healed":0,"gold_gain":0,"player_choice":"Fought Mushrooms","damage_taken":0,"max_hp_gain":0,"max_hp_loss":0,"event_name":"Mushrooms","floor":12,"gold_loss":0}],"is_beta":false,"boss_relics":[],"items_purged_floors":[5],"is_endless":false,"potions_floor_spawned":[1,2,13,14],"killed_by":"The Guardian","ascension_level":0}}