{"host":"dn6kke80v5f7isus","time":1610564718,"event":{"mods":["AchievementEnabler","Act Like it!","BaseMod","Colored Powertips","Custom Start","Defuse TimeMaze Blight","Downfall","Duelist Mod","Gremlin Skip","Highlight Path","Hubris","Infinite Spire","Minty Spire (QoL Compilation)","Rare Cards Sparkle","Replay The Spire","StSLib","Uncapped"],"gold_per_floor":[136,147,7531,7531,6939,6939,6958,6958,7006,7035,7048,7061,7061,7076,7076,7147,7147,7157,7177,7177,7189,7199,7231,7231,7231,7231,6756,6756,6756,6787,6712,6712,7221,7221,7708,8221,8271,7790,7790,8329,8329,8329,8329,8903,8903,9497,10134,10134,9465,10099,10099,10832,10932,10932],"floor_reached":53,"language":"ENG","playtime":1688,"items_purged":["theDuelist:Sparks"],"score":1643,"play_id":"de72c9ba-ffdf-424d-b267-4ccaaca06694","local_time":"20210113140518","is_ascension_mode":true,"campfire_choices":[{"data":"theDuelist:DarkworldThorns","floor":6,"key":"SMITH"},{"data":"theDuelist:EarthquakeGiant","floor":15,"key":"SMITH"},{"floor":24,"key":"RECALL"},{"floor":28,"key":"REST"},{"data":"hubris:InfiniteBlow+15","floor":32,"key":"SMITH"},{"data":"hubris:InfiniteBlow+16","floor":43,"key":"SMITH"},{"floor":51,"key":"REST"}],"circlet_count":0,"master_deck":["theDuelist:AngelTrumpeter+1","theDuelist:CactusBouncer+1","theDuelist:Inmato+1","theDuelist:JerryBeansMan+1","theDuelist:Predapruning+1","Secret Technique","theDuelist:EarthquakeGiant+1","theDuelist:Predapruning","theDuelist:SuperSolarNutrient+1","theDuelist:AngelTrumpeter","hubris:InfiniteBlow+17","theDuelist:RevivalRose","theDuelist:Gigaplant+1","theDuelist:SilverApples+1","theDuelist:SilverApples+1","theDuelist:FallenAngelRoses","theDuelist:SuperSolarNutrient","theDuelist:Nameless:Power:MaskedDragon","theDuelist:BlackRoseDragon","theDuelist:BlackRoseDragon","theDuelist:LonefireBlossom","theDuelist:SilverApples+1","theDuelist:RevivalRose"],"relics":["theDuelist:MillenniumPuzzle","theDuelist:CardPoolRelic","theDuelist:CardPoolBasicRelic","theDuelist:BoosterPackPoolRelic","theDuelist:CardPoolAddRelic","theDuelist:CardPoolMinusRelic","theDuelist:CardPoolSaveRelic","theDuelist:CardPoolOptionsRelic","NeowsBlessing","theDuelist:BoosterPackTrapEgg","Self Forming Clay","infinitespire:EmpoweringShard","Whetstone","Cauldron","Pear","theDuelist:TributeEggRelic","Byrd Skull","theDuelist:DuelistTeaSet","theDuelist:MillenniumRing","Replay:Wax Seal","Bronze Scales","hubris:EmptyBottle","ReplayTheSpireMod:TigerMarble","infinitespire:EvilPickle","Philosopher\u0027s Stone","MealTicket","infinitespire:Satchel","Bag of Preparation","Mirror","Prayer Wheel","theDuelist:AknamkanonsEssence","hubris:AncientText","infinitespire:FocusingShard","Replay:Wanted Poster"],"acts_visited":["Exordium","TheCity","TheBeyond","Exordium"],"potions_floor_usage":[10,10,10,16,16,19,19,30,30,30,30,46,46,52,52,52,52,52,52,52,52],"damage_taken":[{"damage":0.0,"enemies":"infinitespire:Voidling","floor":1.0,"turns":1.0},{"damage":0.0,"enemies":"Small Slimes","floor":2.0,"turns":1.0},{"damage":0,"enemies":"Cultist","floor":7,"turns":1},{"damage":4,"enemies":"3 Sentries","floor":10,"turns":3},{"damage":0,"enemies":"Exordium Wildlife","floor":11,"turns":1},{"damage":2,"enemies":"Large Slime","floor":12,"turns":3},{"damage":0,"enemies":"Lots of Slimes","floor":14,"turns":3},{"damage":18,"enemies":"The Guardian","floor":16,"turns":7},{"damage":18,"enemies":"Chosen","floor":18,"turns":4},{"damage":0,"enemies":"3 Byrds","floor":19,"turns":3},{"damage":10,"enemies":"Snake Plant","floor":21,"turns":3},{"damage":20,"enemies":"Snecko","floor":22,"turns":4},{"damage":2,"enemies":"theDuelist:KaibaA2","floor":23,"turns":3},{"damage":0,"enemies":"Nightmare","floor":30,"turns":5},{"damage":22,"enemies":"Pondfish","floor":33,"turns":4},{"damage":0,"enemies":"Orb Walker","floor":35,"turns":1},{"damage":31,"enemies":"3 Darklings","floor":36,"turns":3},{"damage":14,"enemies":"R_Hoarder","floor":40,"turns":5},{"damage":0,"enemies":"Giant Head","floor":44,"turns":3},{"damage":0,"enemies":"Jaw Worm Horde","floor":46,"turns":2},{"damage":0,"enemies":"Writhing Mass","floor":47,"turns":1},{"damage":13,"enemies":"Spire Growth","floor":50,"turns":3},{"damage":35,"enemies":"hubris:GrandSnecko","floor":52,"turns":5}],"seed_played":"-2576567164434006702","potions_obtained":[{"floor":2.0,"key":"theDuelist:VampireVial"},{"floor":5,"key":"theDuelist:ElectricBrew"},{"floor":5,"key":"theDuelist:IcePotion"},{"floor":5,"key":"Swift Potion"},{"floor":5,"key":"theDuelist:ExtraOrbsBottle"},{"floor":10,"key":"EssenceOfSteel"},{"floor":16,"key":"Fire Potion"},{"floor":18,"key":"theDuelist:FusionPotion"},{"floor":23,"key":"FocusPotion"},{"floor":40,"key":"champ:CounterPotion"},{"floor":46,"key":"AttackPotion"},{"floor":52,"key":"theDuelist:ElectricBrew"}],"is_trial":false,"path_per_floor":["M","M","$","?","$","R","M","?","T","E","M","M","?","M","R","B",null,"M","M","AVR","M","M","E","R","?","T","$","R","?","NM","?","R","B",null,"M","M","?","$","?","E","PTL","PTL","R","E","T","M","M","?","$","M","R","B",null],"character_chosen":"THE_DUELIST","items_purchased":["theDuelist:BoosterPackTrapEgg","Self Forming Clay","infinitespire:EmpoweringShard","Whetstone","Cauldron","Replay:Wax Seal","Bronze Scales","hubris:EmptyBottle","Energy Potion","theDuelist:StunPotion","MealTicket","infinitespire:Satchel","Explosive Potion","champ:CounterPotion","Elixir","theDuelist:AknamkanonsEssence","hubris:AncientText","infinitespire:FocusingShard","theDuelist:BlackRoseDragon"],"campfire_rested":2,"item_purchase_floors":[3,3,5,5,5,27,27,27,27,27,38,38,38,38,38,49,49,49,49],"current_hp_per_floor":[63,63,163,163,163,163,163,163,163,169,169,167,159,159,159,141,165,147,147,147,137,117,115,115,115,115,115,166,166,166,166,166,144,166,166,135,135,135,135,121,121,121,121,121,121,121,121,139,154,141,191,156,182,182],"gold":10932,"neow_bonus":"THREE_ENEMY_KILL","is_daily":false,"chose_seed":false,"campfire_upgraded":4,"win_rate":0.0,"timestamp":1610564718,"path_taken":["M","?","$","?","?","R","M","?","T","E","?","M","?","?","R","BOSS","M","M","AVR","M","M","E","R","?","T","$","R","?","NM","?","R","BOSS","M","M","?","?","?","E","PTL","PTL","R","E","T","M","M","?","$","?","R","BOSS"],"items_purchased_type":["Relic","Relic","Relic","Relic","Relic","Relic","Relic","Relic","Potion","Potion","Relic","Relic","Potion","Potion","Potion","Relic","Relic","Relic","Card"],"build_version":"2020-12-22","purchased_purges":1,"victory":false,"max_hp_per_floor":[70,70,170,163,163,163,163,163,163,173,173,173,173,173,173,173,173,173,173,173,173,173,173,173,173,173,173,173,173,173,173,173,173,173,173,173,173,173,173,173,173,173,173,173,173,173,173,191,191,191,191,191,191,191],"card_choices":[{"not_picked":["theDuelist:CactusBouncer","theDuelist:Spore","theDuelist:PredaplantPterapenthes","theDuelist:Inmato","theDuelist:TwilightRoseKnight"],"picked":"SKIP","floor":1.0},{"not_picked":["theDuelist:CactusBouncer","theDuelist:JerryBeansMan","theDuelist:WormApocalypse","theDuelist:PredaplantPterapenthes","theDuelist:PredaplantFlytrap"],"picked":"SKIP","floor":2.0},{"not_picked":["theDuelist:KamionTimelord","theDuelist:RoseArcher","theDuelist:BlackRoseMoonlight","theDuelist:PredaplantSarraceniant","theDuelist:PredaplantChimerafflesia"],"picked":"SKIP","floor":7},{"not_picked":["Bandage Up","Impatience","Panache"],"picked":"Secret Technique","floor":10},{"not_picked":["theDuelist:EvilswarmHeliotrope","theDuelist:DarkHole","theDuelist:GaiaMidNightSun","theDuelist:Electrowhip","theDuelist:LightningVortex"],"picked":"SKIP","floor":11},{"not_picked":["theDuelist:CrystalRose","theDuelist:MudGolem","theDuelist:GiantSoldierSteel","theDuelist:KamionTimelord"],"picked":"theDuelist:EarthquakeGiant","floor":12},{"not_picked":["theDuelist:Reinforcements+1","theDuelist:SilverApples+1","theDuelist:BottomlessTrapHole+1","theDuelist:AcidTrapHole+1","theDuelist:BloomingDarkestRose+1"],"picked":"SKIP","floor":14},{"not_picked":["theDuelist:Sparks"],"picked":"theDuelist:Predapruning","floor":18},{"not_picked":["theDuelist:WorldTree","theDuelist:VioletCrystal","theDuelist:BloomingDarkestRose+1","theDuelist:SplendidRose","theDuelist:PredaplantSarraceniant"],"picked":"SKIP","floor":19},{"not_picked":["theDuelist:JerryBeansMan","theDuelist:Invigoration","theDuelist:PredaplantChlamydosundew+1","theDuelist:BottomlessTrapHole+1"],"picked":"theDuelist:SuperSolarNutrient+1","floor":21},{"not_picked":["theDuelist:KamionTimelord","theDuelist:Reinforcements+1","theDuelist:SplendidRose","theDuelist:QueenAngelRoses"],"picked":"theDuelist:AngelTrumpeter","floor":22},{"not_picked":["theDuelist:DarklordSuperbia","theDuelist:WormApocalypse","theDuelist:DestroyerGolem","theDuelist:FutureFusion","theDuelist:BigKoala"],"picked":"SKIP","floor":23},{"not_picked":["ReplayTheSpireMod:Echoes of Time","ReplayTheSpireMod:??????????????????????"],"picked":"hubris:InfiniteBlow+15","floor":30},{"not_picked":["theDuelist:WormKing","theDuelist:DummyGolem","theDuelist:DarklordSuperbia","theDuelist:PotDichotomy","theDuelist:ImperialOrder+1"],"picked":"SKIP","floor":30},{"not_picked":["theDuelist:SeedCannon","theDuelist:PlantFoodChain+1","theDuelist:KamionTimelord","theDuelist:Gigaplant+1"],"picked":"theDuelist:RevivalRose","floor":33},{"not_picked":["theDuelist:CrystalRose+1","theDuelist:DestroyerGolem","theDuelist:EvilswarmHeliotrope","theDuelist:PowerGiant","theDuelist:KamionTimelord"],"picked":"SKIP","floor":35},{"not_picked":["theDuelist:SeedCannon+1","theDuelist:BlossomBombardment+1","theDuelist:RevivalRose","theDuelist:QueenAngelRoses+1"],"picked":"theDuelist:Gigaplant+1","floor":36},{"not_picked":["theDuelist:Reinforcements+1","theDuelist:BottomlessTrapHole+1","theDuelist:AcidTrapHole+1","theDuelist:BloomingDarkestRose+1"],"picked":"theDuelist:SilverApples+1","floor":40},{"not_picked":["theDuelist:Reinforcements+1","theDuelist:BottomlessTrapHole+1","theDuelist:AcidTrapHole+1","theDuelist:BloomingDarkestRose+1"],"picked":"theDuelist:SilverApples+1","floor":44},{"not_picked":["theDuelist:BotanicalLion","theDuelist:CactusBouncer+1","theDuelist:MudGolem","theDuelist:Mudora+1"],"picked":"theDuelist:FallenAngelRoses","floor":46},{"not_picked":["theDuelist:CactusBouncer+1","theDuelist:PredaplantFlytrap","theDuelist:WormApocalypse","theDuelist:CheerfulCoffin","theDuelist:JerryBeansMan+1"],"picked":"SKIP","floor":46},{"not_picked":["theDuelist:BotanicalLion","theDuelist:Firegrass","theDuelist:CheerfulCoffin","theDuelist:SilverApples+1"],"picked":"theDuelist:SuperSolarNutrient","floor":47},{"not_picked":["theDuelist:GraniteLoyalist+1","theDuelist:Hinotama","theDuelist:LightningDarts+1","theDuelist:LightningVortex","theDuelist:MudragonSwamp"],"picked":"SKIP","floor":47},{"not_picked":["theDuelist:CactusBouncer","theDuelist:AngelTrumpeter","theDuelist:Inmato","theDuelist:DarkworldThorns"],"picked":"theDuelist:LonefireBlossom","floor":50},{"not_picked":["theDuelist:LonefireBlossom","theDuelist:MarkRose+1","theDuelist:PredaplantPterapenthes","theDuelist:Predapruning+1"],"picked":"theDuelist:SilverApples+1","floor":50},{"not_picked":["theDuelist:PlantFoodChain+1","theDuelist:HeartUnderdog+1","theDuelist:QueenAngelRoses","theDuelist:PredaplantSarraceniant"],"picked":"theDuelist:RevivalRose","floor":52}],"player_experience":622384,"relics_obtained":[{"floor":10,"key":"Pear"},{"floor":23,"key":"theDuelist:DuelistTeaSet"},{"floor":26,"key":"theDuelist:MillenniumRing"},{"floor":30,"key":"ReplayTheSpireMod:TigerMarble"},{"floor":40,"key":"Bag of Preparation"},{"floor":44,"key":"Mirror"},{"floor":45,"key":"Prayer Wheel"}],"event_choices":[{"damage_healed":0,"gold_gain":0,"player_choice":"Brew - 2x Potion Slots","duelist":true,"damage_taken":0,"max_hp_gain":0,"max_hp_loss":0,"event_name":"Aknamkanon\u0027s Tomb","floor":4,"gold_loss":0},{"damage_healed":0,"gold_gain":0,"player_choice":"Dig - random Duelist relic","duelist":true,"damage_taken":0,"max_hp_gain":0,"max_hp_loss":0,"event_name":"Aknamkanon\u0027s Tomb","floor":13,"gold_loss":0},{"damage_healed":0,"gold_gain":0,"player_choice":"Leave","duelist":true,"damage_taken":0,"max_hp_gain":0,"max_hp_loss":0,"event_name":"Relic Duplicator","floor":25,"gold_loss":0},{"cards_removed":["theDuelist:JerryBeansMan"],"damage_healed":0,"gold_gain":0,"player_choice":"Gave Gold","damage_taken":0,"max_hp_gain":0,"max_hp_loss":0,"event_name":"Beggar","floor":31,"gold_loss":75},{"damage_healed":0,"gold_gain":50,"player_choice":"Pray","damage_taken":0,"max_hp_gain":0,"max_hp_loss":0,"event_name":"Golden Shrine","floor":37,"gold_loss":0},{"power_reward":4,"total_magic_score":69,"gold_gain":0,"duelist":true,"damage_taken":0,"relics_obtained":[],"points":11,"max_hp_gain":18,"max_hp_loss":0,"spent_points":{"magic":3,"greed":0,"war":0,"power":4,"hunger":4},"event_name":"Nameless Tomb","hunger_reward":4,"floor":48,"gold_loss":0,"cards_obtained":["theDuelist:Nameless:Power:MaskedDragon"]}],"is_beta":false,"boss_relics":[{"not_picked":["Cursed Key","infinitespire:Burning Sword","Ooze Armor"]},{"not_picked":["ReplayTheSpireMod:DimensionalGlitch","hubris:HollowSoul"],"picked":"Philosopher\u0027s Stone"},{"not_picked":["theDuelist:GamblerChip","Calling Bell"],"picked":"Replay:Wanted Poster"}],"items_purged_floors":[3],"is_endless":true,"potions_floor_spawned":[2,7,10,16,18,23,40,46,47,52],"ascension_level":17}}