{"host":"wutzay93uet9pf9y","time":1610508920,"event":{"mods":["BaseMod","Colored Map","Downfall","Minty Spire (QoL Compilation)","StSLib"],"gold_per_floor":[99,99,99,99,274,305,305,33,133,133,58,89,102,113,126,223,223,223,223,63,63,63,63,63,63,63,63,63,13,13,0,0,0,0,0,0,0,0,0,0,0,0,0,0,0,0,0,0,0,0,0,0],"floor_reached":50,"language":"ENG","playtime":2080,"items_purged":["Doubt","Slimebound:Strike_Slimebound"],"score":517,"play_id":"620bb1a8-1fb7-42b1-bc21-be3d9a9c1c05","local_time":"20210112223520","is_ascension_mode":false,"campfire_choices":[{"floor":1,"key":"RECALL"},{"data":"Slimebound:LivingWall","floor":11,"key":"SMITH"},{"data":"Slimebound:SelfFormingGoo","floor":18,"key":"SMITH"},{"data":"Slimebound:Grow","floor":23,"key":"SMITH"},{"data":"Slimebound:Split","floor":26,"key":"SMITH"},{"data":"Slimebound:LeadByExample","floor":28,"key":"SMITH"},{"data":"Slimebound:SelfFormingGoo","floor":35,"key":"SMITH"},{"data":"Slimebound:LevelUp","floor":40,"key":"SMITH"},{"data":"Slimebound:GoopSpray","floor":47,"key":"SMITH"}],"circlet_count":0,"master_deck":["Slimebound:Strike_Slimebound","Slimebound:Strike_Slimebound","Slimebound:Tackle","Slimebound:Defend_Slimebound","Slimebound:Defend_Slimebound","Slimebound:Defend_Slimebound","Slimebound:Defend_Slimebound","Slimebound:Split+1","Slimebound:CorrosiveSpit","Slimebound:FormOfPuddle","Slimebound:Grow+1","Slimebound:GoopSpray+1","Slimebound:RollThrough","Slimebound:LeadByExample+1","Slimebound:Equalize","Slimebound:LivingWall+1","Slimebound:FinishingTackle+1","Slimebound:SplitAcid","Slimebound:Nibble+1","Slimebound:GrowthPunch+1","Slimebound:SelfFormingGoo+1","Slimebound:SlimeBarrage+1","Slimebound:FlameTackle+1","Slimebound:ViciousTackle+1","Slimebound:SplitLeeching","Slimebound:GoopTackle+1","Slimebound:ItLooksTasty+1","Slimebound:LevelUp+1","Writhe","Slimebound:ComboTackle+1","Slimebound:SelfFormingGoo+1","Slimebound:SlimeBrawl+1","Slimebound:MegaLick+1","Slimebound:Darklings","Slimebound:PressTheAttack+1"],"relics":["Slimebound:AbsorbEndCombat","downfall:HeartsMalice","InkBottle","Slimebound:SelfDamagePreventRelic","downfall:CloakOfManyFaces","CultistMask","FaceOfCleric","NlothsMask","GremlinMask","SsserpentHead","downfall:HeartBlessingRed","Molten Egg 2","downfall:Hecktoplasm","downfall:HeartBlessingBlue","Regal Pillow","Sozu","Slimebound:AggressiveSlimeRelic"],"acts_visited":["Exordium","TheCity","TheBeyond"],"potions_floor_usage":[16,16,20,20,25,33,33,43,49],"damage_taken":[{"damage":0,"enemies":"2 Louse","floor":2,"turns":1},{"damage":0,"enemies":"Small Slimes","floor":3,"turns":1},{"damage":0,"enemies":"Gremlin Nob","floor":6,"turns":1},{"damage":20,"enemies":"downfall:FleeingMerchant","floor":8,"turns":4},{"damage":21,"enemies":"downfall:FaceTrader","floor":9,"turns":11},{"damage":0,"enemies":"Cultist","floor":10,"turns":1},{"damage":13,"enemies":"Lagavulin","floor":12,"turns":7},{"damage":11,"enemies":"Exordium Thugs","floor":13,"turns":6},{"damage":17,"enemies":"3 Louse","floor":14,"turns":4},{"damage":15,"enemies":"Gremlin Gang","floor":15,"turns":3},{"damage":11,"enemies":"downfall:Watcher","floor":16,"turns":7},{"damage":31,"enemies":"Shell Parasite","floor":19,"turns":5},{"damage":8,"enemies":"downfall:FleeingMerchant","floor":20,"turns":4},{"damage":22,"enemies":"3 Byrds","floor":22,"turns":4},{"damage":16,"enemies":"3 Cultists","floor":25,"turns":3},{"damage":22,"enemies":"Cultist and Chosen","floor":27,"turns":6},{"damage":36,"enemies":"downfall:FleeingMerchant","floor":29,"turns":4},{"damage":17,"enemies":"downfall:FleeingMerchant","floor":31,"turns":4},{"damage":34,"enemies":"Snake Plant","floor":32,"turns":3},{"damage":26,"enemies":"downfall:Defect","floor":33,"turns":7},{"damage":15,"enemies":"3 Shapes","floor":43,"turns":3},{"damage":43,"enemies":"3 Darklings","floor":45,"turns":3},{"damage":41,"enemies":"Maw","floor":49,"turns":7},{"damage":90,"enemies":"downfall:Silent","floor":50,"turns":7}],"seed_played":"-6056464062378854920","potions_obtained":[{"floor":6,"key":"GamblersBrew"},{"floor":9,"key":"Swift Potion"},{"floor":13,"key":"PowerPotion"},{"floor":15,"key":"CultistPotion"},{"floor":19,"key":"EntropicBrew"},{"floor":25,"key":"SteroidPotion"},{"floor":33,"key":"SpeedPotion"}],"is_trial":false,"path_per_floor":["R","M","M","?","?","E","T","$","?","M","R","E","M","M","M","B",null,"R","M","$","?","M","R","T","M","R","M","R","$","?","$","M","B",null,"R","?","$","?","$","R","T","?","M","$","M","$","R","?","M","B"],"character_chosen":"SLIMEBOUND","items_purchased":["Slimebound:SelfDamagePreventRelic","Slimebound:LeadByExample","Slimebound:ViciousTackle+1","Slimebound:LevelUp"],"campfire_rested":0,"item_purchase_floors":[8,8,20,29],"current_hp_per_floor":[60,60,60,60,60,60,60,48,39,40,40,40,36,28,26,28,66,76,63,68,68,57,57,57,52,52,53,53,36,36,38,31,42,85,85,85,85,85,85,85,85,85,75,75,62,62,62,62,58,0,0,0],"gold":0,"neow_bonus":"THREE_ENEMY_KILL","is_daily":false,"chose_seed":false,"campfire_upgraded":8,"win_rate":0.0,"timestamp":1610508920,"path_taken":["R","M","M","?","?","E","T","$","?","M","R","E","M","M","M","BOSS","R","M","$","?","M","R","T","M","R","M","R","?","?","$","M","BOSS","R","?","?","?","$","R","T","?","M","?","?","$","R","?","M","BOSS"],"items_purchased_type":["Relic","Card","Card","Card"],"build_version":"2020-12-22","purchased_purges":2,"victory":false,"max_hp_per_floor":[60,60,60,60,60,60,60,60,60,61,61,62,63,64,65,66,66,76,77,78,78,79,79,79,80,80,81,81,82,82,83,84,85,85,85,85,85,85,85,85,85,85,86,86,87,87,87,87,88,88,88,88],"card_choices":[{"not_picked":["Slimebound:SplitBruiser","Slimebound:FinishingTackle"],"picked":"Slimebound:FormOfPuddle","floor":2},{"not_picked":["Slimebound:BestDefense","Slimebound:ViciousTackle"],"picked":"Slimebound:Grow","floor":3},{"not_picked":["Slimebound:ViciousTackle","Slimebound:SlimeBarrage"],"picked":"Slimebound:GoopSpray","floor":6},{"not_picked":["Slimebound:WasteNot","Slimebound:FinishingTackle"],"picked":"Slimebound:RollThrough","floor":8},{"not_picked":["Slimebound:Schlurp","Slimebound:Replication"],"picked":"Slimebound:Equalize","floor":9},{"not_picked":["Slimebound:FirmFortitude","Slimebound:Nibble"],"picked":"Slimebound:LivingWall","floor":10},{"not_picked":["Slimebound:MassRepurpose","Slimebound:SlimeSpikes"],"picked":"Slimebound:FinishingTackle+1","floor":12},{"not_picked":["Slimebound:SplitBruiser","Slimebound:RollThrough+1"],"picked":"Slimebound:SplitAcid","floor":13},{"not_picked":["Slimebound:Repurpose","Slimebound:SlimeSpikes"],"picked":"Slimebound:Nibble+1","floor":14},{"not_picked":["Slimebound:Replication","Slimebound:GoopSpray"],"picked":"Slimebound:GrowthPunch+1","floor":15},{"not_picked":["Slimebound:RallyTheTroops+1","Slimebound:LeechLife+1"],"picked":"Slimebound:SelfFormingGoo","floor":16},{"not_picked":["Slimebound:ItLooksTasty+1","Slimebound:FinishingTackle+1"],"picked":"Slimebound:SlimeBarrage+1","floor":19},{"not_picked":["Slimebound:FinishingTackle+1","Slimebound:Nibble+1"],"picked":"Slimebound:FlameTackle+1","floor":20},{"not_picked":["Slimebound:ViciousTackle+1","Slimebound:LeechingTouch+1"],"picked":"Slimebound:SplitLeeching","floor":22},{"not_picked":["Slimebound:GrowthPunch+1","Slimebound:Grow","Slimebound:Replication"],"picked":"SKIP","floor":25},{"not_picked":["Slimebound:FormOfPuddle","Slimebound:ViciousTackle+1"],"picked":"Slimebound:GoopTackle+1","floor":27},{"not_picked":["Slimebound:TongueLash+1","Slimebound:LeechEnergy+1"],"picked":"Slimebound:ItLooksTasty+1","floor":29},{"not_picked":["Slimebound:LivingWall","Slimebound:LeechEnergy+1"],"picked":"Slimebound:SplitMire","floor":31},{"not_picked":["Slimebound:HauntingLick","Slimebound:SplitAcid"],"picked":"Slimebound:ComboTackle+1","floor":32},{"not_picked":["Slimebound:DouseInSlime","Slimebound:Overexert"],"picked":"Slimebound:SelfFormingGoo","floor":33},{"not_picked":["Slimebound:DisruptingSlam+1","Slimebound:ComboTackle+1"],"picked":"Slimebound:SlimeBrawl+1","floor":43},{"not_picked":["Slimebound:RainOfGoop","Slimebound:FirmFortitude"],"picked":"Slimebound:MegaLick+1","floor":45},{"not_picked":["Slimebound:LeechingTouch+1","Slimebound:SlimeSpikes"],"picked":"Slimebound:PressTheAttack+1","floor":49}],"player_experience":282125,"relics_obtained":[{"floor":6,"key":"InkBottle"},{"floor":9,"key":"downfall:CloakOfManyFaces"},{"floor":12,"key":"Molten Egg 2"},{"floor":41,"key":"Slimebound:AggressiveSlimeRelic"}],"event_choices":[{"cards_removed":["Slimebound:SplitMire"],"damage_healed":0,"gold_gain":0,"player_choice":"Removed Skill","damage_taken":0,"max_hp_gain":0,"max_hp_loss":0,"event_name":"Falling","floor":38,"gold_loss":0}],"is_beta":false,"boss_relics":[{"not_picked":["Calling Bell","Busted Crown"],"picked":"downfall:Hecktoplasm"},{"not_picked":["Slimebound:TarBlob","Astrolabe"],"picked":"Sozu"}],"items_purged_floors":[8,20],"is_endless":false,"potions_floor_spawned":[6,9,13,14,15,19,25,32,33,49],"killed_by":"downfall:Silent","ascension_level":0}}