{"host":"ha6p5pdchuduffeg","time":1610549023,"event":{"mods":["Act Like it!","BaseMod","Gensokyo","KinomotoSakuraMod(ƒæ÷Æ±æ”£)","Koishi","Marisa£®ÏF”Í°°ƒß¿Ì…≥£©","Minty Spire (QoL Compilation)","Reimu£®≤©¿ˆ¡È√Œ£©","Remilia£®¿Ÿ√◊¿Ú—«£©","Replay The Spire","StSLib","The Servant 0.9.4","Youmu£®ªÍ∆«—˝√Œ£©"],"gold_per_floor":[110,310,158,158,169,169,251,251,275,302,317,317,22,39,39,144,144,117,117,137,236,249,249,260,260,330,330,343,354,127,141,141,243,243,253,270,270,103,117,117,117,117],"floor_reached":41,"language":"ZHS","playtime":1806,"items_purged":["Gluttony_TH"],"score":418,"play_id":"9b6637e9-6b0f-4e4a-8ba2-1c038e592dda","local_time":"20210113224343","is_ascension_mode":false,"campfire_choices":[{"data":"CareerPray:ReiMu","floor":6.0,"key":"SMITH"},{"data":"AlertArray:ReiMu","floor":12.0,"key":"SMITH"},{"floor":15,"key":"REST"},{"data":"KamiRite:ReiMu","floor":23,"key":"SMITH"},{"data":"FantasyMoon:ReiMu","floor":25,"key":"SMITH"},{"floor":32,"key":"REST"},{"floor":40,"key":"REST"}],"circlet_count":0,"master_deck":["Strike_Lin:ReiMu","Strike_Lin:ReiMu","Strike_Lin:ReiMu","Defend_Lin:ReiMu","Defend_Lin:ReiMu","Defend_Lin:ReiMu","NB:ReiMu+1","Stagnation:ReiMu","CareerPray:ReiMu+1","AlertArray:ReiMu+1","FantasyMoon:ReiMu+1","KamiRite:ReiMu+1","Conquer:ReiMu+1","CareerPray:ReiMu+1","KamiSacrifice:ReiMu+1","Gathering:ReiMu+1","DependentForm:ReiMu+1","AlertArray:ReiMu+1","Shading:ReiMu+1","LearningPray:ReiMu+1","ShadowOfCrow2:ReiMu+1"],"relics":["ShineYinYang:ReiMu","Regal Pillow","Chameleon Ring","Simple Rune","Replay:Mystery Machine","Thread and Needle","Question Card","ReplayTheSpireMod:Lightbulb","Toolbox","Replay:Grab Bag","Fusion Hammer","Cursed Key","Astrolabe","ReplayTheSpireMod:CursedCoin","Shuriken"],"acts_visited":["Exordium","TheCity","TheBeyond"],"potions_floor_usage":[41],"damage_taken":[{"damage":0.0,"enemies":"2 Louse","floor":1.0,"turns":3.0},{"damage":0.0,"enemies":"Jaw Worm","floor":5.0,"turns":3.0},{"damage":8.0,"enemies":"Gremlin Nob","floor":10.0,"turns":4.0},{"damage":0.0,"enemies":"Small Slimes","floor":11.0,"turns":2.0},{"damage":2,"enemies":"Looter","floor":14,"turns":4},{"damage":37,"enemies":"Fading Forest","floor":16,"turns":11},{"damage":4,"enemies":"2 Thieves","floor":18,"turns":5},{"damage":6,"enemies":"Shell Parasite","floor":20,"turns":4},{"damage":0,"enemies":"Centurion and Healer","floor":22,"turns":4},{"damage":4,"enemies":"Snecko","floor":24,"turns":5},{"damage":6,"enemies":"Cultist and Chosen","floor":28,"turns":5},{"damage":4,"enemies":"Chosen and Byrds","floor":29,"turns":5},{"damage":12,"enemies":"Snake Plant","floor":31,"turns":4},{"damage":53,"enemies":"Automaton","floor":33,"turns":10},{"damage":22,"enemies":"3 Darklings","floor":35,"turns":7},{"damage":10,"enemies":"Orb Walker","floor":36,"turns":5},{"damage":24,"enemies":"Transient","floor":39,"turns":5},{"damage":29,"enemies":"Nemesis","floor":41,"turns":5}],"seed_played":"-2575725349768381692","potions_obtained":[{"floor":1.0,"key":"DistilledChaos"},{"floor":5.0,"key":"Milkshake"},{"floor":11.0,"key":"Languid Potion"},{"floor":14,"key":"PowerPotion"},{"floor":31,"key":"Fire Potion"}],"is_trial":false,"path_per_floor":["M","?","$","?","M","R","T","?","T","E","M","R","$","M","R","B",null,"M","$","M","?","M","R","M","R","T","?","M","M","$","M","R","B",null,"M","M","?","$","M","R","E"],"character_chosen":"REIMU","items_purchased":["Regal Pillow","Thread and Needle","Toolbox","BottledKami:ReiMu","ReplayTheSpireMod:CursedCoin","Shuriken"],"campfire_rested":3,"item_purchase_floors":[3,13,30,30,38,38],"current_hp_per_floor":[65,65,65,65,65,65,65,52,52,44,44,44,44,42,65,28,65,61,61,55,55,55,55,51,51,51,51,45,41,41,29,63,10,65,43,33,33,33,9,43,14,14],"gold":117,"neow_bonus":"RANDOM_EVENT","is_daily":false,"chose_seed":false,"campfire_upgraded":4,"win_rate":0.0,"timestamp":1610549023,"path_taken":["M","?","$","?","M","R","?","?","T","E","M","R","$","M","R","BOSS","M","$","M","?","M","R","M","R","T","?","M","M","$","?","R","BOSS","M","M","?","$","?","R","E"],"items_purchased_type":["Relic","Relic","Relic","Potion","Relic","Relic"],"build_version":"2020-12-22","purchased_purges":1,"victory":false,"max_hp_per_floor":[65,65,65,65,65,65,65,65,65,65,65,65,65,65,65,65,65,65,65,65,65,65,65,65,65,65,65,65,65,65,65,65,65,65,65,65,65,65,65,65,65,65],"card_choices":[{"not_picked":["RainPray2:ReiMu","EmergencyTakeOff:ReiMu"],"picked":"CareerPray:ReiMu","floor":1.0},{"not_picked":["TightArray:ReiMu","PhosphorusFlame:ReiMu"],"picked":"AlertArray:ReiMu","floor":2.0},{"not_picked":["OctopathBindingBorder2:ReiMu","Conquer:ReiMu","FineLineFantasy:ReiMu"],"picked":"SKIP","floor":5.0},{"not_picked":["CollectionFlower2:ReiMu","WonderfulDomain:ReiMu","PhosphorusFlame:ReiMu"],"picked":"SKIP","floor":10.0},{"not_picked":["ManaGlint:ReiMu","SpiritualOutbreak2:ReiMu","EmergencyTakeOff:ReiMu"],"picked":"SKIP","floor":11.0},{"not_picked":["OrbThrow:ReiMu","AirStrike:ReiMu"],"picked":"FantasyMoon:ReiMu","floor":14},{"not_picked":["HakureiPhantom:ReiMu","PrayRite:ReiMu"],"picked":"KamiRite:ReiMu","floor":16},{"not_picked":["LearningPray:ReiMu","SpringWay:ReiMu"],"picked":"Conquer:ReiMu+1","floor":18},{"not_picked":["SubAcupoint:ReiMu","WonderfulDomain:ReiMu+1"],"picked":"CareerPray:ReiMu+1","floor":20},{"not_picked":["SpiritualOutbreak2:ReiMu+1","MountainWay:ReiMu"],"picked":"SubcavityInstant:ReiMu","floor":22},{"not_picked":["SpiritualOutbreak2:ReiMu","Enchanting:ReiMu","Intuition:ReiMu+1"],"picked":"SKIP","floor":24},{"not_picked":["FantasyMoon:ReiMu","AirStrike:ReiMu","InherentArray:ReiMu"],"picked":"KamiSacrifice:ReiMu+1","floor":28},{"not_picked":["YinYangSange:ReiMu","SpreadBorder2:ReiMu","Meditation:ReiMu"],"picked":"Gathering:ReiMu+1","floor":29},{"not_picked":["AlertArray:ReiMu","RainPray2:ReiMu+1","KamiRite:ReiMu","WonderfulDomain:ReiMu"],"picked":"SKIP","floor":31},{"not_picked":["KamiRite:ReiMu","HakureiPhantom:ReiMu","KyokaiOfKami:ReiMu"],"picked":"DependentForm:ReiMu","floor":33},{"not_picked":["AirStrike:ReiMu+1","SubAcupoint:ReiMu+1","SealNeedle:ReiMu","RainPray2:ReiMu+1"],"picked":"SKIP","floor":35},{"not_picked":["UpKicking:ReiMu","Conquer:ReiMu","ManaGlint:ReiMu"],"picked":"ShadowOfCrow2:ReiMu+1","floor":36},{"not_picked":["FantasyBorder:ReiMu","TakeOff:ReiMu+1","AirStrike:ReiMu","RainPray2:ReiMu+1"],"picked":"SKIP","floor":39}],"player_experience":79265,"relics_obtained":[{"floor":7.0,"key":"Chameleon Ring"},{"floor":9.0,"key":"Simple Rune"},{"floor":10.0,"key":"Replay:Mystery Machine"},{"floor":26,"key":"Question Card"}],"event_choices":[{"damage_healed":0.0,"max_hp_gain":0.0,"max_hp_loss":0.0,"gold_gain":0.0,"event_name":"Golden Wing","player_choice":"Ignored","floor":4.0,"gold_loss":0.0,"damage_taken":0.0},{"damage_healed":0.0,"max_hp_gain":0.0,"max_hp_loss":0.0,"gold_gain":0.0,"event_name":"Shining Light","player_choice":"Entered Light","floor":8.0,"gold_loss":0.0,"damage_taken":13.0,"cards_upgraded":["NB:ReiMu","Defend_Lin:ReiMu"]},{"damage_healed":0,"gold_gain":99,"player_choice":"Stole From Cult","damage_taken":0,"max_hp_gain":0,"max_hp_loss":0,"event_name":"Nest","floor":21,"gold_loss":0},{"damage_healed":0,"gold_gain":0,"player_choice":"Gave Potion","damage_taken":0,"relics_obtained":["ReplayTheSpireMod:Lightbulb"],"max_hp_gain":0,"max_hp_loss":0,"event_name":"WeMeetAgain","floor":27,"gold_loss":0},{"damage_healed":0,"gold_gain":0,"player_choice":"Forge","damage_taken":0,"max_hp_gain":0,"max_hp_loss":0,"event_name":"Accursed Blacksmith","floor":37,"gold_loss":0,"cards_upgraded":["DependentForm:ReiMu"]}],"is_beta":false,"boss_relics":[{"not_picked":["Philosopher\u0027s Stone","ReplayTheSpireMod:DimensionalGlitch"],"picked":"ShineYinYang:ReiMu"},{"not_picked":["SlaversCollar","ChewingGum"],"picked":"Replay:Grab Bag"},{"not_picked":["Sozu","DonationBox:ReiMu"],"picked":"Fusion Hammer"},{"not_picked":["Runic Dome","Coffee Dripper"],"picked":"Cursed Key"},{"not_picked":["Kintsugi","Empty Cage"],"picked":"Astrolabe"}],"items_purged_floors":[38],"is_endless":false,"potions_floor_spawned":[1,5,11,14,18,22,31,33,36],"killed_by":"Nemesis","ascension_level":0}}