{"host":"urvvf8749ekcxo1a","time":1610512481,"event":{"mods":["BaseMod","Better Sensory Stone","BetterRewards","Colored Powertips","Evolution","Gold Saver","Marisa????????","Minty Spire (QoL Compilation)","Quick Restart","Replay The Spire","StSLib","The Cursed","The Servant 0.9.4","The Wild Card"],"gold_per_floor":[723,898,357,357,218,218,236,249,273,273,223,236,259,273,273,401,401,425,282,282,302,302,302,338,338,338,356,399,399,423,459,459,589,652,672,685,700,1075,1107,1119,1131,1143,1155,1167,1202,1303,1354,1384,1396,1408],"floor_reached":51,"language":"ENG","playtime":1477,"items_purged":["TheCursedMod:CursedWand"],"score":977,"play_id":"7b776c99-60de-4574-8129-dd8ae1600252","local_time":"20210112233441","daily_mods":["Vintage","Heirloom"],"is_ascension_mode":false,"campfire_choices":[{"data":"1","floor":6,"key":"LIFT"},{"data":"2","floor":15,"key":"LIFT"},{"data":"3","floor":23,"key":"LIFT"},{"floor":25,"key":"REST"},{"floor":29,"key":"REST"},{"data":"TheCursedMod:Hemoplague","floor":32,"key":"SMITH"},{"floor":40,"key":"REST"},{"floor":44,"key":"REST"},{"floor":49,"key":"REST"}],"circlet_count":0,"master_deck":["TheCursedMod:VitalStrike+1","TheCursedMod:VitalStrike+1","TheCursedMod:VitalStrike+1","TheCursedMod:WearCloak+1","TheCursedMod:Dregs","Doubt","TheCursedMod:StingEye+1","TheCursedMod:SpreadPlague+1","TheCursedMod:Mangle+1","TheCursedMod:CollectTribute+1","Replay:Sluggish","RitualDagger+1","Necronomicurse","TheCursedMod:Torture","TheCursedMod:AbyssShockwave+1","TheCursedMod:Hemoplague+1","TheCursedMod:CursedRelics+1","Pot Of Greed+1","Pot Of Greed+1","TheCursedMod:Stigma+1","Madness","Madness+1","ReplayTheSpireMod:Splinters"],"relics":["TheCursedMod:BlackMagic101","EVO:Axolotl","Girya","Peace Pipe","Golden Egg","Toolbox","Boot","Gremlin Food","Omamori","Golden Idol","Du-Vu Doll","White Beast Statue","Replay:Rubber Ducky","Kintsugi","Molten Egg 2","Strange Spoon","War Paint","Necronomicon","Bottled Tornado","Vajra","Regal Pillow","Anchor","Mercury Hourglass","Lizard Tail","Tiny House","Grinning Jar","Happy Flower","MawBank","Old Coin","ReplayTheSpireMod:Lightbulb","TheCursedMod:DemonicMark","Replay:Baseball","Bag of Marbles","Turnip","Replay:Bottled Flurry"],"acts_visited":["Exordium","TheCity","TheBeyond"],"potions_floor_usage":[24,27,31,31,31,33,47,47,48,50,50],"damage_taken":[{"damage":0,"enemies":"2 Louse","floor":1,"turns":2},{"damage":0,"enemies":"Jaw Worm","floor":7,"turns":1},{"damage":0,"enemies":"Cultist","floor":8,"turns":2},{"damage":9,"enemies":"Blue Slaver","floor":12,"turns":2},{"damage":12,"enemies":"3 Louse","floor":13,"turns":2},{"damage":0,"enemies":"Exordium Wildlife","floor":14,"turns":1},{"damage":18,"enemies":"Fading Forest","floor":16,"turns":11},{"damage":0,"enemies":"Shell Parasite","floor":18,"turns":1},{"damage":0,"enemies":"Spheric Guardian","floor":21,"turns":2},{"damage":43,"enemies":"Gremlin Leader","floor":24,"turns":3},{"damage":1,"enemies":"3 Cultists","floor":27,"turns":3},{"damage":22,"enemies":"Slavers","floor":28,"turns":4},{"damage":0,"enemies":"Snecko","floor":30,"turns":2},{"damage":12,"enemies":"Book of Stabbing","floor":31,"turns":1},{"damage":19,"enemies":"Champ","floor":33,"turns":4},{"damage":8,"enemies":"3 Shapes","floor":35,"turns":2},{"damage":0,"enemies":"Orb Walker","floor":36,"turns":1},{"damage":12,"enemies":"4 Shapes","floor":37,"turns":3},{"damage":15,"enemies":"Mind Bloom Boss Battle","floor":38,"turns":3},{"damage":10,"enemies":"Maw","floor":39,"turns":3},{"damage":0,"enemies":"Transient","floor":45,"turns":5},{"damage":12,"enemies":"Reptomancer","floor":47,"turns":2},{"damage":2,"enemies":"4 Shapes","floor":48,"turns":1},{"damage":30,"enemies":"Time Eater","floor":50,"turns":3}],"seed_played":"-1728598065670491367","potions_obtained":[{"floor":1,"key":"FearPotion"},{"floor":7,"key":"Dexterity Potion"},{"floor":14,"key":"Regen Potion"},{"floor":16,"key":"SkillPotion"},{"floor":21,"key":"LiquidBronze"},{"floor":24,"key":"Doom Potion"},{"floor":27,"key":"Languid Potion"},{"floor":28,"key":"Toxic Potion"},{"floor":30,"key":"Death Potion"},{"floor":31,"key":"Ancient Potion"},{"floor":33,"key":"Doom Potion"},{"floor":34,"key":"SkillPotion"},{"floor":35,"key":"AttackPotion"},{"floor":37,"key":"Adrenaline Potion"},{"floor":39,"key":"Doom Potion"},{"floor":47,"key":"Milkshake"},{"floor":48,"key":"Fruit Juice"}],"is_trial":true,"path_per_floor":["M","?","$","?","$","R","M","M","T","?","?","M","M","M","R","B",null,"M","$","?","M","?","R","E","R","T","M","E","R","M","E","R","B",null,"M","M","M","?","M","R","?","?","T","R","M","?","E","M","R","B",null],"character_chosen":"THE_CURSED","items_purchased":["Golden Egg","Toolbox","TheCursedMod:StingEye","TheCursedMod:SpreadPlague","TheCursedMod:Mangle","Strange Spoon"],"campfire_rested":5,"item_purchase_floors":[3,3,3,5,5,19],"current_hp_per_floor":[75,75,75,75,75,75,75,75,75,75,75,66,54,54,54,44,75,75,75,69,69,53,53,22,44,44,43,21,58,58,46,46,27,80,72,72,60,45,35,74,74,64,64,80,80,80,68,71,85,55],"gold":1420,"neow_bonus":"","is_daily":false,"chose_seed":false,"campfire_upgraded":1,"win_rate":0.0,"timestamp":1610512481,"path_taken":["M","?","$","?","?","R","M","M","T","?","?","?","M","M","R","BOSS","M","?","?","M","?","R","E","R","T","?","E","R","M","E","R","BOSS","M","M","?","?","M","R","?","?","T","R","M","?","E","M","R","BOSS"],"items_purchased_type":["Relic","Relic","Card","Card","Card","Relic"],"build_version":"2020-12-22","purchased_purges":1,"victory":true,"max_hp_per_floor":[75,75,75,75,75,75,75,75,75,75,75,75,75,75,75,75,75,75,75,75,75,75,75,75,75,75,75,75,75,75,75,75,75,80,80,80,80,80,80,80,80,80,80,80,80,80,80,85,85,85],"card_choices":[{"not_picked":["TheCursedMod:CircleOfAbyss","TheCursedMod:DarkBarrier"],"picked":"TheCursedMod:CollectTribute","floor":16},{"not_picked":["TheCursedMod:VitalStrike+1","TheCursedMod:Stigma+1"],"picked":"TheCursedMod:Torture","floor":24},{"not_picked":["TheCursedMod:CursedShiv+1","TheCursedMod:DoubleShield"],"picked":"TheCursedMod:AbyssShockwave+1","floor":28},{"not_picked":["TheCursedMod:CursedMace+1","TheCursedMod:Wield+1"],"picked":"TheCursedMod:Hemoplague","floor":31},{"not_picked":["TheCursedMod:ManaCirculation","TheCursedMod:StunningStrike+1"],"picked":"TheCursedMod:CursedRelics+1","floor":33},{"not_picked":["TheCursedMod:SpitefulStrike+1","TheCursedMod:WearCloak+1"],"picked":"TheCursedMod:Stigma+1","floor":38},{"not_picked":["TheCursedMod:Obscuration+1","TheCursedMod:TacticalStrike+1","TheCursedMod:CursedAmulet"],"picked":"SKIP","floor":47}],"player_experience":117581,"relics_obtained":[{"floor":1,"key":"Peace Pipe"},{"floor":7,"key":"Boot"},{"floor":8,"key":"Gremlin Food"},{"floor":9,"key":"Omamori"},{"floor":12,"key":"Du-Vu Doll"},{"floor":13,"key":"White Beast Statue"},{"floor":14,"key":"Replay:Rubber Ducky"},{"floor":18,"key":"Molten Egg 2"},{"floor":21,"key":"War Paint"},{"floor":22,"key":"Necronomicon"},{"floor":24,"key":"Bottled Tornado"},{"floor":26,"key":"Vajra"},{"floor":27,"key":"Regal Pillow"},{"floor":28,"key":"Anchor"},{"floor":30,"key":"Mercury Hourglass"},{"floor":31,"key":"Lizard Tail"},{"floor":35,"key":"Grinning Jar"},{"floor":36,"key":"Happy Flower"},{"floor":37,"key":"MawBank"},{"floor":38,"key":"Old Coin"},{"floor":39,"key":"ReplayTheSpireMod:Lightbulb"},{"floor":43,"key":"TheCursedMod:DemonicMark"},{"floor":45,"key":"Replay:Baseball"},{"floor":46,"key":"Bag of Marbles"},{"floor":47,"key":"Turnip"},{"floor":48,"key":"Replay:Bottled Flurry"}],"event_choices":[{"damage_healed":0,"gold_gain":175,"player_choice":"AGREE","damage_taken":0,"max_hp_gain":0,"max_hp_loss":0,"event_name":"Liars Game","floor":2,"gold_loss":0,"cards_obtained":["Doubt"]},{"damage_healed":0,"gold_gain":0,"player_choice":"Take Wound","damage_taken":0,"relics_obtained":["Golden Idol"],"max_hp_gain":0,"max_hp_loss":0,"event_name":"Golden Idol","floor":10,"gold_loss":0,"cards_obtained":["Injury"]},{"cards_removed":["TheCursedMod:Defend_TheCursed"],"damage_healed":0,"gold_gain":0,"player_choice":"Card Removal","damage_taken":0,"max_hp_gain":0,"max_hp_loss":0,"event_name":"The Cleric","floor":11,"gold_loss":50},{"damage_healed":0,"gold_gain":0,"player_choice":"Joined the Cult","damage_taken":6,"max_hp_gain":0,"max_hp_loss":0,"event_name":"Nest","floor":20,"gold_loss":0,"cards_obtained":["RitualDagger"]},{"damage_healed":0,"gold_gain":0,"player_choice":"Obtained Book","damage_taken":16,"max_hp_gain":0,"max_hp_loss":0,"event_name":"Cursed Tome","floor":22,"gold_loss":0},{"damage_healed":0,"gold_gain":0,"player_choice":"Fight","damage_taken":0,"max_hp_gain":0,"max_hp_loss":0,"event_name":"MindBloom","floor":38,"gold_loss":0},{"cards_removed":["TheCursedMod:VitalStrike"],"damage_healed":0,"gold_gain":0,"player_choice":"Removed Attack","damage_taken":0,"max_hp_gain":0,"max_hp_loss":0,"event_name":"Falling","floor":41,"gold_loss":0},{"damage_healed":0,"gold_gain":0,"player_choice":"Embrace Madness","damage_taken":10,"max_hp_gain":0,"max_hp_loss":0,"event_name":"Winding Halls","floor":42,"gold_loss":0,"cards_obtained":["Madness","Madness"]}],"is_beta":false,"boss_relics":[{"not_picked":["Busted Crown","Replay:Bronze Core"],"picked":"Kintsugi"},{"not_picked":["Pandora\u0027s Box","Abe\u0027s Treasure"],"picked":"Tiny House"}],"items_purged_floors":[3],"is_endless":false,"potions_floor_spawned":[1,7,14,16,18,21,24,27,28,30,31,33,35,36,37,38,39,45,47,48],"ascension_level":0}}