{"host":"kn32u0f2pym5bozc","time":1610533512,"event":{"mods":["2.2 Compatiblity","BaseMod","Better Third Choice","Minty Spire (QoL Compilation)","Permanent Neow","Relic Stats","StSLib","The Animator"],"gold_per_floor":[113,10,26,26,38,77,77,110,161,38,38,38,78,78,78,159,159,171,171,42,55,71,109,109,109,109],"floor_reached":25,"language":"ENG","playtime":1758,"items_purged":[],"score":403,"play_id":"c77a50e8-6461-4ab3-bfef-e1ca5a84f0a0","local_time":"20210113052512","is_ascension_mode":true,"campfire_choices":[{"data":"animator:Demiurge","floor":7,"key":"SMITH"},{"data":"animator:Mitsurugi","floor":11,"key":"SMITH"},{"data":"animator:MetalKnight","floor":15,"key":"SMITH"},{"data":"animator:Konayuki","floor":24,"key":"SMITH"}],"circlet_count":0,"master_deck":["AscendersBane","animator:Strike_Overlord","animator:Defend_Overlord","animator:Strike","animator:Strike","animator:Strike","animator:Defend","animator:Defend","animator:Defend","animator:Cocytus","animator:Demiurge+1","animator:DolaRiku","animator:Mitsuba","animator:KrulTepes","animator:MetalKnight+1","animator:Ainz","animator:Elsword","animator:Mitsurugi+1","animator:Sebas","animator:GuildGirl","animator:Rimuru","animator:Cocytus","animator:Konayuki+1","animator:RinTohsaka","animator:MumenRider","animator:Shalltear","animator:LizardPriest","animator:GuildGirl"],"relics":["animator:TheMissingPiece","animator:PurgingStone","Coffee Dripper","Blood Vial","Bag of Marbles","Blood Vial","Incense Burner","Toy Ornithopter","Happy Flower","Mark of Pain","Blood Vial","Nunchaku"],"acts_visited":["Exordium","TheCity"],"potions_floor_usage":[5,6,8,9,23,23],"damage_taken":[{"damage":4,"enemies":"Small Slimes","floor":1,"turns":4},{"damage":0,"enemies":"Cultist","floor":3,"turns":4},{"damage":0,"enemies":"Jaw Worm","floor":5,"turns":4},{"damage":4,"enemies":"3 Sentries","floor":6,"turns":7},{"damage":27,"enemies":"Lagavulin","floor":8,"turns":6},{"damage":24,"enemies":"Gremlin Nob","floor":13,"turns":4},{"damage":3,"enemies":"Hexaghost","floor":16,"turns":9},{"damage":4,"enemies":"Chosen","floor":18,"turns":5},{"damage":3,"enemies":"3 Byrds","floor":21,"turns":5},{"damage":0,"enemies":"Snecko","floor":22,"turns":5},{"damage":30,"enemies":"animator:HornedBat","floor":23,"turns":10},{"damage":51,"enemies":"Slavers","floor":25,"turns":3}],"seed_played":"-7408738728007887460","potions_obtained":[{"floor":3,"key":"SneckoOil"},{"floor":6,"key":"Ancient Potion"},{"floor":8,"key":"Fruit Juice"},{"floor":16,"key":"EssenceOfSteel"},{"floor":22,"key":"DuplicationPotion"}],"is_trial":false,"path_per_floor":["M","$","M","?","M","E","R","E","T","$","R","$","E","?","R","B",null,"M","?","$","M","M","E","R","E"],"character_chosen":"THE_ANIMATOR","items_purchased":["animator:Mitsuba","Block Potion","animator:Mitsurugi","animator:Sebas","animator:RinTohsaka","animator:MumenRider"],"campfire_rested":0,"item_purchase_floors":[2,2,10,10,20,20],"current_hp_per_floor":[50,50,50,50,50,46,46,21,31,31,31,31,11,11,11,12,52,52,52,52,54,59,43,43,0,0],"gold":109,"neow_bonus":"BOSS_RELIC","is_daily":false,"chose_seed":false,"campfire_upgraded":4,"win_rate":0.0,"timestamp":1610533512,"path_taken":["M","$","M","?","M","E","R","E","T","$","R","?","E","?","R","BOSS","M","?","$","M","M","E","R","E"],"items_purchased_type":["Card","Potion","Card","Card","Card","Card"],"build_version":"2020-12-22","purchased_purges":0,"victory":false,"max_hp_per_floor":[60,60,60,60,60,60,60,60,65,65,65,65,65,65,65,65,65,65,65,65,66,67,67,67,67,67],"relic_stats":{"Blood Vial":32,"Nunchaku":[0],"Happy Flower":[12],"counters":[12,66],"obtain_stats":[{"Blood Vial":6,"Nunchaku":23,"animator:PurgingStone":0,"Happy Flower":13,"animator:TheMissingPiece":0,"animator:LivingPicture":0,"Mark of Pain":17,"Coffee Dripper":0,"Bag of Marbles":6,"Incense Burner":8,"Toy Ornithopter":9},{"Blood Vial":4,"Nunchaku":11,"animator:PurgingStone":0,"Happy Flower":6,"animator:TheMissingPiece":0,"animator:LivingPicture":0,"Mark of Pain":7,"Coffee Dripper":0,"Bag of Marbles":4,"Incense Burner":5,"Toy Ornithopter":5},{"Blood Vial":19,"Nunchaku":63,"animator:PurgingStone":0,"Happy Flower":29,"animator:TheMissingPiece":0,"animator:LivingPicture":0,"Mark of Pain":38,"Coffee Dripper":0,"Bag of Marbles":19,"Incense Burner":25,"Toy Ornithopter":25}],"Toy Ornithopter":15},"card_choices":[{"not_picked":["animator:Viivi","animator:Benimaru"],"picked":"animator:DolaRiku","floor":1},{"not_picked":["animator:Ciel","animator:Souei"],"picked":"animator:KrulTepes","floor":3},{"not_picked":["animator:Guy","animator:AcuraAkari"],"picked":"animator:MetalKnight","floor":5},{"not_picked":["animator:Cocytus","animator:Shalltear"],"picked":"animator:Ainz","floor":6},{"not_picked":["animator:Kuribayashi","animator:Eve"],"picked":"animator:Elsword","floor":8},{"not_picked":["animator:Melzalgald","animator:Raven"],"picked":"animator:GuildGirl","floor":13},{"not_picked":["animator:ChaikaTrabant","animator:Shiro"],"picked":"animator:Rimuru","floor":16},{"not_picked":["animator:Ciel","animator:Vesta"],"picked":"animator:Cocytus","floor":18},{"not_picked":["animator:NarberalGamma","animator:Entoma"],"picked":"animator:Shalltear","floor":21},{"not_picked":["animator:Add","animator:YunYun"],"picked":"animator:LizardPriest","floor":22},{"not_picked":["animator:Benimaru","animator:Elsword"],"picked":"animator:GuildGirl","floor":23}],"player_experience":829888,"relics_obtained":[{"floor":6,"key":"Blood Vial"},{"floor":6,"key":"Bag of Marbles"},{"floor":8,"key":"Blood Vial"},{"floor":8,"key":"Incense Burner"},{"floor":9,"key":"Toy Ornithopter"},{"floor":13,"key":"Happy Flower"},{"floor":23,"key":"Blood Vial"},{"floor":23,"key":"Nunchaku"}],"event_choices":[{"damage_healed":0,"gold_gain":0,"player_choice":"Ignored","damage_taken":0,"max_hp_gain":0,"max_hp_loss":0,"event_name":"NoteForYourself","floor":4,"gold_loss":0},{"damage_healed":0,"gold_gain":0,"player_choice":"LEAVE","damage_taken":0,"max_hp_gain":0,"max_hp_loss":0,"event_name":"betterThird:BetterScrap","floor":14,"gold_loss":0,"cards_obtained":["Meditate"]},{"damage_healed":0,"gold_gain":0,"player_choice":"Read","damage_taken":0,"max_hp_gain":0,"max_hp_loss":0,"event_name":"The Library","floor":19,"gold_loss":0,"cards_obtained":["animator:Konayuki"]}],"is_beta":false,"boss_relics":[{"not_picked":["Busted Crown","SacredBark"],"picked":"Mark of Pain"}],"items_purged_floors":[],"is_endless":false,"potions_floor_spawned":[3,6,8,16,22],"killed_by":"Slavers","ascension_level":14}}