{"host":"lsq35p0sdkx2xifo","time":1610517817,"event":{"mods":["AchievementEnabler","BaseMod","Highlight Path","Minty Spire (QoL Compilation)","StSLib","The Senshi"],"gold_per_floor":[116,127,1,17,17,52,62,62,62,81,111,131,131,131,131,208,208,228,245,81,118,118,118],"floor_reached":22,"language":"ENG","playtime":1664,"items_purged":["Pain"],"score":396,"play_id":"d89951d7-4a2a-4a57-a3ed-90e564a9dc77","local_time":"20210112220337","is_ascension_mode":true,"campfire_choices":[{"floor":8,"key":"REST"},{"floor":13,"key":"REST"},{"floor":15,"key":"REST"}],"circlet_count":0,"master_deck":["AscendersBane","Strike_R","Strike_R","Strike_R","Strike_R","Strike_R","Defend_R","Defend_R","Defend_R","Defend_R","Bash+1","Heavy Blade","Battle Trance","Fire Breathing","Flex","Power Through+1","Fire Breathing","Burning Pact","Clothesline","Spot Weakness","Wild Strike","Immolate","Armaments+1","Evolve","Evolve"],"relics":["Burning Blood","WarpedTongs","Happy Flower","Juzu Bracelet","Ornamental Fan","Cursed Key"],"acts_visited":["Exordium","TheCity"],"potions_floor_usage":[4,11,16,21],"damage_taken":[{"damage":6,"enemies":"2 Louse","floor":1,"turns":4},{"damage":13,"enemies":"Cultist","floor":2,"turns":5},{"damage":7,"enemies":"Jaw Worm","floor":4,"turns":3},{"damage":28,"enemies":"Lagavulin","floor":6,"turns":7},{"damage":29,"enemies":"Exordium Thugs","floor":7,"turns":4},{"damage":15,"enemies":"Gremlin Gang","floor":10,"turns":7},{"damage":17,"enemies":"3 Sentries","floor":11,"turns":4},{"damage":14,"enemies":"Blue Slaver","floor":12,"turns":3},{"damage":35,"enemies":"Slime Boss","floor":16,"turns":6},{"damage":40,"enemies":"3 Byrds","floor":18,"turns":4},{"damage":15,"enemies":"Spheric Guardian","floor":19,"turns":4},{"damage":0,"enemies":"Centurion and Healer","floor":21,"turns":4},{"damage":28,"enemies":"Snecko","floor":22,"turns":5}],"seed_played":"4183278874254087902","potions_obtained":[{"floor":2,"key":"GamblersBrew"},{"floor":6,"key":"Dexterity Potion"},{"floor":7,"key":"Swift Potion"},{"floor":19,"key":"ColorlessPotion"}],"is_trial":false,"path_per_floor":["M","M","$","M","?","E","M","R","T","M","E","M","R","?","R","B",null,"M","M","$","M","M"],"character_chosen":"IRONCLAD","items_purchased":["Fire Breathing","Flex","Evolve"],"campfire_rested":3,"item_purchase_floors":[3,3,20],"current_hp_per_floor":[75,68,68,67,67,45,22,46,46,37,26,18,42,17,41,12,65,31,22,22,28,0,0],"gold":118,"neow_bonus":"TEN_PERCENT_HP_BONUS","is_daily":false,"chose_seed":false,"campfire_upgraded":0,"win_rate":0.0,"timestamp":1610517817,"path_taken":["M","M","$","M","?","E","M","R","T","M","E","M","R","?","R","BOSS","M","M","$","M","M"],"items_purchased_type":["Card","Card","Card"],"build_version":"2020-12-22","purchased_purges":1,"victory":false,"max_hp_per_floor":[82,82,82,82,82,82,82,82,82,82,82,82,82,82,82,82,82,82,82,82,82,82,82],"card_choices":[{"not_picked":["Clothesline","Rampage"],"picked":"Heavy Blade","floor":1},{"not_picked":["Shrug It Off","Warcry"],"picked":"Battle Trance","floor":2},{"not_picked":["Havoc","Anger"],"picked":"Power Through","floor":4},{"not_picked":["Entrench","Headbutt"],"picked":"Fire Breathing","floor":6},{"not_picked":["Twin Strike","Perfected Strike"],"picked":"Burning Pact","floor":7},{"not_picked":["Armaments","Perfected Strike"],"picked":"Clothesline","floor":10},{"not_picked":["Pommel Strike","Thunderclap"],"picked":"Spot Weakness","floor":11},{"not_picked":["Dual Wield","Sword Boomerang"],"picked":"Wild Strike","floor":12},{"not_picked":["Bludgeon","Offering"],"picked":"Immolate","floor":16},{"not_picked":["Iron Wave","Cleave","Entrench"],"picked":"SKIP","floor":18},{"not_picked":["Heavy Blade","Battle Trance"],"picked":"Armaments+1","floor":19},{"not_picked":["Shrug It Off","Anger"],"picked":"Evolve","floor":21}],"player_experience":1336428,"relics_obtained":[{"floor":6,"key":"Happy Flower"},{"floor":9,"key":"Juzu Bracelet"},{"floor":11,"key":"Ornamental Fan"}],"event_choices":[{"damage_healed":0,"gold_gain":0,"player_choice":"Rummage","damage_taken":0,"relics_obtained":["WarpedTongs"],"max_hp_gain":0,"max_hp_loss":0,"event_name":"Accursed Blacksmith","floor":5,"gold_loss":0,"cards_obtained":["Pain"]},{"damage_healed":0,"gold_gain":0,"player_choice":"Entered Light","damage_taken":25,"max_hp_gain":0,"max_hp_loss":0,"event_name":"Shining Light","floor":14,"gold_loss":0,"cards_upgraded":["Bash","Power Through"]}],"is_beta":false,"boss_relics":[{"not_picked":["SacredBark","Calling Bell"],"picked":"Cursed Key"}],"items_purged_floors":[20],"is_endless":false,"potions_floor_spawned":[2,6,7,10,19],"killed_by":"Snecko","ascension_level":20}}