{"host":"okln270zkafj6dck","time":1610563487,"event":{"mods":["Ascension Unlocker","BaseMod","Minty Spire (QoL Compilation)","Permanent Neow","Quick Restart","Relic Stats","StSLib","SuperFastMode"],"gold_per_floor":[116,129,146,166,184,184,211,211,235,235,262,279,312,330,330,401,401,421,431,114,129,148,178,178,178,178,178,210,223,223,243,243,315,315,315,315],"floor_reached":35,"language":"ENG","playtime":1127,"items_purged":["Backstab"],"score":917,"play_id":"957bbf37-2d3b-4f58-a3aa-6192b41bc6e8","local_time":"20210113104447","is_ascension_mode":true,"campfire_choices":[{"data":"Skewer","floor":6.0,"key":"SMITH"},{"floor":10.0,"key":"REST"},{"floor":15.0,"key":"REST"},{"floor":24.0,"key":"REST"},{"data":"Night Terror","floor":27.0,"key":"SMITH"},{"floor":30.0,"key":"REST"},{"floor":32.0,"key":"REST"}],"circlet_count":0,"master_deck":["AscendersBane","Survivor","Neutralize","Poisoned Stab","Skewer+1","Poisoned Stab","Poisoned Stab","Deflect","Crippling Poison","Die Die Die","PiercingWail","Burst","Dash","Predator","Terror","Poisoned Stab","Slice","After Image","Night Terror+1","Backflip","Bouncing Flask","Cloak And Dagger","Envenom","Distraction+1","Grand Finale+1","Sucker Punch+1"],"relics":["Runic Pyramid","Ginger","Nunchaku","Happy Flower","Snake Skull","Pandora\u0027s Box","Oddly Smooth Stone","Bag of Marbles","Letter Opener","White Beast Statue","Shuriken","Astrolabe"],"acts_visited":["Exordium","TheCity","TheBeyond"],"potions_floor_usage":[],"damage_taken":[{"damage":1.0,"enemies":"Small Slimes","floor":1.0,"turns":4.0},{"damage":0.0,"enemies":"Cultist","floor":2.0,"turns":4.0},{"damage":0.0,"enemies":"Jaw Worm","floor":3.0,"turns":4.0},{"damage":13.0,"enemies":"Large Slime","floor":4.0,"turns":6.0},{"damage":1.0,"enemies":"Blue Slaver","floor":5.0,"turns":4.0},{"damage":10.0,"enemies":"3 Sentries","floor":7.0,"turns":8.0},{"damage":17.0,"enemies":"Gremlin Nob","floor":11.0,"turns":4.0},{"damage":0.0,"enemies":"Looter","floor":12.0,"turns":3.0},{"damage":0.0,"enemies":"Lagavulin","floor":13.0,"turns":6.0},{"damage":24.0,"enemies":"Exordium Thugs","floor":14.0,"turns":5.0},{"damage":9.0,"enemies":"Hexaghost","floor":16.0,"turns":9.0},{"damage":12.0,"enemies":"2 Thieves","floor":18.0,"turns":3.0},{"damage":3.0,"enemies":"3 Byrds","floor":19.0,"turns":4.0},{"damage":0.0,"enemies":"Snecko","floor":21.0,"turns":3.0},{"damage":21.0,"enemies":"Centurion and Healer","floor":22.0,"turns":8.0},{"damage":18.0,"enemies":"Gremlin Leader","floor":23.0,"turns":5.0},{"damage":16.0,"enemies":"Book of Stabbing","floor":28.0,"turns":6.0},{"damage":8.0,"enemies":"Cultist and Chosen","floor":29.0,"turns":6.0},{"damage":0.0,"enemies":"Snecko","floor":31.0,"turns":4.0},{"damage":16.0,"enemies":"Automaton","floor":33.0,"turns":11.0},{"damage":0,"enemies":"3 Darklings","floor":35,"turns":1}],"seed_played":"615366997380854388","potions_obtained":[{"floor":1.0,"key":"Weak Potion"},{"floor":4.0,"key":"Strength Potion"},{"floor":5.0,"key":"Energy Potion"},{"floor":7.0,"key":"ColorlessPotion"},{"floor":16.0,"key":"BlessingOfTheForge"},{"floor":18.0,"key":"SkillPotion"},{"floor":21.0,"key":"BlessingOfTheForge"},{"floor":28.0,"key":"SkillPotion"},{"floor":29.0,"key":"Swift Potion"},{"floor":33.0,"key":"DuplicationPotion"}],"is_trial":false,"path_per_floor":["M","M","M","M","M","R","E","?","T","R","E","M","E","M","R","B",null,"M","M","$","M","M","E","R","T","T","R","E","M","R","M","R","B",null,"M"],"character_chosen":"THE_SILENT","items_purchased":["Oddly Smooth Stone","Regen Potion"],"campfire_rested":5,"item_purchase_floors":[20,20],"current_hp_per_floor":[58,58,58,45,44,44,34,25,25,44,27,27,27,3,22,13,53,41,38,38,50,29,11,30,30,30,30,14,6,25,25,44,28,57,57,57],"gold":315,"neow_bonus":"BOSS_RELIC","is_daily":false,"chose_seed":false,"campfire_upgraded":2,"win_rate":0.0,"timestamp":1610563487,"path_taken":["M","M","M","M","M","R","E","?","T","R","E","M","E","M","R","BOSS","M","M","$","?","?","E","R","?","T","R","E","M","R","M","R","BOSS","M"],"items_purchased_type":["Relic","Potion"],"build_version":"2020-12-22","purchased_purges":1,"victory":false,"max_hp_per_floor":[66,66,66,66,66,66,66,66,66,66,66,66,66,66,66,66,66,66,66,66,66,66,66,66,66,66,66,66,66,66,66,66,66,66,66,66],"relic_stats":{"Nunchaku":[15],"Happy Flower":[24],"counters":[21,107],"Shuriken":[8],"Astrolabe":["Distraction","Grand Finale","Sucker Punch"],"Pandora\u0027s Box":["Dash","Predator","Terror","Backstab","Skewer","Unload","Poisoned Stab","Slice","After Image","Underhanded Strike"],"Snake Skull":[69],"Ginger":[4],"Letter Opener":[53],"obtain_stats":[{"Happy Flower":11,"Astrolabe":34,"Oddly Smooth Stone":20,"Snake Skull":13,"Ginger":7,"Letter Opener":25,"White Beast Statue":26,"Nunchaku":9,"Shuriken":28,"Pandora\u0027s Box":17,"Bag of Marbles":23,"Ring of the Snake":0,"Runic Pyramid":0},{"Happy Flower":7,"Astrolabe":20,"Oddly Smooth Stone":13,"Snake Skull":9,"Ginger":6,"Letter Opener":16,"White Beast Statue":16,"Nunchaku":6,"Shuriken":17,"Pandora\u0027s Box":11,"Bag of Marbles":16,"Ring of the Snake":0,"Runic Pyramid":0},{"Happy Flower":34,"Astrolabe":107,"Oddly Smooth Stone":64,"Snake Skull":43,"Ginger":30,"Letter Opener":80,"White Beast Statue":80,"Nunchaku":30,"Shuriken":86,"Pandora\u0027s Box":57,"Bag of Marbles":80,"Ring of the Snake":0,"Runic Pyramid":0}]},"card_choices":[{"not_picked":["Finisher","Blade Dance"],"picked":"Poisoned Stab","floor":1.0},{"not_picked":["Cloak And Dagger","Bane"],"picked":"Skewer","floor":2.0},{"not_picked":["Blade Dance","Flying Knee"],"picked":"Poisoned Stab","floor":3.0},{"not_picked":["Escape Plan","Quick Slash"],"picked":"Poisoned Stab","floor":4.0},{"not_picked":["Well Laid Plans","Slice"],"picked":"Deflect","floor":5.0},{"not_picked":["Bouncing Flask","Dagger Spray"],"picked":"Crippling Poison","floor":7.0},{"not_picked":["Dodge and Roll","Acrobatics"],"picked":"Die Die Die","floor":11.0},{"not_picked":["Underhanded Strike","Accuracy"],"picked":"PiercingWail","floor":12.0},{"not_picked":["Backflip","Heel Hook","Acrobatics"],"picked":"SKIP","floor":13.0},{"not_picked":["Sucker Punch","Deadly Poison","Riddle With Holes"],"picked":"SKIP","floor":14.0},{"not_picked":["Glass Knife","Envenom"],"picked":"Burst","floor":16.0},{"not_picked":["Expertise","Prepared","Poisoned Stab+1"],"picked":"SKIP","floor":18.0},{"not_picked":["Acrobatics","Well Laid Plans","Blur"],"picked":"SKIP","floor":19.0},{"not_picked":["Backflip","Dagger Spray"],"picked":"Night Terror","floor":21.0},{"not_picked":["Prepared","Dodge and Roll"],"picked":"Backflip","floor":22.0},{"not_picked":["Setup+1","Terror","Eviscerate"],"picked":"SKIP","floor":23.0},{"not_picked":["All Out Attack+1","Dagger Spray"],"picked":"Bouncing Flask","floor":28.0},{"not_picked":["Dagger Spray","Outmaneuver","Sucker Punch"],"picked":"SKIP","floor":29.0},{"not_picked":["Slice","Flying Knee"],"picked":"Cloak And Dagger","floor":31.0},{"not_picked":["Burst","A Thousand Cuts"],"picked":"Envenom","floor":33.0}],"player_experience":68955,"relics_obtained":[{"floor":7.0,"key":"Ginger"},{"floor":9.0,"key":"Nunchaku"},{"floor":11.0,"key":"Happy Flower"},{"floor":13.0,"key":"Snake Skull"},{"floor":23.0,"key":"Bag of Marbles"},{"floor":25.0,"key":"Letter Opener"},{"floor":26.0,"key":"White Beast Statue"},{"floor":28.0,"key":"Shuriken"}],"event_choices":[{"damage_healed":0.0,"max_hp_gain":0.0,"max_hp_loss":0.0,"gold_gain":0.0,"event_name":"Wheel of Change","player_choice":"Damaged","floor":8.0,"gold_loss":0.0,"damage_taken":9.0}],"is_beta":false,"boss_relics":[{"not_picked":["Empty Cage","SlaversCollar"],"picked":"Pandora\u0027s Box"},{"not_picked":["HoveringKite","WristBlade"],"picked":"Astrolabe"}],"items_purged_floors":[20],"is_endless":false,"potions_floor_spawned":[1,4,5,7,16,18,21,28,29,31,33],"killed_by":"3 Darklings","ascension_level":20}}