{"host":"k4et7hlhlqy8fuoz","time":1610542561,"event":{"mods":["2.2 Compatiblity","AchievementEnabler","BaseMod","Colored Map","DeckTracker","Highlight Path","Minty Spire (QoL Compilation)","Random Character Button","Rare Cards Sparkle"],"gold_per_floor":[114,129,204,219,69,69,99,99,149,164,14,14,29,59,59,159,159,174,189,104,104,104],"floor_reached":21,"language":"ENG","playtime":1019,"items_purged":[],"score":179,"play_id":"fa64ef39-482e-43e4-9972-8adbb1936565","local_time":"20210113135601","daily_mods":["Allstar","ControlledChaos","Lethality"],"is_ascension_mode":false,"campfire_choices":[{"floor":6,"key":"REST"},{"floor":8,"key":"REST"},{"data":"Apotheosis","floor":12,"key":"SMITH"},{"floor":15,"key":"REST"}],"circlet_count":0,"master_deck":["Strike_R","Strike_R","Strike_R","Strike_R","Strike_R","Defend_R","Defend_R","Defend_R","Defend_R","Bash","Mayhem","Panacea","Apotheosis+1","Good Instincts","Metamorphosis","Anger","Headbutt","Intimidate","Twin Strike","Iron Wave","Anger","Exhume","Exhume","CurseOfTheBell","Thunderclap","Twin Strike"],"relics":["Burning Blood","Frozen Eye","Lantern","Magic Flower","Potion Belt","Lee\u0027s Waffle","Sundial","Calling Bell","Akabeko","Frozen Egg 2","Unceasing Top","StrikeDummy"],"acts_visited":["Exordium","TheCity"],"potions_floor_usage":[16,16,21],"damage_taken":[{"damage":3.0,"enemies":"Jaw Worm","floor":1.0,"turns":3.0},{"damage":18.0,"enemies":"2 Louse","floor":2.0,"turns":3.0},{"damage":6.0,"enemies":"Small Slimes","floor":4.0,"turns":3.0},{"damage":26,"enemies":"Gremlin Nob","floor":7,"turns":4},{"damage":12,"enemies":"Red Slaver","floor":10,"turns":2},{"damage":12,"enemies":"Looter","floor":13,"turns":3},{"damage":27,"enemies":"3 Sentries","floor":14,"turns":5},{"damage":89,"enemies":"Hexaghost","floor":16,"turns":8},{"damage":24,"enemies":"Chosen","floor":18,"turns":5},{"damage":49,"enemies":"3 Byrds","floor":19,"turns":5},{"damage":37,"enemies":"Snake Plant","floor":21,"turns":3}],"seed_played":"2608465768335268498","potions_obtained":[{"floor":2.0,"key":"GamblersBrew"},{"floor":4.0,"key":"DuplicationPotion"},{"floor":7,"key":"Regen Potion"},{"floor":18,"key":"SkillPotion"}],"is_trial":false,"path_per_floor":["M","M","?","M","$","R","E","R","T","M","$","R","M","?","R","B",null,"M","M","?","M"],"character_chosen":"IRONCLAD","items_purchased":["Lantern","Lee\u0027s Waffle"],"campfire_rested":3,"item_purchase_floors":[5,11],"current_hp_per_floor":[80,68,57,57,57,80,60,80,80,77,87,87,84,66,87,23,87,72,32,32,0,0],"gold":104,"neow_bonus":"","is_daily":true,"chose_seed":false,"campfire_upgraded":1,"win_rate":0.0,"timestamp":1610542561,"path_taken":["M","M","?","M","$","R","E","R","T","M","$","R","M","?","R","BOSS","M","M","?","M"],"items_purchased_type":["Relic","Relic"],"build_version":"2020-12-22","purchased_purges":0,"victory":false,"max_hp_per_floor":[80,80,80,80,80,80,80,80,80,80,87,87,87,87,87,87,87,87,87,87,87,87],"card_choices":[{"not_picked":["Warcry","Sword Boomerang"],"picked":"Anger","floor":1.0},{"not_picked":["Metallicize","Warcry"],"picked":"Headbutt","floor":2.0},{"not_picked":["Cleave","Flex"],"picked":"Intimidate","floor":4.0},{"not_picked":["Evolve","Metallicize"],"picked":"Twin Strike","floor":7},{"not_picked":["Body Slam","Power Through"],"picked":"Iron Wave","floor":10},{"not_picked":["True Grit","Second Wind"],"picked":"Anger","floor":13},{"not_picked":["Sever Soul","Heavy Blade"],"picked":"Exhume","floor":14},{"not_picked":["Barricade","Brutality"],"picked":"Exhume","floor":16},{"not_picked":["Intimidate+1","Clash"],"picked":"Thunderclap","floor":18},{"not_picked":["Body Slam","Flex"],"picked":"Twin Strike","floor":19}],"player_experience":106080,"relics_obtained":[{"floor":7,"key":"Magic Flower"},{"floor":9,"key":"Potion Belt"},{"floor":14,"key":"Sundial"},{"floor":17,"key":"Akabeko"},{"floor":17,"key":"Frozen Egg 2"},{"floor":17,"key":"Unceasing Top"}],"event_choices":[{"damage_healed":0.0,"max_hp_gain":0.0,"max_hp_loss":0.0,"gold_gain":75.0,"event_name":"World of Goop","player_choice":"Gather Gold","floor":3.0,"gold_loss":0.0,"damage_taken":11.0},{"damage_healed":0,"gold_gain":0,"player_choice":"Searched \u00272\u0027 times","damage_taken":0,"max_hp_gain":0,"max_hp_loss":0,"event_name":"Dead Adventurer","floor":14,"gold_loss":0},{"damage_healed":0,"gold_gain":0,"player_choice":"Obtained Relic","damage_taken":0,"relics_obtained":["StrikeDummy"],"max_hp_gain":0,"max_hp_loss":0,"event_name":"Addict","floor":20,"gold_loss":85}],"is_beta":false,"boss_relics":[{"not_picked":["Runic Dome","Fusion Hammer"],"picked":"Calling Bell"}],"items_purged_floors":[],"is_endless":false,"potions_floor_spawned":[2,4,7,18],"killed_by":"Snake Plant","ascension_level":0}}