{"host":"6jrnojxwearbrjzo","time":1610557329,"event":{"mods":["BaseMod","Colored Map","Conspire","Highlight Path","Minty Spire (QoL Compilation)","Quick Restart","Replay The Spire","Shop Mod","Spicy Shops","StSLib","The Servant 0.9.4"],"gold_per_floor":[110,123,22,42,42,74,74,103,103,123,123,148,160,190,190,293,293,308,340,355,64,64,64,90,90,158,158,158,172,203,2,2,106,106,121,121,132,48,48,48,79,129,129,155,169,169,185,219,219,219,219],"floor_reached":50,"language":"ZHS","playtime":1765,"items_purged":["Doubt","Shame","Strike_R"],"score":838,"play_id":"4b6a9c64-309e-465f-a97a-144b83a2f53e","local_time":"20210114010209","is_ascension_mode":true,"campfire_choices":[{"floor":11.0,"key":"REST"},{"floor":15,"key":"REST"},{"floor":23,"key":"REST"},{"data":"Limit Break","floor":25,"key":"SMITH"},{"data":"Armaments","floor":27,"key":"SMITH"},{"floor":40,"key":"REST"}],"circlet_count":0,"master_deck":["Strike_R","Strike_R","Strike_R+1","Strike_R","Defend_R","Defend_R","Defend_R","Defend_R","Whirlwind+1","Flex+1","Armaments+1","Replay:Many Hands","Survivor","Neutralize","Limit Break+1","Seeing Red+1","True Grit","Corruption","Armaments+1","Heavy Blade+1","conspire:Banana","Burning Pact","Second Wind","Replay:Undeath\u0027s Touch","Demon Form","True Grit+1","Sever Soul+1","Pummel+1"],"relics":["Electric Blood","Replay:WaspNest","Pocketwatch","Bird Faced Urn","Torii","Smiling Mask","Replay:Ancient Bell","Red Skull","Gremlin Horn","Charon\u0027s Ashes","Ring of Searing","Ring of Fury","Whetstone","BranchBurnRelic","Singing Bowl","Ornamental Fan","conspire:Dentures","Chemical X","ChewingGum","conspire:DecoderRing","Snack Pack","Du-Vu Doll","The Courier","Replay:Multitool","Replay:Baseball"],"acts_visited":["Exordium","TheCity","TheBeyond"],"potions_floor_usage":[13,14,18,41,41,41,48,50],"damage_taken":[{"damage":5.0,"enemies":"2 Louse","floor":1.0,"turns":2.0},{"damage":7.0,"enemies":"Jaw Worm","floor":2.0,"turns":2.0},{"damage":3.0,"enemies":"Small Slimes","floor":4.0,"turns":1.0},{"damage":17.0,"enemies":"Lagavulin","floor":6.0,"turns":7.0},{"damage":20.0,"enemies":"3 Sentries","floor":8.0,"turns":4.0},{"damage":14.0,"enemies":"Looter","floor":10.0,"turns":3.0},{"damage":5.0,"enemies":"Gremlin Nob","floor":12.0,"turns":2.0},{"damage":3,"enemies":"Blue Slaver","floor":13,"turns":1},{"damage":29,"enemies":"Lagavulin","floor":14,"turns":7},{"damage":14,"enemies":"Hexaghost","floor":16,"turns":4},{"damage":8,"enemies":"Spheric Guardian","floor":18,"turns":2},{"damage":34,"enemies":"conspire:MimicChest","floor":19,"turns":2},{"damage":9,"enemies":"3 Byrds","floor":20,"turns":2},{"damage":17,"enemies":"conspire:SneckoGhost","floor":24,"turns":3},{"damage":13,"enemies":"Centurion and Healer","floor":29,"turns":3},{"damage":14,"enemies":"Gremlin Leader","floor":30,"turns":2},{"damage":62,"enemies":"Automaton","floor":33,"turns":6},{"damage":30,"enemies":"3 Shapes","floor":35,"turns":2},{"damage":6,"enemies":"Orb Walker","floor":37,"turns":1},{"damage":50,"enemies":"Giant Head","floor":41,"turns":4},{"damage":20,"enemies":"Mind Bloom Boss Battle","floor":42,"turns":4},{"damage":8,"enemies":"Nemesis","floor":44,"turns":3},{"damage":19,"enemies":"Spire Growth","floor":45,"turns":3},{"damage":22,"enemies":"Sphere and 2 Shapes","floor":47,"turns":3},{"damage":6,"enemies":"R_Hoarder","floor":48,"turns":2},{"damage":63,"enemies":"conspire:OrnateMirror","floor":50,"turns":1}],"seed_played":"3594467702210027076","potions_obtained":[{"floor":6.0,"key":"Cursed Concoction"},{"floor":10.0,"key":"Doom Potion"},{"floor":14,"key":"Energy Potion"},{"floor":16,"key":"SkillPotion"},{"floor":19,"key":"BlessingOfTheForge"},{"floor":24,"key":"Regen Potion"},{"floor":33,"key":"BloodPotion"},{"floor":44,"key":"Swift Potion"},{"floor":47,"key":"FearPotion"},{"floor":48,"key":"ElixirPotion"}],"is_trial":false,"path_per_floor":["M","M","$","M","?","E","?","E","T","M","R","E","M","E","R","B",null,"M","?","M","$","?","R","E","R","T","R","T","M","E","$","R_BF","B",null,"M","?","M","$","T","R","E","?","T","E","M","?","M","E","R","B"],"character_chosen":"IRONCLAD","items_purchased":["Armaments","FearPotion","conspire:Banana","Burning Pact","Second Wind","Chemical X","True Grit+1"],"campfire_rested":4,"item_purchase_floors":[3,3,21,21,21,31,38],"current_hp_per_floor":[75,68,68,65,65,48,48,28,28,14,38,33,30,1,25,11,80,72,40,35,35,35,59,44,44,44,44,44,42,32,32,57,11,87,59,59,55,55,55,82,65,56,56,57,41,41,25,21,51,0,0],"gold":219,"neow_bonus":"BOSS_RELIC","is_daily":false,"chose_seed":false,"campfire_upgraded":2,"win_rate":0.0,"timestamp":1610557329,"path_taken":["M","M","$","M","?","E","?","E","T","M","R","E","M","E","R","BOSS","M","?","M","$","?","R","E","R","T","R","?","?","E","$","R_BF","BOSS","M","?","M","$","?","R","E","?","T","E","M","?","?","E","R","BOSS"],"items_purchased_type":["Card","Potion","Card","Card","Card","Relic","Card"],"build_version":"2020-12-22","purchased_purges":3,"victory":false,"max_hp_per_floor":[80,80,80,80,80,80,80,80,80,80,80,80,80,80,80,80,80,80,80,80,80,80,80,82,82,82,82,82,84,86,86,86,87,87,89,89,91,91,91,91,92,95,95,98,99,99,101,103,103,103,103],"card_choices":[{"not_picked":["Anger","Havoc"],"picked":"Whirlwind","floor":1.0},{"not_picked":["Twin Strike","Anger"],"picked":"Flex","floor":2.0},{"not_picked":["Warcry","Armaments"],"picked":"Replay:Many Hands","floor":4.0},{"not_picked":["Pommel Strike","Dark Embrace"],"picked":"Limit Break","floor":6.0},{"not_picked":["Pummel","Rampage"],"picked":"Seeing Red","floor":8.0},{"not_picked":["Warcry","Clash","Headbutt"],"picked":"SKIP","floor":10.0},{"not_picked":["Evolve","ReplayTheSpireMod:Strike From Hell","Pommel Strike"],"picked":"SKIP","floor":12.0},{"not_picked":["Life Link","Fire Breathing"],"picked":"True Grit","floor":13},{"not_picked":["Wild Strike","Twin Strike","Clash"],"picked":"SKIP","floor":14},{"not_picked":["Impervious","Barricade"],"picked":"Corruption","floor":16},{"not_picked":["Sickly","ReplayTheSpireMod:Doomed"],"picked":"Injury","floor":17},{"not_picked":["Overencumbered","Regret"],"picked":"Doubt","floor":17},{"not_picked":["Decay","ReplayTheSpireMod:Restless Dread"],"picked":"Shame","floor":17},{"not_picked":["Anger","Thunderclap"],"picked":"Armaments","floor":18},{"not_picked":["Inflame","Iron Wave"],"picked":"Heavy Blade+1","floor":20},{"not_picked":["Sword Boomerang","Heavy Blade"],"picked":"Replay:Undeath\u0027s Touch","floor":24},{"not_picked":["Perfected Strike","Heavy Blade","Flex"],"picked":"Singing Bowl","floor":29},{"not_picked":["Burning Pact","Berserk","Demonic Infusion"],"picked":"Singing Bowl","floor":30},{"not_picked":["Replay:Many Hands","Eclipse"],"picked":"Demon Form","floor":33},{"not_picked":["Spot Weakness","Power Through","Shrug It Off"],"picked":"Singing Bowl","floor":35},{"not_picked":["Flame Barrier+1","Twin Strike","Fire Breathing"],"picked":"Singing Bowl","floor":37},{"not_picked":["Twin Strike","Evolve"],"picked":"Sever Soul+1","floor":41},{"not_picked":["Inflame+1","Ghostly Armor","Armaments"],"picked":"Singing Bowl","floor":42},{"not_picked":["Iron Wave+1","Flame Barrier+1","Replay:Many Hands"],"picked":"Singing Bowl","floor":44},{"not_picked":["Life Link+1","Wild Strike+1"],"picked":"Pummel+1","floor":45},{"not_picked":["Shrug It Off+1","Anger+1","Demon Form"],"picked":"Singing Bowl","floor":47},{"not_picked":["Run Through","Thunderclap","Cleave"],"picked":"Singing Bowl","floor":48}],"player_experience":61819,"relics_obtained":[{"floor":6.0,"key":"Replay:WaspNest"},{"floor":8.0,"key":"Pocketwatch"},{"floor":9.0,"key":"Bird Faced Urn"},{"floor":12.0,"key":"Torii"},{"floor":14,"key":"Smiling Mask"},{"floor":19,"key":"Charon\u0027s Ashes"},{"floor":22,"key":"Ring of Searing"},{"floor":22,"key":"Ring of Fury"},{"floor":24,"key":"Whetstone"},{"floor":26,"key":"Singing Bowl"},{"floor":28,"key":"Ornamental Fan"},{"floor":30,"key":"conspire:Dentures"},{"floor":39,"key":"conspire:DecoderRing"},{"floor":41,"key":"Snack Pack"},{"floor":42,"key":"Du-Vu Doll"},{"floor":43,"key":"The Courier"},{"floor":44,"key":"Replay:Multitool"},{"floor":48,"key":"Replay:Baseball"}],"event_choices":[{"damage_healed":0,"gold_gain":0,"player_choice":"Bought 0 Potions","damage_taken":0,"max_hp_gain":0,"max_hp_loss":0,"event_name":"The Woman in Blue","floor":36,"gold_loss":0},{"damage_healed":0,"gold_gain":0,"player_choice":"Fight","damage_taken":0,"max_hp_gain":0,"max_hp_loss":0,"event_name":"MindBloom","floor":42,"gold_loss":0},{"cards_removed":["Injury"],"damage_healed":0,"gold_gain":0,"player_choice":"Removed Curses","damage_taken":0,"max_hp_gain":0,"max_hp_loss":0,"event_name":"Fountain of Cleansing","floor":46,"gold_loss":0}],"is_beta":false,"boss_relics":[{"not_picked":["Replay:Grab Bag","Sozu"],"picked":"Replay:Ancient Bell"},{"not_picked":["Blue Doll","ReplayFunnel"],"picked":"Red Skull"},{"not_picked":["Replay:Bottled Snecko","Mercury Hourglass"],"picked":"Gremlin Horn"},{"not_picked":["WingedGreaves","Peace Pipe"],"picked":"Dead Branch"},{"not_picked":["SacredBark","Coffee Dripper"],"picked":"ChewingGum"}],"items_purged_floors":[21,31,38],"is_endless":false,"potions_floor_spawned":[6,10,14,16,19,24,30,33,37,44,47,48],"killed_by":"conspire:OrnateMirror","ascension_level":2}}