{"host":"s35zr3gblm7slh1q","time":1610510686,"event":{"mods":["BaseMod","Colored Map","Colored Powertips","Downfall","Hermit","Marisa????????","Minty Spire (QoL Compilation)","Permanent Neow","StSLib"],"gold_per_floor":[119,132,144,155,170,170,184,184,184,203,218,137,196,31,31,135,135,145,157,157,171,190,190,206,206,206],"floor_reached":25,"language":"ENG","playtime":1640,"items_purged":[],"score":201,"play_id":"b362e15e-fdf7-4c2a-9c76-c8d68b334a3a","local_time":"20210112230446","is_ascension_mode":false,"campfire_choices":[{"floor":6,"key":"REST"},{"data":"MysteriousBeam","floor":8,"key":"SMITH"},{"data":"Apotheosis","floor":15,"key":"SMITH"},{"floor":23,"key":"REST"}],"circlet_count":0,"master_deck":["Strike_MRS","Strike_MRS","Strike_MRS","Strike_MRS","Defend_MRS","Defend_MRS","Defend_MRS","Defend_MRS","MasterSpark","UpSweep","PulseMagic","PulseMagic","ChargingUp","MysteriousBeam+1","GalacticHalo","DarkMatter","AsteroidBelt","ChargeUpSpray","PulseMagic","TreasureHunter","Apotheosis+1","SatelliteIllusion","ChargingUp+1","GalacticHalo","GrandCross","DoubleSpark","GalacticHalo"],"relics":["BewitchedHakkero","Juzu Bracelet","Bronze Scales"],"acts_visited":["Exordium","TheCity"],"potions_floor_usage":[19,19,22],"damage_taken":[{"damage":3,"enemies":"Small Slimes","floor":1,"turns":3},{"damage":0,"enemies":"2 Louse","floor":2,"turns":3},{"damage":6,"enemies":"Jaw Worm","floor":3,"turns":2},{"damage":2,"enemies":"2 Fungi Beasts","floor":4,"turns":3},{"damage":9,"enemies":"Exordium Wildlife","floor":5,"turns":3},{"damage":0,"enemies":"Gremlin Gang","floor":7,"turns":1},{"damage":0,"enemies":"2 Fungi Beasts","floor":10,"turns":2},{"damage":4,"enemies":"Looter","floor":11,"turns":3},{"damage":17,"enemies":"Lagavulin Event","floor":13,"turns":5},{"damage":1,"enemies":"The Guardian","floor":16,"turns":12},{"damage":10,"enemies":"Chosen","floor":18,"turns":2},{"damage":14,"enemies":"2 Thieves","floor":19,"turns":4},{"damage":14,"enemies":"Snake Plant","floor":21,"turns":3},{"damage":20,"enemies":"Shelled Parasite and Fungi","floor":22,"turns":4},{"damage":24,"enemies":"Chosen and Byrds","floor":24,"turns":8},{"damage":16,"enemies":"Cultist and Chosen","floor":25,"turns":4}],"seed_played":"1918965121303220691","potions_obtained":[{"floor":0,"key":"Energy Potion"},{"floor":0,"key":"SneckoOil"},{"floor":0,"key":"SneckoOil"},{"floor":3,"key":"champ:CounterPotion"},{"floor":10,"key":"Block Potion"},{"floor":24,"key":"Slimebound:ThreeZeroPotion"}],"is_trial":false,"path_per_floor":["M","M","M","M","M","R","M","R","T","M","M","$","?","$","R","B",null,"M","M","?","M","M","R","M","M"],"character_chosen":"MARISA","items_purchased":["PulseMagic","Apotheosis"],"campfire_rested":2,"item_purchase_floors":[12,14],"current_hp_per_floor":[72,72,66,64,55,75,75,75,75,75,71,71,54,54,54,53,75,65,51,51,37,17,39,15,0,0],"gold":206,"neow_bonus":"THREE_SMALL_POTIONS","is_daily":false,"chose_seed":false,"campfire_upgraded":2,"win_rate":0.0,"timestamp":1610510686,"path_taken":["M","M","M","M","M","R","M","R","T","M","M","$","?","$","R","BOSS","M","M","?","M","M","R","M","M"],"items_purchased_type":["Card","Card"],"build_version":"2020-12-22","purchased_purges":0,"victory":false,"max_hp_per_floor":[75,75,75,75,75,75,75,75,75,75,75,75,75,75,75,75,75,75,75,75,75,75,75,75,75,75],"card_choices":[{"not_picked":["SporeBomb","NonDirectionalLaser"],"picked":"PulseMagic","floor":1},{"not_picked":["GravityBeat","WitchLeyline"],"picked":"PulseMagic","floor":2},{"not_picked":["GravityBeat","PowerUp"],"picked":"ChargingUp","floor":3},{"not_picked":["ManaConvection","BigCrunch"],"picked":"MysteriousBeam","floor":4},{"not_picked":["SporeBomb","SprinkleStarSeal"],"picked":"GalacticHalo","floor":5},{"not_picked":["BlazeAway","PowerUp"],"picked":"DarkMatter","floor":7},{"not_picked":["DoubleSpark","NonDirectionalLaser"],"picked":"AsteroidBelt","floor":10},{"not_picked":["Occultation","AsteroidBelt"],"picked":"ChargeUpSpray","floor":11},{"not_picked":["ShootingEcho","ManaConvection"],"picked":"TreasureHunter","floor":13},{"not_picked":["SuperNova","ManaRampage"],"picked":"SatelliteIllusion","floor":16},{"not_picked":["NonDirectionalLaser","GravityBeat"],"picked":"ChargingUp+1","floor":18},{"not_picked":["Occultation","DC"],"picked":"GalacticHalo","floor":19},{"not_picked":["AsteroidBelt","MagicAbsorber"],"picked":"GrandCross","floor":21},{"not_picked":["DeepEcoloBomb","GravityBeat"],"picked":"DoubleSpark","floor":22},{"not_picked":["LuminesStrike+1","GrandCross"],"picked":"GalacticHalo","floor":24}],"player_experience":330723,"relics_obtained":[{"floor":9,"key":"Juzu Bracelet"}],"event_choices":[{"damage_healed":0,"gold_gain":0,"player_choice":"Searched \u00273\u0027 times","damage_taken":0,"relics_obtained":["Bronze Scales"],"max_hp_gain":0,"max_hp_loss":0,"event_name":"Dead Adventurer","floor":13,"gold_loss":0},{"damage_healed":0,"gold_gain":0,"player_choice":"Ignored","damage_taken":0,"max_hp_gain":0,"max_hp_loss":0,"event_name":"Ghosts","floor":20,"gold_loss":0}],"is_beta":false,"boss_relics":[{"not_picked":["SacredBark","Coffee Dripper"],"picked":"BewitchedHakkero"}],"items_purged_floors":[],"is_endless":false,"potions_floor_spawned":[3,10,11,13,16,18,24],"killed_by":"Cultist and Chosen","ascension_level":0}}