{"host":"tnsigirk6wurdark","time":1610517423,"event":{"mods":["BaseMod","Colored Map","Colored Powertips","Highlight Path","Minty Spire (QoL Compilation)","Quick Restart","Relic Sorter","StSLib","Synergy Search"],"gold_per_floor":[117,117,42,192,204,204,219,249,249,249,268,19,19,30,30,30,30],"floor_reached":16,"language":"ENG","playtime":1221,"items_purged":["Strike_G","Normality"],"score":175,"play_id":"405d2a4c-ff82-4a29-aee8-c2821e8bc32f","local_time":"20210113055703","is_ascension_mode":true,"campfire_choices":[{"floor":6,"key":"REST"},{"data":"Bandage Up","floor":13,"key":"SMITH"},{"floor":15,"key":"REST"}],"circlet_count":0,"master_deck":["AscendersBane","Strike_G","Strike_G","Strike_G","Strike_G","Defend_G","Defend_G","Defend_G","Defend_G","Defend_G","Survivor","Neutralize","Quick Slash","Doubt","Dagger Throw","Leg Sweep","Endless Agony","Flying Knee","PiercingWail","Bandage Up+1","Cloak And Dagger"],"relics":["Cursed Key","Unceasing Top","Akabeko","Kunai"],"acts_visited":["Exordium"],"potions_floor_usage":[14,16],"damage_taken":[{"damage":0,"enemies":"Jaw Worm","floor":1,"turns":4},{"damage":0,"enemies":"2 Louse","floor":5,"turns":2},{"damage":0,"enemies":"Cultist","floor":7,"turns":4},{"damage":14,"enemies":"3 Sentries","floor":8,"turns":15},{"damage":0,"enemies":"3 Louse","floor":11,"turns":3},{"damage":0,"enemies":"Exordium Wildlife","floor":14,"turns":3},{"damage":68,"enemies":"Slime Boss","floor":16,"turns":22}],"seed_played":"-9081747193283730464","potions_obtained":[{"floor":8,"key":"Swift Potion"},{"floor":14,"key":"Weak Potion"}],"is_trial":false,"path_per_floor":["M","?","$","?","M","R","M","E","T","?","M","$","R","M","R","B"],"character_chosen":"THE_SILENT","items_purchased":["PiercingWail","Bandage Up"],"campfire_rested":2,"item_purchase_floors":[12,12],"current_hp_per_floor":[59,24,24,24,24,43,43,29,29,29,29,29,29,35,54,0,0],"gold":30,"neow_bonus":"BOSS_RELIC","is_daily":false,"chose_seed":false,"campfire_upgraded":1,"win_rate":0.0,"timestamp":1610517423,"path_taken":["M","?","$","?","M","R","M","E","T","?","M","?","R","M","R","BOSS"],"items_purchased_type":["Card","Card"],"build_version":"2020-12-22","purchased_purges":2,"victory":false,"max_hp_per_floor":[66,66,66,66,66,66,66,66,66,66,66,66,66,66,66,66,66],"card_choices":[{"not_picked":["Sucker Punch","Terror"],"picked":"Quick Slash","floor":1},{"not_picked":["Underhanded Strike","Prepared"],"picked":"Dagger Throw","floor":5},{"not_picked":["Dagger Throw","Eviscerate"],"picked":"Leg Sweep","floor":7},{"not_picked":["Tactician","Well Laid Plans"],"picked":"Endless Agony","floor":8},{"not_picked":["Bane","Blur"],"picked":"Flying Knee","floor":11},{"not_picked":["Distraction","Phantasmal Killer"],"picked":"Cloak And Dagger","floor":14}],"player_experience":701309,"relics_obtained":[{"floor":8,"key":"Akabeko"},{"floor":9,"key":"Kunai"}],"event_choices":[{"damage_healed":0,"gold_gain":0,"player_choice":"Success","damage_taken":35,"relics_obtained":["Unceasing Top"],"max_hp_gain":0,"max_hp_loss":0,"event_name":"Scrap Ooze","floor":2,"gold_loss":0},{"damage_healed":0,"gold_gain":150,"player_choice":"AGREE","damage_taken":0,"max_hp_gain":0,"max_hp_loss":0,"event_name":"Liars Game","floor":4,"gold_loss":0,"cards_obtained":["Doubt"]},{"damage_healed":0,"gold_gain":0,"player_choice":"Ignored","damage_taken":0,"max_hp_gain":0,"max_hp_loss":0,"event_name":"Shining Light","floor":10,"gold_loss":0}],"is_beta":false,"boss_relics":[],"items_purged_floors":[3,12],"is_endless":false,"potions_floor_spawned":[8,14],"killed_by":"Slime Boss","ascension_level":15}}