{"host":"mn5kbj4x7gv3jr0o","time":1610516316,"event":{"mods":["100% Spire Juice","2.2 Compatiblity","AchievementEnabler","Ascension Reborn","Ascension Unlocker","Aspiration","BaseMod","Better Note","CCEM","Conjunction","Conspire","Curses Come First","Downfall","HololiveMod","Hubris","Infinite Spire","Jess\u0027s Bottle","Minty Spire (QoL Compilation)","Quarter Circle Forward PUNCH!","Quick Restart","Relic Sorter","Relic Stats","Replay The Spire","Reworked Bosses","SCP261 Mod","SacredBarkPlus","Shedinja","Small Relic Pack","Spicy Shops","Spikes Relics","StSLib","Trackpad","Uncapped","Unceasing Turn Reminder","Virulent Crown","vexMod"],"gold_per_floor":[111,111,58,81,81,81,81,81],"floor_reached":7,"language":"ENG","playtime":406,"items_purged":[],"score":39,"play_id":"44467ce3-86dd-4e9d-82bd-85f50f8ec61f","local_time":"20210113003836","is_ascension_mode":true,"campfire_choices":[{"data":"Moonworks:CloudOfSeagulls","floor":6,"key":"SMITH"}],"circlet_count":0,"master_deck":["Moonworks:Strike","Moonworks:Strike","Moonworks:Strike","Moonworks:Strike","Moonworks:Defend+1","Moonworks:Defend","Moonworks:Defend","Moonworks:Defend+1","Moonworks:Ambush","Moonworks:LongDistanceShot","Moonworks:NicePresent","Moonworks:CloudOfSeagulls+1","Moonworks:TreasureThief","Burn","Burn"],"relics":["Moonworks:BrokenBomb","Moonworks:Homemark","aspiration:Nostalgia","infinitespire:DarkRift","Golden Idol"],"acts_visited":["Exordium"],"potions_floor_usage":[7],"damage_taken":[{"damage":5,"enemies":"Small Slimes","floor":1,"turns":4},{"damage":0,"enemies":"2 Louse","floor":4,"turns":2},{"damage":37,"enemies":"Lagavulin","floor":7,"turns":8}],"seed_played":"5547490843053531849","potions_obtained":[{"floor":4,"key":"Elixir"}],"is_trial":false,"path_per_floor":["M","?","$","M","?","R","E"],"character_chosen":"THE_STARBREAKER","items_purchased":["Moonworks:CloudOfSeagulls"],"campfire_rested":0,"item_purchase_floors":[3],"current_hp_per_floor":[55,40,40,40,40,40,3,3],"gold":81,"neow_bonus":"NOSTALGIA","is_daily":false,"chose_seed":false,"campfire_upgraded":1,"win_rate":0.0,"timestamp":1610516316,"path_taken":["M","?","$","M","?","R","E"],"items_purchased_type":["Card"],"build_version":"2020-12-22","purchased_purges":0,"victory":false,"max_hp_per_floor":[60,60,60,60,60,60,60,60],"relic_stats":{"counters":[3,14],"Golden Idol":5,"obtain_stats":[{"infinitespire:DarkRift":0,"aspiration:Nostalgia":0,"Golden Idol":2,"Moonworks:Homemark":0,"Moonworks:BrokenBomb":0},{"infinitespire:DarkRift":0,"aspiration:Nostalgia":0,"Golden Idol":1,"Moonworks:Homemark":0,"Moonworks:BrokenBomb":0},{"infinitespire:DarkRift":0,"aspiration:Nostalgia":0,"Golden Idol":4,"Moonworks:Homemark":0,"Moonworks:BrokenBomb":0}]},"card_choices":[{"not_picked":["Moonworks:CookingTime","Moonworks:SakisCookie"],"picked":"Moonworks:NicePresent","floor":1},{"not_picked":["Moonworks:Heat300Percent","Moonworks:Bloodlust"],"picked":"Moonworks:TreasureThief","floor":4}],"player_experience":147314,"relics_obtained":[],"event_choices":[{"damage_healed":0,"gold_gain":0,"player_choice":"Take Damage","damage_taken":15,"relics_obtained":["Golden Idol"],"max_hp_gain":0,"max_hp_loss":0,"event_name":"Golden Idol","floor":2,"gold_loss":0}],"is_beta":false,"boss_relics":[],"items_purged_floors":[],"is_endless":false,"potions_floor_spawned":[4],"killed_by":"Lagavulin","ascension_level":0}}