{"host":"2o3sockympbxxanu","time":1610550221,"event":{"mods":["AchievementEnabler","BaseMod","Colored Map","Colored Powertips","Conspire","Highlight Path","Infinite Spire","Minty Spire (QoL Compilation)","Replay The Spire","Shop Mod","StSLib","SuperFastMode"],"gold_per_floor":[116,134,134,134,151,181,181,210,235,235,235,235,251,251,251,263,263,359,359,376,376,393,393,333,367,367,380,403,39,39,39,49,67,67,67,67],"floor_reached":35,"language":"ZHS","playtime":1729,"items_purged":[],"score":328,"play_id":"a8611353-b760-4f66-9b53-9617dfa39e4f","local_time":"20210113230341","is_ascension_mode":true,"campfire_choices":[{"floor":10.0,"key":"REST"},{"data":"Blade Dance","floor":12.0,"key":"SMITH"},{"floor":17.0,"key":"REST"},{"floor":26.0,"key":"DIG"},{"floor":31.0,"key":"REST"},{"floor":34.0,"key":"REST"}],"circlet_count":0,"master_deck":["Strike_G","Strike_G","Strike_G","Strike_G","Strike_G","Defend_G","Defend_G","Defend_G","Defend_G","Survivor","Neutralize","Flying Knee","PiercingWail","Blade Dance+1","Poisoned Stab+1","Slice","Dagger Spray","PiercingWail","Envenom","Catalyst+1","Caltrops","Deadly Poison","Catalyst+1","Terror","Deflect+1","Outmaneuver+1"],"relics":["Ring of the Snake","Replay:Wax Seal","CultistMask","Lantern","Snake Skull","conspire:SpecialSausage","Question Card","Shovel","Replay:Rubber Ducky","conspire:TopHat","DollysMirror","Omamori"],"acts_visited":["Exordium","TheCity"],"potions_floor_usage":[35],"damage_taken":[{"damage":2.0,"enemies":"conspire:RoseBush","floor":1.0,"turns":4.0},{"damage":0.0,"enemies":"Jaw Worm","floor":2.0,"turns":5.0},{"damage":0.0,"enemies":"Cultist","floor":5.0,"turns":3.0},{"damage":48.0,"enemies":"Gremlin Nob","floor":6.0,"turns":6.0},{"damage":20.0,"enemies":"Replay:BlueRogue","floor":8.0,"turns":10.0},{"damage":14.0,"enemies":"conspire:2 RoseBushes","floor":13.0,"turns":6.0},{"damage":0.0,"enemies":"2 Fungi Beasts","floor":16.0,"turns":2.0},{"damage":38.0,"enemies":"Hexaghost","floor":18.0,"turns":11.0},{"damage":9.0,"enemies":"Shell Parasite","floor":20.0,"turns":4.0},{"damage":0.0,"enemies":"conspire:FuzzyDice","floor":22.0,"turns":5.0},{"damage":13.0,"enemies":"conspire:Head Lice","floor":25.0,"turns":5.0},{"damage":19.0,"enemies":"Snake Plant","floor":27.0,"turns":3.0},{"damage":2.0,"enemies":"Centurion and Healer","floor":32.0,"turns":4.0},{"damage":20.0,"enemies":"Snecko","floor":33.0,"turns":4.0},{"damage":41,"enemies":"conspire:MysteriousRune","floor":35,"turns":5}],"seed_played":"-6085624112515076233","potions_obtained":[{"floor":6.0,"key":"Flashbang"},{"floor":8.0,"key":"SteroidPotion"},{"floor":16.0,"key":"Dexterity Potion"},{"floor":18.0,"key":"Strength Potion"},{"floor":22.0,"key":"Swift Potion"},{"floor":32.0,"key":"Elixir"}],"is_trial":false,"path_per_floor":["M","M","?","?","M","E","?","E","T","R","?","R","M","PTL","PTL","M","R","B",null,"M","T","M","?","?","E","R","M","T","$","?","R","M","M","R","B"],"character_chosen":"THE_SILENT","items_purchased":["DollysMirror","Terror","Omamori"],"campfire_rested":4,"item_purchase_floors":[29,29,29],"current_hp_per_floor":[68,68,65,65,65,17,40,20,20,41,41,41,27,27,27,27,48,10,70,61,61,61,61,61,48,48,29,29,29,16,38,36,16,38,0,0],"gold":67,"neow_bonus":"RANDOM_EVENT","is_daily":false,"chose_seed":false,"campfire_upgraded":1,"win_rate":0.0,"timestamp":1610550221,"path_taken":["M","M","?","?","?","E","?","E","T","R","?","R","M","PTL","PTL","?","R","BOSS","M","?","M","?","?","E","R","?","T","?","?","R","M","M","R","BOSS"],"items_purchased_type":["Relic","Card","Relic"],"build_version":"2020-12-22","purchased_purges":0,"victory":false,"max_hp_per_floor":[70,70,70,70,70,70,70,70,70,70,70,70,70,70,70,70,70,70,70,70,70,70,70,70,70,70,70,70,70,75,75,75,75,75,75,75],"card_choices":[{"not_picked":["Draining Mist","Distraction"],"picked":"PiercingWail","floor":1.0},{"not_picked":["Cloak And Dagger","Prepared"],"picked":"Blade Dance","floor":2.0},{"not_picked":["Caltrops","Setup"],"picked":"Poisoned Stab","floor":5.0},{"not_picked":["Hidden Blade","Well Laid Plans"],"picked":"Slice","floor":6.0},{"not_picked":["Backflip","All Out Attack","Tools of the Trade"],"picked":"SKIP","floor":8.0},{"not_picked":["Bane","Riddle With Holes"],"picked":"Dagger Spray","floor":13.0},{"not_picked":["Sucker Punch","Prepared"],"picked":"PiercingWail","floor":16.0},{"not_picked":["After Image","Night Terror"],"picked":"Envenom","floor":18.0},{"not_picked":["Sneak Up","Prepared","Quick Slash"],"picked":"SKIP","floor":20.0},{"not_picked":["Quick Slash","ReplayTheSpireMod:Exploit Weakness","Backflip"],"picked":"Catalyst+1","floor":22.0},{"not_picked":["Dagger Spray","Outmaneuver","ReplayTheSpireMod:Speed Training+1"],"picked":"Caltrops","floor":25.0},{"not_picked":["Slice","Heel Hook","Outmaneuver"],"picked":"Deadly Poison","floor":27.0},{"not_picked":["Underhanded Strike","Hidden Blade+1","Caltrops+1"],"picked":"Deflect+1","floor":32.0},{"not_picked":["Underhanded Strike+1","Toxin Wave+1","Replay:Poison Smokescreen"],"picked":"Outmaneuver+1","floor":33.0}],"player_experience":299175,"relics_obtained":[{"floor":6.0,"key":"Lantern"},{"floor":8.0,"key":"Snake Skull"},{"floor":21.0,"key":"Question Card"},{"floor":25.0,"key":"Shovel"},{"floor":26.0,"key":"Replay:Rubber Ducky"},{"floor":28.0,"key":"conspire:TopHat"}],"event_choices":[{"damage_healed":0.0,"max_hp_gain":0.0,"max_hp_loss":0.0,"gold_gain":0.0,"cards_transformed":["Defend_G"],"event_name":"Living Wall","player_choice":"Change","floor":0.0,"gold_loss":0.0,"damage_taken":0.0,"cards_obtained":["Flying Knee"]},{"damage_healed":0.0,"max_hp_gain":0.0,"max_hp_loss":0.0,"gold_gain":0.0,"event_name":"Scrap Ooze","player_choice":"Success","floor":3.0,"gold_loss":0.0,"damage_taken":3.0,"relics_obtained":["Replay:Wax Seal"]},{"damage_healed":0.0,"max_hp_gain":0.0,"max_hp_loss":0.0,"gold_gain":0.0,"event_name":"FaceTrader","player_choice":"Trade","floor":4.0,"gold_loss":0.0,"damage_taken":0.0,"relics_obtained":["CultistMask"]},{"damage_healed":23.0,"max_hp_gain":0.0,"max_hp_loss":0.0,"gold_gain":0.0,"event_name":"Big Fish","player_choice":"Banana","floor":7.0,"gold_loss":0.0,"damage_taken":0.0},{"damage_healed":0.0,"max_hp_gain":0.0,"max_hp_loss":0.0,"gold_gain":0.0,"event_name":"Upgrade Shrine","player_choice":"Upgraded","floor":11.0,"gold_loss":0.0,"damage_taken":0.0,"cards_upgraded":["Poisoned Stab"]},{"damage_healed":0.0,"max_hp_gain":5.0,"max_hp_loss":0.0,"gold_gain":0.0,"event_name":"Forgotten Altar","player_choice":"Shed Blood","floor":30.0,"gold_loss":0.0,"damage_taken":18.0}],"is_beta":false,"boss_relics":[{"not_picked":["Busted Crown","Abe\u0027s Treasure"],"picked":"conspire:SpecialSausage"}],"items_purged_floors":[],"is_endless":false,"potions_floor_spawned":[6,8,16,18,22,32],"killed_by":"conspire:MysteriousRune","ascension_level":3}}