{"host":"k85tjwrh7mjrrc9a","time":1610561585,"event":{"mods":["AchievementEnabler","BaseMod","Colored Powertips","Highlight Path","Minty Spire (QoL Compilation)","Rare Cards Sparkle","StSLib"],"gold_per_floor":[112,112,129,141,141,141,173,186,186,186,220,220,220,250,250,250,250],"floor_reached":16,"language":"ENG","playtime":576,"items_purged":[],"score":177,"play_id":"08678ab2-9d99-4806-9e11-bea2269c9484","local_time":"20210113131305","is_ascension_mode":true,"campfire_choices":[{"data":"Bash","floor":6,"key":"SMITH"},{"data":"Armaments","floor":10,"key":"SMITH"},{"floor":13,"key":"REST"},{"data":"Shrug It Off","floor":15,"key":"SMITH"}],"circlet_count":0,"master_deck":["AscendersBane","Strike_R","Strike_R","Strike_R","Strike_R","Strike_R","Defend_R","Defend_R","Defend_R","Defend_R","Bash+1","Cleave","Shrug It Off+1","Armaments+1","Iron Wave","Pain","Headbutt"],"relics":["Burning Blood","Nunchaku","Bottled Flame","White Beast Statue","Centennial Puzzle","WarpedTongs","Letter Opener"],"acts_visited":["Exordium"],"potions_floor_usage":[16,16,16],"damage_taken":[{"damage":6,"enemies":"Cultist","floor":1,"turns":3},{"damage":2,"enemies":"Jaw Worm","floor":3,"turns":3},{"damage":4,"enemies":"Small Slimes","floor":4,"turns":3},{"damage":39,"enemies":"Lagavulin","floor":7,"turns":6},{"damage":7,"enemies":"Looter","floor":8,"turns":3},{"damage":20,"enemies":"3 Sentries","floor":11,"turns":8},{"damage":24,"enemies":"Gremlin Nob","floor":14,"turns":4},{"damage":46,"enemies":"Hexaghost","floor":16,"turns":11}],"seed_played":"-3523181581918154843","potions_obtained":[{"floor":8,"key":"SteroidPotion"},{"floor":11,"key":"LiquidMemories"},{"floor":14,"key":"Block Potion"}],"is_trial":false,"path_per_floor":["M","$","M","M","?","R","E","M","T","R","E","?","R","E","R","B"],"character_chosen":"IRONCLAD","items_purchased":[],"campfire_rested":1,"item_purchase_floors":[],"current_hp_per_floor":[72,72,76,78,83,83,50,49,49,49,35,35,60,42,42,0,0],"gold":250,"neow_bonus":"RANDOM_COMMON_RELIC","is_daily":false,"chose_seed":false,"campfire_upgraded":3,"win_rate":0.0,"timestamp":1610561585,"path_taken":["M","$","M","M","?","R","E","M","T","R","E","?","R","E","R","BOSS"],"items_purchased_type":[],"build_version":"2020-12-22","purchased_purges":0,"victory":false,"max_hp_per_floor":[80,80,80,80,85,85,85,85,85,85,85,85,85,85,85,85,85],"card_choices":[{"not_picked":["Hemokinesis","Clash"],"picked":"Cleave","floor":1},{"not_picked":["Dark Embrace","Dual Wield","Warcry"],"picked":"SKIP","floor":3},{"not_picked":["Flex","Inflame"],"picked":"Shrug It Off","floor":4},{"not_picked":["Armaments","Brutality","Blood for Blood"],"picked":"SKIP","floor":7},{"not_picked":["Brutality","Blood for Blood"],"picked":"Armaments","floor":7},{"not_picked":["Clothesline","Blood for Blood"],"picked":"Iron Wave","floor":8},{"not_picked":["Dark Embrace","Intimidate","Cleave"],"picked":"SKIP","floor":11},{"not_picked":["Bludgeon","Thunderclap"],"picked":"Headbutt","floor":14}],"player_experience":186580,"relics_obtained":[{"floor":7,"key":"Bottled Flame"},{"floor":9,"key":"White Beast Statue"},{"floor":11,"key":"Centennial Puzzle"},{"floor":14,"key":"Letter Opener"}],"event_choices":[{"damage_healed":0,"gold_gain":0,"player_choice":"Donut","damage_taken":0,"max_hp_gain":5,"max_hp_loss":0,"event_name":"Big Fish","floor":5,"gold_loss":0},{"damage_healed":0,"gold_gain":0,"player_choice":"Rummage","damage_taken":0,"relics_obtained":["WarpedTongs"],"max_hp_gain":0,"max_hp_loss":0,"event_name":"Accursed Blacksmith","floor":12,"gold_loss":0,"cards_obtained":["Pain"]}],"is_beta":false,"boss_relics":[],"items_purged_floors":[],"is_endless":false,"potions_floor_spawned":[8,11,14],"killed_by":"Hexaghost","ascension_level":10}}