{"host":"f6f8cjhjgha9mpdq","time":1610549562,"event":{"mods":["BaseMod","Minty Spire (QoL Compilation)","Permanent Neow","StSLib","SuperFastMode"],"gold_per_floor":[112,37,56,56,71,100,100,100,127,27,27,64,91,114,114,201,210,222,222,97,196,215,215,215],"floor_reached":23,"language":"KOR","playtime":1182,"items_purged":["Defend_P","Defend_P","Strike_P"],"score":473,"play_id":"af0cc93a-0892-4aca-9444-e4f2989be61c","local_time":"20210113235242","is_ascension_mode":true,"campfire_choices":[{"data":"Eruption","floor":8.0,"key":"SMITH"},{"data":"Tantrum","floor":11.0,"key":"SMITH"},{"data":"Devotion","floor":15.0,"key":"SMITH"}],"circlet_count":0,"master_deck":["AscendersBane","Strike_P","Strike_P","Defend_P","Eruption+1","Vigilance","EmptyBody","Evaluate","Tantrum+1","FearNoEvil","MentalFortress","TalkToTheHand","Devotion+1","Vault","CurseOfTheBell","Dramatic Entrance"],"relics":["PureWater","Oddly Smooth Stone","Pear","Damaru","CeramicFish","Calling Bell","Bag of Preparation","Shuriken","Ginger"],"acts_visited":["Exordium","TheCity"],"potions_floor_usage":[23],"damage_taken":[{"damage":2.0,"enemies":"Small Slimes","floor":1.0,"turns":4.0},{"damage":0.0,"enemies":"2 Louse","floor":3.0,"turns":3.0},{"damage":4.0,"enemies":"Jaw Worm","floor":5.0,"turns":3.0},{"damage":23.0,"enemies":"Lagavulin","floor":6.0,"turns":8.0},{"damage":4.0,"enemies":"Gremlin Nob","floor":12.0,"turns":3.0},{"damage":0.0,"enemies":"Lots of Slimes","floor":13.0,"turns":4.0},{"damage":8.0,"enemies":"2 Fungi Beasts","floor":14.0,"turns":4.0},{"damage":0.0,"enemies":"The Guardian","floor":16.0,"turns":9.0},{"damage":5.0,"enemies":"Shell Parasite","floor":18.0,"turns":7.0},{"damage":2,"enemies":"3 Byrds","floor":22,"turns":5},{"damage":36,"enemies":"Book of Stabbing","floor":23,"turns":6}],"seed_played":"-4658540073362536559","potions_obtained":[{"floor":3.0,"key":"SpeedPotion"},{"floor":6.0,"key":"Block Potion"},{"floor":12.0,"key":"Fire Potion"},{"floor":13.0,"key":"Regen Potion"},{"floor":14.0,"key":"SkillPotion"}],"is_trial":false,"path_per_floor":["M","$","M","?","M","E","?","R","T","$","R","E","M","M","R","B",null,"M","?","$","?","M","E"],"character_chosen":"WATCHER","items_purchased":[],"campfire_rested":0,"item_purchase_floors":[],"current_hp_per_floor":[59,59,59,59,55,32,16,16,16,16,16,12,12,4,4,19,63,58,58,58,34,32,0,0],"gold":215,"neow_bonus":"TRANSFORM_CARD","is_daily":false,"chose_seed":false,"campfire_upgraded":3,"win_rate":0.0,"timestamp":1610549562,"path_taken":["M","$","M","?","M","E","?","R","T","?","R","E","M","?","R","BOSS","M","?","?","?","?","E"],"items_purchased_type":[],"build_version":"2020-12-22","purchased_purges":3,"victory":false,"max_hp_per_floor":[68,68,68,68,68,68,78,78,78,78,78,78,78,78,78,78,78,78,78,78,78,78,78,78],"card_choices":[{"not_picked":["ForeignInfluence","Crescendo"],"picked":"Evaluate","floor":1.0},{"not_picked":["Consecrate","Perseverance","Halt"],"picked":"SKIP","floor":3.0},{"not_picked":["Consecrate","Perseverance","Halt"],"picked":"SKIP","floor":3.0},{"not_picked":["BowlingBash","WaveOfTheHand"],"picked":"Tantrum","floor":5.0},{"not_picked":["Adaptation","Scrawl"],"picked":"FearNoEvil","floor":6.0},{"not_picked":["Consecrate","Protect"],"picked":"MentalFortress","floor":12.0},{"not_picked":["Protect","Collect"],"picked":"TalkToTheHand","floor":13.0},{"not_picked":["Evaluate","Worship"],"picked":"Devotion","floor":14.0},{"not_picked":["Devotion","Establishment"],"picked":"Vault","floor":16.0},{"not_picked":["InnerPeace","Conclude","Study"],"picked":"SKIP","floor":18.0},{"not_picked":["ThirdEye","EmptyFist","CarveReality"],"picked":"SKIP","floor":22}],"player_experience":564566,"relics_obtained":[{"floor":6.0,"key":"Oddly Smooth Stone"},{"floor":9.0,"key":"Damaru"},{"floor":12.0,"key":"CeramicFish"},{"floor":17.0,"key":"Bag of Preparation"},{"floor":17.0,"key":"Shuriken"},{"floor":17.0,"key":"Ginger"}],"event_choices":[{"damage_healed":0.0,"max_hp_gain":0.0,"max_hp_loss":0.0,"gold_gain":0.0,"event_name":"Liars Game","player_choice":"Ignored","floor":4.0,"gold_loss":0.0,"damage_taken":0.0},{"damage_healed":0.0,"max_hp_gain":0.0,"max_hp_loss":0.0,"gold_gain":0.0,"event_name":"Scrap Ooze","player_choice":"Success","floor":7.0,"gold_loss":0.0,"damage_taken":26.0,"relics_obtained":["Pear"]},{"cards_removed":["Defend_P"],"damage_healed":0.0,"max_hp_gain":0.0,"max_hp_loss":0.0,"gold_gain":0.0,"event_name":"Purifier","player_choice":"Purged","floor":19.0,"gold_loss":0.0,"damage_taken":0.0},{"damage_healed":0,"gold_gain":90,"player_choice":"POTION GOLD CARD ","damage_taken":24,"max_hp_gain":0,"max_hp_loss":0,"event_name":"Knowing Skull","floor":21,"potions_obtained":["Fire Potion"],"gold_loss":0,"cards_obtained":["Dramatic Entrance"]},{"damage_healed":0,"gold_gain":90,"player_choice":"POTION GOLD CARD ","damage_taken":24,"max_hp_gain":0,"max_hp_loss":0,"event_name":"Knowing Skull","floor":21,"potions_obtained":["Fire Potion"],"gold_loss":0,"cards_obtained":["Dramatic Entrance"]}],"is_beta":false,"boss_relics":[{"not_picked":["Philosopher\u0027s Stone","SlaversCollar"],"picked":"Calling Bell"}],"items_purged_floors":[2,10,20],"is_endless":false,"potions_floor_spawned":[3,6,12,13,14,22],"killed_by":"Book of Stabbing","ascension_level":18}}