{"host":"7qoz5gmva6til3yp","time":1610534507,"event":{"mods":["AchievementEnabler","BaseMod","Minty Spire (QoL Compilation)","StSLib","SuperFastMode"],"gold_per_floor":[117,117,6,6,26,26,38,38,38,53,53,2,29,42,42,147,147,166,91,107,120,120,120,132,158,182,193,193,193],"floor_reached":28,"language":"KOR","playtime":778,"items_purged":["Setup"],"score":312,"play_id":"3f19fe84-054c-4264-a6c5-3ad70866f73b","local_time":"20210113194147","is_ascension_mode":true,"campfire_choices":[{"data":"Underhanded Strike","floor":6,"key":"SMITH"},{"data":"Dagger Spray","floor":8,"key":"SMITH"},{"data":"Survivor","floor":15,"key":"SMITH"},{"floor":23,"key":"REST"}],"circlet_count":0,"master_deck":["Strike_G","Strike_G","Defend_G","Defend_G","Defend_G","Survivor+1","Neutralize","Heel Hook","Dagger Spray+1","Noxious Fumes","Underhanded Strike+1","Backstab","Poisoned Stab","Deadly Poison","Masterful Stab","Bullet Time","Dash+1","Calculated Gamble+1","Blur+1","Flying Knee","Burst"],"relics":["Ring of the Snake","Pantograph","Torii","Letter Opener","InkBottle","Astrolabe","Tough Bandages","Oddly Smooth Stone"],"acts_visited":["Exordium","TheCity"],"potions_floor_usage":[7,25,25,25,27],"damage_taken":[{"damage":1,"enemies":"2 Louse","floor":1,"turns":3},{"damage":1,"enemies":"Cultist","floor":5,"turns":3},{"damage":14,"enemies":"Jaw Worm","floor":7,"turns":4},{"damage":1,"enemies":"Blue Slaver","floor":10,"turns":4},{"damage":4,"enemies":"3 Sentries","floor":13,"turns":5},{"damage":1,"enemies":"Red Slaver","floor":14,"turns":3},{"damage":22,"enemies":"Slime Boss","floor":16,"turns":9},{"damage":6,"enemies":"2 Thieves","floor":18,"turns":3},{"damage":9,"enemies":"Spheric Guardian","floor":20,"turns":4},{"damage":24,"enemies":"Chosen and Byrds","floor":21,"turns":5},{"damage":20,"enemies":"Cultist and Chosen","floor":24,"turns":6},{"damage":1,"enemies":"Gremlin Leader","floor":25,"turns":6},{"damage":13,"enemies":"Snake Plant","floor":27,"turns":3},{"damage":12,"enemies":"Sentry and Sphere","floor":28,"turns":3}],"seed_played":"7081590471947662578","potions_obtained":[{"floor":1,"key":"Weak Potion"},{"floor":7,"key":"Weak Potion"},{"floor":14,"key":"PowerPotion"},{"floor":16,"key":"EssenceOfSteel"},{"floor":25,"key":"LiquidMemories"}],"is_trial":false,"path_per_floor":["M","?","$","T","M","R","M","R","T","M","T","$","E","M","R","B",null,"M","?","M","M","?","R","M","E","T","M","M"],"character_chosen":"THE_SILENT","items_purchased":["Noxious Fumes","Deadly Poison"],"campfire_rested":1,"item_purchase_floors":[3,12],"current_hp_per_floor":[62,62,62,62,61,61,47,47,47,46,46,46,42,41,41,44,64,58,58,49,25,25,46,26,25,25,12,0,0],"gold":193,"neow_bonus":"THREE_CARDS","is_daily":false,"chose_seed":false,"campfire_upgraded":3,"win_rate":0.0,"timestamp":1610534507,"path_taken":["M","?","$","?","M","R","M","R","T","M","?","$","E","M","R","BOSS","M","?","M","M","?","R","M","E","T","?","M"],"items_purchased_type":["Card","Card"],"build_version":"2020-12-22","purchased_purges":1,"victory":false,"max_hp_per_floor":[70,70,70,70,70,70,70,70,70,70,70,70,70,70,70,70,70,70,70,70,70,70,70,70,70,70,70,70,70],"card_choices":[{"not_picked":["Expertise","Bouncing Flask"],"picked":"Heel Hook","floor":0},{"not_picked":["Endless Agony","Blade Dance"],"picked":"Dagger Spray","floor":1},{"not_picked":["Footwork","Reflex"],"picked":"Underhanded Strike","floor":5},{"not_picked":["Underhanded Strike","Catalyst"],"picked":"Backstab","floor":7},{"not_picked":["Underhanded Strike","Calculated Gamble"],"picked":"Poisoned Stab","floor":10},{"not_picked":["Skewer","Masterful Stab","Choke"],"picked":"SKIP","floor":13},{"not_picked":["Skewer","Choke"],"picked":"Masterful Stab","floor":13},{"not_picked":["Acrobatics","Underhanded Strike","Eviscerate"],"picked":"SKIP","floor":14},{"not_picked":["After Image","Die Die Die"],"picked":"Bullet Time","floor":16},{"not_picked":["Endless Agony","Prepared","Expertise"],"picked":"SKIP","floor":18},{"not_picked":["Sucker Punch","Underhanded Strike","Dagger Spray"],"picked":"SKIP","floor":20},{"not_picked":["Sucker Punch","Underhanded Strike","Dagger Spray"],"picked":"SKIP","floor":20},{"not_picked":["Outmaneuver","Dodge and Roll","Eviscerate"],"picked":"SKIP","floor":21},{"not_picked":["Reflex","Tactician"],"picked":"Flying Knee","floor":24},{"not_picked":["Backflip+1","Tactician"],"picked":"Burst","floor":25},{"not_picked":["Blade Dance","Distraction","Underhanded Strike"],"picked":"SKIP","floor":27}],"player_experience":334728,"relics_obtained":[{"floor":4,"key":"Pantograph"},{"floor":9,"key":"Torii"},{"floor":11,"key":"Letter Opener"},{"floor":13,"key":"InkBottle"},{"floor":25,"key":"Tough Bandages"},{"floor":26,"key":"Oddly Smooth Stone"}],"event_choices":[{"damage_healed":0,"gold_gain":0,"cards_transformed":["Strike_G"],"player_choice":"Transformed","damage_taken":0,"max_hp_gain":0,"max_hp_loss":0,"event_name":"Transmorgrifier","floor":2,"gold_loss":0,"cards_obtained":["Setup"]},{"cards_removed":["Strike_G"],"damage_healed":0,"gold_gain":0,"player_choice":"Gave Gold","damage_taken":0,"max_hp_gain":0,"max_hp_loss":0,"event_name":"Beggar","floor":19,"gold_loss":75},{"damage_healed":0,"gold_gain":0,"player_choice":"Ignored","damage_taken":0,"max_hp_gain":0,"max_hp_loss":0,"event_name":"Duplicator","floor":22,"gold_loss":0}],"is_beta":false,"boss_relics":[{"not_picked":["Coffee Dripper","WristBlade"],"picked":"Astrolabe"}],"items_purged_floors":[3],"is_endless":false,"potions_floor_spawned":[1,7,14,16,20,25],"killed_by":"Sentry and Sphere","ascension_level":6}}