{"host":"f5gffvlv6a66yqkd","time":1610512190,"event":{"mods":["100% Spire Juice","2.2 Compatiblity","Alarm Clock","BaseMod","Colored Map","Custom Start","DeckTracker","Keyboard Shortcuts","Minty Spire (QoL Compilation)","Permanent Neow","Quick Restart","Relic Stats","StSLib","SuperFastMode"],"gold_per_floor":[154,210,250,303,2,2,70,95,95],"floor_reached":8,"language":"KOR","playtime":315,"items_purged":[],"score":100,"play_id":"47f3beb3-c3f8-4543-af32-9c075c4bb6f9","local_time":"20210113132950","is_ascension_mode":true,"campfire_choices":[{"data":"HandOfGreed","floor":6.0,"key":"SMITH"}],"circlet_count":0,"master_deck":["AscendersBane","Strike_R","Strike_R","Strike_R","Strike_R","Strike_R","Defend_R","Defend_R","Defend_R","Defend_R","Bash","HandOfGreed+1","Thunderclap","Evolve","Burning Pact","Headbutt","Armaments+1"],"relics":["Burning Blood","Membership Card","Toxic Egg 2"],"acts_visited":["Exordium"],"potions_floor_usage":[7],"damage_taken":[{"damage":1.0,"enemies":"Small Slimes","floor":1.0,"turns":4.0},{"damage":3.0,"enemies":"2 Louse","floor":2.0,"turns":4.0},{"damage":0.0,"enemies":"Cultist","floor":3.0,"turns":2.0},{"damage":27.0,"enemies":"Gremlin Gang","floor":4.0,"turns":6.0},{"damage":6,"enemies":"Exordium Thugs","floor":7,"turns":4},{"damage":45,"enemies":"3 Sentries","floor":8,"turns":6}],"seed_played":"-8823866574617986893","potions_obtained":[{"floor":1.0,"key":"PowerPotion"},{"floor":3.0,"key":"Block Potion"}],"is_trial":false,"path_per_floor":["M","M","M","M","$","R","M","E"],"character_chosen":"IRONCLAD","items_purchased":["Membership Card","Toxic Egg 2"],"campfire_rested":0,"item_purchase_floors":[5,5],"current_hp_per_floor":[55,58,64,43,43,43,43,0,0],"gold":95,"neow_bonus":"RANDOM_COLORLESS_2","is_daily":false,"chose_seed":false,"campfire_upgraded":1,"win_rate":0.0,"timestamp":1610512190,"path_taken":["M","M","M","M","$","R","M","E"],"items_purchased_type":["Relic","Relic"],"build_version":"2020-12-22","purchased_purges":0,"victory":false,"max_hp_per_floor":[75,75,75,75,75,75,75,75,75],"relic_stats":{"counters":[6,26],"obtain_stats":[{"Membership Card":5,"Toxic Egg 2":5,"Burning Blood":0},{"Membership Card":4,"Toxic Egg 2":4,"Burning Blood":0},{"Membership Card":16,"Toxic Egg 2":16,"Burning Blood":0}],"Burning Blood":30},"card_choices":[{"not_picked":["Secret Technique","The Bomb"],"picked":"HandOfGreed","floor":0.0},{"not_picked":["Havoc","Power Through"],"picked":"Thunderclap","floor":1.0},{"not_picked":["Twin Strike","Infernal Blade"],"picked":"Evolve","floor":2.0},{"not_picked":["Rage","Whirlwind"],"picked":"Burning Pact","floor":3.0},{"not_picked":["Pummel","Clothesline"],"picked":"Headbutt","floor":4.0},{"not_picked":["Dual Wield+1","Dark Embrace"],"picked":"Armaments+1","floor":7}],"player_experience":1550104,"relics_obtained":[],"event_choices":[],"is_beta":false,"boss_relics":[],"items_purged_floors":[],"is_endless":false,"potions_floor_spawned":[1,3],"killed_by":"3 Sentries","ascension_level":20}}