{"host":"Connor","time":1610561079,"event":{"mods":["Aspiration","BaseMod","Downfall","Hubris","Marisa????????","Minty Spire (QoL Compilation)","Replay The Spire","StSLib","The Cursed","The Jungle","The Servant 0.9.4"],"gold_per_floor":[112,112,112,124,124,135,149,149,225,195,164,178,211,231,231,303,303,314,314,329,329,346,371,371,400,470,246,246,49,65,65,65,65,65],"floor_reached":33,"language":"ENG","playtime":1358,"items_purged":["Injury"],"score":488,"play_id":"4e963cd0-0539-4504-ad95-2daa68b6652f","local_time":"20210113100439","is_ascension_mode":true,"campfire_choices":[{"data":"Neutralize","floor":8,"key":"SMITH"},{"floor":24,"key":"REST"},{"floor":28,"key":"REST"},{"floor":32,"key":"RECALL"}],"circlet_count":0,"master_deck":["AscendersBane","Strike_G","Strike_G","Strike_G","Strike_G","Strike_G","Defend_G","Defend_G","Defend_G","Defend_G","Defend_G","Survivor","Neutralize+1","Eviscerate","Draining Mist+1","Dodge and Roll+1","Sneak Up+1","ReplayTheSpireMod:Tripwire+1","Dagger Throw","PiercingWail+1","ReplayTheSpireMod:The Works+1","Catalyst+1","Poison Darts+1","Dodge and Roll+1","Toxin Wave+1","expansioncontent:Sear","Tactician+1","Dodge and Roll+1","Quick Slash+1","Apotheosis+1","Deflect+1"],"relics":["Sizzling Blood","Toxic Egg 2","Onion Ring","Art of War","hubris:VirtuousBlindfold","MutagenicStrength","Replay:Mystery Machine","Tiny Chest","Replay:Bottled Flurry","Pen Nib"],"acts_visited":["Exordium","TheCity"],"potions_floor_usage":[7,10,16,16,23,25],"damage_taken":[{"damage":2,"enemies":"Jaw Worm","floor":1,"turns":5},{"damage":4,"enemies":"Small Slimes","floor":4,"turns":3},{"damage":3,"enemies":"2 Louse","floor":6,"turns":5},{"damage":23,"enemies":"Gremlin Gang","floor":7,"turns":5},{"damage":0,"enemies":"Looter","floor":10,"turns":4},{"damage":1,"enemies":"Exordium Thugs","floor":11,"turns":7},{"damage":4,"enemies":"Blue Slaver","floor":12,"turns":6},{"damage":22,"enemies":"Replay:BlueRogue","floor":13,"turns":13},{"damage":0,"enemies":"3 Louse","floor":14,"turns":6},{"damage":25,"enemies":"Hexaghost","floor":16,"turns":12},{"damage":21,"enemies":"3 Byrds","floor":18,"turns":5},{"damage":2,"enemies":"Chosen","floor":20,"turns":3},{"damage":2,"enemies":"Snake Plant","floor":22,"turns":4},{"damage":34,"enemies":"Gremlin Leader","floor":23,"turns":6},{"damage":13,"enemies":"Book of Stabbing","floor":25,"turns":5},{"damage":10,"enemies":"Shelled Parasite and Fungi","floor":30,"turns":5},{"damage":42,"enemies":"Collector","floor":33,"turns":6}],"seed_played":"-8350474764636318168","potions_obtained":[{"floor":1,"key":"Reflective Coating"},{"floor":5,"key":"hexamod:EctoCoolerPotion"},{"floor":13,"key":"AttackPotion"},{"floor":14,"key":"SteroidPotion"},{"floor":20,"key":"AttackPotion"},{"floor":23,"key":"Toxic Potion"}],"is_trial":false,"path_per_floor":["M","?","?","M","?","M","M","R","T","M","M","M","E","M","R","B",null,"M","?","M","?","M","E","R","E","T","$","R","$","M","T","R","B"],"character_chosen":"THE_SILENT","items_purchased":["Pen Nib","Apotheosis+1"],"campfire_rested":2,"item_purchase_floors":[27,29],"current_hp_per_floor":[63,67,67,67,67,68,49,49,49,53,56,56,38,42,42,21,62,45,45,47,35,37,7,29,20,20,20,42,42,36,36,36,0,0],"gold":65,"neow_bonus":"TEN_PERCENT_HP_BONUS","is_daily":false,"chose_seed":false,"campfire_upgraded":1,"win_rate":0.0,"timestamp":1610561079,"path_taken":["M","?","?","?","?","M","M","R","T","M","?","M","E","?","R","BOSS","M","?","M","?","?","E","R","E","T","$","R","$","M","?","R","BOSS"],"items_purchased_type":["Relic","Card"],"build_version":"2020-12-18","purchased_purges":1,"victory":false,"max_hp_per_floor":[72,76,76,76,76,76,76,76,76,76,76,76,76,76,76,76,76,76,76,76,76,76,76,76,76,76,76,76,76,76,76,76,76,76],"card_choices":[{"not_picked":["Blur","Dagger Throw"],"picked":"Eviscerate","floor":1},{"not_picked":["Dodge and Roll+1","Prepared+1"],"picked":"Draining Mist+1","floor":4},{"not_picked":["Hidden Blade+1","Blade Dance+1"],"picked":"Dodge and Roll+1","floor":6},{"not_picked":["PiercingWail+1","Deadly Poison+1"],"picked":"Sneak Up+1","floor":7},{"not_picked":["Hidden Blade+1","PiercingWail+1"],"picked":"ReplayTheSpireMod:Tripwire+1","floor":10},{"not_picked":["Skewer","Infinite Blades"],"picked":"Dagger Throw","floor":11},{"not_picked":["ReplayTheSpireMod:From All Sides","Eviscerate"],"picked":"PiercingWail+1","floor":12},{"not_picked":["hubris:SlightOfHand+1","PiercingWail+1"],"picked":"ReplayTheSpireMod:The Works+1","floor":13},{"not_picked":["Poisoned Stab","Terror+1"],"picked":"Catalyst+1","floor":14},{"not_picked":["Grand Finale","Phantasmal Killer+1"],"picked":"Poison Darts+1","floor":16},{"not_picked":["Dagger Throw","ReplayTheSpireMod:Exploit Weakness+1"],"picked":"Dodge and Roll+1","floor":18},{"not_picked":["Backflip+1","Flying Knee"],"picked":"Toxin Wave+1","floor":20},{"not_picked":["Deadly Poison+1","Blade Dance+1"],"picked":"Tactician+1","floor":22},{"not_picked":["Flying Knee+1","Bane"],"picked":"Dodge and Roll+1","floor":23},{"not_picked":["Flying Knee","Wraith Form v2"],"picked":"Quick Slash+1","floor":25},{"not_picked":["Outmaneuver+1","Flying Knee"],"picked":"Deflect+1","floor":30}],"player_experience":625557,"relics_obtained":[{"floor":9,"key":"Onion Ring"},{"floor":13,"key":"Art of War"},{"floor":23,"key":"Replay:Mystery Machine"},{"floor":25,"key":"Tiny Chest"},{"floor":26,"key":"Replay:Bottled Flurry"}],"event_choices":[{"damage_healed":0,"gold_gain":0,"player_choice":"Got Potions","damage_taken":0,"max_hp_gain":0,"max_hp_loss":0,"event_name":"Lab","floor":5,"gold_loss":0},{"damage_healed":0,"gold_gain":0,"player_choice":"Inject Mutagens","damage_taken":0,"relics_obtained":["MutagenicStrength"],"max_hp_gain":0,"max_hp_loss":0,"event_name":"Drug Dealer","floor":19,"gold_loss":0},{"damage_healed":0,"gold_gain":0,"player_choice":"CARD ","damage_taken":12,"max_hp_gain":0,"max_hp_loss":0,"event_name":"Knowing Skull","floor":21,"potions_obtained":[],"gold_loss":0,"cards_obtained":["expansioncontent:Sear"]}],"is_beta":true,"boss_relics":[{"not_picked":["Honey Jar","Pandora\u0027s Box"],"picked":"hubris:VirtuousBlindfold"}],"items_purged_floors":[27],"is_endless":false,"potions_floor_spawned":[1,6,13,14,20,23],"killed_by":"Collector","ascension_level":14}}