{"host":"uiaocagxbjlinul0","time":1610566808,"event":{"mods":["100% Spire Juice","Act Like it!","BaseMod","Better Match","Block Reminder","CapriCore","ChefMod","Downfall","GifTheSpireLib","Hallownest","Hermit","Minty Spire (QoL Compilation)","Quick Restart","StSLib","Stuff the Spire","The Animator","The Bug Knight","The Marked","The Runesmith","The Spell Scribe","TheSwordswoman","Wandering Minibosses"],"gold_per_floor":[116,136,151,24,37,37,48,48,48,48,68,68,243,275,275,379,379,389,9,20,20,32,61,79,79,79],"floor_reached":25,"language":"ENG","playtime":1370,"items_purged":[],"score":275,"play_id":"e51098dc-d43a-47cc-93af-da1b1c949be5","local_time":"20210113114008","is_ascension_mode":false,"campfire_choices":[{"data":"Runesmith:Fortify","floor":6.0,"key":"SMITH"},{"data":"Runesmith:Grindstone","floor":10.0,"key":"SMITH"},{"data":"Runesmith:Firestorm","floor":15.0,"key":"SMITH"}],"circlet_count":0,"master_deck":["Runesmith:Strike_RS","Runesmith:Strike_RS","Runesmith:Strike_RS","Runesmith:Defend_RS","Runesmith:Defend_RS","Runesmith:Defend_RS","Runesmith:Defend_RS","Runesmith:CraftFirestone","Runesmith:Fortify+1","Runesmith:Reinforce","Runesmith:CraftIncendium","Runesmith:CraftMagma","Runesmith:Firestorm+1","Runesmith:Grindstone+1","Runesmith:HeatedChisel","Runesmith:HeatExchange","Runesmith:ChiselStab","Doubt","Runesmith:StaticCage","Runesmith:ArcReactor","Runesmith:Permafrost","Runesmith:HammerThrow","Runesmith:HeatedChisel","Runesmith:Firestorm","Runesmith:WhiteBalance"],"relics":["Runesmith:BrokenRuby","NeowsBlessing","Oddly Smooth Stone","Bottled Tornado","Fusion Hammer","StuffTheSpire:GrapeVine"],"acts_visited":["Exordium","TheCity"],"potions_floor_usage":[24,24,25],"damage_taken":[{"damage":0.0,"enemies":"Cultist","floor":1.0,"turns":1.0},{"damage":0.0,"enemies":"Jaw Worm","floor":2.0,"turns":1.0},{"damage":0.0,"enemies":"Small Slimes","floor":3.0,"turns":2.0},{"damage":7.0,"enemies":"Looter","floor":5.0,"turns":4.0},{"damage":4.0,"enemies":"Blue Slaver","floor":7.0,"turns":4.0},{"damage":7.0,"enemies":"Red Slaver","floor":11.0,"turns":4.0},{"damage":2.0,"enemies":"Lagavulin","floor":14.0,"turns":6.0},{"damage":0.0,"enemies":"Hexaghost","floor":16.0,"turns":9.0},{"damage":13.0,"enemies":"Shell Parasite","floor":18.0,"turns":6.0},{"damage":31.0,"enemies":"Snake Plant","floor":20.0,"turns":6.0},{"damage":2.0,"enemies":"Centurion and Healer","floor":22.0,"turns":7.0},{"damage":1,"enemies":"HollowMod:Nosk","floor":23,"turns":8},{"damage":21,"enemies":"Sentry and Sphere","floor":24,"turns":5},{"damage":6,"enemies":"3 Cultists","floor":25,"turns":2}],"seed_played":"-6352587099856116708","potions_obtained":[{"floor":1.0,"key":"hexamod:EctoCoolerPotion"},{"floor":3.0,"key":"DistilledChaos"},{"floor":14.0,"key":"Swift Potion"},{"floor":16.0,"key":"Swift Potion"},{"floor":20.0,"key":"Strength Potion"},{"floor":21.0,"key":"PowerPotion"},{"floor":21.0,"key":"Block Potion"}],"is_trial":false,"path_per_floor":["M","M","M","$","M","R","M","?","T","R","M","?","?","E","R","B",null,"M","?","M","?","M","E","M","M"],"character_chosen":"RUNESMITH_CLASS","items_purchased":["Runesmith:Firestorm","Runesmith:Grindstone"],"campfire_rested":0,"item_purchase_floors":[4,4],"current_hp_per_floor":[70,70,70,70,63,63,59,52,52,52,45,45,45,43,43,43,70,57,57,26,26,24,23,2,0,0],"gold":79,"neow_bonus":"THREE_ENEMY_KILL","is_daily":false,"chose_seed":false,"campfire_upgraded":3,"win_rate":0.0,"timestamp":1610566808,"path_taken":["M","M","M","?","?","R","M","?","T","R","M","?","?","E","R","BOSS","M","?","M","?","?","E","M","M"],"items_purchased_type":["Card","Card"],"build_version":"2020-12-22","purchased_purges":0,"victory":false,"max_hp_per_floor":[70,70,70,70,70,70,70,70,70,70,70,70,70,70,70,70,70,70,70,70,70,70,70,70,70,70],"card_choices":[{"not_picked":["Runesmith:NanitesCloud","Runesmith:FrozenChisel"],"picked":"Runesmith:Reinforce","floor":1.0},{"not_picked":["Runesmith:RuneHurl","Runesmith:HeatExchange"],"picked":"Runesmith:CraftIncendium","floor":2.0},{"not_picked":["Runesmith:Repurpose","Runesmith:UnstableHammer"],"picked":"Runesmith:CraftMagma","floor":3.0},{"not_picked":["Runesmith:UnstableHammer","Runesmith:ChiselStab"],"picked":"Runesmith:HeatedChisel","floor":5.0},{"not_picked":["Runesmith:CraftProtectio","Runesmith:EarthShield"],"picked":"Runesmith:HeatExchange","floor":7.0},{"not_picked":["Runesmith:Malloc","Runesmith:Augment"],"picked":"Runesmith:ChiselStab","floor":11.0},{"not_picked":["Runesmith:CraftMagma","Runesmith:DoubleUp"],"picked":"Runesmith:StaticCage","floor":14.0},{"not_picked":["Runesmith:CraftMedicinae","Runesmith:Supernova"],"picked":"Runesmith:ArcReactor","floor":16.0},{"not_picked":["Runesmith:Overpower","Runesmith:Augment"],"picked":"Runesmith:Permafrost","floor":18.0},{"not_picked":["Runesmith:RuneHurl+1","Runesmith:WhiteBalance"],"picked":"Runesmith:HammerThrow","floor":20.0},{"not_picked":["Runesmith:ChargedHammer","Runesmith:EarthShield+1"],"picked":"Runesmith:HeatedChisel","floor":22.0},{"not_picked":["Runesmith:ShiftingStrike","Runesmith:BackupBattery"],"picked":"Runesmith:Firestorm","floor":23},{"not_picked":["Runesmith:HeatExchange","Runesmith:PoweredAnvil"],"picked":"Runesmith:WhiteBalance","floor":24}],"player_experience":151136,"relics_obtained":[{"floor":9.0,"key":"Oddly Smooth Stone"},{"floor":14.0,"key":"Bottled Tornado"},{"floor":23,"key":"StuffTheSpire:GrapeVine"}],"event_choices":[{"cards_removed":["Runesmith:Strike_RS"],"damage_healed":0.0,"max_hp_gain":0.0,"max_hp_loss":0.0,"gold_gain":0.0,"event_name":"Golden Wing","player_choice":"Card Removal","floor":8.0,"gold_loss":0.0,"damage_taken":7.0},{"damage_healed":0.0,"max_hp_gain":0.0,"max_hp_loss":0.0,"gold_gain":175.0,"event_name":"Liars Game","player_choice":"AGREE","floor":13.0,"gold_loss":0.0,"damage_taken":0.0,"cards_obtained":["Doubt"]},{"damage_healed":0.0,"max_hp_gain":0.0,"max_hp_loss":0.0,"gold_gain":0.0,"event_name":"Lab","player_choice":"Got Potions","floor":21.0,"gold_loss":0.0,"damage_taken":0.0}],"is_beta":false,"boss_relics":[{"not_picked":["Runic Dome","StuffTheSpire:RunicHypercube"],"picked":"Fusion Hammer"}],"items_purged_floors":[],"is_endless":false,"potions_floor_spawned":[1,3,14,16,20],"killed_by":"3 Cultists","ascension_level":0}}