{"host":"lck2g1j0kcwr02ez","time":1610555285,"event":{"mods":["BaseMod","CapriCore","Hermit","Jorbs\u0027s Wanderer Trilogy","Marisa（F雨　魔理沙）","Minty Spire (QoL Compilation)","Rare Cards Sparkle","StSLib","The Alterego","The Hierophant"],"gold_per_floor":[14,14,29,9116,9116,9163,9190,9224,9250,9310,9328,9328,9369,9383,9383,9511,9511,9539,9558,9580,9593,8593,8593,8593,7524,7598,7513,6670,6670,6670,6699,6699,6839,6839,6864,6884,6902,6935,6053,6086,6086,6129,6129,6169,6079,6101,5154,5177,5177,5177,5177,5177,4452,4492,4492],"floor_reached":56,"language":"ZHS","playtime":4374,"items_purged":["Strike_MRS","Defend_MRS","Strike_MRS","Strike_MRS","Defend_MRS+1","JA"],"score":1640,"play_id":"7a62cf33-3154-4757-8888-f9807536e963","local_time":"20210114002805","is_ascension_mode":true,"campfire_choices":[{"data":"MillisecondPulsars","floor":15,"key":"SMITH"},{"data":"CollectingQuirk","floor":23,"key":"SMITH"},{"floor":30,"key":"RECALL"},{"data":"PropBag","floor":32,"key":"SMITH"},{"data":"OortCloud","floor":41,"key":"SMITH"},{"data":"Singularity","floor":49,"key":"SMITH"},{"data":"Acceleration","floor":52,"key":"SMITH"}],"circlet_count":0,"master_deck":["UpSweep","MachineGunSpark","Acceleration","PowerUp","6A","OrrerysSun","EarthLightRay","PropBag","MillisecondPulsars+1","Acceleration","MagicAbsorber","AsteroidBelt","AsteroidBelt","PropBag","OortCloud+1","Parasite","Parasite","SporeBomb","CollectingQuirk+1","PowerUp","BlazeAway","Secret Weapon","Acceleration","Secret Technique+1","Acceleration","Madness","PropBag+1","TreasureHunter","Madness+1","Madness","Acceleration+1","PowerUp+1","EnergyFlow+1","EarthLightRay+1","Impatience","Singularity+1","SuperPerseids+1","Enlightenment","MagicAbsorber"],"relics":["MiniHakkero","Nunchaku","CeramicFish","Orrery","Golden Idol","Anchor","Akabeko","ShroomBag","Strawberry","SacredBark","OrangePellets","Orichalcum","Pen Nib","alterego_mod:SomeoneToFightFor","Bag of Marbles","StrikeDummy","Toolbox","Ornamental Fan","Regal Pillow","Blood Vial","Pear","Philosopher\u0027s Stone","Darkstone Periapt","Incense Burner","ClockworkSouvenir","Art of War","Peace Pipe","MealTicket","Potion Belt","Gambling Chip","White Beast Statue","Sundial","War Paint","Unceasing Top","Chemical X","Blue Candle","Letter Opener","Eternal Feather","Pantograph"],"acts_visited":["Exordium","TheCity","TheBeyond","TheEnding"],"potions_floor_usage":[4,6,8,10,16,16,20,21,22,22,28,40,40,40,40,40,50,54,55,55,55,55,55,55,55,55,55],"damage_taken":[{"damage":1,"enemies":"2 Louse","floor":1,"turns":2},{"damage":0,"enemies":"Small Slimes","floor":3,"turns":2},{"damage":2,"enemies":"Lagavulin","floor":6,"turns":6},{"damage":0,"enemies":"Jaw Worm","floor":7,"turns":2},{"damage":0,"enemies":"Lots of Slimes","floor":8,"turns":4},{"damage":3,"enemies":"3 Sentries","floor":10,"turns":8},{"damage":2,"enemies":"Blue Slaver","floor":11,"turns":2},{"damage":0,"enemies":"Lagavulin","floor":13,"turns":2},{"damage":0,"enemies":"Looter","floor":14,"turns":3},{"damage":0,"enemies":"The Guardian","floor":16,"turns":6},{"damage":0,"enemies":"Chosen","floor":18,"turns":4},{"damage":0,"enemies":"Spheric Guardian","floor":19,"turns":2},{"damage":0,"enemies":"Snake Plant","floor":20,"turns":4},{"damage":0,"enemies":"Cultist and Chosen","floor":21,"turns":3},{"damage":0,"enemies":"Sentry and Sphere","floor":31,"turns":2},{"damage":0,"enemies":"Collector","floor":33,"turns":2},{"damage":0,"enemies":"3 Darklings","floor":35,"turns":1},{"damage":3,"enemies":"3 Shapes","floor":36,"turns":3},{"damage":0,"enemies":"Maw","floor":38,"turns":3},{"damage":11,"enemies":"Reptomancer","floor":40,"turns":5},{"damage":0,"enemies":"Giant Head","floor":42,"turns":5},{"damage":2,"enemies":"Nemesis","floor":44,"turns":3},{"damage":0,"enemies":"Writhing Mass","floor":46,"turns":1},{"damage":0,"enemies":"Jaw Worm Horde","floor":48,"turns":1},{"damage":16,"enemies":"Time Eater","floor":50,"turns":3},{"damage":15,"enemies":"Shield and Spear","floor":54,"turns":3},{"damage":5,"enemies":"The Heart","floor":55,"turns":4}],"seed_played":"-8892325690319610321","potions_obtained":[{"floor":6,"key":"ColorlessPotion"},{"floor":7,"key":"Block Potion"},{"floor":10,"key":"Fire Potion"},{"floor":11,"key":"FearPotion"},{"floor":16,"key":"BlessingOfTheForge"},{"floor":20,"key":"Fruit Juice"},{"floor":21,"key":"Weak Potion"},{"floor":42,"key":"EntropicBrew"},{"floor":46,"key":"Swift Potion"},{"floor":48,"key":"DistilledChaos"},{"floor":54,"key":"DuplicationPotion"}],"is_trial":false,"path_per_floor":["M","?","M","$","?","E","M","M","T","E","M","T","E","M","R","B",null,"M","M","M","M","$","R","?","$","T","?","$","?","R","M","R","B",null,"M","M","?","M","$","E","R","E","T","E","?","M","$","M","R","B",null,"R","$","E","B",null],"character_chosen":"MARISA","items_purchased":["AttackPotion","Fruit Juice","Fire Potion","JA","OrrerysSun","EarthLightRay","Nunchaku","CeramicFish","Orrery","OrangePellets","Orichalcum","Pen Nib","Fruit Juice","Fruit Juice","Regen Potion","Secret Weapon","StarNLove","Bag of Marbles","StrikeDummy","Toolbox","EntropicBrew","Acceleration","Secret Technique","Blood Vial","Pear","Acceleration","Fruit Juice","Strength Potion","Madness","Darkstone Periapt","Incense Burner","ClockworkSouvenir","War Paint","Unceasing Top","Chemical X","Impatience","Singularity","Blue Candle","Letter Opener","Enlightenment","MagicAbsorber","ShroomBrew"],"campfire_rested":0,"item_purchase_floors":[4,4,4,4,4,4,4,4,4,22,22,22,22,22,22,22,25,25,25,25,25,25,25,28,28,28,28,28,28,39,39,39,47,47,47,47,47,53,53,53,53,53],"current_hp_per_floor":[74,59,59,64,44,46,46,50,50,51,57,57,68,76,76,84,87,87,87,97,97,117,117,117,117,117,117,137,137,137,137,137,137,137,137,137,120,130,130,126,126,137,137,136,136,137,137,137,137,125,137,137,137,137,137],"gold":4492,"neow_bonus":"TRANSFORM_TWO_CARDS","is_daily":false,"chose_seed":false,"campfire_upgraded":6,"win_rate":0.0,"timestamp":1610555285,"path_taken":["M","?","M","$","?","E","M","M","T","E","M","?","E","M","R","BOSS","M","M","M","?","$","R","?","$","T","?","$","?","R","M","R","BOSS","M","M","?","M","$","E","R","E","T","E","?","M","$","?","R","BOSS","R","$","E","BOSS"],"items_purchased_type":["Potion","Potion","Potion","Card","Card","Card","Relic","Relic","Relic","Relic","Relic","Relic","Potion","Potion","Potion","Card","Potion","Relic","Relic","Relic","Potion","Card","Card","Relic","Relic","Card","Potion","Potion","Card","Relic","Relic","Relic","Relic","Relic","Relic","Card","Card","Relic","Relic","Card","Card","Potion"],"build_version":"2020-12-22","purchased_purges":6,"victory":true,"max_hp_per_floor":[75,75,75,80,80,80,80,80,80,80,80,80,87,87,87,87,87,87,87,97,97,117,117,117,117,117,117,137,137,137,137,137,137,137,137,137,137,137,137,137,137,137,137,137,137,137,137,137,137,137,137,137,137,137,137],"card_choices":[{"not_picked":["MysteriousBeam","GalacticHalo"],"picked":"PowerUp","floor":1},{"not_picked":["SporeBomb","LuminesStrike"],"picked":"6A","floor":3},{"not_picked":["DoubleSpark","PowerUp"],"picked":"PropBag","floor":4},{"not_picked":["DarkMatter","Robbery"],"picked":"MillisecondPulsars","floor":4},{"not_picked":["GrandCross","LuminesStrike"],"picked":"Acceleration","floor":4},{"not_picked":["StarlightTyphoon","GalacticHalo"],"picked":"MagicAbsorber","floor":4},{"not_picked":["OrrerysSun","Acceleration"],"picked":"AsteroidBelt","floor":4},{"not_picked":["DC","SporeBomb"],"picked":"AsteroidBelt","floor":6},{"not_picked":["StarBarrage","DragonMeteor"],"picked":"PropBag","floor":7},{"not_picked":["WitchLeyline","PulseMagic"],"picked":"OortCloud","floor":8},{"not_picked":["AsteroidBelt","IllusionStar"],"picked":"SporeBomb","floor":10},{"not_picked":["StarDustReverie","ChargingUp","6A"],"picked":"SKIP","floor":11},{"not_picked":["IllusionStar","ManaConvection","DoubleSpark"],"picked":"SKIP","floor":13},{"not_picked":["StarlightTyphoon","GasGiant","6A"],"picked":"SKIP","floor":14},{"not_picked":["BlazingStar","SatelliteIllusion"],"picked":"CollectingQuirk","floor":16},{"not_picked":["LuminesStrike","WitchOfGreed"],"picked":"PowerUp","floor":18},{"not_picked":["6A","NonDirectionalLaser","DragonMeteor"],"picked":"SKIP","floor":19},{"not_picked":["AsteroidBelt","NonDirectionalLaser"],"picked":"BlazeAway","floor":20},{"not_picked":["EventHorizon+1","DoubleSpark","MysteriousBeam"],"picked":"SKIP","floor":21},{"not_picked":["SporeBomb","WitchOfGreed"],"picked":"PropBag","floor":31},{"not_picked":["UltimateShortwave","JA"],"picked":"TreasureHunter","floor":33},{"not_picked":["DoubleSpark","PowerUp","AsteroidBelt+1"],"picked":"SKIP","floor":35},{"not_picked":["StarlightTyphoon+1","WitchLeyline","ShootingEcho+1"],"picked":"SKIP","floor":36},{"not_picked":["EventHorizon+1","MilkyWay"],"picked":"Acceleration","floor":38},{"not_picked":["DarkSpark","LuminesStrike","IllusionStar+1"],"picked":"SKIP","floor":40},{"not_picked":["LuminesStrike","FairyDestructionRay+1"],"picked":"PowerUp+1","floor":42},{"not_picked":["ManaRampage","EnergyRecoil"],"picked":"EnergyFlow+1","floor":44},{"not_picked":["ShootingEcho+1","DragonMeteor+1"],"picked":"EarthLightRay","floor":46},{"not_picked":["DC+1","MysteriousBeam+1"],"picked":"SuperPerseids+1","floor":48},{"not_picked":["SporeBomb","MagicAbsorber+1","ShootingEcho"],"picked":"SKIP","floor":54}],"player_experience":279213,"relics_obtained":[{"floor":6,"key":"Anchor"},{"floor":9,"key":"Akabeko"},{"floor":10,"key":"ShroomBag"},{"floor":13,"key":"Strawberry"},{"floor":26,"key":"Ornamental Fan"},{"floor":40,"key":"Art of War"},{"floor":40,"key":"Peace Pipe"},{"floor":42,"key":"MealTicket"},{"floor":42,"key":"Potion Belt"},{"floor":43,"key":"Gambling Chip"},{"floor":44,"key":"White Beast Statue"},{"floor":44,"key":"Sundial"},{"floor":54,"key":"Eternal Feather"},{"floor":54,"key":"Pantograph"}],"event_choices":[{"damage_healed":0,"gold_gain":0,"player_choice":"Entered Light","damage_taken":15,"max_hp_gain":0,"max_hp_loss":0,"event_name":"Shining Light","floor":2,"gold_loss":0,"cards_upgraded":["Defend_MRS","Defend_MRS"]},{"damage_healed":0,"gold_gain":0,"player_choice":"Take Damage","damage_taken":20,"relics_obtained":["Golden Idol"],"max_hp_gain":0,"max_hp_loss":0,"event_name":"Golden Idol","floor":5,"gold_loss":0},{"damage_healed":0,"gold_gain":0,"player_choice":"Choice 2","damage_taken":0,"relics_obtained":["alterego_mod:SomeoneToFightFor"],"max_hp_gain":0,"max_hp_loss":0,"event_name":"爱的神圣花园","floor":24,"gold_loss":0},{"damage_healed":0,"gold_gain":0,"player_choice":"Obtained Relic","damage_taken":0,"relics_obtained":["Regal Pillow"],"max_hp_gain":0,"max_hp_loss":0,"event_name":"Addict","floor":27,"gold_loss":85},{"cards_removed":["Defend_MRS"],"damage_healed":0,"gold_gain":0,"player_choice":"Elegance","damage_taken":0,"max_hp_gain":0,"max_hp_loss":0,"event_name":"Back to Basics","floor":29,"gold_loss":0},{"damage_healed":0,"gold_gain":0,"player_choice":"Embrace Madness","damage_taken":17,"max_hp_gain":0,"max_hp_loss":0,"event_name":"Winding Halls","floor":37,"gold_loss":0,"cards_obtained":["Madness","Madness"]},{"cards_removed":["MasterSpark"],"damage_healed":0,"gold_gain":0,"player_choice":"Upgrade and Remove","damage_taken":0,"max_hp_gain":0,"max_hp_loss":0,"event_name":"Designer","floor":45,"gold_loss":90,"cards_upgraded":["Madness"]}],"is_beta":false,"boss_relics":[{"not_picked":["Velvet Choker","Sozu"],"picked":"SacredBark"},{"not_picked":["Fusion Hammer","Calling Bell"],"picked":"Philosopher\u0027s Stone"}],"items_purged_floors":[4,22,25,28,39,47],"is_endless":false,"potions_floor_spawned":[6,7,10,11,16,20,21,33,36,38,42,46,48,54],"ascension_level":1}}