{"host":"b995t17pt6d05w8c","time":1610549355,"event":{"mods":["AchievementEnabler","BaseMod","Colored Map","Minty Spire (QoL Compilation)","SuperFastMode"],"gold_per_floor":[114,114,114,114,124,124,199,232,232,261,160,178,194,213,213,291,291,308,308,308,318,329,344,355,369,369,369,80,108,108,118,118,191,191,206,206,224,224,124,124,143,143,143,163,163,193,68,80,80,80],"floor_reached":51,"language":"KOR","playtime":1623,"items_purged":["Strike_P","Defend_P","Vengeance+1"],"score":1297,"play_id":"9cbcc2c0-2c2d-46bb-be69-798fb15a5648","local_time":"20210113234915","is_ascension_mode":true,"campfire_choices":[{"data":"Eruption","floor":6.0,"key":"SMITH"},{"data":"SandsOfTime","floor":15.0,"key":"SMITH"},{"data":"MentalFortress","floor":27.0,"key":"SMITH"},{"data":"Defend_P","floor":30.0,"key":"PURGE"},{"data":"Crescendo","floor":32.0,"key":"SMITH"},{"data":"LikeWater+1","floor":40.0,"key":"PURGE"},{"data":"CutThroughFate","floor":42.0,"key":"PURGE"},{"data":"EmptyBody","floor":45.0,"key":"PURGE"},{"floor":49,"key":"REST"}],"circlet_count":0,"master_deck":["AscendersBane","Eruption+1","Vigilance","CarveReality","WheelKick","Halt","Crescendo+1","SandsOfTime+1","InnerPeace+1","Wallop","MentalFortress+1","FearNoEvil","Vault+1","MentalFortress"],"relics":["PureWater","Ornamental Fan","Akabeko","StrikeDummy","Singing Bowl","Astrolabe","Prayer Wheel","WingedGreaves","Peace Pipe","MealTicket","SacredBark","Blue Candle","Eternal Feather"],"acts_visited":["Exordium","TheCity","TheBeyond"],"potions_floor_usage":[50,50],"damage_taken":[{"damage":4.0,"enemies":"Jaw Worm","floor":1.0,"turns":5.0},{"damage":4.0,"enemies":"Small Slimes","floor":5.0,"turns":3.0},{"damage":0.0,"enemies":"Gremlin Nob","floor":8.0,"turns":2.0},{"damage":22.0,"enemies":"Lagavulin","floor":10.0,"turns":4.0},{"damage":0.0,"enemies":"2 Louse","floor":12.0,"turns":2.0},{"damage":1.0,"enemies":"Exordium Thugs","floor":13.0,"turns":3.0},{"damage":0.0,"enemies":"3 Louse","floor":14.0,"turns":1.0},{"damage":26.0,"enemies":"The Guardian","floor":16.0,"turns":10.0},{"damage":4.0,"enemies":"3 Byrds","floor":18.0,"turns":5.0},{"damage":0.0,"enemies":"Chosen","floor":21.0,"turns":3.0},{"damage":10.0,"enemies":"Snecko","floor":22.0,"turns":5.0},{"damage":0.0,"enemies":"Cultist and Chosen","floor":23.0,"turns":4.0},{"damage":0.0,"enemies":"Snake Plant","floor":24.0,"turns":3.0},{"damage":10.0,"enemies":"Centurion and Healer","floor":25.0,"turns":4.0},{"damage":10.0,"enemies":"Gremlin Leader","floor":29.0,"turns":6.0},{"damage":6.0,"enemies":"Sentry and Sphere","floor":31.0,"turns":5.0},{"damage":25.0,"enemies":"Automaton","floor":33.0,"turns":10.0},{"damage":7.0,"enemies":"3 Shapes","floor":35.0,"turns":5.0},{"damage":13.0,"enemies":"3 Darklings","floor":37.0,"turns":5.0},{"damage":0.0,"enemies":"Maw","floor":41.0,"turns":7.0},{"damage":0.0,"enemies":"Spire Growth","floor":44.0,"turns":5.0},{"damage":34,"enemies":"Nemesis","floor":46,"turns":6},{"damage":14,"enemies":"4 Shapes","floor":48,"turns":5},{"damage":36,"enemies":"Time Eater","floor":50,"turns":6}],"seed_played":"8135192145302847505","potions_obtained":[{"floor":1.0,"key":"FairyPotion"},{"floor":13.0,"key":"CultistPotion"},{"floor":22.0,"key":"ColorlessPotion"},{"floor":24.0,"key":"BlessingOfTheForge"},{"floor":35.0,"key":"PowerPotion"}],"is_trial":false,"path_per_floor":["M","?","?","?","M","R","?","E","T","E","$","M","M","M","R","B",null,"M","?","?","M","M","M","M","M","T","R","$","E","R","M","R","B",null,"M","?","M","?","$","R","M","R","T","M","R","E","$","M","R","B",null],"character_chosen":"WATCHER","items_purchased":["EmptyBody","Peace Pipe"],"campfire_rested":1,"item_purchase_floors":[11,28],"current_hp_per_floor":[57,57,52,57,53,53,42,42,42,22,22,22,21,21,21,23,64,62,62,62,64,56,60,64,58,58,58,58,50,50,48,48,23,82,77,77,68,64,79,79,83,83,83,87,87,55,70,60,104,68],"gold":80,"neow_bonus":"REMOVE_CARD","is_daily":false,"chose_seed":false,"campfire_upgraded":4,"win_rate":0.0,"timestamp":1610549355,"path_taken":["M","?","?","?","M","R","?","E","T","E","$","M","M","M","R","BOSS","M","?","?","M","M","M","M","M","T","R","$","E","R","?","R","BOSS","M","?","?","?","$","R","M","R","T","M","R","E","$","M","R","BOSS"],"items_purchased_type":["Card","Relic"],"build_version":"2020-12-22","purchased_purges":3,"victory":true,"max_hp_per_floor":[68,68,68,73,73,73,73,73,73,75,75,75,75,75,75,77,77,79,79,79,81,83,87,91,95,95,95,95,97,97,101,101,101,101,103,103,107,113,113,113,117,117,117,121,121,123,123,127,127,127],"card_choices":[{"not_picked":["WaveOfTheHand","SashWhip"],"picked":"CarveReality","floor":1.0},{"not_picked":["Tantrum","EmptyMind"],"picked":"WheelKick","floor":5.0},{"not_picked":["ThirdEye","Worship","FollowUp"],"picked":"SKIP","floor":8.0},{"not_picked":["Sanctity","PathToVictory","Perseverance"],"picked":"Singing Bowl","floor":10.0},{"not_picked":["CutThroughFate","Vengeance"],"picked":"Halt","floor":12.0},{"not_picked":["ClearTheMind","LikeWater"],"picked":"Crescendo","floor":13.0},{"not_picked":["Evaluate","WreathOfFlame"],"picked":"SandsOfTime","floor":14.0},{"not_picked":["Wish","Establishment","Ragnarok"],"picked":"Singing Bowl","floor":16.0},{"not_picked":["Crescendo+1","DeceiveReality","WindmillStrike"],"picked":"Singing Bowl","floor":18.0},{"not_picked":["Protect+1","BowlingBash","Sanctity"],"picked":"Singing Bowl","floor":21.0},{"not_picked":["Collect","JustLucky"],"picked":"MentalFortress","floor":21.0},{"not_picked":["FlurryOfBlows+1","Wireheading"],"picked":"FearNoEvil","floor":22.0},{"not_picked":["Wallop+1","CutThroughFate+1","WaveOfTheHand+1"],"picked":"Singing Bowl","floor":22.0},{"not_picked":["Protect","SashWhip","EmptyBody"],"picked":"Singing Bowl","floor":23.0},{"not_picked":["FlyingSleeves","EmptyBody","Judgement"],"picked":"Singing Bowl","floor":23.0},{"not_picked":["CarveReality","WheelKick","PathToVictory"],"picked":"Singing Bowl","floor":24.0},{"not_picked":["Fasting2","FlurryOfBlows","ThirdEye"],"picked":"Singing Bowl","floor":24.0},{"not_picked":["Sanctity","DeceiveReality","Perseverance"],"picked":"Singing Bowl","floor":25.0},{"not_picked":["Protect","Conclude","JustLucky"],"picked":"Singing Bowl","floor":25.0},{"not_picked":["FlyingSleeves","BowlingBash","Perseverance"],"picked":"Singing Bowl","floor":29.0},{"not_picked":["SignatureMove","EmptyFist","EmptyBody"],"picked":"Singing Bowl","floor":31.0},{"not_picked":["EmptyBody+1","Worship","ReachHeaven"],"picked":"Singing Bowl","floor":31.0},{"not_picked":["DevaForm","Establishment"],"picked":"Vault","floor":33.0},{"not_picked":["EmptyBody+1","SignatureMove","Study"],"picked":"Singing Bowl","floor":35.0},{"not_picked":["Halt+1","EmptyBody"],"picked":"MentalFortress","floor":35.0},{"not_picked":["FlyingSleeves","Wallop","PathToVictory"],"picked":"Singing Bowl","floor":37.0},{"not_picked":["FollowUp","Meditate+1","ClearTheMind"],"picked":"Singing Bowl","floor":37.0},{"not_picked":["Metamorphosis","The Bomb","Mayhem"],"picked":"Singing Bowl","floor":38.0},{"not_picked":["Flash of Steel","Secret Technique","Impatience"],"picked":"Singing Bowl","floor":38.0},{"not_picked":["Finesse","Violence","Dramatic Entrance"],"picked":"Singing Bowl","floor":38.0},{"not_picked":["Perseverance+1","JustLucky","FlyingSleeves+1"],"picked":"Singing Bowl","floor":41.0},{"not_picked":["WindmillStrike","EmptyFist","Nirvana"],"picked":"Singing Bowl","floor":41.0},{"not_picked":["BowlingBash","LikeWater","Meditate+1"],"picked":"Singing Bowl","floor":44.0},{"not_picked":["FlurryOfBlows+1","Fasting2+1","MasterReality"],"picked":"Singing Bowl","floor":44.0},{"not_picked":["SashWhip","SignatureMove+1","EmptyFist"],"picked":"Singing Bowl","floor":46},{"not_picked":["LikeWater","Conclude+1","BattleHymn"],"picked":"Singing Bowl","floor":48},{"not_picked":["Consecrate","LikeWater","Evaluate+1"],"picked":"Singing Bowl","floor":48}],"player_experience":121412,"relics_obtained":[{"floor":8.0,"key":"Akabeko"},{"floor":9.0,"key":"StrikeDummy"},{"floor":10.0,"key":"Singing Bowl"},{"floor":20.0,"key":"Prayer Wheel"},{"floor":26.0,"key":"WingedGreaves"},{"floor":29.0,"key":"MealTicket"},{"floor":43.0,"key":"Blue Candle"},{"floor":46,"key":"Eternal Feather"}],"event_choices":[{"damage_healed":0.0,"max_hp_gain":0.0,"max_hp_loss":0.0,"gold_gain":0.0,"cards_transformed":["Strike_P"],"event_name":"Living Wall","player_choice":"Change","floor":2.0,"gold_loss":0.0,"damage_taken":0.0,"cards_obtained":["CutThroughFate"]},{"damage_healed":0.0,"max_hp_gain":0.0,"max_hp_loss":0.0,"gold_gain":0.0,"event_name":"Scrap Ooze","player_choice":"Success","floor":3.0,"gold_loss":0.0,"damage_taken":5.0,"relics_obtained":["Ornamental Fan"]},{"damage_healed":0.0,"max_hp_gain":5.0,"max_hp_loss":0.0,"gold_gain":0.0,"event_name":"Big Fish","player_choice":"Donut","floor":4.0,"gold_loss":0.0,"damage_taken":0.0},{"damage_healed":0.0,"max_hp_gain":0.0,"max_hp_loss":0.0,"gold_gain":75.0,"event_name":"World of Goop","player_choice":"Gather Gold","floor":7.0,"gold_loss":0.0,"damage_taken":11.0},{"damage_healed":0.0,"max_hp_gain":0.0,"max_hp_loss":0.0,"gold_gain":0.0,"event_name":"The Library","player_choice":"Read","floor":19.0,"gold_loss":0.0,"damage_taken":0.0,"cards_obtained":["Wallop"]},{"damage_healed":0.0,"max_hp_gain":0.0,"max_hp_loss":0.0,"gold_gain":0.0,"event_name":"Wheel of Change","player_choice":"Relic","floor":20.0,"gold_loss":0.0,"damage_taken":0.0},{"damage_healed":0.0,"max_hp_gain":0.0,"max_hp_loss":0.0,"gold_gain":0.0,"event_name":"Accursed Blacksmith","player_choice":"Forge","floor":36.0,"gold_loss":0.0,"damage_taken":0.0,"cards_upgraded":["Vault"]},{"damage_healed":0.0,"max_hp_gain":0.0,"max_hp_loss":0.0,"gold_gain":0.0,"event_name":"SensoryStone","player_choice":"Memory 3","floor":38.0,"gold_loss":0.0,"damage_taken":10.0}],"is_beta":false,"boss_relics":[{"not_picked":["Snecko Eye","Coffee Dripper"],"picked":"Astrolabe"},{"not_picked":["Black Star","Velvet Choker"],"picked":"SacredBark"}],"items_purged_floors":[11,39,47],"is_endless":false,"potions_floor_spawned":[1,13,14,22,24,25,35,37,46,48],"ascension_level":15}}