{"host":"vlqejv0notyktumz","time":1610581864,"event":{"mods":["AchievementEnabler","BaseMod","Googly Eyes","Minty Spire (QoL Compilation)"],"gold_per_floor":[115,195,0,19,29,57,57,82,82,113,127,127,127,202,202,298,298,317,232,9,22,22,22,121,121,121,121,121,132,132,146,146,146,146],"floor_reached":33,"language":"ENG","playtime":769,"items_purged":["Defend_G"],"score":407,"play_id":"3a06008e-0923-4806-bcf2-9ac69a1debaf","local_time":"20210113175104","is_ascension_mode":true,"campfire_choices":[{"floor":7,"key":"REST"},{"floor":15,"key":"REST"},{"floor":23,"key":"REST"},{"floor":25,"key":"REST"},{"floor":27,"key":"REST"},{"floor":32,"key":"REST"}],"circlet_count":0,"master_deck":["Strike_G","Strike_G","Strike_G","Strike_G","Strike_G","Defend_G","Defend_G","Defend_G","Defend_G","Survivor","Neutralize","Crippling Poison","Noxious Fumes+1","Quick Slash","Prepared","Bouncing Flask","Underhanded Strike","Dagger Throw","Dodge and Roll","Flying Knee","Infinite Blades+1","Envenom+1","Finisher+1","Noxious Fumes+1","Backflip+1","All Out Attack+1","Deflect+1","Escape Plan"],"relics":["Ring of the Snake","NeowsBlessing","Frozen Egg 2","Dream Catcher","Bottled Tornado","Letter Opener","Pen Nib","Runic Pyramid","Ninja Scroll","TwistedFunnel","Happy Flower"],"acts_visited":["Exordium","TheCity"],"potions_floor_usage":[10,10,21,28,33,33],"damage_taken":[{"damage":0,"enemies":"Cultist","floor":1,"turns":1},{"damage":0,"enemies":"Jaw Worm","floor":4,"turns":1},{"damage":0,"enemies":"Small Slimes","floor":5,"turns":1},{"damage":20,"enemies":"Lagavulin","floor":6,"turns":6},{"damage":32,"enemies":"Gremlin Nob","floor":8,"turns":4},{"damage":17,"enemies":"3 Sentries","floor":10,"turns":5},{"damage":7,"enemies":"Blue Slaver","floor":11,"turns":4},{"damage":27,"enemies":"Hexaghost","floor":16,"turns":9},{"damage":38,"enemies":"2 Thieves","floor":18,"turns":4},{"damage":3,"enemies":"3 Byrds","floor":21,"turns":3},{"damage":0,"enemies":"Slavers","floor":28,"turns":1},{"damage":18,"enemies":"Centurion and Healer","floor":29,"turns":5},{"damage":10,"enemies":"Colosseum Slavers","floor":30,"turns":4},{"damage":26,"enemies":"Shelled Parasite and Fungi","floor":31,"turns":4},{"damage":44,"enemies":"Automaton","floor":33,"turns":6}],"seed_played":"-7571542100133949480","potions_obtained":[{"floor":4,"key":"CunningPotion"},{"floor":8,"key":"Explosive Potion"},{"floor":11,"key":"SmokeBomb"},{"floor":16,"key":"Block Potion"},{"floor":18,"key":"Weak Potion"},{"floor":29,"key":"Weak Potion"}],"is_trial":false,"path_per_floor":["M","T","$","M","M","E","R","E","T","E","M","?","?","?","R","B",null,"M","?","$","M","?","R","?","R","T","R","E","M","?","M","R","B"],"character_chosen":"THE_SILENT","items_purchased":["Noxious Fumes+1","Quick Slash","TwistedFunnel","Noxious Fumes+1"],"campfire_rested":6,"item_purchase_floors":[3,3,20,20],"current_hp_per_floor":[63,63,63,63,63,43,64,32,32,15,8,31,31,20,41,14,56,18,18,18,15,2,24,24,46,46,68,68,50,40,14,36,0,0],"gold":146,"neow_bonus":"THREE_ENEMY_KILL","is_daily":false,"chose_seed":false,"campfire_upgraded":0,"win_rate":0.0,"timestamp":1610581864,"path_taken":["M","?","?","M","M","E","R","E","T","E","?","?","?","?","R","BOSS","M","?","$","M","?","R","?","R","T","R","E","M","?","M","R","BOSS"],"items_purchased_type":["Card","Card","Relic","Card"],"build_version":"2020-12-22","purchased_purges":1,"victory":false,"max_hp_per_floor":[70,70,70,70,70,70,70,70,70,70,70,70,70,70,70,70,70,70,70,70,70,75,75,75,75,75,75,75,75,75,75,75,75,75],"card_choices":[{"not_picked":["PiercingWail","Reflex"],"picked":"Crippling Poison","floor":1},{"not_picked":["Caltrops+1","Dodge and Roll"],"picked":"Prepared","floor":4},{"not_picked":["Underhanded Strike","Burst"],"picked":"Bouncing Flask","floor":5},{"not_picked":["Acrobatics","Crippling Poison","PiercingWail"],"picked":"SKIP","floor":6},{"not_picked":["Sucker Punch","Dodge and Roll"],"picked":"Underhanded Strike","floor":7},{"not_picked":["Prepared","Backflip"],"picked":"Dagger Throw","floor":8},{"not_picked":["Well Laid Plans+1","Flechettes"],"picked":"Dodge and Roll","floor":10},{"not_picked":["Riddle With Holes","PiercingWail"],"picked":"Flying Knee","floor":11},{"not_picked":["Prepared","Quick Slash"],"picked":"Infinite Blades+1","floor":15},{"not_picked":["Storm of Steel","Night Terror"],"picked":"Envenom+1","floor":16},{"not_picked":["Flechettes+1","Slice"],"picked":"Finisher+1","floor":18},{"not_picked":["Eviscerate","Masterful Stab","Dagger Throw"],"picked":"SKIP","floor":21},{"not_picked":["Blade Dance+1","Masterful Stab"],"picked":"Backflip+1","floor":23},{"not_picked":["Riddle With Holes","Outmaneuver+1"],"picked":"All Out Attack+1","floor":29},{"not_picked":["Calculated Gamble","PiercingWail+1"],"picked":"Deflect+1","floor":31},{"not_picked":["Bane","Tactician"],"picked":"Escape Plan","floor":32}],"player_experience":336475,"relics_obtained":[{"floor":2,"key":"Frozen Egg 2"},{"floor":6,"key":"Dream Catcher"},{"floor":8,"key":"Bottled Tornado"},{"floor":9,"key":"Letter Opener"},{"floor":10,"key":"Pen Nib"},{"floor":26,"key":"Happy Flower"}],"event_choices":[{"damage_healed":23,"gold_gain":0,"player_choice":"Banana","damage_taken":0,"max_hp_gain":0,"max_hp_loss":0,"event_name":"Big Fish","floor":12,"gold_loss":0},{"damage_healed":0,"gold_gain":0,"player_choice":"Ignored","damage_taken":0,"max_hp_gain":0,"max_hp_loss":0,"event_name":"Liars Game","floor":13,"gold_loss":0},{"damage_healed":0,"gold_gain":75,"player_choice":"Gather Gold","damage_taken":11,"max_hp_gain":0,"max_hp_loss":0,"event_name":"World of Goop","floor":14,"gold_loss":0},{"damage_healed":0,"gold_gain":0,"player_choice":"Obtained Relic","damage_taken":0,"relics_obtained":["Ninja Scroll"],"max_hp_gain":0,"max_hp_loss":0,"event_name":"Addict","floor":19,"gold_loss":85},{"damage_healed":0,"gold_gain":0,"player_choice":"Shed Blood","damage_taken":18,"max_hp_gain":5,"max_hp_loss":0,"event_name":"Forgotten Altar","floor":22,"gold_loss":0},{"damage_healed":0,"gold_gain":99,"player_choice":"Stole From Cult","damage_taken":0,"max_hp_gain":0,"max_hp_loss":0,"event_name":"Nest","floor":24,"gold_loss":0},{"damage_healed":0,"gold_gain":0,"player_choice":"Fight","damage_taken":0,"max_hp_gain":0,"max_hp_loss":0,"event_name":"Colosseum","floor":30,"gold_loss":0},{"damage_healed":0,"gold_gain":0,"player_choice":"Fled From Nobs","damage_taken":0,"max_hp_gain":0,"max_hp_loss":0,"event_name":"Colosseum","floor":30,"gold_loss":0}],"is_beta":false,"boss_relics":[{"not_picked":["Astrolabe","Ectoplasm"],"picked":"Runic Pyramid"}],"items_purged_floors":[3],"is_endless":false,"potions_floor_spawned":[4,8,11,16,18,28,29],"killed_by":"Automaton","ascension_level":9}}