{"host":"j4g6ia6asvpyu2b0","time":1610538682,"event":{"mods":["BaseMod","Colored Map","Minty Spire (QoL Compilation)","Permanent Neow","Quick Restart","Relic Stats","StSLib","Unceasing Turn Reminder"],"gold_per_floor":[117,67,83,83,103,103,137,147,147,182,12,12,41,3,3,106,106,117,133,133,313,324,359,359,359,359],"floor_reached":25,"language":"ENG","playtime":1175,"items_purged":[],"score":448,"play_id":"67c717cd-a71b-4ac1-9dbe-5de3a98151e2","local_time":"20210113045122","is_ascension_mode":true,"campfire_choices":[{"data":"Capacitor","floor":6,"key":"SMITH"},{"data":"Biased Cognition","floor":12,"key":"SMITH"},{"data":"Dualcast","floor":15,"key":"SMITH"},{"data":"Fission","floor":24,"key":"SMITH"}],"circlet_count":0,"master_deck":["AscendersBane","Defend_B","Defend_B","Defend_B+1","Defend_B","Zap+1","Dualcast+1","Tempest+1","Sweeping Beam+1","Defragment+1","Sweeping Beam","Streamline","Capacitor+1","Biased Cognition+1","Conserve Battery","BootSequence","Ball Lightning","White Noise","Core Surge","Fission+1","Go for the Eyes+1","Ball Lightning","Ball Lightning+1","Capacitor"],"relics":["Astrolabe","Meat on the Bone","Singing Bowl","MealTicket","Membership Card","StrikeDummy","Nuclear Battery","WingedGreaves"],"acts_visited":["Exordium","TheCity"],"potions_floor_usage":[13,16],"damage_taken":[{"damage":0,"enemies":"Cultist","floor":1,"turns":3},{"damage":7,"enemies":"Small Slimes","floor":3,"turns":3},{"damage":2,"enemies":"Jaw Worm","floor":5,"turns":3},{"damage":17,"enemies":"Lagavulin","floor":7,"turns":5},{"damage":0,"enemies":"Large Slime","floor":8,"turns":3},{"damage":35,"enemies":"Gremlin Nob","floor":10,"turns":4},{"damage":14,"enemies":"Lagavulin","floor":13,"turns":4},{"damage":0,"enemies":"Slime Boss","floor":16,"turns":4},{"damage":5,"enemies":"2 Thieves","floor":18,"turns":3},{"damage":14,"enemies":"Spheric Guardian","floor":19,"turns":4},{"damage":0,"enemies":"Cultist and Chosen","floor":22,"turns":4},{"damage":15,"enemies":"Book of Stabbing","floor":23,"turns":4},{"damage":37,"enemies":"Gremlin Leader","floor":25,"turns":2}],"seed_played":"7896486138935369096","potions_obtained":[{"floor":1,"key":"Ancient Potion"},{"floor":7,"key":"Dexterity Potion"},{"floor":8,"key":"SkillPotion"},{"floor":13,"key":"SkillPotion"},{"floor":16,"key":"Fruit Juice"},{"floor":19,"key":"Explosive Potion"},{"floor":23,"key":"LiquidMemories"}],"is_trial":false,"path_per_floor":["M","?","M","?","M","R","E","M","T","E","$","R","E","$","R","B",null,"M","M","?","?","M","E","R","E"],"character_chosen":"DEFECT","items_purchased":["Membership Card","Ball Lightning","Core Surge"],"campfire_rested":0,"item_purchase_floors":[11,11,14],"current_hp_per_floor":[68,68,61,46,44,44,27,39,39,16,31,31,29,44,44,49,72,67,53,38,19,31,28,28,0,0],"gold":359,"neow_bonus":"BOSS_RELIC","is_daily":false,"chose_seed":false,"campfire_upgraded":4,"win_rate":0.0,"timestamp":1610538682,"path_taken":["M","?","M","?","M","R","E","M","T","E","$","R","E","?","R","BOSS","M","M","?","?","M","E","R","E"],"items_purchased_type":["Relic","Card","Card"],"build_version":"2020-12-22","purchased_purges":0,"victory":false,"max_hp_per_floor":[75,75,75,75,75,75,75,75,75,75,75,75,75,75,75,80,80,80,80,85,85,85,85,85,85,85],"relic_stats":{"Singing Bowl":0,"counters":[13,46],"Astrolabe":["Tempest","Sweeping Beam","Defragment"],"MealTicket":30,"obtain_stats":[{"Singing Bowl":9,"Astrolabe":0,"MealTicket":10,"WingedGreaves":23,"Membership Card":11,"Cracked Core":0,"StrikeDummy":13,"Meat on the Bone":7,"Nuclear Battery":17},{"Singing Bowl":5,"Astrolabe":0,"MealTicket":6,"WingedGreaves":12,"Membership Card":6,"Cracked Core":0,"StrikeDummy":7,"Meat on the Bone":4,"Nuclear Battery":8},{"Singing Bowl":17,"Astrolabe":0,"MealTicket":21,"WingedGreaves":44,"Membership Card":21,"Cracked Core":0,"StrikeDummy":25,"Meat on the Bone":14,"Nuclear Battery":29}],"Meat on the Bone":60},"card_choices":[{"not_picked":["FTL","Barrage"],"picked":"Sweeping Beam","floor":1},{"not_picked":["Stack","Fusion"],"picked":"Streamline","floor":3},{"not_picked":["Go for the Eyes","Cold Snap"],"picked":"Capacitor","floor":5},{"not_picked":["Leap","Rip and Tear"],"picked":"Biased Cognition","floor":7},{"not_picked":["Compile Driver","Undo"],"picked":"Conserve Battery","floor":8},{"not_picked":["FTL","Hologram"],"picked":"BootSequence","floor":10},{"not_picked":["Recycle","Fusion"],"picked":"White Noise","floor":13},{"not_picked":["All For One","Reboot"],"picked":"Fission","floor":16},{"not_picked":["Sweeping Beam","Leap"],"picked":"Go for the Eyes+1","floor":18},{"not_picked":["Tempest+1","Coolheaded"],"picked":"Ball Lightning","floor":19},{"not_picked":["Coolheaded","Barrage+1"],"picked":"Ball Lightning+1","floor":22},{"not_picked":["Redo+1","Hello World"],"picked":"Capacitor","floor":23}],"player_experience":827766,"relics_obtained":[{"floor":7,"key":"Meat on the Bone"},{"floor":9,"key":"Singing Bowl"},{"floor":10,"key":"MealTicket"},{"floor":13,"key":"StrikeDummy"},{"floor":23,"key":"WingedGreaves"}],"event_choices":[{"cards_removed":["Strike_B"],"damage_healed":0,"gold_gain":0,"player_choice":"Card Removal","damage_taken":0,"max_hp_gain":0,"max_hp_loss":0,"event_name":"The Cleric","floor":2,"gold_loss":50},{"damage_healed":0,"gold_gain":0,"player_choice":"Entered Light","damage_taken":15,"max_hp_gain":0,"max_hp_loss":0,"event_name":"Shining Light","floor":4,"gold_loss":0,"cards_upgraded":["Zap","Defend_B"]},{"damage_healed":0,"gold_gain":0,"player_choice":"Shed Blood","damage_taken":20,"max_hp_gain":5,"max_hp_loss":0,"event_name":"Forgotten Altar","floor":20,"gold_loss":0},{"damage_healed":0,"gold_gain":180,"player_choice":"GOLD GOLD ","damage_taken":19,"max_hp_gain":0,"max_hp_loss":0,"event_name":"Knowing Skull","floor":21,"potions_obtained":[],"gold_loss":0,"cards_obtained":[]}],"is_beta":false,"boss_relics":[{"not_picked":["Snecko Eye","Inserter"],"picked":"Nuclear Battery"}],"items_purged_floors":[],"is_endless":false,"potions_floor_spawned":[1,7,8,13,16,19,22,23],"killed_by":"Gremlin Leader","ascension_level":11}}