{"host":"c8fb54zqeuygi2gg","time":1610530065,"event":{"mods":["Arknights The Spire","BaseMod","Minty Spire (QoL Compilation)","StSLib"],"gold_per_floor":[109,59,59,73,84,112,112,122,149,149,177,20,20,38,38,142,142,160,211,227,227,227,227,5,5,5,18,31,49,49,77,77,175,175,192,211,17,17,17,50,50,65,65,65,85,104,104,122,122,122],"floor_reached":51,"language":"ENG","playtime":2804,"items_purged":["ats:Dogmatic Field"],"score":682,"play_id":"92f45e7c-7f05-4637-a5e3-8f0b094233cf","local_time":"20210113042745","is_ascension_mode":false,"campfire_choices":[{"data":"ats:Emotion Absorption","floor":7,"key":"SMITH"},{"data":"ats:Blood Oath","floor":10,"key":"SMITH"},{"data":"ats:Leaping Hammer","floor":13,"key":"SMITH"},{"floor":15,"key":"REST"},{"data":"ats:Calcification","floor":23,"key":"SMITH"},{"data":"ats:Thorns","floor":25,"key":"SMITH"},{"floor":32,"key":"REST"},{"data":"ats:Healing Strengthening","floor":41,"key":"SMITH"},{"data":"ats:Magnetic Hammer","floor":49,"key":"SMITH"}],"circlet_count":0,"master_deck":["ats:Armor Crushing Shot+1","ats:Emotion Absorption+1","ats:Cat Scratch","ats:Leaping Hammer+1","ats:Nebulous Foxfire","ats:Explosion Area Strengthen","ats:Blood Oath+1","ats:Charging Defense","ats:Thorns+1","ats:Calcification+1","ats:Poison Spread","ats:Magnetic Hammer+1","ats:Volcano","ats:Healing Strengthening+1","ats:Blood Oath","ats:Calcification","RitualDagger","RitualDagger","ats:Composite Medical Shells","ats:Composite Medical Shells","ats:Disruption Kick","ats:Assault Order+1","ats:Soul Rend","ats:Revitalization+1","ats:Counter Healing Mode+1","ats:Healing Drone+1","Apotheosis+1","Finesse+1","ats:Support Order+1","Normality"],"relics":["ats:Sanity","ats:Originium","Bronze Scales","MealTicket","PreservedInsect","Blood Vial","Pandora\u0027s Box","Dream Catcher","ats:Cure","Toxic Egg 2","Bag of Preparation","Cursed Key","Orichalcum","Potion Belt","Letter Opener"],"acts_visited":["Exordium","TheCity","TheBeyond"],"potions_floor_usage":[6,20,40,40,46,46],"damage_taken":[{"damage":2,"enemies":"Small Slimes","floor":1,"turns":5},{"damage":2,"enemies":"Cultist","floor":4,"turns":4},{"damage":1,"enemies":"2 Louse","floor":5,"turns":3},{"damage":21,"enemies":"Lagavulin","floor":6,"turns":7},{"damage":11,"enemies":"Blue Slaver","floor":8,"turns":3},{"damage":26,"enemies":"Gremlin Nob","floor":11,"turns":4},{"damage":20,"enemies":"Exordium Thugs","floor":14,"turns":3},{"damage":29,"enemies":"The Guardian","floor":16,"turns":13},{"damage":7,"enemies":"3 Byrds","floor":18,"turns":3},{"damage":32,"enemies":"2 Thieves","floor":20,"turns":4},{"damage":36,"enemies":"Shelled Parasite and Fungi","floor":27,"turns":8},{"damage":20,"enemies":"Centurion and Healer","floor":28,"turns":13},{"damage":31,"enemies":"Snake Plant","floor":29,"turns":5},{"damage":48,"enemies":"Slavers","floor":31,"turns":4},{"damage":74,"enemies":"Collector","floor":33,"turns":16},{"damage":44,"enemies":"3 Darklings","floor":35,"turns":4},{"damage":30,"enemies":"Orb Walker","floor":36,"turns":5},{"damage":56,"enemies":"Reptomancer","floor":40,"turns":7},{"damage":28,"enemies":"Sphere and 2 Shapes","floor":42,"turns":6},{"damage":74,"enemies":"Writhing Mass","floor":45,"turns":7},{"damage":16,"enemies":"Transient","floor":46,"turns":5},{"damage":31,"enemies":"Maw","floor":48,"turns":9},{"damage":108,"enemies":"Awakened One","floor":50,"turns":15}],"seed_played":"-7697382144776153674","potions_obtained":[{"floor":5,"key":"AttackPotion"},{"floor":6,"key":"SkillPotion"},{"floor":11,"key":"ColorlessPotion"},{"floor":14,"key":"Fire Potion"},{"floor":27,"key":"LiquidBronze"},{"floor":29,"key":"SkillPotion"},{"floor":40,"key":"SpeedPotion"},{"floor":45,"key":"Energy Potion"},{"floor":46,"key":"SteroidPotion"}],"is_trial":false,"path_per_floor":["M","?","?","M","M","E","R","M","T","R","E","$","R","M","R","B",null,"M","T","M","?","?","R","$","R","T","M","M","M","?","E","R","B",null,"M","M","$","?","?","E","R","M","T","?","M","M","?","M","R","B",null],"character_chosen":"DOCTOR_CLASS","items_purchased":["Blood Vial","ats:Cure","ats:Healing Drone+1","Orichalcum"],"campfire_rested":2,"item_purchase_floors":[12,24,37,37],"current_hp_per_floor":[70,70,70,68,67,54,54,45,45,45,26,41,41,31,52,63,72,70,70,51,45,45,45,60,60,60,69,72,55,72,34,55,45,72,38,34,49,44,44,50,50,59,59,59,33,49,49,72,72,72],"gold":122,"neow_bonus":"UPGRADE_CARD","is_daily":false,"chose_seed":false,"campfire_upgraded":7,"win_rate":0.0,"timestamp":1610530065,"path_taken":["M","?","?","M","M","E","R","M","T","R","E","$","R","?","R","BOSS","M","?","M","?","?","R","$","R","T","?","M","M","?","E","R","BOSS","M","M","$","?","?","E","R","M","T","?","?","M","?","M","R","BOSS"],"items_purchased_type":["Relic","Relic","Card","Relic"],"build_version":"2020-12-22","purchased_purges":1,"victory":true,"max_hp_per_floor":[72,72,72,72,72,72,72,72,72,72,72,72,72,72,72,72,72,72,72,72,72,72,72,72,72,72,72,72,72,72,72,72,72,72,72,72,72,72,72,72,72,72,72,72,72,72,72,72,72,72],"card_choices":[{"not_picked":["ats:Revitalization","ats:Curse Doll"],"picked":"ats:Cat Scratch","floor":1},{"not_picked":["ats:Powerful Strike","ats:Consecutive Shot Auto"],"picked":"ats:Leaping Hammer","floor":4},{"not_picked":["ats:Soul Absorption","ats:Powerful Strike"],"picked":"ats:Nebulous Foxfire","floor":5},{"not_picked":["ats:Consecutive Shot Auto","ats:Ignite"],"picked":"ats:Explosion Area Strengthen","floor":6},{"not_picked":["ats:Chain Hook","ats:Leaping Hammer"],"picked":"ats:Blood Oath","floor":8},{"not_picked":["ats:Apocalypse","ats:Hammer On"],"picked":"ats:Charging Defense","floor":11},{"not_picked":["ats:Neurotoxin","ats:Ignite"],"picked":"ats:Thorns","floor":14},{"not_picked":["ats:Durian","ats:Rat Pack"],"picked":"ats:Calcification","floor":16},{"not_picked":["ats:Leaping Hammer","ats:Consecutive Shot Auto","ats:Revitalization"],"picked":"SKIP","floor":18},{"not_picked":["ats:Leaping Hammer","ats:Consecutive Shot Auto","ats:Revitalization"],"picked":"SKIP","floor":18},{"not_picked":["ats:Leaping Hammer","ats:Explosion Area Strengthen"],"picked":"ats:Calcification","floor":20},{"not_picked":["ats:Guardian Obelisk+1","ats:Leaping Hammer"],"picked":"ats:Composite Medical Shells","floor":27},{"not_picked":["ats:Healing Strengthening","ats:Ignite"],"picked":"ats:Composite Medical Shells","floor":28},{"not_picked":["ats:Collapsing Strike+1","ats:Beaten Up+1","ats:Automatic Cover+1"],"picked":"SKIP","floor":29},{"not_picked":["ats:Defend Order+1","ats:Collapsing Strike"],"picked":"ats:Disruption Kick","floor":31},{"not_picked":["ats:Flexible Camouflage+1","ats:Beaten Up+1"],"picked":"ats:Assault Order+1","floor":32},{"not_picked":["ats:Disruption Kick","ats:Durian+1"],"picked":"ats:Soul Rend","floor":33},{"not_picked":["ats:Powerful Strike","ats:Guardian Obelisk+1"],"picked":"ats:Revitalization+1","floor":35},{"not_picked":["ats:Ignite","ats:Charging Defense+1"],"picked":"ats:Counter Healing Mode+1","floor":36},{"not_picked":["Swift Strike","Secret Technique+1"],"picked":"Apotheosis+1","floor":38},{"not_picked":["Deep Breath+1","Chrysalis+1"],"picked":"Finesse+1","floor":38},{"not_picked":["ats:Poison Spread","ats:Overload+1"],"picked":"ats:Support Order+1","floor":40},{"not_picked":["ats:Poison Spread","ats:LN2 Cannon+1","ats:Counter Healing Mode"],"picked":"SKIP","floor":42},{"not_picked":["ats:Flexible Camouflage+1","ats:Ignite"],"picked":"ats:Hook Shot+1","floor":45},{"not_picked":["ats:Consecutive Shot Auto+1","ats:Curse Doll+1","ats:Ignite"],"picked":"SKIP","floor":46},{"not_picked":["ats:Cat Scratch","ats:Flexible Camouflage+1","ats:Poison Spread+1"],"picked":"SKIP","floor":48}],"player_experience":167902,"relics_obtained":[{"floor":6,"key":"ats:Originium"},{"floor":6,"key":"Bronze Scales"},{"floor":9,"key":"MealTicket"},{"floor":11,"key":"ats:Originium"},{"floor":11,"key":"PreservedInsect"},{"floor":19,"key":"Dream Catcher"},{"floor":26,"key":"Toxic Egg 2"},{"floor":31,"key":"ats:Originium"},{"floor":31,"key":"Bag of Preparation"},{"floor":40,"key":"Potion Belt"},{"floor":43,"key":"Letter Opener"}],"event_choices":[{"cards_removed":["ats:Strike V"],"damage_healed":0,"gold_gain":0,"player_choice":"Card Removal","damage_taken":0,"max_hp_gain":0,"max_hp_loss":0,"event_name":"The Cleric","floor":2,"gold_loss":50},{"cards_removed":["ats:Defend"],"damage_healed":0,"gold_gain":0,"player_choice":"Purged","damage_taken":0,"max_hp_gain":0,"max_hp_loss":0,"event_name":"Purifier","floor":3,"gold_loss":0},{"damage_healed":0,"gold_gain":0,"player_choice":"Joined the Cult","damage_taken":6,"max_hp_gain":0,"max_hp_loss":0,"event_name":"Nest","floor":21,"gold_loss":0,"cards_obtained":["RitualDagger"]},{"damage_healed":0,"gold_gain":0,"player_choice":"Copied","damage_taken":0,"max_hp_gain":0,"max_hp_loss":0,"event_name":"Duplicator","floor":22,"gold_loss":0,"cards_obtained":["RitualDagger"]},{"damage_healed":24,"gold_gain":0,"player_choice":"Heal","damage_taken":0,"max_hp_gain":0,"max_hp_loss":0,"event_name":"The Library","floor":30,"gold_loss":0},{"damage_healed":0,"gold_gain":0,"player_choice":"Memory 2","damage_taken":5,"max_hp_gain":0,"max_hp_loss":0,"event_name":"SensoryStone","floor":38,"gold_loss":0},{"damage_healed":0,"gold_gain":0,"player_choice":"Ignored","damage_taken":0,"max_hp_gain":0,"max_hp_loss":0,"event_name":"Mysterious Sphere","floor":39,"gold_loss":0},{"damage_healed":0,"gold_gain":0,"player_choice":"Ignored","damage_taken":0,"max_hp_gain":0,"max_hp_loss":0,"event_name":"Tomb of Lord Red Mask","floor":44,"gold_loss":0},{"cards_removed":["ats:Hook Shot"],"damage_healed":0,"gold_gain":0,"player_choice":"Removed Skill","damage_taken":0,"max_hp_gain":0,"max_hp_loss":0,"event_name":"Falling","floor":47,"gold_loss":0}],"is_beta":false,"boss_relics":[{"not_picked":["Busted Crown","Runic Dome"],"picked":"Pandora\u0027s Box"},{"not_picked":["Fusion Hammer","Philosopher\u0027s Stone"],"picked":"Cursed Key"}],"items_purged_floors":[24],"is_endless":false,"potions_floor_spawned":[5,6,11,14,27,29,35,40,45,46],"ascension_level":0}}