{"host":"q0qnzbgdx8oqogg9","time":1610511066,"event":{"mods":["BaseMod","Minty Spire (QoL Compilation)","Slay-I","StSLib"],"gold_per_floor":[116,116,126,140,140,180,180,180,204,244,267,289,312,333,342,477,486,510,39,239,264,289,298,338,338,338],"floor_reached":25,"language":"ENG","playtime":1197,"items_purged":["Strike_R"],"score":317,"play_id":"6f338cf4-15ac-4caf-8617-3fc527c389ed","local_time":"20210112231106","is_ascension_mode":true,"campfire_choices":[{"floor":8,"key":"REST"},{"floor":15,"key":"REST"},{"floor":23,"key":"REST"}],"circlet_count":0,"master_deck":["Strike_R","Strike_R","Strike_R","Defend_R","Defend_R","Defend_R","Defend_R","Bash","Spot Weakness+1","Combust","Iron Wave","Metallicize","Rampage","Anger","Warcry+1","Warcry","Battle Trance","Battle Trance+1","Feed","CurseOfTheBell","Offering","Violence","Disarm","Wild Strike","Whirlwind"],"relics":["Burning Blood","Golden Idol","Dream Catcher","CeramicFish","Nunchaku","Calling Bell","War Paint","The Courier","Shovel","Orichalcum","Oddly Smooth Stone"],"acts_visited":["Exordium","TheCity"],"potions_floor_usage":[6,6,21,22,24,25],"damage_taken":[{"damage":0,"enemies":"2 Louse","floor":1,"turns":3},{"damage":14,"enemies":"Jaw Worm","floor":3,"turns":6},{"damage":11,"enemies":"Small Slimes","floor":4,"turns":4},{"damage":34,"enemies":"3 Sentries","floor":6,"turns":6},{"damage":16,"enemies":"Gremlin Nob","floor":10,"turns":4},{"damage":10,"enemies":"Exordium Thugs","floor":11,"turns":4},{"damage":0,"enemies":"Exordium Wildlife","floor":12,"turns":4},{"damage":15,"enemies":"Large Slime","floor":13,"turns":6},{"damage":18,"enemies":"3 Louse","floor":14,"turns":3},{"damage":44,"enemies":"Hexaghost","floor":16,"turns":9},{"damage":6,"enemies":"Chosen","floor":18,"turns":4},{"damage":11,"enemies":"3 Byrds","floor":21,"turns":5},{"damage":46,"enemies":"3 Cultists","floor":22,"turns":7},{"damage":50,"enemies":"Book of Stabbing","floor":24,"turns":5},{"damage":50,"enemies":"Cultist and Chosen","floor":25,"turns":6}],"seed_played":"-2679259463557413470","potions_obtained":[{"floor":1,"key":"ColorlessPotion"},{"floor":3,"key":"Block Potion"},{"floor":6,"key":"Fire Potion"},{"floor":11,"key":"BloodPotion"},{"floor":16,"key":"SmokeBomb"},{"floor":18,"key":"Strength Potion"},{"floor":21,"key":"LiquidMemories"}],"is_trial":false,"path_per_floor":["M","?","M","M","?","E","?","R","T","E","M","M","M","M","R","B",null,"M","$","?","M","M","R","E","M"],"character_chosen":"IRONCLAD","items_purchased":["Orichalcum","Offering","Violence","Disarm"],"campfire_rested":3,"item_purchase_floors":[19,19,19,19],"current_hp_per_floor":[86,79,71,66,66,38,38,62,62,52,48,54,45,33,57,19,66,66,66,66,64,27,53,12,0,0],"gold":338,"neow_bonus":"TEN_PERCENT_HP_BONUS","is_daily":false,"chose_seed":false,"campfire_upgraded":0,"win_rate":0.0,"timestamp":1610511066,"path_taken":["M","?","M","M","?","E","?","R","T","E","M","?","M","M","R","BOSS","M","$","?","M","?","R","E","M"],"items_purchased_type":["Relic","Card","Card","Card"],"build_version":"2020-12-22","purchased_purges":1,"victory":false,"max_hp_per_floor":[88,88,88,88,81,81,81,81,81,81,81,81,81,81,81,81,81,81,81,81,84,87,87,90,93,93],"card_choices":[{"not_picked":["Havoc","Sentinel"],"picked":"Spot Weakness","floor":1},{"not_picked":["Dual Wield","Infernal Blade"],"picked":"Combust","floor":3},{"not_picked":["Heavy Blade","Intimidate"],"picked":"Iron Wave","floor":4},{"not_picked":["Twin Strike","Spot Weakness"],"picked":"Metallicize","floor":6},{"not_picked":["Reckless Charge","Iron Wave"],"picked":"Rampage","floor":8},{"not_picked":["Flex","Twin Strike"],"picked":"Anger","floor":10},{"not_picked":["Cleave","Fiend Fire"],"picked":"Warcry","floor":11},{"not_picked":["Cleave","Combust"],"picked":"Warcry","floor":12},{"not_picked":["Shrug It Off","Thunderclap"],"picked":"Battle Trance","floor":13},{"not_picked":["Sentinel","Rage","Thunderclap"],"picked":"SKIP","floor":14},{"not_picked":["Iron Wave","Inflame"],"picked":"Battle Trance","floor":15},{"not_picked":["Double Tap","Fiend Fire"],"picked":"Feed","floor":16},{"not_picked":["Body Slam","Carnage","Intimidate"],"picked":"SKIP","floor":18},{"not_picked":["Body Slam","Carnage","Intimidate"],"picked":"SKIP","floor":18},{"not_picked":["Bloodletting","Fire Breathing","Anger"],"picked":"SKIP","floor":21},{"not_picked":["True Grit","Infernal Blade+1","Anger+1"],"picked":"SKIP","floor":22},{"not_picked":["Flex","Anger"],"picked":"Wild Strike","floor":23},{"not_picked":["Twin Strike+1","Demon Form"],"picked":"Whirlwind","floor":24}],"player_experience":211392,"relics_obtained":[{"floor":6,"key":"Dream Catcher"},{"floor":9,"key":"CeramicFish"},{"floor":10,"key":"Nunchaku"},{"floor":17,"key":"War Paint"},{"floor":17,"key":"The Courier"},{"floor":17,"key":"Shovel"},{"floor":24,"key":"Oddly Smooth Stone"}],"event_choices":[{"cards_removed":["Strike_R"],"damage_healed":0,"gold_gain":0,"player_choice":"Card Removal","damage_taken":7,"max_hp_gain":0,"max_hp_loss":0,"event_name":"Golden Wing","floor":2,"gold_loss":0},{"damage_healed":0,"gold_gain":0,"player_choice":"Lose Max HP","damage_taken":0,"relics_obtained":["Golden Idol"],"max_hp_gain":0,"max_hp_loss":7,"event_name":"Golden Idol","floor":5,"gold_loss":0},{"damage_healed":0,"gold_gain":0,"player_choice":"Grow","damage_taken":0,"max_hp_gain":0,"max_hp_loss":0,"event_name":"Living Wall","floor":7,"gold_loss":0,"cards_upgraded":["Spot Weakness"]},{"damage_healed":0,"gold_gain":200,"player_choice":"Gold","damage_taken":0,"max_hp_gain":0,"max_hp_loss":0,"event_name":"Wheel of Change","floor":20,"gold_loss":0}],"is_beta":false,"boss_relics":[{"not_picked":["Black Star","Runic Dome"],"picked":"Calling Bell"}],"items_purged_floors":[19],"is_endless":false,"potions_floor_spawned":[1,3,6,11,16,18,21],"killed_by":"Cultist and Chosen","ascension_level":7}}