{"host":"1q02rw1wpi0nrsss","time":1610579877,"event":{"mods":["AchievementEnabler","BaseMod","DeckTracker","Minty Spire (QoL Compilation)","Quick Restart","Rare Cards Sparkle"],"gold_per_floor":[362,44,54,67,17,17,47,58,131,131,131,146,146,160,160,255,255,274,373,392,409,423,423,56,56,103,103,103,2,330,349,349,349,349],"floor_reached":33,"language":"ENG","playtime":1661,"items_purged":["Shame","Strike_G"],"score":434,"play_id":"a2d67872-c2a5-4850-96d3-8054a8966bec","local_time":"20210113151757","is_ascension_mode":true,"campfire_choices":[{"data":"Poisoned Stab","floor":6,"key":"SMITH"},{"floor":15,"key":"REST"},{"floor":23,"key":"REST"},{"data":"Phantasmal Killer","floor":25,"key":"SMITH"},{"data":"Neutralize","floor":32,"key":"SMITH"}],"circlet_count":0,"master_deck":["Strike_G","Strike_G","Strike_G","Defend_G","Defend_G","Defend_G","Defend_G","Defend_G","Survivor","Neutralize+1","Poisoned Stab+1","PiercingWail","Bane","Quick Slash+1","Dagger Spray","Unload+1","Phantasmal Killer+1","Dodge and Roll","Underhanded Strike","Crippling Poison","Noxious Fumes","Cloak And Dagger","Writhe","Backflip"],"relics":["Ring of the Snake","Mummified Hand","Ice Cream","Gremlin Horn","Blood Vial","StoneCalendar","Busted Crown","Sling","Whetstone","Darkstone Periapt","Old Coin"],"acts_visited":["Exordium","TheCity"],"potions_floor_usage":[7,12,12,16,20,33,33,33],"damage_taken":[{"damage":1,"enemies":"Small Slimes","floor":1,"turns":4},{"damage":1,"enemies":"2 Louse","floor":3,"turns":3},{"damage":1,"enemies":"Jaw Worm","floor":4,"turns":5},{"damage":43,"enemies":"Gremlin Nob","floor":7,"turns":7},{"damage":0,"enemies":"3 Louse","floor":8,"turns":4},{"damage":2,"enemies":"Exordium Thugs","floor":12,"turns":7},{"damage":9,"enemies":"Large Slime","floor":14,"turns":7},{"damage":24,"enemies":"Hexaghost","floor":16,"turns":10},{"damage":17,"enemies":"Shell Parasite","floor":18,"turns":4},{"damage":0,"enemies":"Chosen","floor":20,"turns":4},{"damage":19,"enemies":"Centurion and Healer","floor":21,"turns":6},{"damage":31,"enemies":"Snecko","floor":22,"turns":6},{"damage":0,"enemies":"Gremlin Leader","floor":30,"turns":6},{"damage":11,"enemies":"Chosen and Byrds","floor":31,"turns":6},{"damage":61,"enemies":"Champ","floor":33,"turns":12}],"seed_played":"-6056995539556538635","potions_obtained":[{"floor":4,"key":"PowerPotion"},{"floor":7,"key":"Poison Potion"},{"floor":8,"key":"Dexterity Potion"},{"floor":14,"key":"FearPotion"},{"floor":18,"key":"Regen Potion"},{"floor":31,"key":"Fire Potion"}],"is_trial":false,"path_per_floor":["M","$","M","M","?","R","E","M","T","?","T","M","?","M","R","B",null,"M","?","M","M","M","R","$","R","T","?","?","$","E","M","R","B"],"character_chosen":"THE_SILENT","items_purchased":["Mummified Hand","Noxious Fumes","Sling","Cloak And Dagger","PowerPotion","SteroidPotion"],"campfire_rested":2,"item_purchase_floors":[2,24,24,24,29,29],"current_hp_per_floor":[62,62,61,60,60,60,17,17,17,17,17,17,17,10,31,9,55,40,40,54,37,8,29,29,29,29,52,58,58,60,51,51,0,0],"gold":349,"neow_bonus":"TWO_FIFTY_GOLD","is_daily":false,"chose_seed":false,"campfire_upgraded":3,"win_rate":0.0,"timestamp":1610579877,"path_taken":["M","$","M","M","?","R","E","M","T","?","?","M","?","M","R","BOSS","M","?","M","M","M","R","$","R","T","?","?","$","E","?","R","BOSS"],"items_purchased_type":["Relic","Card","Relic","Card","Potion","Potion"],"build_version":"2020-12-22","purchased_purges":2,"victory":false,"max_hp_per_floor":[70,70,70,70,70,70,70,70,70,70,70,70,70,70,70,70,70,70,70,70,70,70,70,70,70,70,70,76,76,76,76,76,76,76],"card_choices":[{"not_picked":["Backstab","Sucker Punch"],"picked":"Poisoned Stab","floor":1},{"not_picked":["Predator","Dash"],"picked":"PiercingWail","floor":3},{"not_picked":["Eviscerate","Deflect","Prepared"],"picked":"SKIP","floor":4},{"not_picked":["Malaise","Deflect"],"picked":"Bane","floor":7},{"not_picked":["Slice","Distraction"],"picked":"Quick Slash","floor":8},{"not_picked":["Underhanded Strike","Slice"],"picked":"Dagger Spray","floor":12},{"not_picked":["Backstab","Prepared"],"picked":"Unload","floor":14},{"not_picked":["Night Terror","After Image"],"picked":"Phantasmal Killer","floor":16},{"not_picked":["Endless Agony"],"picked":"SKIP","floor":18},{"not_picked":[],"picked":"Dodge and Roll","floor":20},{"not_picked":[],"picked":"Underhanded Strike","floor":21},{"not_picked":[],"picked":"Crippling Poison","floor":22},{"not_picked":["Deflect"],"picked":"SKIP","floor":30},{"not_picked":[],"picked":"Backflip","floor":31}],"player_experience":389544,"relics_obtained":[{"floor":7,"key":"Ice Cream"},{"floor":9,"key":"Gremlin Horn"},{"floor":11,"key":"StoneCalendar"},{"floor":26,"key":"Whetstone"},{"floor":30,"key":"Old Coin"}],"event_choices":[{"cards_removed":["Strike_G"],"damage_healed":0,"gold_gain":0,"player_choice":"Card Removal","damage_taken":0,"max_hp_gain":0,"max_hp_loss":0,"event_name":"The Cleric","floor":5,"gold_loss":50},{"damage_healed":0,"gold_gain":0,"player_choice":"Searched \u00271\u0027 times","damage_taken":0,"relics_obtained":["Blood Vial"],"max_hp_gain":0,"max_hp_loss":0,"event_name":"Dead Adventurer","floor":10,"gold_loss":0},{"damage_healed":0,"gold_gain":0,"player_choice":"Ignored","damage_taken":0,"max_hp_gain":0,"max_hp_loss":0,"event_name":"Golden Idol","floor":13,"gold_loss":0},{"damage_healed":0,"gold_gain":99,"player_choice":"Stole From Cult","damage_taken":0,"max_hp_gain":0,"max_hp_loss":0,"event_name":"Nest","floor":19,"gold_loss":0},{"damage_healed":23,"gold_gain":0,"player_choice":"Heal","damage_taken":0,"max_hp_gain":0,"max_hp_loss":0,"event_name":"The Library","floor":27,"gold_loss":0},{"damage_healed":0,"gold_gain":0,"player_choice":"Opened","damage_taken":0,"relics_obtained":["Darkstone Periapt"],"max_hp_gain":0,"max_hp_loss":0,"event_name":"The Mausoleum","floor":28,"gold_loss":0,"cards_obtained":["Writhe"]}],"is_beta":false,"boss_relics":[{"not_picked":["Snecko Eye","Fusion Hammer"],"picked":"Busted Crown"}],"items_purged_floors":[2,24],"is_endless":false,"potions_floor_spawned":[4,7,8,14,18,31],"killed_by":"Champ","ascension_level":8}}