{"host":"w11d5xug8ost5klq","time":1610506309,"event":{"mods":["100% Spire Juice","2.2 Compatiblity","BaseMod","Better Third Choice","Emptier Cage","Highlight Path","Minty Spire (QoL Compilation)","Quick Restart","Spicy Shops","StSLib"],"gold_per_floor":[114,114,114,128,25,53,53,53,53,86,109,133,13,57,57,176,56,0,0,0,0,0,0,0,0,0,0,0,0,0,0,0,0,0,0,0,0,0,0,0,0,0,0,0,0,0,0,0,0,0],"floor_reached":51,"language":"ENG","playtime":2434,"items_purged":[],"score":1063,"play_id":"9e6156f3-1cd3-436e-a80d-740c91915fd4","local_time":"20210112205149","is_ascension_mode":true,"campfire_choices":[{"data":"Moonworks:Ambush","floor":7,"key":"SMITH"},{"floor":15,"key":"REST"},{"floor":32,"key":"REST"},{"floor":41,"key":"REST"},{"floor":49,"key":"REST"}],"circlet_count":0,"master_deck":["Moonworks:Strike","Moonworks:Strike","Moonworks:Strike","Moonworks:Defend","Moonworks:Defend","Moonworks:Defend","Moonworks:Defend","Moonworks:Ambush+1","Moonworks:LongDistanceShot","Moonworks:Poppoformation","Apotheosis+1","Moonworks:ForcedRevival","Moonworks:EvilSpyWorkPreparation","Moonworks:TreasureThief","Moonworks:CompletionReward","Moonworks:MetallicMonocoque","Moonworks:MiracleWalker+1","Moonworks:RedAndBlue+1","Moonworks:LulusLuckyEgg+1","Moonworks:AwakeningOfTalent","Moonworks:RocketCannon","Moonworks:CloudOfSeagulls+1","Moonworks:BackdoorTrade+1","Moonworks:SakisCookie+1","Decay"],"relics":["Moonworks:BrokenBomb","Moonworks:Homemark","PreservedInsect","Gremlin Horn","Golden Idol","Pear","Regal Pillow","Toxic Egg 2","Ectoplasm","Enchiridion","Moonworks:LittleGull","Strawberry","Anchor","Bag of Preparation","Mercury Hourglass","Cursed Key","MawBank","Torii","CaptainsWheel","StrikeDummy","Red Mask"],"acts_visited":["Exordium","TheCity","TheBeyond"],"potions_floor_usage":[6,16,22,24,38],"damage_taken":[{"damage":0,"enemies":"Cultist","floor":1,"turns":3},{"damage":0,"enemies":"Jaw Worm","floor":4,"turns":4},{"damage":4,"enemies":"Small Slimes","floor":5,"turns":4},{"damage":0,"enemies":"3 Sentries","floor":6,"turns":5},{"damage":18,"enemies":"Lagavulin","floor":10,"turns":3},{"damage":13,"enemies":"Looter","floor":11,"turns":3},{"damage":0,"enemies":"2 Fungi Beasts","floor":12,"turns":2},{"damage":6,"enemies":"3 Sentries","floor":14,"turns":4},{"damage":33,"enemies":"Hexaghost","floor":16,"turns":9},{"damage":15,"enemies":"2 Thieves","floor":18,"turns":3},{"damage":2,"enemies":"3 Byrds","floor":19,"turns":4},{"damage":0,"enemies":"Snake Plant","floor":22,"turns":2},{"damage":31,"enemies":"Slavers","floor":23,"turns":3},{"damage":0,"enemies":"Shelled Parasite and Fungi","floor":24,"turns":2},{"damage":3,"enemies":"Gremlin Leader","floor":25,"turns":3},{"damage":23,"enemies":"Snecko","floor":27,"turns":3},{"damage":0,"enemies":"Cultist and Chosen","floor":29,"turns":3},{"damage":0,"enemies":"Snake Plant","floor":30,"turns":2},{"damage":21,"enemies":"Book of Stabbing","floor":31,"turns":3},{"damage":23,"enemies":"Collector","floor":33,"turns":4},{"damage":12,"enemies":"Orb Walker","floor":35,"turns":3},{"damage":0,"enemies":"3 Darklings","floor":37,"turns":3},{"damage":27,"enemies":"Jaw Worm Horde","floor":38,"turns":3},{"damage":0,"enemies":"Reptomancer","floor":40,"turns":3},{"damage":0,"enemies":"Maw","floor":42,"turns":6},{"damage":1,"enemies":"Nemesis","floor":44,"turns":5},{"damage":14,"enemies":"4 Shapes","floor":45,"turns":2},{"damage":0,"enemies":"Reptomancer","floor":46,"turns":3},{"damage":0,"enemies":"Transient","floor":48,"turns":5},{"damage":73,"enemies":"Awakened One","floor":50,"turns":7}],"seed_played":"-4561639413525074006","potions_obtained":[{"floor":1,"key":"LiquidBronze"},{"floor":5,"key":"DistilledChaos"},{"floor":12,"key":"Dexterity Potion"},{"floor":16,"key":"LiquidMemories"},{"floor":18,"key":"Ancient Potion"},{"floor":22,"key":"ColorlessPotion"},{"floor":24,"key":"Explosive Potion"},{"floor":38,"key":"SpeedPotion"}],"is_trial":false,"path_per_floor":["M","?","?","M","M","E","R","?","T","E","M","M","?","E","R","B",null,"M","M","?","?","M","E","M","E","T","M","T","M","M","E","R","B",null,"M","?","M","M","$","E","R","M","T","E","M","E","?","M","R","B",null],"character_chosen":"THE_STARBREAKER","items_purchased":[],"campfire_rested":4,"item_purchase_floors":[],"current_hp_per_floor":[60,65,65,65,65,65,65,49,59,49,41,49,49,43,75,50,75,60,66,75,59,67,44,44,48,48,41,41,49,54,41,80,59,82,70,70,75,53,53,53,82,82,82,81,70,73,73,76,82,17],"gold":0,"neow_bonus":"RANDOM_COMMON_RELIC","is_daily":false,"chose_seed":false,"campfire_upgraded":1,"win_rate":0.0,"timestamp":1610506309,"path_taken":["M","?","?","?","M","E","R","?","T","E","M","M","?","E","R","BOSS","M","M","?","?","M","E","M","E","T","M","?","M","M","E","R","BOSS","M","?","M","M","$","E","R","M","T","E","?","E","?","M","R","BOSS"],"items_purchased_type":[],"build_version":"2020-12-22","purchased_purges":0,"victory":true,"max_hp_per_floor":[60,65,65,65,65,65,65,65,75,75,75,75,75,75,75,75,75,75,75,75,75,75,75,75,82,82,82,82,82,82,82,82,82,82,82,82,82,82,82,82,82,82,82,82,82,82,82,82,82,82],"card_choices":[{"not_picked":["Moonworks:BindingChains","Moonworks:Dash"],"picked":"Moonworks:Poppoformation","floor":1},{"not_picked":["Moonworks:BeyondHell","Moonworks:NicePresent"],"picked":"Moonworks:ForcedRevival","floor":4},{"not_picked":["Moonworks:ForcedRevival","Moonworks:LulusLuckyEgg"],"picked":"Moonworks:EvilSpyWorkPreparation","floor":5},{"not_picked":["Moonworks:SealedMemories","Moonworks:DeployBits","Moonworks:IndiscriminateFireSupport"],"picked":"SKIP","floor":6},{"not_picked":["Moonworks:NicePresent","Moonworks:Dinner"],"picked":"Moonworks:TreasureThief","floor":10},{"not_picked":["Moonworks:Assault","Moonworks:BigMagnum","Moonworks:DeployBits"],"picked":"SKIP","floor":11},{"not_picked":["Moonworks:Blazing","Moonworks:TacticalRetreat"],"picked":"Moonworks:CompletionReward","floor":12},{"not_picked":["Moonworks:SakisCookie+1","Moonworks:IndiscriminateFireSupport","Moonworks:AngelHand+1"],"picked":"SKIP","floor":14},{"not_picked":["Moonworks:Wanted+1","Moonworks:ShieldCounter+1"],"picked":"Moonworks:MetallicMonocoque","floor":16},{"not_picked":["Moonworks:Assault+1","Moonworks:ImOnFire+1"],"picked":"Moonworks:MiracleWalker+1","floor":18},{"not_picked":["Moonworks:CloudOfSeagulls","Moonworks:JonathanRush","Moonworks:DevilHand"],"picked":"SKIP","floor":19},{"not_picked":["Moonworks:NicePresent+1","Moonworks:OutOfAmmo"],"picked":"Moonworks:RedAndBlue+1","floor":22},{"not_picked":["Moonworks:BindingChains+1","Moonworks:NicePresent+1"],"picked":"Moonworks:LulusLuckyEgg+1","floor":23},{"not_picked":["Moonworks:WindyEnchantment+1","Moonworks:IntelligenceOfficer+1"],"picked":"Moonworks:AwakeningOfTalent","floor":24},{"not_picked":["Moonworks:BigMagnum+1","Moonworks:DeployBits+1","Moonworks:ReflectiveShell"],"picked":"SKIP","floor":25},{"not_picked":["Moonworks:Poppoformation+1","Moonworks:IndiscriminateFireSupport+1","Moonworks:Assault"],"picked":"SKIP","floor":27},{"not_picked":["Moonworks:ImOnFire+1","Moonworks:EvilSpyWorkPreparation+1","Moonworks:BigBangBell+1"],"picked":"SKIP","floor":29},{"not_picked":["Moonworks:IntelligenceOfficer+1","Moonworks:SealedMemories+1"],"picked":"Moonworks:RocketCannon","floor":30},{"not_picked":["Moonworks:NicePresent+1","Moonworks:Dinner+1","Moonworks:MixPhenomenon+1"],"picked":"SKIP","floor":31},{"not_picked":["Moonworks:EvilSpyWorkPreparation+1","Moonworks:FinalSurgery","Moonworks:DeployBits+1"],"picked":"SKIP","floor":35},{"not_picked":["Moonworks:Assault+1","Moonworks:UnpaidWork+1"],"picked":"Moonworks:CloudOfSeagulls+1","floor":37},{"not_picked":["Moonworks:DeployBits+1","Moonworks:EvilSpyWorkPreparation+1"],"picked":"Moonworks:BackdoorTrade+1","floor":38},{"not_picked":["Moonworks:RedAndBlue+1","Moonworks:IndiscriminateFireSupport"],"picked":"Moonworks:SakisCookie+1","floor":40},{"not_picked":["Moonworks:MixPhenomenon+1","Moonworks:SealedMemories+1","Moonworks:IndiscriminateFireSupport+1"],"picked":"SKIP","floor":42},{"not_picked":["Moonworks:LulusLuckyEgg+1","Moonworks:DevilHand","Moonworks:UnluckyCharm+1"],"picked":"SKIP","floor":44},{"not_picked":["Moonworks:CloudOfSeagulls","Moonworks:MiracleWalker+1","Moonworks:EvilSpyWorkPreparation+1"],"picked":"SKIP","floor":45},{"not_picked":["Moonworks:BeyondHell+1","Moonworks:Dinner+1","Moonworks:Dash+1"],"picked":"SKIP","floor":46},{"not_picked":["Moonworks:CloudOfSeagulls","Moonworks:JonathanRush+1","Moonworks:FinalBattle"],"picked":"SKIP","floor":48}],"player_experience":93094,"relics_obtained":[{"floor":6,"key":"Gremlin Horn"},{"floor":9,"key":"Pear"},{"floor":10,"key":"Regal Pillow"},{"floor":14,"key":"Toxic Egg 2"},{"floor":21,"key":"Enchiridion"},{"floor":23,"key":"Moonworks:LittleGull"},{"floor":25,"key":"Strawberry"},{"floor":26,"key":"Anchor"},{"floor":28,"key":"Bag of Preparation"},{"floor":31,"key":"Mercury Hourglass"},{"floor":40,"key":"MawBank"},{"floor":43,"key":"Torii"},{"floor":44,"key":"CaptainsWheel"},{"floor":46,"key":"StrikeDummy"}],"event_choices":[{"damage_healed":0,"gold_gain":0,"player_choice":"Donut","damage_taken":0,"max_hp_gain":5,"max_hp_loss":0,"event_name":"Big Fish","floor":2,"gold_loss":0},{"damage_healed":65,"gold_gain":0,"player_choice":"Embrace","damage_taken":0,"max_hp_gain":0,"max_hp_loss":65,"event_name":"betterThird:BetterShining","floor":3,"gold_loss":0},{"damage_healed":0,"gold_gain":0,"player_choice":"Take Damage","damage_taken":16,"relics_obtained":["Golden Idol"],"max_hp_gain":0,"max_hp_loss":0,"event_name":"Golden Idol","floor":8,"gold_loss":0},{"cards_removed":["Moonworks:Strike"],"damage_healed":0,"gold_gain":0,"player_choice":"Forget","damage_taken":0,"max_hp_gain":0,"max_hp_loss":0,"event_name":"Living Wall","floor":13,"gold_loss":0},{"damage_healed":25,"gold_gain":0,"player_choice":"Heal","damage_taken":0,"max_hp_gain":0,"max_hp_loss":0,"event_name":"The Library","floor":20,"gold_loss":0},{"damage_healed":0,"gold_gain":0,"player_choice":"Obtained Book","damage_taken":16,"max_hp_gain":0,"max_hp_loss":0,"event_name":"Cursed Tome","floor":21,"gold_loss":0},{"damage_healed":0,"gold_gain":100,"player_choice":"Pray","damage_taken":0,"max_hp_gain":0,"max_hp_loss":0,"event_name":"Golden Shrine","floor":36,"gold_loss":0},{"damage_healed":0,"gold_gain":0,"player_choice":"Paid","damage_taken":0,"relics_obtained":["Red Mask"],"max_hp_gain":0,"max_hp_loss":0,"event_name":"Tomb of Lord Red Mask","floor":47,"gold_loss":0}],"is_beta":false,"boss_relics":[{"not_picked":["Coffee Dripper","Calling Bell"],"picked":"Ectoplasm"},{"not_picked":["Velvet Choker","Astrolabe"],"picked":"Cursed Key"}],"items_purged_floors":[],"is_endless":false,"potions_floor_spawned":[1,5,12,16,18,22,24,27,35,37,38,42,48],"ascension_level":1}}