{"host":"uv231blk40vjdojr","time":1610548825,"event":{"mods":["AchievementEnabler","BaseMod","Bestiary","Minty Spire (QoL Compilation)","Relic Stats"],"gold_per_floor":[116,191,141,141,156,156,81,116,143,68,87,131,131,147,147,276,276,276],"floor_reached":17,"language":"ENG","playtime":474,"items_purged":["Establishment"],"score":213,"play_id":"22360c86-c625-45f8-bee5-10dc8fe2978f","local_time":"20210113154025","is_ascension_mode":false,"campfire_choices":[{"data":"Vigilance","floor":6,"key":"SMITH"},{"floor":13,"key":"REST"},{"floor":15,"key":"REST"}],"circlet_count":0,"master_deck":["Eruption","Vigilance+1","FollowUp","Meditate","FlurryOfBlows","Halt","Adaptation","Alpha","Fasting2","EmptyMind+1","InnerPeace+1","Vault+1"],"relics":["Pandora\u0027s Box","Golden Idol","Toxic Egg 2","Happy Flower","Matryoshka","Velvet Choker"],"acts_visited":["Exordium","TheCity"],"potions_floor_usage":[16],"damage_taken":[{"damage":17,"enemies":"Small Slimes","floor":1,"turns":3},{"damage":15,"enemies":"Jaw Worm","floor":5,"turns":3},{"damage":5,"enemies":"Lagavulin","floor":8,"turns":5},{"damage":6,"enemies":"Cultist","floor":11,"turns":4},{"damage":15,"enemies":"3 Sentries","floor":12,"turns":3},{"damage":21,"enemies":"Lots of Slimes","floor":14,"turns":3},{"damage":0,"enemies":"Slime Boss","floor":16,"turns":4}],"seed_played":"-9218245755042706910","potions_obtained":[{"floor":1,"key":"Explosive Potion"},{"floor":5,"key":"Energy Potion"},{"floor":11,"key":"EntropicBrew"}],"is_trial":false,"path_per_floor":["M","?","?","?","M","R","$","E","T","$","M","E","R","M","R","B",null],"character_chosen":"WATCHER","items_purchased":["LiquidMemories"],"campfire_rested":2,"item_purchase_floors":[10],"current_hp_per_floor":[55,44,44,44,29,29,29,24,24,24,18,3,23,2,22,22,67,67],"gold":276,"neow_bonus":"BOSS_RELIC","is_daily":false,"chose_seed":false,"campfire_upgraded":1,"win_rate":0.0,"timestamp":1610548825,"path_taken":["M","?","?","?","M","R","$","E","T","$","M","E","R","M","R","BOSS"],"items_purchased_type":["Potion"],"build_version":"2020-12-22","purchased_purges":1,"victory":false,"max_hp_per_floor":[72,72,72,67,67,67,67,67,67,67,67,67,67,67,67,67,67,67],"relic_stats":{"Happy Flower":[4],"counters":[7,25],"Golden Idol":52,"Pandora\u0027s Box":["FollowUp","Meditate","Alpha","FlurryOfBlows","Establishment","Halt","Adaptation","Alpha"],"obtain_stats":[{"Matryoshka":12,"Happy Flower":9,"Golden Idol":4,"Velvet Choker":17,"Pandora\u0027s Box":0,"PureWater":0,"Toxic Egg 2":8},{"Matryoshka":5,"Happy Flower":3,"Golden Idol":1,"Velvet Choker":7,"Pandora\u0027s Box":0,"PureWater":0,"Toxic Egg 2":3},{"Matryoshka":18,"Happy Flower":11,"Golden Idol":3,"Velvet Choker":25,"Pandora\u0027s Box":0,"PureWater":0,"Toxic Egg 2":11}]},"card_choices":[{"not_picked":["Consecrate","Sanctity"],"picked":"Fasting2","floor":1},{"not_picked":["Crescendo","Worship","ClearTheMind"],"picked":"SKIP","floor":5},{"not_picked":["FollowUp","Halt+1","Collect+1"],"picked":"SKIP","floor":8},{"not_picked":["BowlingBash","WreathOfFlame+1"],"picked":"EmptyMind+1","floor":11},{"not_picked":["WheelKick","Halt+1"],"picked":"InnerPeace+1","floor":12},{"not_picked":["Indignation+1","SashWhip","Pray+1"],"picked":"SKIP","floor":14},{"not_picked":["DeusExMachina+1","Devotion"],"picked":"Vault+1","floor":16}],"player_experience":680282,"relics_obtained":[{"floor":8,"key":"Toxic Egg 2"},{"floor":9,"key":"Happy Flower"},{"floor":12,"key":"Matryoshka"}],"event_choices":[{"damage_healed":0,"gold_gain":75,"player_choice":"Gather Gold","damage_taken":11,"max_hp_gain":0,"max_hp_loss":0,"event_name":"World of Goop","floor":2,"gold_loss":0},{"cards_removed":["Alpha"],"damage_healed":0,"gold_gain":0,"player_choice":"Card Removal","damage_taken":0,"max_hp_gain":0,"max_hp_loss":0,"event_name":"The Cleric","floor":3,"gold_loss":50},{"damage_healed":0,"gold_gain":0,"player_choice":"Lose Max HP","damage_taken":0,"relics_obtained":["Golden Idol"],"max_hp_gain":0,"max_hp_loss":5,"event_name":"Golden Idol","floor":4,"gold_loss":0}],"is_beta":false,"boss_relics":[{"not_picked":["Busted Crown","Tiny House"],"picked":"Velvet Choker"}],"items_purged_floors":[7],"is_endless":false,"potions_floor_spawned":[1,5,11,12],"ascension_level":0}}