{"host":"uq4ng344qg9ygyoi","time":1610560784,"event":{"mods":["BaseMod","Minty Spire (QoL Compilation)","Quick Restart","Shop Mod","StSLib"],"gold_per_floor":[113,126,138,3,20,53,53,86,86,86,115,115,171,62,62,158,158,172,172,97,97,111,111,130,130,155,155,173,173,187,112,112,216,216,229,229,229],"floor_reached":36,"language":"ZHS","playtime":1291,"items_purged":["Strike_R"],"score":399,"play_id":"39daefe2-13e4-4f40-aff1-c4497135e7e6","local_time":"20210114015944","is_ascension_mode":true,"campfire_choices":[{"data":"Enlightenment","floor":7.0,"key":"SMITH"},{"data":"Heavy Blade","floor":10.0,"key":"SMITH"},{"data":"Iron Wave","floor":12.0,"key":"SMITH"},{"floor":15.0,"key":"REST"},{"data":"Inflame","floor":23,"key":"SMITH"},{"floor":25,"key":"REST"},{"data":"Headbutt","floor":27,"key":"SMITH"},{"floor":32,"key":"REST"}],"circlet_count":0,"master_deck":["Strike_R","Strike_R","Defend_R","Defend_R","Defend_R","Defend_R","Bash","Iron Wave+1","Flex","Enlightenment+1","Inflame+1","Immolate","Heavy Blade+1","Headbutt+1","Barricade","Battle Trance","Limit Break","Armaments"],"relics":["Burning Blood","Bag of Marbles","Bronze Scales","Singing Bowl","Letter Opener","Sundial","MerchantsRug","Runic Pyramid","Enchiridion","Shovel","Omamori","Runic Cube"],"acts_visited":["Exordium","TheCity","TheBeyond"],"potions_floor_usage":[16,16,33,33,36],"damage_taken":[{"damage":1.0,"enemies":"Cultist","floor":1.0,"turns":3.0},{"damage":4.0,"enemies":"Small Slimes","floor":2.0,"turns":3.0},{"damage":6.0,"enemies":"2 Louse","floor":3.0,"turns":2.0},{"damage":13.0,"enemies":"2 Fungi Beasts","floor":5.0,"turns":4.0},{"damage":22.0,"enemies":"Gremlin Nob","floor":6.0,"turns":4.0},{"damage":12.0,"enemies":"3 Sentries","floor":8.0,"turns":4.0},{"damage":1.0,"enemies":"Gremlin Nob","floor":11.0,"turns":3.0},{"damage":28.0,"enemies":"Lagavulin Event","floor":13.0,"turns":5.0},{"damage":34,"enemies":"Slime Boss","floor":16,"turns":7},{"damage":20,"enemies":"Shell Parasite","floor":18,"turns":5},{"damage":19,"enemies":"Spheric Guardian","floor":22,"turns":4},{"damage":21,"enemies":"Snake Plant","floor":24,"turns":2},{"damage":4,"enemies":"Centurion and Healer","floor":28,"turns":4},{"damage":3,"enemies":"Cultist and Chosen","floor":30,"turns":3},{"damage":23,"enemies":"Champ","floor":33,"turns":8},{"damage":36,"enemies":"3 Darklings","floor":35,"turns":5},{"damage":62,"enemies":"2 Orb Walkers","floor":36,"turns":3}],"seed_played":"4654426653364135701","potions_obtained":[{"floor":3.0,"key":"Fire Potion"},{"floor":5.0,"key":"PowerPotion"},{"floor":11.0,"key":"GamblersBrew"},{"floor":13.0,"key":"DistilledChaos"},{"floor":16,"key":"SkillPotion"},{"floor":18,"key":"BlessingOfTheForge"},{"floor":30,"key":"BlessingOfTheForge"},{"floor":33,"key":"Weak Potion"}],"is_trial":false,"path_per_floor":["M","M","M","$","M","E","R","E","T","R","E","R","?","$","R","B",null,"M","?","$","?","M","R","M","R","T","R","M","?","M","?","R","B",null,"M","?"],"character_chosen":"IRONCLAD","items_purchased":["Enlightenment","Inflame","MerchantsRug","Strength Potion"],"campfire_rested":3,"item_purchase_floors":[4,4,14,14],"current_hp_per_floor":[80,80,80,80,73,57,57,53,53,53,58,58,38,38,63,35,84,70,54,54,54,43,43,30,56,56,56,60,60,65,65,92,75,92,62,0,0],"gold":229,"neow_bonus":"RANDOM_COMMON_RELIC","is_daily":false,"chose_seed":false,"campfire_upgraded":5,"win_rate":0.0,"timestamp":1610560784,"path_taken":["M","M","M","$","M","E","R","E","T","R","E","R","?","$","R","BOSS","M","?","$","?","M","R","?","R","T","R","M","?","M","?","R","BOSS","M","?"],"items_purchased_type":["Card","Card","Relic","Potion"],"build_version":"2020-12-22","purchased_purges":1,"victory":false,"max_hp_per_floor":[80,80,80,80,80,80,80,82,82,82,82,82,84,84,84,84,84,84,84,84,84,86,86,88,88,88,88,90,90,92,92,92,92,92,92,92,92],"card_choices":[{"not_picked":["Cleave","Second Wind"],"picked":"Iron Wave","floor":1.0},{"not_picked":["Sword Boomerang","True Grit","Infernal Blade"],"picked":"SKIP","floor":2.0},{"not_picked":["Evolve","Warcry"],"picked":"Flex","floor":3.0},{"not_picked":["Clothesline","Seeing Red"],"picked":"Immolate","floor":5.0},{"not_picked":["Thunderclap","Combust"],"picked":"Heavy Blade","floor":6.0},{"not_picked":["Pommel Strike","Thunderclap","Fire Breathing"],"picked":"Singing Bowl","floor":8.0},{"not_picked":["Impervious","Wild Strike"],"picked":"Headbutt","floor":11.0},{"not_picked":["Pommel Strike","Dropkick","Sword Boomerang"],"picked":"Singing Bowl","floor":13.0},{"not_picked":["Impervious","Bludgeon"],"picked":"Barricade","floor":16},{"not_picked":["Sword Boomerang","Thunderclap"],"picked":"Battle Trance","floor":18},{"not_picked":["Iron Wave","Anger","Second Wind"],"picked":"Singing Bowl","floor":22},{"not_picked":["Thunderclap","Dropkick","Warcry"],"picked":"Singing Bowl","floor":24},{"not_picked":["Havoc","Cleave","Heavy Blade"],"picked":"Singing Bowl","floor":28},{"not_picked":["True Grit","Sword Boomerang+1","Wild Strike+1"],"picked":"Singing Bowl","floor":30},{"not_picked":["Bludgeon","Brutality"],"picked":"Limit Break","floor":33},{"not_picked":["Disarm","Sword Boomerang+1"],"picked":"Armaments","floor":35}],"player_experience":399037,"relics_obtained":[{"floor":6.0,"key":"Bronze Scales"},{"floor":8.0,"key":"Singing Bowl"},{"floor":9.0,"key":"Letter Opener"},{"floor":11.0,"key":"Sundial"},{"floor":19,"key":"Enchiridion"},{"floor":26,"key":"Omamori"}],"event_choices":[{"damage_healed":0.0,"max_hp_gain":0.0,"max_hp_loss":0.0,"gold_gain":0.0,"event_name":"Dead Adventurer","player_choice":"Searched \u00272\u0027 times","floor":13.0,"gold_loss":0.0,"damage_taken":0.0,"relics_obtained":["InkBottle"]},{"damage_healed":0,"gold_gain":0,"player_choice":"Obtained Book","damage_taken":16,"max_hp_gain":0,"max_hp_loss":0,"event_name":"Cursed Tome","floor":19,"gold_loss":0},{"damage_healed":0,"gold_gain":0,"player_choice":"Gave Potion","damage_taken":0,"relics_obtained":["Shovel"],"max_hp_gain":0,"max_hp_loss":0,"event_name":"WeMeetAgain","floor":21,"gold_loss":0},{"cards_removed":["Strike_R"],"damage_healed":0,"gold_gain":0,"player_choice":"Elegance","damage_taken":0,"max_hp_gain":0,"max_hp_loss":0,"event_name":"Back to Basics","floor":29,"gold_loss":0},{"cards_removed":["Strike_R"],"damage_healed":0,"gold_gain":0,"player_choice":"Gave Gold","damage_taken":0,"max_hp_gain":0,"max_hp_loss":0,"event_name":"Beggar","floor":31,"gold_loss":75},{"damage_healed":0,"gold_gain":0,"player_choice":"Fight","damage_taken":0,"max_hp_gain":0,"max_hp_loss":0,"event_name":"Mysterious Sphere","floor":36,"gold_loss":0}],"is_beta":false,"boss_relics":[{"not_picked":["Ectoplasm","Busted Crown"],"picked":"Runic Pyramid"},{"not_picked":["Pandora\u0027s Box","Astrolabe"],"picked":"Runic Cube"}],"items_purged_floors":[20],"is_endless":false,"potions_floor_spawned":[3,5,11,13,16,18,30,33],"killed_by":"2 Orb Walkers","ascension_level":1}}