{"host":"bxdue9bkfm2khp2x","time":1610527322,"event":{"mods":["ATMod(阿瑾Mod)","Arknights The Spire","Aspiration","BaseMod","Better Vampires","Challenge The Spire","Colored Map","Colored Powertips","Conspire","Decade(王小明)","Dota2Spire","Highlight Path","Minty Spire (QoL Compilation)","MostiFishMod","Remilia（蕾米莉亚）","Replay The Spire","RumiaBox-露米娅的神秘盒子","Ryuuou龙王","Spicy Shops","StSLib","Td1madao Mod","The Alterego","The Bug Knight","The Cursed","The Servant 0.9.4","WarShipGirlsR/战舰少女R mod","noobMod","vexMod","【功能Mod】混沌之环修复补丁","【遗物卡牌】REMEMod","篝火指南"],"gold_per_floor":[115,115,127,142,160,160,179,104,127,127,162,18,18,47,47,148,148,161,172,185,205,289,316,316,316,316,316,94,121,221,231,231,336,386,406,421,421,421,441,237,263,44,44,94,112,112,143,153,71,71],"floor_reached":51,"language":"ZHS","playtime":4152,"items_purged":["ats:Strike G","ats:Very Hot Blade+1","ats:Strike C+1","ats:Strike S+1"],"score":688,"play_id":"effbc170-2954-4685-943e-84eb6838a27d","local_time":"20210113164202","is_ascension_mode":true,"campfire_choices":[{"data":"ats:Shell Defense","floor":6.0,"key":"SMITH"},{"data":"ats:Part Time Job","floor":10.0,"key":"SMITH"},{"data":"ats:Healing Strengthening","floor":13.0,"key":"SMITH"},{"data":"ats:Poison Spread","floor":15.0,"key":"SMITH"},{"data":"ats:Echo Reverb","floor":25.0,"key":"SMITH"},{"data":"ats:Curse Doll","floor":27.0,"key":"SMITH"},{"data":"ats:Explosion Area Strengthen","floor":32.0,"key":"SMITH"},{"floor":46.0,"key":"REST"}],"circlet_count":0,"master_deck":["ats:Armor Crushing Shot+1","ats:Defend+1","ats:Defend+1","ats:Defend+1","ats:Defend+1","ats:Emotion Absorption+1","ReplayUltimateDefense+1","AT_ChampionKick+1","ats:Shell Defense+1","ats:Hammer On+1","ats:Rapid Magazine+1","ats:Part Time Job+1","ats:Healing Strengthening+1","ats:Revitalization+1","ats:Poison Spread+1","ats:Wolf Pack+1","ats:Explosion Area Strengthen+1","ats:Curse Doll+1","ats:Echo Reverb+1","ats:Poison Spread+1","ats:Composite Medical Shells+1","ats:Rat Pack+1","ats:Assault Order+1","ats:Counter Healing Mode+1","ats:Thorns+1","REME_FirmDetermination+1"],"relics":["ats:Sanity","DaveBox","REME_ComplimentaryCards","ice","AT_ATBox","DSteel32","NeowsBlessing","SynthV:TestCard","SSSystem","ats:Originium","Replay:Ringing Soul","SynthV:C4","AT_ChloranthyRing","Pocketwatch","Divine Protection","Dota2Spire:EyeOfSkadi","Tiny House","PreservedInsect","ThornShield","Ice Cream","Dota2Spire:BladeMail"],"acts_visited":["Exordium","TheCity","TheBeyond"],"potions_floor_usage":[50,50],"damage_taken":[{"damage":0.0,"enemies":"Cultist","floor":1.0,"turns":1.0},{"damage":0.0,"enemies":"conspire:RoseBush","floor":3.0,"turns":1.0},{"damage":0.0,"enemies":"Small Slimes","floor":4.0,"turns":2.0},{"damage":6.0,"enemies":"Exordium Wildlife","floor":5.0,"turns":5.0},{"damage":21.0,"enemies":"Blue Slaver","floor":7.0,"turns":4.0},{"damage":8.0,"enemies":"Gremlin Nob","floor":11.0,"turns":5.0},{"damage":38.0,"enemies":"3 Sentries","floor":14.0,"turns":10.0},{"damage":64.0,"enemies":"Slime Boss","floor":16.0,"turns":12.0},{"damage":27.0,"enemies":"Spheric Guardian","floor":18.0,"turns":7.0},{"damage":0.0,"enemies":"3 Byrds","floor":19.0,"turns":3.0},{"damage":41.0,"enemies":"conspire:HollyBat","floor":20.0,"turns":9.0},{"damage":59.0,"enemies":"Sentry and Sphere","floor":21.0,"turns":8.0},{"damage":39.0,"enemies":"conspire:Head Lice","floor":23.0,"turns":8.0},{"damage":5.0,"enemies":"Replay:Snechameleon","floor":29.0,"turns":6.0},{"damage":23.0,"enemies":"Snecko","floor":31.0,"turns":6.0},{"damage":60.0,"enemies":"Automaton","floor":33.0,"turns":11.0},{"damage":15.0,"enemies":"3 Darklings","floor":35.0,"turns":3.0},{"damage":0.0,"enemies":"Orb Walker","floor":36.0,"turns":4.0},{"damage":32.0,"enemies":"4 Shapes","floor":39.0,"turns":3.0},{"damage":30.0,"enemies":"Nemesis","floor":41.0,"turns":7.0},{"damage":0.0,"enemies":"Mind Bloom Boss Battle","floor":44.0,"turns":6.0},{"damage":14.0,"enemies":"Jaw Worm Horde","floor":45.0,"turns":3.0},{"damage":0.0,"enemies":"R_Hoarder","floor":47.0,"turns":5.0},{"damage":0,"enemies":"Writhing Mass","floor":48,"turns":5},{"damage":19,"enemies":"Replay:Hell Engine","floor":50,"turns":14}],"seed_played":"-4880803546039192974","potions_obtained":[{"floor":1.0,"key":"AttackPotion"},{"floor":2.0,"key":"Weak Potion"},{"floor":2.0,"key":"LifebloodPotion"},{"floor":11.0,"key":"DuplicationPotion"},{"floor":16.0,"key":"SteroidPotion"},{"floor":18.0,"key":"SkillPotion"},{"floor":20.0,"key":"SkillPotion"},{"floor":22.0,"key":"Block Potion"},{"floor":22.0,"key":"ats:Emergency Sanity Potion"},{"floor":34.0,"key":"Languid Potion"},{"floor":36.0,"key":"Dexterity Potion"},{"floor":45.0,"key":"LifebloodPotion"}],"is_trial":false,"path_per_floor":["M","?","M","M","M","R","M","$","T","R","E","$","R","E","R","B",null,"M","M","M","M","?","E","?","R","T","R","$","E","?","M","R","B",null,"M","M","?","?","M","R","E","R","T","?","M","R","E","M","R","B",null],"character_chosen":"DOCTOR_CLASS","items_purchased":["ats:Healing Strengthening","ats:Revitalization","ats:Composite Medical Shells","ats:Counter Healing Mode","ats:Thorns","REME_FirmDetermination"],"campfire_rested":1,"item_purchase_floors":[12,12,28,40,42,49],"current_hp_per_floor":[72,72,72,72,68,68,49,49,49,49,49,52,52,78,78,81,81,84,87,90,70,51,77,77,77,77,77,80,101,101,78,78,104,112,111,111,106,106,77,80,100,103,103,112,109,112,112,112,115,115],"gold":71,"neow_bonus":"THREE_ENEMY_KILL","is_daily":false,"chose_seed":false,"campfire_upgraded":7,"win_rate":0.0,"timestamp":1610527322,"path_taken":["M","?","M","?","M","R","?","$","T","R","E","$","R","E","R","BOSS","M","M","M","M","?","E","?","R","T","R","$","E","?","M","R","BOSS","BOSS","M","M","?","?","M","R","E","R","T","?","M","R","E","M","R","BOSS"],"items_purchased_type":["Card","Card","Card","Card","Card","Card"],"build_version":"2020-12-22","purchased_purges":4,"victory":true,"max_hp_per_floor":[72,72,72,72,72,72,72,72,72,72,72,75,75,78,78,81,81,84,87,90,90,93,93,93,93,93,93,96,101,101,101,101,104,112,112,112,106,106,106,109,109,112,112,112,112,112,112,112,115,115],"card_choices":[{"not_picked":["ats:Cat Scratch","ats:Shadow Raid"],"picked":"ats:Very Hot Blade","floor":1.0},{"not_picked":["ats:Childhood Dance","ats:Charging Defense","ats:Flexible Camouflage","ats:Spore Proliferation"],"picked":"ats:Shell Defense","floor":3.0},{"not_picked":["ats:Apocalypse","ats:Flexible Camouflage","ats:Explosion Area Strengthen","ats:Steam Pump"],"picked":"ats:Hammer On","floor":4.0},{"not_picked":["ats:Shell Defense","ats:Blood Oath","ats:Powerful Strike","ats:Collapsing Strike"],"picked":"ats:Rapid Magazine","floor":5.0},{"not_picked":["ats:Chain Hook","ats:Hammer On","ats:Demon Strength","ats:Automatic Cover"],"picked":"ats:Part Time Job","floor":7.0},{"not_picked":["ats:Flexible Camouflage","ats:Chain Hook","ats:Dogmatic Field","ats:Shadow Raid","ats:Encircling Forest"],"picked":"SKIP","floor":11.0},{"not_picked":["ats:Cat Scratch","ats:Powerful Strike","ats:Assault Order","ats:Sunburst"],"picked":"ats:Poison Spread","floor":14.0},{"not_picked":["ats:Nebulous Foxfire","ats:Shadow Assault","ats:True Silver Slash","ats:Volcano"],"picked":"ats:Wolf Pack","floor":16.0},{"not_picked":["ats:Shell Defense","ats:Curse Doll","ats:LN2 Cannon","ats:Ignite"],"picked":"ats:Explosion Area Strengthen","floor":18.0},{"not_picked":["ats:Cat Scratch","ats:Explosion Area Strengthen","ats:Chain Hook","ats:Closed Bolt Burst Fire"],"picked":"ats:Curse Doll","floor":19.0},{"not_picked":["ats:Ignite","ats:Defend Order","ats:Revitalization+1","ats:Mental Burst+1"],"picked":"ats:Echo Reverb","floor":20.0},{"not_picked":["ats:Explosion Area Strengthen+1","ats:Sunburst","ats:Hammer On","ats:Curse Doll","ats:Volcano"],"picked":"SKIP","floor":21.0},{"not_picked":["ats:Hammer On","ats:Childhood Dance","ats:Leaping Hammer","ats:Shell Defense"],"picked":"ats:Poison Spread+1","floor":22.0},{"not_picked":["ats:Fractured Body","ats:Shadow Raid","ats:Curse Doll","ats:Ignite","ats:Poison Spread+1"],"picked":"SKIP","floor":23.0},{"not_picked":["ats:Hook Shot","ats:Assault Order","ats:Very Hot Blade","ats:Steam Pump","ats:Wolf Pack"],"picked":"SKIP","floor":29.0},{"not_picked":["ats:Poison Spread","ats:Thermite Blade","ats:Explosion Area Strengthen","ats:Shell Defense","ats:Guardian Obelisk"],"picked":"SKIP","floor":31.0},{"not_picked":["ats:Dogmatic Field","ats:Disruption Kick","ats:Shadow Assault","ats:Durian"],"picked":"ats:Rat Pack","floor":33.0},{"not_picked":["ats:Shell Defense","ats:Closed Bolt Burst Fire+1","ats:Apocalypse+1","ats:Curse Doll"],"picked":"ats:Assault Order","floor":34.0},{"not_picked":["ats:Explosion Area Strengthen","ats:Poison Spread+1","ats:Flexible Camouflage","ats:Apocalypse+1","ats:Nebulous Foxfire"],"picked":"SKIP","floor":35.0},{"not_picked":["ats:Flame Of Heaven","ats:Hook Shot","ats:Overload+1","ats:Childhood Dance","ats:Very Hot Blade"],"picked":"SKIP","floor":36.0},{"not_picked":["ats:Healing Strengthening+1","ats:Flexible Camouflage","ats:Sword Rain+1","ats:Defend Order","ats:Song Of Battle"],"picked":"SKIP","floor":39.0},{"not_picked":["ats:Cat Scratch","ats:Blood Oath","ats:Thorns+1","ats:Explosion Area Strengthen+1","ats:Chain Hook"],"picked":"SKIP","floor":41.0},{"not_picked":["ats:Leaping Hammer","ats:Powerful Strike","ats:Curse Doll","ats:Defend Order+1","ats:Apocalypse"],"picked":"SKIP","floor":45.0},{"not_picked":["ats:Ambush","ats:Encircling Forest","ats:Childhood Dance+1","ats:Shell Defense","ats:Flexible Camouflage+1"],"picked":"SKIP","floor":47.0},{"not_picked":["ats:Blood Oath+1","ats:Encircling Forest+1","ats:Shell Defense+1","ats:Mental Burst","ats:Leaping Hammer"],"picked":"SKIP","floor":48}],"player_experience":1237619,"relics_obtained":[{"floor":1.0,"key":"SynthV:TestCard"},{"floor":9.0,"key":"SSSystem"},{"floor":11.0,"key":"ats:Originium"},{"floor":11.0,"key":"Replay:Ringing Soul"},{"floor":14.0,"key":"ats:Originium"},{"floor":14.0,"key":"SynthV:C4"},{"floor":22.0,"key":"AT_ChloranthyRing"},{"floor":23.0,"key":"ats:Originium"},{"floor":23.0,"key":"Pocketwatch"},{"floor":26.0,"key":"Divine Protection"},{"floor":29.0,"key":"Dota2Spire:EyeOfSkadi"},{"floor":41.0,"key":"PreservedInsect"},{"floor":43.0,"key":"ThornShield"},{"floor":44.0,"key":"Ice Cream"},{"floor":47.0,"key":"Dota2Spire:BladeMail"}],"event_choices":[{"damage_healed":0.0,"max_hp_gain":0.0,"max_hp_loss":0.0,"gold_gain":0.0,"event_name":"Lab","player_choice":"Got Potions","floor":2.0,"gold_loss":0.0,"damage_taken":0.0},{"cards_removed":["ats:Strike V"],"damage_healed":0.0,"max_hp_gain":0.0,"max_hp_loss":0.0,"gold_gain":0.0,"event_name":"Back to Basics","player_choice":"Elegance","floor":24.0,"gold_loss":0.0,"damage_taken":0.0},{"damage_healed":0.0,"max_hp_gain":0.0,"max_hp_loss":0.0,"gold_gain":100.0,"event_name":"Golden Shrine","player_choice":"Pray","floor":30.0,"gold_loss":0.0,"damage_taken":0.0},{"damage_healed":0.0,"max_hp_gain":0.0,"max_hp_loss":6.0,"gold_gain":0.0,"event_name":"Winding Halls","player_choice":"Max HP","floor":37.0,"gold_loss":0.0,"damage_taken":0.0},{"damage_healed":0.0,"max_hp_gain":0.0,"max_hp_loss":0.0,"gold_gain":0.0,"event_name":"MindBloom","player_choice":"Fight","floor":44.0,"gold_loss":0.0,"damage_taken":0.0}],"is_beta":false,"boss_relics":[{"not_picked":["Runic Dome","aspiration:SilentSkillbook","MostiFishMod:Hod"]},{"not_picked":["Cursed Key","Ring of Chaos"],"picked":"Tiny House"}],"items_purged_floors":[8,28,40,42],"is_endless":false,"potions_floor_spawned":[1,3,11,16,18,20,36,45,48],"ascension_level":2}}