{"host":"grli52lbdph2722t","time":1610544171,"event":{"mods":["AchievementEnabler","BaseMod","Downfall","Minty Spire (QoL Compilation)","Quick Restart","StSLib"],"gold_per_floor":[0,12,27,327,602,615,641,661,686,235,253,280,280,315,326,326,326,326],"floor_reached":16,"language":"ENG","playtime":797,"items_purged":["Regret"],"score":162,"play_id":"9bd32bf2-6401-4dbc-bf95-7df48c107a5a","local_time":"20210113142251","is_ascension_mode":true,"campfire_choices":[{"data":"Guardian:CurlUp","floor":1.0,"key":"SMITH"},{"floor":13.0,"key":"REST"}],"circlet_count":0,"master_deck":["Guardian:Strike_Guardian+1","Guardian:Strike_Guardian","Guardian:Strike_Guardian","Guardian:Strike_Guardian+1","Guardian:Defend_Guardian","Guardian:Defend_Guardian","Guardian:Defend_Guardian","Guardian:Defend_Guardian","Guardian:CurlUp+1","Guardian:TwinSlam","Guardian:DonusPower","downfall:Icky","downfall:Icky","Guardian:ShieldSpikes","Guardian:PolyBeam","Guardian:Planning","Guardian:HyperBeam_Guardian","Guardian:FuturePlans","Guardian:BronzeOrb","Guardian:WalkerClaw","Guardian:DecasProtection","Guardian:Gem_White","Guardian:Gem_Purple"],"relics":["Guardian:ModeShifter","TungstenRod","Happy Flower","Dream Catcher","Whetstone","Odd Mushroom","Art of War"],"acts_visited":["Exordium"],"potions_floor_usage":[14,16,16],"damage_taken":[{"damage":6.0,"enemies":"2 Louse","floor":2.0,"turns":4.0},{"damage":11.0,"enemies":"Small Slimes","floor":3.0,"turns":4.0},{"damage":1.0,"enemies":"Cultist","floor":6.0,"turns":4.0},{"damage":11.0,"enemies":"Blue Slaver","floor":8.0,"turns":5.0},{"damage":14.0,"enemies":"3 Sentries","floor":9.0,"turns":7.0},{"damage":2.0,"enemies":"downfall:FleeingMerchant","floor":10.0,"turns":4.0},{"damage":0.0,"enemies":"3 Louse","floor":11.0,"turns":1.0},{"damage":4.0,"enemies":"The Mushroom Lair","floor":12.0,"turns":4.0},{"damage":15,"enemies":"Gremlin Nob","floor":14,"turns":3},{"damage":0,"enemies":"Large Slime","floor":15,"turns":4},{"damage":40,"enemies":"ArchetypeAct1Statuses","floor":16,"turns":8}],"seed_played":"-4694995161628765919","potions_obtained":[{"floor":2.0,"key":"PowerPotion"},{"floor":3.0,"key":"Guardian:AcceleratePotion"},{"floor":9.0,"key":"FearPotion"},{"floor":12.0,"key":"champ:CounterPotion"}],"is_trial":false,"path_per_floor":["R","M","M","?","?","M","T","M","E","$","M","?","R","E","M","B"],"character_chosen":"GUARDIAN","items_purchased":["Guardian:Gem_Yellow","Guardian:FuturePlans","Whetstone","Guardian:BronzeOrb"],"campfire_rested":1,"item_purchase_floors":[10,10,10,10],"current_hp_per_floor":[72,66,55,55,55,54,54,43,29,27,27,23,47,32,32,0,0,0],"gold":326,"neow_bonus":"ONE_RARE_RELIC","is_daily":false,"chose_seed":false,"campfire_upgraded":1,"win_rate":0.0,"timestamp":1610544171,"path_taken":["R","M","M","?","?","M","T","?","E","$","M","?","R","E","M","BOSS"],"items_purchased_type":["Card","Card","Relic","Card"],"build_version":"2020-12-22","purchased_purges":1,"victory":false,"max_hp_per_floor":[80,80,80,80,80,80,80,80,80,80,80,80,80,80,80,80,80,80],"card_choices":[{"not_picked":["Guardian:Emergency","Guardian:RollAttack"],"picked":"Guardian:DonusPower","floor":2.0},{"not_picked":["Guardian:GuardianWhirl","Guardian:BronzeArmor"],"picked":"Guardian:Gem_Fragmented","floor":3.0},{"not_picked":["Guardian:Incinerate","Guardian:DonusPower"],"picked":"Guardian:ShieldSpikes","floor":6.0},{"not_picked":["Guardian:CrystalBeam","Guardian:DonusPower"],"picked":"Guardian:PolyBeam","floor":8.0},{"not_picked":["Guardian:Emergency","Guardian:PrimingBeam"],"picked":"Guardian:Planning","floor":9.0},{"not_picked":["Guardian:Recover","Guardian:VentSteam"],"picked":"Guardian:HyperBeam_Guardian","floor":10.0},{"not_picked":["Guardian:RollAttack","Guardian:ChargeCore"],"picked":"Guardian:Gem_Cyan","floor":11.0},{"not_picked":["Guardian:Preprogram","Guardian:PrismaticBarrier"],"picked":"Guardian:WalkerClaw","floor":12.0},{"not_picked":["Guardian:ShieldSpikes","Guardian:Incinerate"],"picked":"Guardian:DecasProtection","floor":13.0},{"not_picked":["Guardian:VentSteam","Guardian:GuardianWhirl"],"picked":"Guardian:Gem_White","floor":14},{"not_picked":["Guardian:Gem_Green","Guardian:TemporalShield"],"picked":"Guardian:Gem_Purple","floor":15}],"player_experience":4977586,"relics_obtained":[{"floor":7.0,"key":"Happy Flower"},{"floor":9.0,"key":"Dream Catcher"},{"floor":12.0,"key":"Odd Mushroom"},{"floor":14,"key":"Art of War"}],"event_choices":[{"damage_healed":0.0,"max_hp_gain":0.0,"max_hp_loss":0.0,"gold_gain":0.0,"event_name":"Mushrooms","player_choice":"Fought Mushrooms","floor":12.0,"gold_loss":0.0,"damage_taken":0.0}],"is_beta":false,"boss_relics":[],"items_purged_floors":[10],"is_endless":false,"potions_floor_spawned":[2,3,9,12],"killed_by":"ArchetypeAct1Statuses","ascension_level":9}}