{"host":"dpbezu80jg8zk7un","time":1610526431,"event":{"mods":["BaseMod","Colored Map","Colored Powertips","Custom Start","DeckTracker","Minty Spire (QoL Compilation)","Quick Restart","StSLib","SuperFastMode"],"gold_per_floor":[116,116,41,116,139,182,203,203,203,243,168,168,168],"floor_reached":12,"language":"KOR","playtime":240,"items_purged":["Strike_R"],"score":222,"play_id":"34cc8094-b9aa-4146-9be5-cc232263a41d","local_time":"20210113172711","is_ascension_mode":true,"campfire_choices":[],"circlet_count":0,"master_deck":["AscendersBane","Strike_R","Strike_R","Strike_R","Defend_R","Defend_R","Defend_R","Defend_R","Bash","Battle Trance","Disarm","Armaments","Reckless Charge","Body Slam"],"relics":["Burning Blood","NeowsBlessing","Golden Idol","White Beast Statue","Omamori","Matryoshka","Sundial"],"acts_visited":["Exordium"],"potions_floor_usage":[12,12],"damage_taken":[{"damage":0.0,"enemies":"Small Slimes","floor":1.0,"turns":1.0},{"damage":0.0,"enemies":"Jaw Worm","floor":5.0,"turns":1.0},{"damage":0.0,"enemies":"Gremlin Nob","floor":6.0,"turns":1.0},{"damage":3.0,"enemies":"2 Louse","floor":7.0,"turns":5.0},{"damage":37.0,"enemies":"3 Sentries","floor":10.0,"turns":14.0},{"damage":47,"enemies":"Gremlin Nob","floor":12,"turns":4}],"seed_played":"1260508315994763152","potions_obtained":[{"floor":1.0,"key":"Ancient Potion"},{"floor":5.0,"key":"Fire Potion"},{"floor":10.0,"key":"GamblersBrew"}],"is_trial":false,"path_per_floor":["M","?","?","?","M","E","M","T","T","E","$","E"],"character_chosen":"IRONCLAD","items_purchased":[],"campfire_rested":0,"item_purchase_floors":[],"current_hp_per_floor":[74,68,68,57,63,68,68,68,68,37,37,0,0],"gold":168,"neow_bonus":"THREE_ENEMY_KILL","is_daily":false,"chose_seed":false,"campfire_upgraded":0,"win_rate":0.0,"timestamp":1610526431,"path_taken":["M","?","?","?","?","E","M","?","T","E","?","E"],"items_purchased_type":[],"build_version":"2020-12-22","purchased_purges":1,"victory":false,"max_hp_per_floor":[75,68,68,68,68,68,68,68,68,68,68,68,68],"card_choices":[{"not_picked":["Combust","Ghostly Armor"],"picked":"Battle Trance","floor":1.0},{"not_picked":["Bloodletting","Burning Pact"],"picked":"Disarm","floor":5.0},{"not_picked":["Infernal Blade","Reaper"],"picked":"Armaments","floor":6.0},{"not_picked":["Heavy Blade","Sword Boomerang"],"picked":"Reckless Charge","floor":7.0},{"not_picked":["Feel No Pain","Sever Soul"],"picked":"Body Slam","floor":10.0}],"player_experience":2874441,"relics_obtained":[{"floor":6.0,"key":"White Beast Statue"},{"floor":8.0,"key":"Omamori"},{"floor":9.0,"key":"Matryoshka"},{"floor":10.0,"key":"Sundial"}],"event_choices":[{"damage_healed":0.0,"max_hp_gain":0.0,"max_hp_loss":7.0,"gold_gain":0.0,"event_name":"Golden Idol","player_choice":"Lose Max HP","floor":2.0,"gold_loss":0.0,"damage_taken":0.0,"relics_obtained":["Golden Idol"]},{"cards_removed":["Strike_R"],"damage_healed":0.0,"max_hp_gain":0.0,"max_hp_loss":0.0,"gold_gain":0.0,"event_name":"The Cleric","player_choice":"Card Removal","floor":3.0,"gold_loss":75.0,"damage_taken":0.0},{"damage_healed":0.0,"max_hp_gain":0.0,"max_hp_loss":0.0,"gold_gain":75.0,"event_name":"World of Goop","player_choice":"Gather Gold","floor":4.0,"gold_loss":0.0,"damage_taken":11.0}],"is_beta":false,"boss_relics":[],"items_purged_floors":[11],"is_endless":false,"potions_floor_spawned":[1,5,7,10],"killed_by":"Gremlin Nob","ascension_level":20}}