{"host":"78azdv0oxplymbah","time":1610552575,"event":{"mods":["Act Like it!","Arknights The Spire","BaseMod","BetterRewards","DeckTracker","Gensokyo","Hallownest","Highlight Path","KinomotoSakuraMod(ƒæ÷Æ±æ”£)","Marisa£®ÏF”Í°°ƒß¿Ì…≥£©","Minty Spire (QoL Compilation)","MostiFishMod","Quick Restart","Reimu£®≤©¿ˆ¡È√Œ£©","Relic Stats","Remove Card Discount Mod","Replay The Spire","Spicy Shops","StSLib","Td1madao Mod","The Marked","The Servant 0.9.4","Youmu£®ªÍ∆«—˝√Œ£©","°æπ¶ƒ‹Mod°øªÏ„Á÷Æª∑–ﬁ∏¥≤π∂°","°æ“≈ŒÔø®≈∆°øREMEMod"],"gold_per_floor":[129,171,201,252,8,125,232,326,396,86,186,283,391,475,475,781,781,824,883,127,172,208,316,12,103,103,198,279,380,423,523,523,829,829,874,31,72,140,200,288,354,436,436,518,2,91,161,265,265,271],"floor_reached":51,"language":"ZHS","playtime":1558,"items_purged":["Demon Form","Wraith Form v2","REME_FirmDetermination","REME_FirmDetermination","REME_FirmDetermination","Madness","Madness","Madness","Storm","Replay:Sssssssssshield","Replay:Sssssssssshield","Replay:Sssssssssshield","DevaForm","FlawlessForm","Dramatic Entrance","Dramatic Entrance","Dramatic Entrance","BasicCrystalCard","Shame","Shame","Shame","FIFO Queue+1","FIFO Queue+1","FIFO Queue+1"],"score":1900,"play_id":"13f937bc-1c6b-47b8-9b6b-e9d8507fe125","local_time":"20210113234255","daily_mods":["Hoarder","Vintage","ControlledChaos","Allstar","Heirloom","Time Dilation","Flight","Elite Swarm","Midas"],"is_ascension_mode":false,"campfire_choices":[{"floor":15,"key":"REST"},{"floor":32,"key":"DIG"},{"floor":49,"key":"DIG"}],"circlet_count":0,"master_deck":["Echo Form","Mind Blast+1","Mind Blast+1","Mind Blast+1","BasicCrystalCard","BasicCrystalCard","MostiFishMod:InterfaceCompatibility","MostiFishMod:InterfaceCompatibility","MostiFishMod:InterfaceCompatibility","Meteor Strike","Meteor Strike","Meteor Strike","Seek","Seek","Seek","MostiFishMod:SeaWaves","MostiFishMod:SeaWaves","MostiFishMod:SeaWaves","MostiFishMod:StarOceanB","MostiFishMod:StarOceanB","MostiFishMod:StarOceanB","MostiFishMod:DawningShadow","MostiFishMod:DawningShadow","MostiFishMod:DawningShadow","MostiFishMod:ATRI","MostiFishMod:ATRI","MostiFishMod:ATRI","Stack","Stack+1","Stack","Heatsinks+1","Heatsinks+1","Heatsinks+1","Decay","Decay","Decay","Mind Blast+1","Mind Blast+1","Mind Blast+1","Capacitor","Capacitor","Capacitor","ReplayTheSpireMod:Omega Cannon","ReplayTheSpireMod:Omega Cannon","ReplayTheSpireMod:Omega Cannon","White Noise","White Noise","White Noise","BasicCrystalCard+1","BasicCrystalCard+1","BasicCrystalCard+1","Hello World","Hello World","Hello World","Redo","Redo","Redo","MostiFishMod:ReadyAimFire","MostiFishMod:ReadyAimFire","MostiFishMod:ReadyAimFire","MostiFishMod:JungleRules","MostiFishMod:JungleRules","MostiFishMod:JungleRules","REME_SelfUpgrade","REME_SelfUpgrade","REME_SelfUpgrade","MostiFishMod:ReadyAimFire","MostiFishMod:ReadyAimFire+1","MostiFishMod:ReadyAimFire","Creative AI","Creative AI","Creative AI","MostiFishMod:ActiveDefenseSystem","MostiFishMod:ActiveDefenseSystem","MostiFishMod:ActiveDefenseSystem","Meteor Strike","Meteor Strike","Meteor Strike","Consume","Consume","Consume","ReplayTheSpireMod:GoodbyeWorld","ReplayTheSpireMod:GoodbyeWorld","ReplayTheSpireMod:GoodbyeWorld","Buffer","Buffer","Buffer","Buffer","Buffer","Buffer","Ball Lightning","Ball Lightning+1","Ball Lightning","Compile Driver+1","Compile Driver+1","Compile Driver+1","Steam","Steam","Steam","Rebound","Rebound","Rebound","Rebound","Rebound","Rebound","Gash+1","Gash","Gash","Conserve Battery+1","Conserve Battery+1","Conserve Battery+1","ReplayTheSpireMod:GoodbyeWorld","ReplayTheSpireMod:GoodbyeWorld","ReplayTheSpireMod:GoodbyeWorld","MostiFishMod:Mottled","MostiFishMod:Mottled","MostiFishMod:Mottled","MostiFishMod:Culaccino+1","MostiFishMod:Culaccino+1","MostiFishMod:Culaccino+1","Conserve Battery+1","Conserve Battery+1","Conserve Battery+1","Buffer","Buffer","Buffer","Loop+1","Loop+1","Loop+1","Steam+1","Steam+1","Steam+1","REME_SelfUpgrade","REME_SelfUpgrade","REME_SelfUpgrade","Creative AI","Creative AI","Creative AI","Capacitor+1","Capacitor+1","Capacitor+1","MostiFishMod:TalkingToTheRain","MostiFishMod:TalkingToTheRain","MostiFishMod:TalkingToTheRain","ReplayTheSpireMod:Fabricate Wheel+1","ReplayTheSpireMod:Fabricate Wheel+1","ReplayTheSpireMod:Fabricate Wheel+1","MostiFishMod:PushDownKick","MostiFishMod:PushDownKick","MostiFishMod:PushDownKick","Stack+1","Stack+1","Stack+1","Stack+1","Stack+1","Stack+1","Metamorphosis+1","Metamorphosis+1","Metamorphosis+1","REME_PuzzleBox+1","REME_PuzzleBox+1","REME_PuzzleBox+1","Mind Blast+1","Mind Blast+1","Mind Blast+1","MostiFishMod:ActiveDefenseSystem","MostiFishMod:ActiveDefenseSystem","MostiFishMod:ActiveDefenseSystem","Turbo+1","Turbo+1","Turbo+1","MostiFishMod:PushDownKick","MostiFishMod:PushDownKick","MostiFishMod:PushDownKick","MostiFishMod:ReadyAimFire+1","MostiFishMod:ReadyAimFire+1","MostiFishMod:ReadyAimFire+1"],"relics":["Unceasing Top","DaveBox","Ring of Chaos","replay:Trail_Library","REME_ComplimentaryCards","NightmareShop","SentryEyes","Bag of Preparation","SynthV:TestCard","Bird Faced Urn","Ice Cream","Lantern","Replay:Bandana","Torii","Onion Ring","DaCapo","Mirror","Membership Card","Medical Kit","Potion Belt","Replay:Mystery Machine","OriginationStaff","Prayer Wheel","Prayer Wheel","Du-Vu Doll","REME_HandOfSuture","RhineFirstAidKit","Iron Hammer","Blood Vial","REME_HourglassOfDeath","Geode","DollysMirror","Regal Pillow","Tiny Chest","MetatronsCube","Prayer Wheel","ReplayFunnel","Divine Protection","Akabeko","Replay:Multitool","Shovel","Runic Capacitor","Sling","Blue Doll","War Paint","Replay:Baseball","Matryoshka","StrikeDummy","Question Card","ImprovedEquipment","Honey Jar","Omamori","BirthdayGift-Tetrahedron","ThornShield","Dream Catcher","ReplayTheSpireMod:TigerMarble","Replay:Frozen Program","Juzu Bracelet","Toxic Egg 2","Pen Nib","Toy Ornithopter","Bag of Marbles","Singing Bowl","ReplayTheSpireMod:Ninjato","RuthlessExorcism:ReiMu","Orichalcum","Replay:Bottled Eggs","PreservedInsect","Centennial Puzzle","Replay:WaspNest","ReplayTheSpireMod:ShopPack","MostiFishMod:AdaptiveDefenses","Oddly Smooth Stone","Blue Candle","HornCleat","Happy Flower","Whetstone"],"acts_visited":["Exordium","TheCity","TheBeyond"],"potions_floor_usage":[],"damage_taken":[{"damage":0,"enemies":"2 Louse","floor":1,"turns":1},{"damage":0,"enemies":"Jaw Worm","floor":2,"turns":1},{"damage":0,"enemies":"Small Slimes","floor":3,"turns":1},{"damage":0,"enemies":"Looter","floor":4,"turns":1},{"damage":0,"enemies":"Lagavulin","floor":6,"turns":2},{"damage":0,"enemies":"3 Sentries","floor":7,"turns":2},{"damage":0,"enemies":"Lagavulin","floor":8,"turns":2},{"damage":9,"enemies":"3 Sentries","floor":11,"turns":2},{"damage":0,"enemies":"Gremlin Nob","floor":12,"turns":2},{"damage":34,"enemies":"Lagavulin","floor":13,"turns":4},{"damage":0,"enemies":"3 Sentries","floor":14,"turns":1},{"damage":0,"enemies":"Slime Boss","floor":16,"turns":1},{"damage":0,"enemies":"Shell Parasite","floor":18,"turns":1},{"damage":0,"enemies":"2 Thieves","floor":19,"turns":1},{"damage":0,"enemies":"3 Cultists","floor":21,"turns":1},{"damage":0,"enemies":"Chosen and Byrds","floor":22,"turns":1},{"damage":0,"enemies":"Book of Stabbing","floor":23,"turns":1},{"damage":0,"enemies":"Replay:Snechameleon","floor":25,"turns":1},{"damage":0,"enemies":"Gremlin Leader","floor":27,"turns":1},{"damage":0,"enemies":"Slavers","floor":28,"turns":1},{"damage":0,"enemies":"Gremlin Leader","floor":29,"turns":1},{"damage":0,"enemies":"Snecko","floor":30,"turns":1},{"damage":0,"enemies":"Book of Stabbing","floor":31,"turns":1},{"damage":0,"enemies":"Collector","floor":33,"turns":1},{"damage":0,"enemies":"3 Darklings","floor":35,"turns":1},{"damage":0,"enemies":"Orb Walker","floor":37,"turns":1},{"damage":0,"enemies":"4 Shapes","floor":38,"turns":1},{"damage":0,"enemies":"Jaw Worm Horde","floor":39,"turns":1},{"damage":0,"enemies":"Nemesis","floor":40,"turns":1},{"damage":0,"enemies":"Sphere and 2 Shapes","floor":41,"turns":1},{"damage":0,"enemies":"R_Hoarder","floor":42,"turns":1},{"damage":0,"enemies":"Giant Head","floor":44,"turns":1},{"damage":0,"enemies":"R_Hoarder","floor":46,"turns":1},{"damage":0,"enemies":"Writhing Mass","floor":47,"turns":1},{"damage":0,"enemies":"Nemesis","floor":48,"turns":1},{"damage":0,"enemies":"Replay:Hell Engine","floor":50,"turns":1}],"seed_played":"-7438274787199294007","potions_obtained":[{"floor":3,"key":"Weak Potion"},{"floor":4,"key":"EssenceOfDarkness"},{"floor":8,"key":"SkillPotion"},{"floor":11,"key":"SteroidPotion"},{"floor":12,"key":"SteroidPotion"},{"floor":35,"key":"Regen Potion"},{"floor":38,"key":"REME_GoldPotion"},{"floor":41,"key":"Elixir"},{"floor":42,"key":"Energy Potion"},{"floor":46,"key":"FearPotion"}],"is_trial":true,"path_per_floor":["M","M","M","M","$","E","E","E","T","$","E","E","E","E","R","B",null,"M","M","$","M","M","E","$","E","T","E","E","E","M","E","R","B",null,"M","$","M","M","M","E","M","E","T","E","$","E","M","E","R","B",null],"character_chosen":"DEFECT","items_purchased":["BasicCrystalCard","Replay:Bandana","Membership Card","Medical Kit","Potion Belt","REME_HourglassOfDeath","Geode","DollysMirror","Regal Pillow","Tiny Chest","MetatronsCube","Capacitor","Replay:Multitool","MostiFishMod:JungleRules","REME_SelfUpgrade","Shovel","Runic Capacitor","Sling","Steam","BirthdayGift-Tetrahedron","ThornShield","Dream Catcher","ReplayTheSpireMod:TigerMarble","Replay:Frozen Program","Rebound","Gash","Conserve Battery+1","ReplayTheSpireMod:GoodbyeWorld","Juzu Bracelet","MostiFishMod:Mottled","PreservedInsect","Centennial Puzzle","Replay:WaspNest","ReplayTheSpireMod:ShopPack","MostiFishMod:AdaptiveDefenses","Oddly Smooth Stone","MostiFishMod:PushDownKick","Stack+1"],"campfire_rested":1,"item_purchase_floors":[5,5,10,10,10,20,20,20,20,20,20,20,24,24,24,24,24,24,36,36,36,36,36,36,36,36,36,36,36,36,45,45,45,45,45,45,45,45],"current_hp_per_floor":[75,75,75,75,75,75,75,75,75,75,66,66,38,38,60,60,75,75,75,75,75,75,75,75,75,75,75,75,75,75,75,75,75,75,75,75,75,75,75,75,75,75,75,75,75,75,75,75,75,75],"gold":271,"neow_bonus":"","is_daily":false,"chose_seed":false,"campfire_upgraded":0,"win_rate":0.0,"timestamp":1610552575,"path_taken":["M","M","M","M","$","E","E","E","T","$","E","E","E","E","R","BOSS","M","M","$","M","M","E","$","E","T","E","E","E","M","E","R","BOSS","M","$","M","M","M","E","M","E","T","E","$","E","M","E","R","BOSS"],"items_purchased_type":["Card","Relic","Relic","Relic","Relic","Relic","Relic","Relic","Relic","Relic","Relic","Card","Relic","Card","Card","Relic","Relic","Relic","Card","Relic","Relic","Relic","Relic","Relic","Card","Card","Card","Card","Relic","Card","Relic","Relic","Relic","Relic","Relic","Relic","Card","Card"],"build_version":"2020-12-22","purchased_purges":24,"victory":true,"max_hp_per_floor":[75,75,75,75,75,75,75,75,75,75,75,75,75,75,75,75,75,75,75,75,75,75,75,75,75,75,75,75,75,75,75,75,75,75,75,75,75,75,75,75,75,75,75,75,75,75,75,75,75,75],"relic_stats":{"Regal Pillow":0,"Torii":0,"Singing Bowl":0,"Bag of Preparation":[64],"Juzu Bracelet":0,"Whetstone":["Ball Lightning","Gash"],"Blood Vial":0,"Dream Catcher":0,"Centennial Puzzle":[0],"Shovel":2,"Prayer Wheel":0,"Tiny Chest":0,"Happy Flower":[0],"counters":[36,39],"Blue Candle":[0],"Pen Nib":[2],"PreservedInsect":122,"War Paint":["MostiFishMod:ReadyAimFire","Stack"],"Orichalcum":[0],"Medical Kit":[0],"Question Card":22,"Bird Faced Urn":[6],"obtain_stats":[{"Ice Cream":3,"Divine Protection":22,"MostiFishMod:AdaptiveDefenses":45,"Runic Capacitor":24,"Whetstone":49,"Sling":24,"Blood Vial":19,"Centennial Puzzle":45,"RhineFirstAidKit":17,"Replay:Frozen Program":36,"HornCleat":47,"DollysMirror":20,"Honey Jar":34,"Prayer Wheel":13,"Iron Hammer":18,"DaCapo":8,"Toxic Egg 2":37,"replay:Trail_Library":0,"Happy Flower":48,"Blue Candle":46,"Oddly Smooth Stone":45,"Ring of Chaos":0,"Pen Nib":38,"War Paint":27,"Question Card":31,"Akabeko":23,"Du-Vu Doll":13,"Replay:Baseball":28,"REME_HourglassOfDeath":20,"Bird Faced Urn":2,"SentryEyes":0,"Onion Ring":7,"OriginationStaff":12,"ReplayTheSpireMod:TigerMarble":36,"Mirror":9,"StrikeDummy":30,"Unceasing Top":0,"MetatronsCube":20,"ReplayFunnel":21,"Lantern":4,"Regal Pillow":20,"DaveBox":0,"Torii":6,"Singing Bowl":41,"Blue Doll":25,"Bag of Preparation":1,"Replay:Multitool":24,"Juzu Bracelet":36,"Replay:Mystery Machine":11,"Replay:Bandana":5,"Dream Catcher":36,"Shovel":24,"Matryoshka":29,"NightmareShop":0,"Tiny Chest":20,"Replay:Bottled Eggs":44,"BirthdayGift-Tetrahedron":36,"Potion Belt":10,"ReplayTheSpireMod:Ninjato":42,"ImprovedEquipment":32,"PreservedInsect":45,"Replay:WaspNest":45,"Geode":20,"Omamori":35,"Orichalcum":43,"Medical Kit":10,"ThornShield":36,"SynthV:TestCard":1,"REME_HandOfSuture":14,"Bag of Marbles":40,"Membership Card":10,"Toy Ornithopter":39,"REME_ComplimentaryCards":0,"RuthlessExorcism:ReiMu":43,"ReplayTheSpireMod:ShopPack":45},{"Ice Cream":3,"Divine Protection":16,"MostiFishMod:AdaptiveDefenses":32,"Runic Capacitor":17,"Whetstone":35,"Sling":17,"Blood Vial":14,"Centennial Puzzle":32,"RhineFirstAidKit":12,"Replay:Frozen Program":25,"HornCleat":34,"DollysMirror":14,"Honey Jar":24,"Prayer Wheel":10,"Iron Hammer":13,"DaCapo":7,"Toxic Egg 2":26,"replay:Trail_Library":0,"Happy Flower":35,"Blue Candle":33,"Oddly Smooth Stone":32,"Ring of Chaos":0,"Pen Nib":27,"War Paint":19,"Question Card":23,"Akabeko":17,"Du-Vu Doll":10,"Replay:Baseball":20,"REME_HourglassOfDeath":14,"Bird Faced Urn":2,"SentryEyes":0,"Onion Ring":6,"OriginationStaff":9,"ReplayTheSpireMod:TigerMarble":25,"Mirror":7,"StrikeDummy":22,"Unceasing Top":0,"MetatronsCube":14,"ReplayFunnel":15,"Lantern":4,"Regal Pillow":14,"DaveBox":0,"Torii":5,"Singing Bowl":30,"Blue Doll":18,"Bag of Preparation":1,"Replay:Multitool":17,"Juzu Bracelet":25,"Replay:Mystery Machine":8,"Replay:Bandana":4,"Dream Catcher":25,"Shovel":17,"Matryoshka":21,"NightmareShop":0,"Tiny Chest":14,"Replay:Bottled Eggs":32,"BirthdayGift-Tetrahedron":25,"Potion Belt":7,"ReplayTheSpireMod:Ninjato":31,"ImprovedEquipment":23,"PreservedInsect":32,"Replay:WaspNest":32,"Geode":14,"Omamori":25,"Orichalcum":31,"Medical Kit":7,"ThornShield":25,"SynthV:TestCard":1,"REME_HandOfSuture":11,"Bag of Marbles":29,"Membership Card":7,"Toy Ornithopter":28,"REME_ComplimentaryCards":0,"RuthlessExorcism:ReiMu":31,"ReplayTheSpireMod:ShopPack":32},{"Ice Cream":3,"Divine Protection":19,"MostiFishMod:AdaptiveDefenses":35,"Runic Capacitor":20,"Whetstone":38,"Sling":20,"Blood Vial":17,"Centennial Puzzle":35,"RhineFirstAidKit":15,"Replay:Frozen Program":28,"HornCleat":37,"DollysMirror":17,"Honey Jar":27,"Prayer Wheel":10,"Iron Hammer":16,"DaCapo":7,"Toxic Egg 2":29,"replay:Trail_Library":0,"Happy Flower":38,"Blue Candle":36,"Oddly Smooth Stone":35,"Ring of Chaos":0,"Pen Nib":30,"War Paint":22,"Question Card":26,"Akabeko":20,"Du-Vu Doll":13,"Replay:Baseball":23,"REME_HourglassOfDeath":17,"Bird Faced Urn":2,"SentryEyes":0,"Onion Ring":6,"OriginationStaff":9,"ReplayTheSpireMod:TigerMarble":28,"Mirror":7,"StrikeDummy":25,"Unceasing Top":0,"MetatronsCube":17,"ReplayFunnel":18,"Lantern":4,"Regal Pillow":17,"DaveBox":0,"Torii":5,"Singing Bowl":33,"Blue Doll":21,"Bag of Preparation":1,"Replay:Multitool":20,"Juzu Bracelet":28,"Replay:Mystery Machine":8,"Replay:Bandana":4,"Dream Catcher":28,"Shovel":20,"Matryoshka":24,"NightmareShop":0,"Tiny Chest":17,"Replay:Bottled Eggs":35,"BirthdayGift-Tetrahedron":28,"Potion Belt":7,"ReplayTheSpireMod:Ninjato":34,"ImprovedEquipment":26,"PreservedInsect":35,"Replay:WaspNest":35,"Geode":17,"Omamori":28,"Orichalcum":34,"Medical Kit":7,"ThornShield":28,"SynthV:TestCard":1,"REME_HandOfSuture":14,"Bag of Marbles":32,"Membership Card":7,"Toy Ornithopter":31,"REME_ComplimentaryCards":0,"RuthlessExorcism:ReiMu":34,"ReplayTheSpireMod:ShopPack":35}],"Unceasing Top":[0],"Toy Ornithopter":0},"card_choices":[{"not_picked":["MostiFishMod:Distribution","MostiFishMod:ActiveDefenseSystem","MostiFishMod:Tomorrow","ReplayRNGCard"],"picked":"ReplayTheSpireMod:Fabricate Wheel","floor":6},{"not_picked":["MostiFishMod:Culaccino","Multi-Cast","Machine Learning","ReplayTheSpireMod:Omega Cannon"],"picked":"MostiFishMod:InterfaceCompatibility","floor":7},{"not_picked":["MostiFishMod:Culaccino","MostiFishMod:Nova","MostiFishMod:InterfaceCompatibility","Multi-Cast"],"picked":"Meteor Strike","floor":8},{"not_picked":["MostiFishMod:Prepare","Biased Cognition","MostiFishMod:Hijack","ReplayTheSpireMod:Fabricate Wheel"],"picked":"Seek","floor":11},{"not_picked":["MostiFishMod:InterfaceCompatibility","ReplayTheSpireMod:Fabricate Wheel","Fission","MostiFishMod:GoodWordForIt"],"picked":"MostiFishMod:SeaWaves","floor":12},{"not_picked":["Core Surge","Echo Form","MostiFishMod:InterfaceCompatibility","MostiFishMod:GoodWordForIt"],"picked":"MostiFishMod:StarOceanB","floor":13},{"not_picked":["MostiFishMod:IntelligentEquipment","Multi-Cast","MostiFishMod:Distribution","Echo Form"],"picked":"MostiFishMod:DawningShadow","floor":14},{"not_picked":["MostiFishMod:Culaccino","MostiFishMod:Exploitation","MostiFishMod:Distribution","MostiFishMod:SeaWaves"],"picked":"MostiFishMod:ATRI","floor":16},{"not_picked":["Gash","Beam Cell","Steam","Rip and Tear"],"picked":"Stack","floor":18},{"not_picked":["Leap","Cold Snap+1","MostiFishMod:ReprogramOld","Auto Shields+1"],"picked":"Heatsinks+1","floor":19},{"not_picked":["Leap","Go for the Eyes","Stack+1","Barrage"],"picked":"White Noise","floor":21},{"not_picked":["Amplify","Compile Driver+1","Auto Shields","Leap"],"picked":"BasicCrystalCard+1","floor":21},{"not_picked":["Redo","Hologram+1","Cold Snap","Ball Lightning+1"],"picked":"Hello World","floor":22},{"not_picked":["Scrape","Sweeping Beam+1","FTL","Turbo"],"picked":"Redo","floor":22},{"not_picked":["MostiFishMod:ActiveDefenseSystem","MostiFishMod:TalkingToTheRain","MostiFishMod:StarOceanB","ReplayRNGCard"],"picked":"MostiFishMod:ReadyAimFire","floor":23},{"not_picked":["MostiFishMod:SeaWaves","MostiFishMod:Culaccino","Meteor Strike","Thunder Strike"],"picked":"MostiFishMod:ReadyAimFire","floor":25},{"not_picked":["MostiFishMod:Hijack","MostiFishMod:DeathFromBelow","REME_Shoggoth","Rainbow"],"picked":"Creative AI","floor":27},{"not_picked":["Multi-Cast","ReplayRNGCard","Rainbow","Amplify"],"picked":"MostiFishMod:ActiveDefenseSystem","floor":28},{"not_picked":["Fission","MostiFishMod:Nova","Seek","REME_Shoggoth"],"picked":"Meteor Strike","floor":29},{"not_picked":["Beam Cell","Melter","Streamline+1","REME_Whirling+1"],"picked":"Consume","floor":30},{"not_picked":["Stack","MostiFishMod:PushDownKick","Compile Driver","ReplayTheSpireMod:System Scan"],"picked":"ReplayTheSpireMod:GoodbyeWorld","floor":30},{"not_picked":["MostiFishMod:DawningShadow","MostiFishMod:Tomorrow","Fission","MostiFishMod:DeathFromBelow"],"picked":"Buffer","floor":31},{"not_picked":["MostiFishMod:Overload","MostiFishMod:IntelligentEquipment","MostiFishMod:Distribution","MostiFishMod:DawningShadow","REME_Shoggoth"],"picked":"Buffer","floor":33},{"not_picked":["Rebound+1","MostiFishMod:PushDownKick","Darkness","Undo+1","Streamline","Hologram+1"],"picked":"Ball Lightning","floor":35},{"not_picked":["Streamline+1","Coolheaded+1","Conserve Battery","Darkness+1","Ball Lightning+1","Barrage+1"],"picked":"Compile Driver+1","floor":35},{"not_picked":["Hologram+1","Blizzard","Ball Lightning+1","Leap+1","Redo+1","Auto Shields+1"],"picked":"MostiFishMod:Culaccino+1","floor":37},{"not_picked":["Beam Cell+1","Ball Lightning+1","Leap+1","MostiFishMod:PushDownKick+1","Barrage+1","Compile Driver+1"],"picked":"Conserve Battery+1","floor":37},{"not_picked":["Force Field+1","Redo+1","Compile Driver+1","Conserve Battery+1","Streamline","Stack+1"],"picked":"Buffer","floor":38},{"not_picked":["Sunder+1","Leap+1","Stack+1","MostiFishMod:FluxCapactior+1","Double Energy+1","MostiFishMod:LinkProtocol+1"],"picked":"Loop+1","floor":38},{"not_picked":["Ball Lightning","Sweeping Beam+1","REME_DataAnalysis+1","Turbo+1","FTL","Fusion+1"],"picked":"Steam+1","floor":39},{"not_picked":["Panic Button+1","Conserve Battery+1","BasicCrystalCard+1","MostiFishMod:Overload+1","Leap+1","Turbo+1"],"picked":"REME_SelfUpgrade","floor":39},{"not_picked":["Rainbow+1","MostiFishMod:Exploitation+1","REME_Shoggoth","MostiFishMod:ActiveDefenseSystem","Reboot+1","MostiFishMod:StarOceanB+1"],"picked":"Creative AI","floor":40},{"not_picked":["Turbo+1","Barrage+1","Compile Driver+1","Crystallizer","Coolheaded+1","Rip and Tear"],"picked":"Capacitor+1","floor":41},{"not_picked":["Turbo+1","Conserve Battery+1","Stack+1","Hologram+1","Redo+1","Coolheaded+1"],"picked":"FIFO Queue+1","floor":41},{"not_picked":["MostiFishMod:InterfaceCompatibility","MostiFishMod:Hijack+1","All For One","Core Surge","MostiFishMod:Exploitation+1","MostiFishMod:IceShield+1"],"picked":"MostiFishMod:TalkingToTheRain","floor":42},{"not_picked":["ReplayRNGCard+1","MostiFishMod:DeathFromBelow","MostiFishMod:Exploitation+1","MostiFishMod:StarOceanB+1","Electrodynamics","Thunder Strike"],"picked":"ReplayTheSpireMod:Fabricate Wheel+1","floor":44},{"not_picked":["Thinking Ahead","REME_HeartOfCthun","Apotheosis","Sadistic Nature","Crow Ritual","REME_EyeOfCthun"],"picked":"Metamorphosis","floor":45},{"not_picked":["Apotheosis","Dark Shackles","REME_Flogging","REME_BodyOfCthun","REME_HeartOfCthun","ReplayTheSpireMod:Uncanny Aura"],"picked":"REME_PuzzleBox","floor":45},{"not_picked":["Enlightenment","REME_FirmDetermination","REME_BuildACard","MostiFishMod:ElfcollectionBox","MostiFishMod:PerfectForm","MostiFishMod:Galeforce"],"picked":"Mind Blast","floor":45},{"not_picked":["MostiFishMod:StarOceanB+1","MostiFishMod:ATRI+1","MostiFishMod:GoodWordForIt","ReplayTheSpireMod:Fabricate Wheel+1","MostiFishMod:ReadyAimFire+1","Rainbow+1"],"picked":"MostiFishMod:ActiveDefenseSystem","floor":46},{"not_picked":["Stack+1","Aggregate+1","Ball Lightning+1","Hello World+1","Sweeping Beam+1","Rebound"],"picked":"Turbo+1","floor":47},{"not_picked":["Ball Lightning+1","Conserve Battery+1","Aggregate+1","Loop+1","Stack+1","MostiFishMod:ReadyAimFire+1"],"picked":"MostiFishMod:PushDownKick","floor":47},{"not_picked":["MostiFishMod:Exploitation+1","Creative AI","MostiFishMod:Hijack+1","Core Surge","Machine Learning","MostiFishMod:TalkingToTheRain"],"picked":"MostiFishMod:ReadyAimFire+1","floor":48}],"player_experience":20783,"relics_obtained":[{"floor":1,"key":"Bag of Preparation"},{"floor":1,"key":"SynthV:TestCard"},{"floor":2,"key":"Bird Faced Urn"},{"floor":3,"key":"Ice Cream"},{"floor":4,"key":"Lantern"},{"floor":6,"key":"Torii"},{"floor":7,"key":"Onion Ring"},{"floor":8,"key":"DaCapo"},{"floor":9,"key":"Mirror"},{"floor":11,"key":"Replay:Mystery Machine"},{"floor":12,"key":"OriginationStaff"},{"floor":13,"key":"Du-Vu Doll"},{"floor":14,"key":"REME_HandOfSuture"},{"floor":18,"key":"Iron Hammer"},{"floor":19,"key":"Blood Vial"},{"floor":21,"key":"ReplayFunnel"},{"floor":22,"key":"Divine Protection"},{"floor":23,"key":"Akabeko"},{"floor":25,"key":"Blue Doll"},{"floor":27,"key":"War Paint"},{"floor":28,"key":"Replay:Baseball"},{"floor":29,"key":"Matryoshka"},{"floor":30,"key":"StrikeDummy"},{"floor":31,"key":"Question Card"},{"floor":32,"key":"ImprovedEquipment"},{"floor":35,"key":"Omamori"},{"floor":37,"key":"Toxic Egg 2"},{"floor":38,"key":"Pen Nib"},{"floor":39,"key":"Toy Ornithopter"},{"floor":40,"key":"Bag of Marbles"},{"floor":41,"key":"Singing Bowl"},{"floor":42,"key":"ReplayTheSpireMod:Ninjato"},{"floor":43,"key":"RuthlessExorcism:ReiMu"},{"floor":43,"key":"Orichalcum"},{"floor":44,"key":"Replay:Bottled Eggs"},{"floor":46,"key":"Blue Candle"},{"floor":47,"key":"HornCleat"},{"floor":48,"key":"Happy Flower"},{"floor":49,"key":"Whetstone"}],"event_choices":[],"is_beta":false,"boss_relics":[{"not_picked":["FrostBlade","EE1DDrone"],"picked":"RhineFirstAidKit"},{"not_picked":["Replay:Wanted Poster","Philosopher\u0027s Stone"],"picked":"Honey Jar"}],"items_purged_floors":[5,5,5,5,5,5,5,5,10,10,10,10,10,20,20,20,20,20,36,36,36,45,45,45],"is_endless":false,"potions_floor_spawned":[3,4,8,11,12,16,18,19,21,23,27,30,35,38,41,42,46],"ascension_level":0}}