{"host":"poshtwjux72eqzmy","time":1610507613,"event":{"mods":["BaseMod","Bestiary","Block Reminder","Downfall","Highlight Path","Minty Spire (QoL Compilation)","Relic Stats","StSLib","ojb\u0027s Info Mod"],"gold_per_floor":[99,110,168,168,168,185,212,230,155,186,200,228,56,70,88,189,189,114,133,133,133,153,182,207,219,252,177,196,106,106,39,58,153,153,153,171,188,188,288,288,288,388,229,241,257,290,306,338,358,358,358,358,358,358],"floor_reached":52,"language":"ENG","playtime":6911,"items_purged":["Regret","hexamod:Haunted"],"score":814,"play_id":"4d1731b2-d905-4c16-a84a-3f57eb28bca3","local_time":"20210113051333","is_ascension_mode":false,"campfire_choices":[{"floor":1.0,"key":"RECALL"},{"data":"champ:TornadoPunch","floor":9.0,"key":"SMITH"},{"data":"champ:IgnorePain","floor":18.0,"key":"SMITH"},{"data":"champ:Taunt","floor":27,"key":"SMITH"},{"data":"champ:SteelEdge","floor":35,"key":"SMITH"}],"circlet_count":0,"master_deck":["champ:Strike","champ:Strike","champ:Strike","champ:Strike","champ:Defend+1","champ:Defend","champ:Execute+1","champ:Taunt+1","champ:TornadoPunch+1","champ:ArenaPreparation+1","champ:RapidStrikes","champ:PerfectedStrike","champ:CrookedStrike","champ:CrookedStrike","champ:StanceDance","champ:IgnorePain+1","champ:SteelEdge+1","champ:Backstep","champ:DefensiveStyle","champ:Shatter+1","champ:FaceSlap+1","champ:DeathBlow+1","champ:FocusedGladiator+1","champ:VampiricStrike+1","champ:GladiatorStyle","champ:DancingMaster","champ:StanceDance","champ:FlashCut+1","Decay","champ:StrikeOfGenius","champ:Riposte","champ:FlashCut+1","champ:Taunt","expansioncontent:YouAreMine","champ:HeartStrike+1","expansioncontent:CaCaw","champ:FocusedBerserking+1","champ:Improvising","champ:StanceDance+1","champ:ShieldThrow+1","champ:Duel+1"],"relics":["champ:ChampionCrown","Blue Candle","Pen Nib","downfall:HeartBlessingRed","Anchor","Ancient Tea Set","Toy Ornithopter","SacredBark","downfall:HeartBlessingGreen","champ:FightingForDummies","Molten Egg 2","Juzu Bracelet","downfall:HeartBlessingBlue","Cursed Key","downfall:GremlinWheel","PreservedInsect","downfall:GremlinSack","Medical Kit","Akabeko","Bottled Flame","Centennial Puzzle"],"acts_visited":["Exordium","TheCity","TheBeyond","TheEnding"],"potions_floor_usage":[26,31,32,33,33,33,47,47,48,50,50],"damage_taken":[{"damage":1.0,"enemies":"2 Louse","floor":2.0,"turns":3.0},{"damage":17.0,"enemies":"3 Sentries","floor":3.0,"turns":7.0},{"damage":22.0,"enemies":"Cultist","floor":6.0,"turns":3.0},{"damage":7.0,"enemies":"Small Slimes","floor":8.0,"turns":2.0},{"damage":53.0,"enemies":"Lagavulin","floor":10.0,"turns":6.0},{"damage":21.0,"enemies":"3 Louse","floor":11.0,"turns":3.0},{"damage":24.0,"enemies":"Gremlin Nob","floor":12.0,"turns":4.0},{"damage":31.0,"enemies":"downfall:FleeingMerchant","floor":13.0,"turns":4.0},{"damage":8.0,"enemies":"Blue Slaver","floor":14.0,"turns":4.0},{"damage":0.0,"enemies":"2 Fungi Beasts","floor":15.0,"turns":2.0},{"damage":74.0,"enemies":"downfall:Watcher","floor":16.0,"turns":10.0},{"damage":6.0,"enemies":"Chosen","floor":19.0,"turns":4.0},{"damage":19.0,"enemies":"Shell Parasite","floor":22.0,"turns":5.0},{"damage":27.0,"enemies":"Book of Stabbing","floor":23.0,"turns":6.0},{"damage":11,"enemies":"Chosen and Byrds","floor":25,"turns":4},{"damage":23,"enemies":"Slavers","floor":26,"turns":4},{"damage":19,"enemies":"Centurion and Healer","floor":28,"turns":6},{"damage":24,"enemies":"downfall:FleeingMerchant","floor":29,"turns":4},{"damage":20,"enemies":"downfall:FleeingMerchant","floor":31,"turns":4},{"damage":21,"enemies":"Snecko","floor":32,"turns":7},{"damage":135,"enemies":"downfall:Defect","floor":33,"turns":13},{"damage":0,"enemies":"3 Shapes","floor":36,"turns":2},{"damage":5,"enemies":"3 Darklings","floor":37,"turns":5},{"damage":28,"enemies":"3 Darklings","floor":39,"turns":3},{"damage":6,"enemies":"3 Darklings","floor":42,"turns":3},{"damage":0,"enemies":"downfall:FleeingMerchant","floor":43,"turns":4},{"damage":35,"enemies":"Spire Growth","floor":44,"turns":5},{"damage":29,"enemies":"Writhing Mass","floor":45,"turns":7},{"damage":30,"enemies":"Giant Head","floor":46,"turns":7},{"damage":26,"enemies":"Sphere and 2 Shapes","floor":47,"turns":7},{"damage":84,"enemies":"Nemesis","floor":48,"turns":7},{"damage":36,"enemies":"3 Darklings","floor":49,"turns":5},{"damage":53,"enemies":"downfall:Silent","floor":50,"turns":9},{"damage":120,"enemies":"downfall:CharBossMerchant","floor":52,"turns":7}],"seed_played":"2669082198398070950","potions_obtained":[{"floor":6.0,"key":"champ:CounterPotion"},{"floor":10.0,"key":"AttackPotion"},{"floor":11.0,"key":"hexamod:EctoCoolerPotion"},{"floor":12.0,"key":"BlessingOfTheForge"},{"floor":15.0,"key":"Block Potion"},{"floor":16.0,"key":"SpeedPotion"},{"floor":25,"key":"champ:TechniquePotion"},{"floor":26,"key":"EssenceOfSteel"},{"floor":32,"key":"ColorlessPotion"},{"floor":33,"key":"Strength Potion"},{"floor":37,"key":"SpeedPotion"},{"floor":39,"key":"BlessingOfTheForge"},{"floor":42,"key":"Fire Potion"},{"floor":47,"key":"Energy Potion"},{"floor":48,"key":"Dexterity Potion"}],"is_trial":false,"path_per_floor":["R","M","?","?","?","M","T","M","R","E","M","E","$","M","M","B",null,"R","M","?","?","M","E","T","M","E","R","M","$","?","$","M","B",null,"R","M","M","?","?","?","T","?","$","M","M","E","M","E","M","B",null,"E"],"character_chosen":"THE_CHAMP","items_purchased":["Toy Ornithopter","SkillPotion","Medical Kit","Akabeko","expansioncontent:CaCaw"],"campfire_rested":0,"item_purchase_floors":[13,31,43,43,43],"current_hp_per_floor":[99,98,81,81,81,79,79,77,77,60,59,40,34,31,31,19,99,99,98,98,98,84,82,82,81,68,78,73,72,50,55,66,43,114,114,114,114,114,111,76,76,75,87,99,81,82,86,59,52,30,114,0,0,0],"gold":358,"neow_bonus":"TEN_PERCENT_HP_BONUS","is_daily":false,"chose_seed":false,"campfire_upgraded":4,"win_rate":0.0,"timestamp":1610507613,"path_taken":["R","M","?","?","?","M","T","?","R","E","M","E","$","M","M","BOSS","R","M","?","?","M","E","T","M","E","R","M","$","?","$","M","BOSS","R","M","M","?","?","?","T","?","?","M","M","E","M","E","M","BOSS","E"],"items_purchased_type":["Relic","Potion","Relic","Relic","Card"],"build_version":"2020-12-22","purchased_purges":2,"victory":false,"max_hp_per_floor":[99,99,99,99,99,99,99,99,99,99,99,99,99,99,99,99,99,99,99,99,99,99,99,99,99,99,109,109,109,114,114,114,114,114,114,114,114,114,114,114,114,114,114,114,114,114,114,114,114,114,114,114,114,114],"relic_stats":{"Centennial Puzzle":[9],"counters":[34,176],"Blue Candle":[22],"Pen Nib":[30],"PreservedInsect":297,"Juzu Bracelet":2,"Cursed Key":1,"Medical Kit":[3],"obtain_stats":[{"downfall:HeartBlessingRed":9,"Blue Candle":3,"SacredBark":17,"champ:ChampionCrown":0,"downfall:HeartBlessingGreen":18,"Pen Nib":7,"PreservedInsect":41,"Juzu Bracelet":26,"Ancient Tea Set":12,"Cursed Key":34,"Medical Kit":43,"Akabeko":43,"Anchor":10,"Bottled Flame":46,"Centennial Puzzle":48,"downfall:GremlinWheel":39,"downfall:GremlinSack":42,"downfall:HeartBlessingBlue":27,"Molten Egg 2":23,"champ:FightingForDummies":21,"Toy Ornithopter":13},{"downfall:HeartBlessingRed":4,"Blue Candle":1,"SacredBark":11,"champ:ChampionCrown":0,"downfall:HeartBlessingGreen":11,"Pen Nib":3,"PreservedInsect":24,"Juzu Bracelet":16,"Ancient Tea Set":7,"Cursed Key":21,"Medical Kit":26,"Akabeko":26,"Anchor":5,"Bottled Flame":29,"Centennial Puzzle":31,"downfall:GremlinWheel":24,"downfall:GremlinSack":25,"downfall:HeartBlessingBlue":16,"Molten Egg 2":14,"champ:FightingForDummies":12,"Toy Ornithopter":8},{"downfall:HeartBlessingRed":15,"Blue Candle":3,"SacredBark":48,"champ:ChampionCrown":0,"downfall:HeartBlessingGreen":48,"Pen Nib":13,"PreservedInsect":115,"Juzu Bracelet":71,"Ancient Tea Set":28,"Cursed Key":105,"Medical Kit":122,"Akabeko":122,"Anchor":21,"Bottled Flame":141,"Centennial Puzzle":155,"downfall:GremlinWheel":115,"downfall:GremlinSack":118,"downfall:HeartBlessingBlue":71,"Molten Egg 2":63,"champ:FightingForDummies":52,"Toy Ornithopter":32}],"Toy Ornithopter":65},"card_choices":[{"not_picked":["champ:BerserkersShout","champ:RapidStrikes"],"picked":"champ:TornadoPunch","floor":2.0},{"not_picked":["champ:DefensiveStyle","champ:ShieldWall"],"picked":"champ:ArenaPreparation","floor":3.0},{"not_picked":["champ:FocusedBerserking","champ:ViciousMockery"],"picked":"champ:RapidStrikes","floor":6.0},{"not_picked":["champ:BerserkerStyle","champ:RisingSlash","champ:Haymaker"],"picked":"SKIP","floor":8.0},{"not_picked":["champ:FocusedDefense","champ:RisingSlash","champ:DefensiveShout"],"picked":"SKIP","floor":10.0},{"not_picked":["champ:DefensiveShout","champ:EnGarde"],"picked":"champ:PerfectedStrike","floor":11.0},{"not_picked":["champ:ShieldWall","champ:StanceDance"],"picked":"champ:CrookedStrike","floor":12.0},{"not_picked":["champ:BladeFlurry","champ:RisingSlash"],"picked":"champ:CrookedStrike","floor":13.0},{"not_picked":["champ:Backstep","champ:PerfectedStrike"],"picked":"champ:StanceDance","floor":14.0},{"not_picked":["champ:TornadoPunch","champ:GutPunch"],"picked":"champ:IgnorePain","floor":15.0},{"not_picked":["champ:DancingMaster","champ:PerfectForm"],"picked":"champ:SteelEdge","floor":16.0},{"not_picked":["champ:DefensiveShout","champ:Haymaker","champ:CrookedStrike"],"picked":"SKIP","floor":19.0},{"not_picked":["champ:GutPunch","champ:TornadoPunch+1","champ:BerserkersShout"],"picked":"SKIP","floor":22.0},{"not_picked":["champ:Backstep","champ:TornadoPunch+1"],"picked":"champ:Shatter+1","floor":23.0},{"not_picked":["champ:IronFortress","champ:BringItOn+1"],"picked":"champ:FaceSlap+1","floor":25},{"not_picked":["champ:Haymaker+1","champ:ViciousMockery"],"picked":"champ:DeathBlow+1","floor":26},{"not_picked":["champ:CrookedStrike+1","champ:HeartStrike+1"],"picked":"champ:FocusedGladiator+1","floor":28},{"not_picked":["champ:Lariat","champ:FaceSlap+1"],"picked":"champ:VampiricStrike+1","floor":29},{"not_picked":["champ:CrookedStrike+1","champ:GladiatorsShout","champ:RisingSlash+1"],"picked":"SKIP","floor":31},{"not_picked":["champ:RapidStrikes+1","champ:RecklessLeap+1"],"picked":"champ:GladiatorStyle","floor":32},{"not_picked":["champ:Improvising","champ:PerfectForm"],"picked":"champ:DancingMaster","floor":33},{"not_picked":["champ:TornadoPunch+1","champ:Circumvent+1"],"picked":"champ:StanceDance","floor":36},{"not_picked":["champ:StanceDance","champ:ShieldWall+1"],"picked":"champ:FlashCut+1","floor":37},{"not_picked":["champ:FocusedGladiator+1","champ:TornadoPunch+1"],"picked":"champ:HeartStrike+1","floor":43},{"not_picked":["champ:StanceDance","champ:PreciseThrust+1","champ:AdrenalArmor+1"],"picked":"SKIP","floor":44},{"not_picked":["champ:RapidStrikes+1","champ:Duel+1"],"picked":"champ:FocusedBerserking+1","floor":45},{"not_picked":["champ:FlashCut+1","champ:GladiatorsShout"],"picked":"champ:Improvising","floor":46},{"not_picked":["champ:Lariat","champ:GladiatorsShout"],"picked":"champ:StanceDance+1","floor":47},{"not_picked":["champ:Haymaker+1","champ:GladiatorsShout"],"picked":"champ:ShieldThrow+1","floor":48},{"not_picked":["champ:FanOfKnives+1","champ:DefensiveStyle"],"picked":"champ:Duel+1","floor":49}],"player_experience":1084983,"relics_obtained":[{"floor":7.0,"key":"Pen Nib"},{"floor":10.0,"key":"Anchor"},{"floor":12.0,"key":"Ancient Tea Set"},{"floor":23.0,"key":"Molten Egg 2"},{"floor":26,"key":"Juzu Bracelet"},{"floor":39,"key":"downfall:GremlinWheel"},{"floor":41,"key":"PreservedInsect"},{"floor":42,"key":"downfall:GremlinSack"},{"floor":46,"key":"Bottled Flame"},{"floor":48,"key":"Centennial Puzzle"}],"event_choices":[{"damage_healed":0.0,"max_hp_gain":0.0,"max_hp_loss":0.0,"gold_gain":0.0,"cards_transformed":["champ:Defend","champ:Defend"],"event_name":"Drug Dealer","player_choice":"Became Test Subject","floor":20.0,"gold_loss":0.0,"damage_taken":0.0,"cards_obtained":["champ:Backstep","champ:DefensiveStyle"]}],"is_beta":false,"boss_relics":[{"not_picked":["Philosopher\u0027s Stone","champ:ChampionCrownUpgraded"],"picked":"SacredBark"},{"not_picked":["Sozu","SlaversCollar"],"picked":"Cursed Key"}],"items_purged_floors":[29,43],"is_endless":false,"potions_floor_spawned":[6,10,11,12,15,16,25,26,32,33,37,39,42,46,47,48],"killed_by":"downfall:CharBossMerchant","ascension_level":0}}