{"host":"6jrnojxwearbrjzo","time":1610558804,"event":{"mods":["BaseMod","Colored Map","Conspire","Highlight Path","Minty Spire (QoL Compilation)","Quick Restart","Replay The Spire","Shop Mod","Spicy Shops","StSLib","The Servant 0.9.4"],"gold_per_floor":[119,83,94,94,113,113,188,219,301,301,301,339,339,382,382,392,392],"floor_reached":16,"language":"ZHS","playtime":492,"items_purged":[],"score":122,"play_id":"66ea055a-e16f-4f1a-b2f6-b59808471540","local_time":"20210114012644","is_ascension_mode":true,"campfire_choices":[{"data":"Streamline","floor":6,"key":"SMITH"},{"floor":10,"key":"REST"},{"data":"Zap","floor":13,"key":"SMITH"},{"floor":15,"key":"REST"}],"circlet_count":0,"master_deck":["Strike_B","Strike_B","Strike_B","Strike_B","Defend_B","Zap+1","Dualcast","Conserve Battery","Genetic Algorithm","ReplayTheSpireMod:Calculation Training","Streamline+1","Consume","Gash"],"relics":["Cracked Core","Replay:Bandana","Golden Egg","Nunchaku","Omamori"],"acts_visited":["Exordium"],"potions_floor_usage":[8,12,14],"damage_taken":[{"damage":1,"enemies":"Cultist","floor":1,"turns":3},{"damage":5,"enemies":"Small Slimes","floor":3,"turns":3},{"damage":1,"enemies":"2 Louse","floor":5,"turns":2},{"damage":33,"enemies":"Lagavulin","floor":8,"turns":6},{"damage":20,"enemies":"Gremlin Nob","floor":12,"turns":4},{"damage":15,"enemies":"Lagavulin","floor":14,"turns":4},{"damage":51,"enemies":"Fading Forest","floor":16,"turns":7}],"seed_played":"-3636750560992798402","potions_obtained":[{"floor":3,"key":"Block Potion"},{"floor":5,"key":"Regen Potion"},{"floor":12,"key":"FearPotion"}],"is_trial":false,"path_per_floor":["M","$","M","?","M","R","?","E","T","R","?","E","R","E","R","B"],"character_chosen":"DEFECT","items_purchased":["Genetic Algorithm"],"campfire_rested":2,"item_purchase_floors":[2],"current_hp_per_floor":[74,74,69,62,61,61,50,29,29,51,51,31,31,16,38,0,0],"gold":392,"neow_bonus":"REMOVE_CARD","is_daily":false,"chose_seed":false,"campfire_upgraded":2,"win_rate":0.0,"timestamp":1610558804,"path_taken":["M","$","M","?","M","R","?","E","T","R","?","E","R","E","R","BOSS"],"items_purchased_type":["Card"],"build_version":"2020-12-22","purchased_purges":0,"victory":false,"max_hp_per_floor":[75,75,75,75,75,75,75,75,75,75,75,75,75,75,75,75,75],"card_choices":[{"not_picked":["BasicCrystalCard","ReplayGash"],"picked":"Conserve Battery","floor":1},{"not_picked":["Force Field","Lockon"],"picked":"ReplayTheSpireMod:Calculation Training","floor":3},{"not_picked":["Steam","conspire:Rain"],"picked":"Streamline","floor":5},{"not_picked":["Undo","Barrage","Sweeping Beam"],"picked":"SKIP","floor":8},{"not_picked":["Force Field","Barrage"],"picked":"Consume","floor":12},{"not_picked":["Barrage","Machine Learning"],"picked":"Gash","floor":14}],"player_experience":64548,"relics_obtained":[{"floor":8,"key":"Replay:Bandana"},{"floor":9,"key":"Golden Egg"},{"floor":12,"key":"Nunchaku"},{"floor":14,"key":"Omamori"}],"event_choices":[{"cards_removed":["Defend_B"],"damage_healed":0,"gold_gain":0,"player_choice":"Card Removal","damage_taken":7,"max_hp_gain":0,"max_hp_loss":0,"event_name":"Golden Wing","floor":4,"gold_loss":0},{"damage_healed":0,"gold_gain":75,"player_choice":"Gather Gold","damage_taken":11,"max_hp_gain":0,"max_hp_loss":0,"event_name":"World of Goop","floor":7,"gold_loss":0}],"is_beta":false,"boss_relics":[],"items_purged_floors":[],"is_endless":false,"potions_floor_spawned":[3,5,12],"killed_by":"Fading Forest","ascension_level":1}}