{"host":"cxvb37eaaiijvrl4","time":1610533643,"event":{"mods":["ATMod(阿瑾Mod)","BaseMod","Better Third Choice","Minty Spire (QoL Compilation)","MostiFishMod","Quick Restart","Rare Cards Sparkle","Shop Mod","Spicy Shops","StSLib","TestMod","Uncapped","残留之物"],"gold_per_floor":[118,67,79,79,79,119,44,81,81,81,95,95,20,61,61,157,157,179,179,179,79,99,138,161,86,86,129,179,179,197,197,197,291,291,317,42,57,57,77,120,120,162,189,189,189,14,14,64,64,75,78,78,78,78,118,130],"floor_reached":57,"language":"ZHS","playtime":1263,"items_purged":["Strike_R","Strike_R","Bash+1","MostiFishMod:WinterMarkForm","MostiFishMod:FrostNova"],"score":3780,"play_id":"c0082828-c370-42ef-aa53-3e3926445ef6","local_time":"20210113022723","is_ascension_mode":true,"campfire_choices":[{"data":"AT_BodySlamDance","floor":10,"key":"SMITH"},{"data":"Body Slam","floor":12,"key":"SMITH"},{"data":"Second Wind","floor":15,"key":"SMITH"},{"data":"MostiFishMod:UltimateDefense","floor":29,"key":"SMITH"},{"data":"Dark Embrace","floor":32,"key":"SMITH"},{"data":"Evolve","floor":45,"key":"SMITH"},{"data":"Power Through","floor":47,"key":"SMITH"},{"floor":49,"key":"RECALL"},{"data":"MostiFishMod:UltimateDefense+1","floor":53,"key":"SMITH"}],"circlet_count":0,"master_deck":["AscendersBane","Defend_R","Defend_R","Defend_R","Body Slam+1","AT_BodySlamDance+1","Second Wind+1","MostiFishMod:UltimateDefense+2","Power Through+1","Evolve+1","Dark Embrace+1"],"relics":["Burning Blood","testmod-TestBox","AT_ATBox","BionicSphere","testmod-DeterminationOfClimber","SynthV:TestCard","Shuriken","Golden Idol","DaveBox","JellyFishMachine","Whetstone","testmod-DragonStarHat","Self Forming Clay","FrostBlade","AT_PhaseBoots","Ornamental Fan","testmod-Hope","ChiXiaoBlade","Singing Bowl","testmod-BalancedPeriapt","AT_ChloranthyRing","Letter Opener","Happy Flower"],"acts_visited":["Exordium","TheCity","TheBeyond","TheEnding"],"potions_floor_usage":[56],"damage_taken":[{"damage":0,"enemies":"2 Louse","floor":1,"turns":3},{"damage":0,"enemies":"Cultist","floor":3,"turns":2},{"damage":0,"enemies":"Lagavulin","floor":6,"turns":4},{"damage":0,"enemies":"Gremlin Nob","floor":8,"turns":2},{"damage":0,"enemies":"Jaw Worm","floor":11,"turns":1},{"damage":0,"enemies":"Lagavulin","floor":14,"turns":2},{"damage":0,"enemies":"The Guardian","floor":16,"turns":2},{"damage":0,"enemies":"Shell Parasite","floor":18,"turns":1},{"damage":0,"enemies":"3 Byrds","floor":22,"turns":1},{"damage":0,"enemies":"Gremlin Leader","floor":23,"turns":2},{"damage":0,"enemies":"Centurion and Healer","floor":24,"turns":1},{"damage":0,"enemies":"Slavers","floor":27,"turns":8},{"damage":0,"enemies":"3 Cultists","floor":30,"turns":2},{"damage":0,"enemies":"Collector","floor":33,"turns":2},{"damage":0,"enemies":"3 Shapes","floor":35,"turns":1},{"damage":0,"enemies":"Orb Walker","floor":37,"turns":2},{"damage":0,"enemies":"Sphere and 2 Shapes","floor":39,"turns":1},{"damage":0,"enemies":"Reptomancer","floor":40,"turns":2},{"damage":0,"enemies":"Giant Head","floor":42,"turns":2},{"damage":0,"enemies":"Nemesis","floor":48,"turns":3},{"damage":0,"enemies":"Awakened One","floor":50,"turns":2},{"damage":0,"enemies":"Donu and Deca","floor":51,"turns":2},{"damage":0,"enemies":"Shield and Spear","floor":55,"turns":1},{"damage":0,"enemies":"The Heart","floor":56,"turns":4}],"seed_played":"-5001800891057595359","potions_obtained":[{"floor":3,"key":"Ancient Potion"},{"floor":8,"key":"BloodPotion"}],"is_trial":false,"path_per_floor":["M","?","M","?","?","E","$","E","T","R","M","R","?","E","R","B",null,"M","?","?","$","M","E","M","?","T","E","?","R","M","?","R","B",null,"M","$","M","$","M","E","?","E","T","?","R","$","R","E","R","B","B",null,"R","$","E","B",null],"character_chosen":"IRONCLAD","items_purchased":[],"campfire_rested":0,"item_purchase_floors":[],"current_hp_per_floor":[75,75,75,68,68,68,68,68,68,68,68,68,68,68,68,68,68,68,68,68,68,68,68,68,68,68,68,62,62,68,68,68,68,68,68,68,68,68,68,70,70,70,70,70,70,70,70,70,70,70,70,70,70,70,70,70],"gold":130,"neow_bonus":"REMOVE_CARD","is_daily":false,"chose_seed":false,"campfire_upgraded":8,"win_rate":0.0,"timestamp":1610533643,"path_taken":["M","?","?","?","?","E","$","E","T","R","M","R","?","E","R","BOSS","M","?","?","$","M","E","M","?","T","E","?","R","?","?","R","BOSS","M","$","M","$","M","E","?","E","T","?","R","?","R","E","R","BOSS","BOSS","R","$","E","BOSS"],"items_purchased_type":[],"build_version":"2020-12-22","purchased_purges":5,"victory":true,"max_hp_per_floor":[75,75,75,68,68,68,68,68,68,68,68,68,68,68,68,68,68,68,68,68,68,68,68,68,68,68,68,68,68,68,68,68,68,68,68,68,68,68,68,70,70,70,70,70,70,70,70,70,70,70,70,70,70,70,70,70],"card_choices":[{"not_picked":["Iron Wave","Wild Strike"],"picked":"Body Slam","floor":1},{"not_picked":["Clothesline","Flex","Carnage","Flame Barrier"],"picked":"AT_BodySlamDance","floor":3},{"not_picked":["Flex","Wild Strike","Thunderclap","Body Slam"],"picked":"Second Wind","floor":6},{"not_picked":["MostiFishMod:#F4004","Combust","True Grit","Ghostly Armor","Sever Soul"],"picked":"SKIP","floor":8},{"not_picked":["MostiFishMod:BrandingRite","AT_BodySlamDance","Infernal Blade","Intimidate","Ghostly Armor"],"picked":"SKIP","floor":11},{"not_picked":["Thunderclap","Flame Barrier","Rampage","Inflame","AT_ManFootWork"],"picked":"SKIP","floor":14},{"not_picked":["MostiFishMod:OrdinaryWorld","AT_Dispersion","MostiFishMod:Chiaki","Impervious"],"picked":"MostiFishMod:UltimateDefense","floor":16},{"not_picked":["Shrug It Off","Flex","Rupture","Headbutt"],"picked":"Power Through","floor":18},{"not_picked":["AT_IchimonjiDouble","Pummel","Rage","Dual Wield"],"picked":"Evolve","floor":22},{"not_picked":["Rupture","Metallicize","Cleave","AT_BodySlamDance","Pommel Strike"],"picked":"SKIP","floor":23},{"not_picked":["AT_BodySlamDance","Anger","Sword Boomerang","Twin Strike","Wild Strike"],"picked":"SKIP","floor":24},{"not_picked":["Sword Boomerang","Havoc","Berserk","True Grit","Metallicize"],"picked":"SKIP","floor":27},{"not_picked":["Twin Strike","Power Through+1","AT_IchimonjiDouble","Anger+1"],"picked":"Dark Embrace","floor":30},{"not_picked":["Rage+1","AT_GerminateFire","Evolve","Dark Embrace","Blood for Blood"],"picked":"SKIP","floor":35},{"not_picked":["Twin Strike+1","Burning Pact","Headbutt","AT_IchimonjiDouble","Wild Strike"],"picked":"SKIP","floor":37},{"not_picked":["Intimidate","Havoc+1","Twin Strike+1","Second Wind+1","Flex"],"picked":"SKIP","floor":39},{"not_picked":["Intimidate","Cleave+1","Warcry+1","Armaments","MostiFishMod:KnuckleDown"],"picked":"Singing Bowl","floor":40},{"not_picked":["Havoc","Dropkick+1","AT_CaressingTears+1","Burning Pact+1","Clothesline"],"picked":"Singing Bowl","floor":42},{"not_picked":["Demon Form","Flex+1","Hemokinesis","Warcry","Anger"],"picked":"Singing Bowl","floor":48},{"not_picked":["Warcry","Perfected Strike+1","Shockwave","Rupture","Second Wind"],"picked":"Singing Bowl","floor":55}],"player_experience":677310,"relics_obtained":[{"floor":1,"key":"SynthV:TestCard"},{"floor":6,"key":"Whetstone"},{"floor":8,"key":"testmod-DragonStarHat"},{"floor":14,"key":"Self Forming Clay"},{"floor":23,"key":"AT_SpeedBoots"},{"floor":26,"key":"Ornamental Fan"},{"floor":27,"key":"testmod-Hope"},{"floor":40,"key":"Singing Bowl"},{"floor":42,"key":"testmod-BalancedPeriapt"},{"floor":43,"key":"AT_ChloranthyRing"},{"floor":48,"key":"Letter Opener"},{"floor":55,"key":"Happy Flower"}],"event_choices":[{"damage_healed":0,"gold_gain":0,"player_choice":"Paid Gold","damage_taken":0,"relics_obtained":["Shuriken"],"max_hp_gain":0,"max_hp_loss":0,"event_name":"WeMeetAgain","floor":2,"gold_loss":51},{"damage_healed":0,"gold_gain":0,"player_choice":"Lose Max HP","damage_taken":0,"relics_obtained":["Golden Idol"],"max_hp_gain":0,"max_hp_loss":7,"event_name":"Golden Idol","floor":4,"gold_loss":0},{"damage_healed":0,"gold_gain":0,"player_choice":"Swap Relic","damage_taken":0,"relics_obtained":["DaveBox"],"max_hp_gain":0,"max_hp_loss":0,"event_name":"给自己的盒子","floor":5,"relics_lost":["DaveBox"],"gold_loss":0},{"cards_removed":["Strike_R"],"damage_healed":0,"gold_gain":0,"player_choice":"Card Removal","damage_taken":0,"max_hp_gain":0,"max_hp_loss":0,"event_name":"The Cleric","floor":13,"gold_loss":75},{"damage_healed":0,"gold_gain":0,"player_choice":"Ignored","damage_taken":0,"max_hp_gain":0,"max_hp_loss":0,"event_name":"Cursed Tome","floor":20,"gold_loss":0},{"cards_removed":["Strike_R"],"damage_healed":0,"gold_gain":0,"player_choice":"Gave Gold","damage_taken":0,"max_hp_gain":0,"max_hp_loss":0,"event_name":"Beggar","floor":25,"gold_loss":75},{"damage_healed":0,"gold_gain":50,"player_choice":"Touch","damage_taken":6,"max_hp_gain":0,"max_hp_loss":0,"event_name":"FaceTrader","floor":28,"gold_loss":0},{"damage_healed":0,"gold_gain":0,"player_choice":"Ignored","damage_taken":0,"max_hp_gain":0,"max_hp_loss":0,"event_name":"The Mausoleum","floor":31,"gold_loss":0},{"cards_removed":["Defend_R"],"damage_healed":0,"gold_gain":0,"player_choice":"Removed Skill","damage_taken":0,"max_hp_gain":0,"max_hp_loss":0,"event_name":"Falling","floor":41,"gold_loss":0},{"damage_healed":0,"gold_gain":0,"player_choice":"Ignored","damage_taken":0,"max_hp_gain":0,"max_hp_loss":0,"event_name":"Tomb of Lord Red Mask","floor":44,"gold_loss":0}],"is_beta":false,"boss_relics":[{"not_picked":["OneHitWonderSystem","HereWithMe"],"picked":"FrostBlade"},{"not_picked":["ShadowXiaoBlade","RhineSuit"],"picked":"ChiXiaoBlade"}],"items_purged_floors":[7,21,36,36,46],"is_endless":false,"potions_floor_spawned":[3,8,11,16,18,22,24,30,35,37,40,42],"ascension_level":20}}