{"host":"gkmfgzxy0jvnl2zt","time":1610575294,"event":{"mods":["AchievementEnabler","Act Like it!","Aspiration","BaseMod","Better Note","BetterRewards","Card Forge","Colored Map","Colored Powertips","Conspire","Elementarium","Energized Spire","Infinite Spire","Ironclad Rager","Mimic Mod","Minty Spire (QoL Compilation)","Permanent Neow","Replay The Spire","Shop Mod","StSLib","The Factory","The Jungle","Trackpad","vexMod"],"gold_per_floor":[19,37,75,99999,99999,99939,98933,98933,98984,98999,98999,97922,98097,98117,98117,98247,98247,98261,97786,97786,97809,96920,96920,96392,96408,96461,96499,96499,96525,96525,96546,96546,96672,96672,96710,96738,96756,96756,96774,96805,96820,96861,96861,96861,96879,96879,96879,0,0,6,6,6,6,59,69],"floor_reached":56,"language":"ENG","playtime":3979,"items_purged":[],"score":1360,"play_id":"3bd006bd-0c40-429d-a107-28f0e4c7ebb5","local_time":"20210113170134","is_ascension_mode":true,"campfire_choices":[{"floor":8,"key":"RECALL"},{"floor":11,"key":"REST"},{"floor":23,"key":"REST"},{"floor":32,"key":"REST"},{"floor":44,"key":"REST"},{"floor":47,"key":"REST"},{"floor":49,"key":"REST"},{"floor":52,"key":"REST"}],"circlet_count":0,"master_deck":["Zap+1","Dualcast+1","Ball Lightning+1","Cold Snap+1","Ball Lightning+1","Cold Snap+1","Leap+1","Leap+1","Leap+1","Leap+1","Rebound+1","White Noise+1","Loop+1","BasicCrystalCard+1","Defragment+1","ReplayGash+1","Replay:Dark Deal+1","Flash of Steel+1","Defragment+1","Panacea+1","Conserve Battery+1","Consume+1","Streamline+1","Creative AI+1","BasicCrystalCard+1","infinitespire:Menacing+1","infinitespire:FutureSight+1","Replay:Dark Deal+1","White Noise+1","Rebound+1","Aggregate+1","ICR:ChainLightning+1","Static Discharge+1","Storm+1","Elementarium:FireblessedBlade+1","Elementarium:WindblessedBlade+1","Elementarium:EarthblessedBlade+1","Elementarium:IceblessedBlade+1","Elementarium:VoidblessedBlade+1","ICR:ChainLightning+1","Elementarium:GildedForm+1","Steam+1","Echo Form+1","Conserve Battery+1","FTL+1","Rebound+1","Conserve Battery+1","Beam Cell+1","ICR:ChainLightning+1","FIFO Queue+1","ReplayTheSpireMod:System Scan+1"],"relics":["Cracked Core","Hammer of Thor","Seething Fire","Anvil of the Gods","Golden Idol","Replay:Accelerometer","infinitespire:CheckeredPen","vexMod:PaidLearning","Bottled Lightning","Replay:Baseball","Counterbalance","Replay:Towering Pillar of Hats","Sling","energizedSpire:MagnifyingGlass","Replay:Rubber Ducky","vexMod:BigBerry","infinitespire:Midas Blood","conspire:DecoderRing","Centennial Puzzle","Anchor","Replay:Frozen Program","Happy Flower","aspiration:FetidBarrel","Elementarium:ElementariumTrophy","Fusion Hammer","aspiration:HiddenCompartment","MealTicket","trackpad:CultistFigurine","TheAbacus","Ring of Chaos","Elementarium:GoldenMirage","vexMod:Dragonfruit"],"acts_visited":["Exordium","Exordium","TheBeyond","TheEnding"],"potions_floor_usage":[16,16,16,25,27,37,40,40,50,55],"damage_taken":[{"damage":0,"enemies":"Cultist","floor":1,"turns":2},{"damage":3,"enemies":"conspire:RoseBush","floor":2,"turns":1},{"damage":0,"enemies":"Jaw Worm","floor":3,"turns":4},{"damage":0,"enemies":"Jaw Worm","floor":4,"turns":2},{"damage":13,"enemies":"3 Sentries","floor":6,"turns":6},{"damage":0,"enemies":"2 Fungi Beasts","floor":10,"turns":2},{"damage":0,"enemies":"Large Slime","floor":14,"turns":4},{"damage":0,"enemies":"Slime Boss","floor":16,"turns":4},{"damage":0,"enemies":"Elementarium:VoidCorruption","floor":18,"turns":4},{"damage":1,"enemies":"Elementarium:Cyclone","floor":21,"turns":4},{"damage":0,"enemies":"Elementarium:RubyGolem","floor":25,"turns":3},{"damage":0,"enemies":"Elementarium:ElementalPortal","floor":27,"turns":7},{"damage":10,"enemies":"Elementarium:3_ELEMENTALS","floor":29,"turns":3},{"damage":1,"enemies":"Elementarium:Hydrostalker","floor":31,"turns":3},{"damage":0,"enemies":"Elementarium:GolemEmperor","floor":33,"turns":6},{"damage":4,"enemies":"3 Darklings","floor":35,"turns":5},{"damage":20,"enemies":"3 Shapes","floor":36,"turns":2},{"damage":0,"enemies":"Maw","floor":37,"turns":5},{"damage":23,"enemies":"Jaw Worm Horde","floor":39,"turns":5},{"damage":0,"enemies":"R_Hoarder","floor":40,"turns":5},{"damage":0,"enemies":"3 Darklings","floor":41,"turns":4},{"damage":12,"enemies":"Nemesis","floor":42,"turns":5},{"damage":2,"enemies":"Maw","floor":45,"turns":4},{"damage":31,"enemies":"Replay:Hell Engine","floor":50,"turns":6},{"damage":30,"enemies":"Shield and Spear","floor":54,"turns":5},{"damage":10,"enemies":"The Heart","floor":55,"turns":8}],"seed_played":"-8294964020160866626","potions_obtained":[{"floor":4,"key":"Regen Potion"},{"floor":16,"key":"DistilledChaos"},{"floor":21,"key":"DuplicationPotion"},{"floor":27,"key":"Block Potion"},{"floor":35,"key":"SkillPotion"},{"floor":37,"key":"FocusPotion"},{"floor":40,"key":"Doom Potion"},{"floor":54,"key":"Milkshake"}],"is_trial":false,"path_per_floor":["M","M","MIM","M","?","E","$","R","T","M","R","$","?","M","R_BF","B",null,"M","?","AVR","M","$","R","$","M","T","E","?","M","?","M","R_BF","B",null,"M","M","M","?","M","E","M","E","T","R","M","AVR","R","?","R","B",null,"R","$","E","B",null],"character_chosen":"DEFECT","items_purchased":["ReplayGash","infinitespire:CheckeredPen","vexMod:PaidLearning","AttackPotion","Replay:Dark Deal","Flash of Steel","Bottled Lightning","Counterbalance","Replay:Towering Pillar of Hats","Sling","DuplicationPotion","PowerPotion","Panacea","Conserve Battery","Consume","infinitespire:Midas Blood","conspire:DecoderRing","Replay:Dark Deal","White Noise","Rebound","Aggregate","ICR:ChainLightning","Centennial Puzzle","Anchor","Replay:Frozen Program","Static Discharge"],"campfire_rested":7,"item_purchase_floors":[7,7,7,7,7,7,7,12,12,12,12,12,12,12,12,22,22,22,22,22,22,22,24,24,24,24],"current_hp_per_floor":[50,47,47,47,47,34,34,34,34,34,54,54,54,54,68,68,68,68,68,98,97,97,98,98,98,98,98,59,49,49,48,52,52,52,48,28,48,48,25,25,25,13,13,28,26,26,41,41,52,21,52,52,52,27,27],"gold":69,"neow_bonus":"DEFECT_STORMLORD","is_daily":false,"chose_seed":false,"campfire_upgraded":0,"win_rate":0.0,"timestamp":1610575294,"path_taken":["M","M","?","M","?","E","$","R","T","M","R","$","?","M","R_BF","BOSS","M","?","AVR","M","$","R","$","M","T","E","?","M","?","M","R_BF","BOSS","M","M","M","?","M","E","M","E","T","R","M","AVR","R","?","R","BOSS","R","$","E","BOSS"],"items_purchased_type":["Card","Relic","Relic","Potion","Card","Card","Relic","Relic","Relic","Relic","Potion","Potion","Card","Card","Card","Relic","Relic","Card","Card","Card","Card","Card","Relic","Relic","Relic","Card"],"build_version":"2020-12-22","purchased_purges":0,"victory":true,"max_hp_per_floor":[68,68,68,68,68,68,68,68,68,68,68,68,68,68,68,68,68,68,68,98,98,98,98,98,98,98,98,59,59,52,52,52,52,52,52,52,52,52,52,52,52,52,52,52,52,52,52,52,52,52,52,52,52,57,57],"card_choices":[{"not_picked":["Streamline","Leap"],"picked":"Rebound","floor":1},{"not_picked":["Genetic Algorithm","Stack"],"picked":"White Noise","floor":2},{"not_picked":["Go for the Eyes","Leap"],"picked":"Loop","floor":3},{"not_picked":["Chill","ReplaySolidLightProjector"],"picked":"BasicCrystalCard","floor":4},{"not_picked":["Doom and Gloom","Gash"],"picked":"Defragment","floor":6},{"not_picked":["ReplayGash","Go for the Eyes"],"picked":"Defragment","floor":10},{"not_picked":["Time Bomb","ReplayTheSpireMod:System Scan"],"picked":"Streamline","floor":14},{"not_picked":["Electrodynamics","Fission"],"picked":"Creative AI","floor":16},{"not_picked":["Streamline+1","Panic Button"],"picked":"BasicCrystalCard+1","floor":18},{"not_picked":["ReplayTheSpireMod:Black Plague","ReplayTheSpireMod:Haul"],"picked":"infinitespire:Menacing","floor":19},{"not_picked":["ReplayTheSpireMod:Reroute Power","ReplayTheSpireMod:GoodbyeWorld","Barrage+1"],"picked":"SKIP","floor":21},{"not_picked":["Go for the Eyes","Reinforced Body","Compile Driver"],"picked":"SKIP","floor":25},{"not_picked":["Ball Lightning+1","ReplayTheSpireMod:System Scan"],"picked":"Storm","floor":27},{"not_picked":["Darkness","Lockon+1"],"picked":"ICR:ChainLightning+1","floor":29},{"not_picked":["ReplaySort","Stack"],"picked":"Steam","floor":31},{"not_picked":["Meteor Strike","Machine Learning"],"picked":"Echo Form","floor":33},{"not_picked":["Leap","Redo"],"picked":"Conserve Battery","floor":35},{"not_picked":["ReplayTheSpireMod:Reroute Power+1","ReplayTheSpireMod:System Scan"],"picked":"FTL+1","floor":36},{"not_picked":["Recycle","Go for the Eyes+1"],"picked":"Rebound","floor":37},{"not_picked":["Go for the Eyes","Steam","Panic Button+1"],"picked":"SKIP","floor":39},{"not_picked":["Reboot","BasicCrystalCard+1"],"picked":"Conserve Battery+1","floor":40},{"not_picked":["Cold Snap","Stack+1"],"picked":"Beam Cell","floor":41},{"not_picked":["Leap+1","Gash+1"],"picked":"ICR:ChainLightning","floor":42},{"not_picked":["Force Field+1","Chill+1"],"picked":"FIFO Queue+1","floor":45},{"not_picked":["ReplayTheSpireMod:GoodbyeWorld","Darkness+1"],"picked":"ReplayTheSpireMod:System Scan+1","floor":54}],"player_experience":36539,"relics_obtained":[{"floor":6,"key":"Replay:Accelerometer"},{"floor":9,"key":"Replay:Baseball"},{"floor":26,"key":"Happy Flower"},{"floor":27,"key":"aspiration:FetidBarrel"},{"floor":40,"key":"aspiration:HiddenCompartment"},{"floor":42,"key":"MealTicket"},{"floor":43,"key":"trackpad:CultistFigurine"},{"floor":54,"key":"vexMod:Dragonfruit"}],"event_choices":[{"damage_healed":0,"gold_gain":0,"player_choice":"Take Wound","damage_taken":0,"relics_obtained":["Golden Idol"],"max_hp_gain":0,"max_hp_loss":0,"event_name":"Golden Idol","floor":5,"gold_loss":0,"cards_obtained":["Injury"]},{"damage_healed":0,"gold_gain":175,"player_choice":"AGREE","damage_taken":0,"max_hp_gain":0,"max_hp_loss":0,"event_name":"Liars Game","floor":13,"gold_loss":0,"cards_obtained":["Doubt"]},{"damage_healed":0,"gold_gain":0,"player_choice":"Touch","damage_taken":0,"max_hp_gain":0,"max_hp_loss":39,"event_name":"Elementarium:ElementalBlades","floor":28,"gold_loss":0,"cards_obtained":["Elementarium:FireblessedBlade","Elementarium:WindblessedBlade","Elementarium:EarthblessedBlade","Elementarium:IceblessedBlade","Elementarium:VoidblessedBlade"]},{"damage_healed":0,"gold_gain":0,"player_choice":"Dive in","damage_taken":0,"max_hp_gain":0,"max_hp_loss":7,"event_name":"Elementarium:FountainOfGold","floor":30,"gold_loss":0,"cards_obtained":["Elementarium:GildedForm"]},{"damage_healed":0,"gold_gain":0,"player_choice":"Leave","damage_taken":0,"max_hp_gain":0,"max_hp_loss":0,"event_name":"conspire:Investor","floor":38,"gold_loss":0},{"damage_healed":0,"gold_gain":0,"player_choice":"Offer","damage_taken":0,"relics_obtained":["Elementarium:GoldenMirage"],"max_hp_gain":0,"max_hp_loss":0,"event_name":"Elementarium:ChestOfTheGoldenMirage","floor":48,"gold_loss":96879}],"is_beta":false,"boss_relics":[{"not_picked":["vexMod:MegatonBomb","Inserter"],"picked":"energizedSpire:MagnifyingGlass"},{"not_picked":["aspiration:SecretTechniqueScroll","energizedSpire:SpiderWeb"],"picked":"Fusion Hammer"}],"items_purged_floors":[],"is_endless":false,"potions_floor_spawned":[4,14,16,21,27,35,37,40,41,54],"ascension_level":2}}