{"host":"xrbutm0tzv4qwo7u","time":1610553318,"event":{"mods":["AchievementEnabler","BaseMod","Colored Map","Colored Powertips","Dark Map","Hermit","Minty Spire (QoL Compilation)","Quick Restart","Rare Cards Sparkle","Relic Stats","StSLib","The Cursed","The Marked"],"gold_per_floor":[110,110,185,185,202,237,237,249,299,315,315,349,369,385,385,487,487,497,517,517,532,550,550,566,566,566],"floor_reached":25,"language":"ENG","playtime":1031,"items_purged":[],"score":242,"play_id":"bb44483f-3060-4c68-9a93-58f4def4c28d","local_time":"20210113095518","is_ascension_mode":false,"campfire_choices":[{"data":"hermit:Covet","floor":7.0,"key":"SMITH"},{"floor":11.0,"key":"RECALL"},{"data":"hermit:Quickdraw","floor":15.0,"key":"SMITH"},{"floor":23,"key":"REST"}],"circlet_count":0,"master_deck":["hermit:Strike_Hermit","hermit:Strike_Hermit","hermit:Strike_Hermit","hermit:Strike_Hermit","hermit:Defend_Hermit","hermit:Defend_Hermit","hermit:Defend_Hermit","hermit:Defend_Hermit","hermit:Snapshot","hermit:Covet+1","hermit:Headshot","hermit:SprayPray","hermit:WideOpen","hermit:LowProfile","hermit:Quickdraw+1","hermit:FlashPowder","hermit:Misfire","hermit:Brawl","hermit:RoundhouseKick","CurseOfTheBell","hermit:GoldenBullet","hermit:Misfire","Jack Of All Trades","Bandage Up","Finesse","Panacea","hermit:GoldenBullet","hermit:Misfire+1","hermit:Midnight"],"relics":["hermit:Momento","NeowsBlessing","Strawberry","Pen Nib","Mercury Hourglass","Calling Bell","Lantern","InkBottle","Du-Vu Doll"],"acts_visited":["Exordium","TheCity"],"potions_floor_usage":[21,21,22,25],"damage_taken":[{"damage":0.0,"enemies":"Jaw Worm","floor":1.0,"turns":1.0},{"damage":0.0,"enemies":"Cultist","floor":5.0,"turns":1.0},{"damage":0.0,"enemies":"Gremlin Nob","floor":6.0,"turns":1.0},{"damage":0.0,"enemies":"Small Slimes","floor":8.0,"turns":2.0},{"damage":7.0,"enemies":"Blue Slaver","floor":10.0,"turns":3.0},{"damage":16.0,"enemies":"Lagavulin","floor":12.0,"turns":5.0},{"damage":5.0,"enemies":"Lots of Slimes","floor":13.0,"turns":2.0},{"damage":0.0,"enemies":"Looter","floor":14.0,"turns":2.0},{"damage":21,"enemies":"Hexaghost","floor":16,"turns":9},{"damage":6,"enemies":"Chosen","floor":18,"turns":4},{"damage":22,"enemies":"Shell Parasite","floor":19,"turns":5},{"damage":14,"enemies":"Centurion and Healer","floor":21,"turns":5},{"damage":3,"enemies":"Cultist and Chosen","floor":22,"turns":4},{"damage":8,"enemies":"Chosen and Byrds","floor":24,"turns":4},{"damage":38,"enemies":"Sentry and Sphere","floor":25,"turns":5}],"seed_played":"6736957412842187647","potions_obtained":[{"floor":4.0,"key":"LiquidBronze"},{"floor":4.0,"key":"SkillPotion"},{"floor":4.0,"key":"Energy Potion"},{"floor":19,"key":"Explosive Potion"},{"floor":24,"key":"Weak Potion"}],"is_trial":false,"path_per_floor":["M","?","?","?","M","E","R","M","T","M","R","E","M","M","R","B",null,"M","M","?","M","M","R","M","M"],"character_chosen":"HERMIT","items_purchased":[],"campfire_rested":1,"item_purchase_floors":[],"current_hp_per_floor":[75,79,68,68,68,68,68,68,68,61,61,45,40,40,40,19,82,76,54,18,4,5,29,25,0,0],"gold":566,"neow_bonus":"THREE_ENEMY_KILL","is_daily":false,"chose_seed":false,"campfire_upgraded":2,"win_rate":0.0,"timestamp":1610553318,"path_taken":["M","?","?","?","M","E","R","M","T","M","R","E","M","?","R","BOSS","M","M","?","M","M","R","?","M"],"items_purchased_type":[],"build_version":"2020-12-22","purchased_purges":0,"victory":false,"max_hp_per_floor":[75,82,82,82,82,82,82,82,82,82,82,82,82,82,82,82,82,82,82,82,82,82,82,82,82,82],"relic_stats":{"counters":[15,53],"Pen Nib":[10],"obtain_stats":[{"Calling Bell":17,"Du-Vu Doll":17,"Lantern":17,"NeowsBlessing":0,"Strawberry":2,"Pen Nib":6,"hermit:Momento":0,"InkBottle":17,"Mercury Hourglass":12},{"Calling Bell":9,"Du-Vu Doll":9,"Lantern":9,"NeowsBlessing":0,"Strawberry":1,"Pen Nib":3,"hermit:Momento":0,"InkBottle":9,"Mercury Hourglass":6},{"Calling Bell":26,"Du-Vu Doll":26,"Lantern":26,"NeowsBlessing":0,"Strawberry":1,"Pen Nib":3,"hermit:Momento":0,"InkBottle":26,"Mercury Hourglass":13}],"InkBottle":[9],"Mercury Hourglass":[120]},"card_choices":[{"not_picked":["hermit:Ricochet","hermit:HighCaliber"],"picked":"hermit:Headshot","floor":1.0},{"not_picked":["hermit:Deadeye","hermit:TrackingShot"],"picked":"hermit:SprayPray","floor":5.0},{"not_picked":["hermit:CalledShot","hermit:Desperado"],"picked":"hermit:WideOpen","floor":6.0},{"not_picked":["hermit:Headshot","hermit:Gestalt"],"picked":"hermit:LowProfile","floor":8.0},{"not_picked":["hermit:ItchyTrigger","hermit:Gambit"],"picked":"hermit:Quickdraw","floor":10.0},{"not_picked":["hermit:WideOpen","hermit:NoHoldsBarred"],"picked":"hermit:FlashPowder","floor":12.0},{"not_picked":["hermit:WideOpen","hermit:Maintenance"],"picked":"hermit:Misfire","floor":13.0},{"not_picked":["hermit:BodyArmor","hermit:LuckOfTheDraw"],"picked":"hermit:Brawl","floor":14.0},{"not_picked":["hermit:BlackWind","hermit:Dissolve"],"picked":"hermit:RoundhouseKick","floor":16},{"not_picked":["hermit:Quickdraw+1","hermit:Desperado"],"picked":"hermit:GoldenBullet","floor":18},{"not_picked":["hermit:HighCaliber","hermit:Cheat"],"picked":"hermit:Misfire","floor":19},{"not_picked":["hermit:LowProfile+1","hermit:PistolWhip"],"picked":"hermit:GoldenBullet","floor":21},{"not_picked":["hermit:Grudge","hermit:SprayPray"],"picked":"hermit:Misfire+1","floor":22},{"not_picked":["hermit:Headshot+1","hermit:HoleUp"],"picked":"hermit:Midnight","floor":24}],"player_experience":49890,"relics_obtained":[{"floor":6.0,"key":"Pen Nib"},{"floor":12.0,"key":"Mercury Hourglass"},{"floor":17,"key":"Lantern"},{"floor":17,"key":"InkBottle"},{"floor":17,"key":"Du-Vu Doll"}],"event_choices":[{"damage_healed":0.0,"max_hp_gain":0.0,"max_hp_loss":0.0,"gold_gain":0.0,"event_name":"Scrap Ooze","player_choice":"Success","floor":2.0,"gold_loss":0.0,"damage_taken":3.0,"relics_obtained":["Strawberry"]},{"damage_healed":0.0,"max_hp_gain":0.0,"max_hp_loss":0.0,"gold_gain":75.0,"event_name":"World of Goop","player_choice":"Gather Gold","floor":3.0,"gold_loss":0.0,"damage_taken":11.0},{"damage_healed":0.0,"max_hp_gain":0.0,"max_hp_loss":0.0,"gold_gain":0.0,"event_name":"Lab","player_choice":"Got Potions","floor":4.0,"gold_loss":0.0,"damage_taken":0.0},{"damage_healed":0,"gold_gain":0,"player_choice":"CARD CARD CARD CARD ","damage_taken":36,"max_hp_gain":0,"max_hp_loss":0,"event_name":"Knowing Skull","floor":20,"potions_obtained":[],"gold_loss":0,"cards_obtained":["Jack Of All Trades","Bandage Up","Finesse","Panacea"]}],"is_beta":false,"boss_relics":[{"not_picked":["Philosopher\u0027s Stone","Busted Crown"],"picked":"Calling Bell"}],"items_purged_floors":[],"is_endless":false,"potions_floor_spawned":[6,8,13,18,19,24],"killed_by":"Sentry and Sphere","ascension_level":0}}