{"host":"uiaocagxbjlinul0","time":1610568860,"event":{"mods":["100% Spire Juice","Act Like it!","BaseMod","Better Match","Block Reminder","CapriCore","ChefMod","Downfall","GifTheSpireLib","Hallownest","Hermit","Minty Spire (QoL Compilation)","Quick Restart","StSLib","Stuff the Spire","The Animator","The Bug Knight","The Marked","The Runesmith","The Spell Scribe","TheSwordswoman","Wandering Minibosses"],"gold_per_floor":[112,112,112,11,22,53,53,72,126,6,40,55,7,21,21,21,21],"floor_reached":16,"language":"ENG","playtime":602,"items_purged":[],"score":112,"play_id":"6c26d7ce-cbee-4111-8add-4ab16232f61c","local_time":"20210113121420","is_ascension_mode":false,"campfire_choices":[{"data":"Moonworks:Ambush","floor":10,"key":"SMITH"},{"data":"Moonworks:EvilSpyWorkPreparation","floor":15,"key":"SMITH"}],"circlet_count":0,"master_deck":["Moonworks:Strike","Moonworks:Strike","Moonworks:Strike","Moonworks:Defend","Moonworks:Defend","Moonworks:Defend","Moonworks:Ambush+1","Moonworks:LongDistanceShot","Moonworks:ImOnFire","Moonworks:CloudOfSeagulls","Moonworks:EvilSpyWorkPreparation+1","Moonworks:TreasureThief","Moonworks:CookingTime","Moonworks:CookingTime","Moonworks:SakisCookie","Moonworks:CookingTime"],"relics":["Moonworks:BrokenBomb","Moonworks:Homemark","NeowsBlessing","StuffTheSpire:CocoNut","Hallownest:DreamNailRelic","Blood Vial","StuffTheSpire:TintedRock"],"acts_visited":["Hallownest:Greenpath"],"potions_floor_usage":[6,8,11],"damage_taken":[{"damage":0,"enemies":"Hallownest:2_Tiktiks_and_1_Crawlid","floor":1,"turns":2},{"damage":0,"enemies":"2_ Uuma","floor":4,"turns":2},{"damage":0,"enemies":"Hallownest:2_MossCreeps","floor":5,"turns":1},{"damage":30,"enemies":"Hallownest:eliteMossKnight","floor":6,"turns":9},{"damage":5,"enemies":"Hallownest:monsterFoolEater","floor":8,"turns":4},{"damage":19,"enemies":"Hallownest:eliteCrystalGuardian","floor":11,"turns":5},{"damage":6,"enemies":"Hallownest:2_Tiktiks_1_Baldur_1_Crawlid","floor":12,"turns":2},{"damage":0,"enemies":"Hallownest:monsterMossCharger","floor":14,"turns":3},{"damage":40,"enemies":"Hallownest:BossBrokenVessel","floor":16,"turns":7}],"seed_played":"361447077683331489","potions_obtained":[{"floor":4,"key":"SneckoOil"},{"floor":5,"key":"PowerPotion"},{"floor":8,"key":"BlessingOfTheForge"}],"is_trial":false,"path_per_floor":["M","?","?","M","M","E","?","M","T","R","E","M","$","M","R","B"],"character_chosen":"THE_STARBREAKER","items_purchased":["Moonworks:SakisCookie"],"campfire_rested":0,"item_purchase_floors":[13],"current_hp_per_floor":[60,60,60,60,60,37,37,32,32,32,15,17,17,25,25,0,0],"gold":21,"neow_bonus":"THREE_ENEMY_KILL","is_daily":false,"chose_seed":false,"campfire_upgraded":2,"win_rate":0.0,"timestamp":1610568860,"path_taken":["M","?","?","?","M","E","?","?","T","R","E","M","$","?","R","BOSS"],"items_purchased_type":["Card"],"build_version":"2020-12-22","purchased_purges":0,"victory":false,"max_hp_per_floor":[60,60,60,60,60,67,67,67,67,67,67,67,67,67,67,67,67],"card_choices":[{"not_picked":["Moonworks:DeployBits","Moonworks:IndiscriminateFireSupport"],"picked":"Moonworks:ImOnFire","floor":1},{"not_picked":["Moonworks:Heat300Percent","Moonworks:NicePresent"],"picked":"Moonworks:CloudOfSeagulls","floor":4},{"not_picked":["Moonworks:Assault","Moonworks:SakisCookie"],"picked":"Moonworks:EvilSpyWorkPreparation","floor":5},{"not_picked":["Moonworks:Bloodlust","Moonworks:ImOnFire","Moonworks:NicePresent"],"picked":"SKIP","floor":6},{"not_picked":["Moonworks:CompletionReward","Moonworks:Bloodlust"],"picked":"Moonworks:TreasureThief","floor":8},{"not_picked":["Moonworks:DeployBits","Moonworks:BeyondHell"],"picked":"Moonworks:CookingTime","floor":11},{"not_picked":["Moonworks:ImOnFire","Moonworks:SakisCookie"],"picked":"Moonworks:CookingTime","floor":12},{"not_picked":["Moonworks:IntelligenceOfficer","Moonworks:UnluckyCharm"],"picked":"Moonworks:CookingTime","floor":14}],"player_experience":152506,"relics_obtained":[{"floor":6,"key":"StuffTheSpire:CocoNut"},{"floor":9,"key":"Blood Vial"},{"floor":11,"key":"StuffTheSpire:TintedRock"}],"event_choices":[],"is_beta":false,"boss_relics":[],"items_purged_floors":[],"is_endless":false,"potions_floor_spawned":[4,5,8],"killed_by":"Hallownest:BossBrokenVessel","ascension_level":0}}