{"host":"hl3ams4am2ku5u4p","time":1610578443,"event":{"mods":["Aspiration","BaseMod","Beaked The Cultist","BetterRewards","CatGirl Mod","Colored Map","Colored Powertips","Conspire","Downfall","Energized Spire","Halation","HornydragonMod","Hubris","Infinite Spire","Mad Scientist","Magitek Elite","Minty Spire (QoL Compilation)","READ ME - Guardian Mod","Replay The Spire","Spikes Relics","StSLib","SuperFastMode","The Blackbeard","The Bug Knight","The Construct","The Disciple","The Factory","The Jungle","The Mystic","The Necromancer","The Senshi","vexMod"],"gold_per_floor":[99,99,18,18,18,18,43,78,96,96,45,80,80,30,48,153,153,153,170,180,36,36,46,71,150,168,168,168,187,202,212,227,325,325,325,341,341,353,373,393,393,393,393,418,418,718,742,770,792,896],"floor_reached":51,"language":"FRA","playtime":3358,"items_purged":["Slimebound:ComboTackle","Slimebound:Tackle"],"score":711,"play_id":"4bb93f22-80bb-456d-8a66-2165b5254935","local_time":"20210113235403","is_ascension_mode":false,"campfire_choices":[{"data":"Slimebound:CorrosiveSpit","floor":1,"key":"SMITH"},{"data":"Slimebound:Nibble","floor":10,"key":"SMITH"},{"data":"Slimebound:TongueLash","floor":13,"key":"SMITH"},{"data":"Slimebound:Grow","floor":18,"key":"SMITH"},{"data":"expansioncontent:Chronoboost","floor":28,"key":"SMITH"},{"data":"Slimebound:WasteNot","floor":35,"key":"SMITH"},{"floor":42,"key":"REST"},{"floor":45,"key":"REST"}],"circlet_count":0,"master_deck":["Slimebound:Strike_Slimebound","Slimebound:Strike_Slimebound","Slimebound:Strike_Slimebound","Slimebound:Defend_Slimebound","Slimebound:Defend_Slimebound","Slimebound:Defend_Slimebound","Slimebound:Split","Slimebound:CorrosiveSpit+1","Slimebound:Teamwork+1","Slimebound:Schlurp","Slimebound:TongueLash+1","Slimebound:Schlurp","Slimebound:Nibble+1","Slimebound:RejuvenatingLick","Slimebound:Schlurp","Slimebound:GoopSpray+1","Slimebound:SplitAcid","Slimebound:Grow+1","Slimebound:MegaLick","Slimebound:SplitLeeching+1","Slimebound:TongueLash","Slimebound:AcidTongue","expansioncontent:Chronoboost+1","Slimebound:LevelUp+1","Slimebound:SpikyOuterGoop+1","Slimebound:WasteNot+1","Slimebound:SlimeSpikes+1","Slimebound:MassFeed"],"relics":["Slimebound:AbsorbEndCombat","downfall:HeartsMalice","Potion Belt","Bronze Scales","HornCleat","Golden_Hairpin","ReplayTheSpireMod:Ring of Challenge","Bag of Marbles","hubris:Towel","halation:ForbiddenBikini","Replay:Bandana"],"acts_visited":["Exordium","Exordium","theJungle:Jungle"],"potions_floor_usage":[16,26,32,33,40,40,50,50],"damage_taken":[{"damage":0,"enemies":"downfall:FleeingMerchant","floor":3,"turns":1},{"damage":0,"enemies":"2 Louse","floor":5,"turns":1},{"damage":0,"enemies":"3 Sentries","floor":8,"turns":1},{"damage":15,"enemies":"Jaw Worm","floor":9,"turns":3},{"damage":12,"enemies":"downfall:FleeingMerchant","floor":11,"turns":4},{"damage":13,"enemies":"Gremlin Nob","floor":12,"turns":3},{"damage":4,"enemies":"downfall:FleeingMerchant","floor":14,"turns":4},{"damage":6,"enemies":"conspire:RoseBush","floor":15,"turns":3},{"damage":36,"enemies":"downfall:Silent","floor":16,"turns":5},{"damage":17,"enemies":"theJungle:GiantWrat","floor":19,"turns":4},{"damage":7,"enemies":"theJungle:MUSHROOMGANG","floor":20,"turns":4},{"damage":11,"enemies":"downfall:FleeingMerchant","floor":21,"turns":4},{"damage":22,"enemies":"theJungle:2_Flameangoes","floor":23,"turns":5},{"damage":15,"enemies":"downfall:FleeingMerchant","floor":25,"turns":3},{"damage":19,"enemies":"theJungle:Lyon","floor":26,"turns":4},{"damage":12,"enemies":"theJungle:2_Snecko_Cultists","floor":29,"turns":3},{"damage":24,"enemies":"theJungle:JungleHuntersEncounter","floor":30,"turns":5},{"damage":12,"enemies":"Snake Plant","floor":31,"turns":3},{"damage":29,"enemies":"theJungle:2_Flameangoes","floor":32,"turns":4},{"damage":32,"enemies":"downfall:Defect","floor":33,"turns":7},{"damage":37,"enemies":"theFactory:4_Mini-Bots","floor":36,"turns":5},{"damage":12,"enemies":"theFactory:BigBot","floor":38,"turns":4},{"damage":69,"enemies":"theFactory:DefectiveSentry","floor":39,"turns":7},{"damage":35,"enemies":"theFactory:ShrapnelTosser","floor":40,"turns":7},{"damage":41,"enemies":"theFactory:Personnel_and_Big_Bot","floor":44,"turns":6},{"damage":20,"enemies":"theFactory:DecayingSentinel","floor":47,"turns":7},{"damage":48,"enemies":"theFactory:6_Mini-Bots","floor":48,"turns":5},{"damage":38,"enemies":"theFactory:Sentry and Guards","floor":49,"turns":7},{"damage":62,"enemies":"downfall:Ironclad","floor":50,"turns":12}],"seed_played":"-152479178946102935","potions_obtained":[{"floor":8,"key":"Slimebound:SlimedPotion"},{"floor":12,"key":"champ:CounterPotion"},{"floor":15,"key":"Elixir"},{"floor":19,"key":"Weak Potion"},{"floor":26,"key":"AttackPotion"},{"floor":31,"key":"Slimebound:SpawnSlimePotion"},{"floor":32,"key":"AttackPotion"},{"floor":36,"key":"SteroidPotion"},{"floor":38,"key":"ColorlessPotion"},{"floor":40,"key":"SpeedPotion"},{"floor":48,"key":"ColorlessPotion"},{"floor":50,"key":"champ:CounterPotion"}],"is_trial":false,"path_per_floor":["R","?","$","?","M","?","T","E","M","R","$","E","R","$","M","B",null,"R","M","M","$","?","M","T","$","M","?","R","M","M","M","M","B",null,"R","M","?","M","M","M","T","R","?","M","R","?","M","M","M","B",null],"character_chosen":"SLIMEBOUND","items_purchased":["Slimebound:TongueLash","Slimebound:GoopSpray+1","Slimebound:Grow","Slimebound:SplitLeeching","Slimebound:AcidTongue","expansioncontent:Chronoboost"],"campfire_rested":2,"item_purchase_floors":[3,11,14,21,25,25],"current_hp_per_floor":[60,60,60,60,60,60,60,60,53,53,60,60,60,60,60,46,60,60,53,60,60,60,56,56,55,49,49,49,60,56,60,45,47,60,60,60,60,56,19,22,22,40,40,39,57,57,60,38,30,44],"gold":896,"neow_bonus":"THREE_ENEMY_KILL","is_daily":false,"chose_seed":false,"campfire_upgraded":6,"win_rate":0.0,"timestamp":1610578443,"path_taken":["R","?","$","?","M","?","T","E","M","R","$","E","R","?","M","BOSS","R","M","M","$","?","M","T","$","M","?","R","M","M","M","M","BOSS","R","M","?","M","M","M","T","R","?","M","R","?","M","M","M","BOSS"],"items_purchased_type":["Card","Card","Card","Card","Card","Card"],"build_version":"2020-12-22","purchased_purges":2,"victory":true,"max_hp_per_floor":[60,60,60,60,60,60,60,60,60,60,60,60,60,60,60,60,60,60,60,60,60,60,60,60,60,60,60,60,60,60,60,60,60,60,60,60,60,60,60,60,60,60,60,60,60,60,60,60,60,60],"card_choices":[{"not_picked":["Slimebound:GoopSpray","Slimebound:RainOfGoop"],"picked":"Slimebound:Schlurp","floor":3},{"not_picked":["Slimebound:TongueLash","Slimebound:RollThrough"],"picked":"Slimebound:Schlurp","floor":5},{"not_picked":["Slimebound:SplitMire","Slimebound:LeechingTouch"],"picked":"Slimebound:Nibble","floor":8},{"not_picked":["Slimebound:GoopSpray","Slimebound:RollThrough"],"picked":"Slimebound:RejuvenatingLick","floor":9},{"not_picked":["Slimebound:SlimeBrawl","Slimebound:LivingWall"],"picked":"Slimebound:Schlurp","floor":11},{"not_picked":["Slimebound:RallyTheTroops","Slimebound:LeechEnergy","Slimebound:LeechingTouch"],"picked":"SKIP","floor":12},{"not_picked":["Slimebound:ForwardTackle","Slimebound:LeechingTouch"],"picked":"Slimebound:SplitAcid","floor":14},{"not_picked":["Slimebound:ViciousTackle","Slimebound:PressTheAttack","Slimebound:FormOfPuddle"],"picked":"SKIP","floor":15},{"not_picked":["Slimebound:ViciousTackle","Slimebound:PressTheAttack","Slimebound:FormOfPuddle"],"picked":"SKIP","floor":15},{"not_picked":["Slimebound:ViciousTackle+1","Slimebound:LeechingTouch"],"picked":"Slimebound:MegaLick","floor":19},{"not_picked":["Slimebound:LevelUp","Slimebound:LeechEnergy"],"picked":"Slimebound:ComboTackle","floor":20},{"not_picked":["Slimebound:RollThrough+1","Slimebound:Schlurp","Slimebound:Equalize"],"picked":"SKIP","floor":21},{"not_picked":["Slimebound:Overexert","Slimebound:Schlurp","Slimebound:ForwardTackle"],"picked":"SKIP","floor":23},{"not_picked":["Slimebound:LeechingTouch","Slimebound:SlimeSlap"],"picked":"Slimebound:TongueLash","floor":25},{"not_picked":["Slimebound:LeechingTouch","Slimebound:Equalize"],"picked":"Slimebound:LevelUp+1","floor":26},{"not_picked":["Slimebound:FirmFortitude+1","Slimebound:BestDefense","Slimebound:LeechEnergy"],"picked":"SKIP","floor":29},{"not_picked":["Slimebound:PressTheAttack","Slimebound:Repurpose+1","Slimebound:ForwardTackle"],"picked":"SKIP","floor":30},{"not_picked":["Slimebound:LivingWall","Slimebound:SplitMire","Slimebound:RollThrough"],"picked":"SKIP","floor":31},{"not_picked":["Slimebound:LeechingTouch","Slimebound:SplitMire"],"picked":"Slimebound:SpikyOuterGoop+1","floor":32},{"not_picked":["Slimebound:OneTwoCombo","Slimebound:MinionMaster"],"picked":"Slimebound:WasteNot","floor":33},{"not_picked":["Slimebound:SplitLeeching","Slimebound:LeechingTouch+1","Slimebound:PressTheAttack+1"],"picked":"SKIP","floor":36},{"not_picked":["Slimebound:DouseInSlime","Slimebound:Replication","Slimebound:FormOfPuddle+1"],"picked":"SKIP","floor":38},{"not_picked":["Slimebound:LeechEnergy+1","Slimebound:PressTheAttack","Slimebound:GoopTackle"],"picked":"SKIP","floor":39},{"not_picked":["Slimebound:Teamwork","Slimebound:Nibble"],"picked":"Slimebound:SlimeSpikes+1","floor":40},{"not_picked":["Slimebound:SplitMire+1","Slimebound:GrowthPunch","Slimebound:SlimeBrawl+1"],"picked":"SKIP","floor":44},{"not_picked":["Slimebound:BestDefense","Slimebound:Dissolve","Slimebound:TongueLash"],"picked":"SKIP","floor":47},{"not_picked":["Slimebound:SlimeBarrage+1","Slimebound:PrepareCrush","Slimebound:Schlurp+1"],"picked":"SKIP","floor":48},{"not_picked":["Slimebound:GrowthPunch+1","Slimebound:PressTheAttack+1","Slimebound:LeechEnergy+1"],"picked":"SKIP","floor":49},{"not_picked":["Slimebound:WasteNot","Slimebound:RallyTheTroops"],"picked":"Slimebound:MassFeed","floor":50}],"player_experience":9669,"relics_obtained":[{"floor":7,"key":"Potion Belt"},{"floor":8,"key":"Bronze Scales"},{"floor":12,"key":"HornCleat"},{"floor":22,"key":"ReplayTheSpireMod:Ring of Challenge"},{"floor":24,"key":"Bag of Marbles"},{"floor":41,"key":"Replay:Bandana"}],"event_choices":[{"damage_healed":0,"gold_gain":0,"player_choice":"Disagree","damage_taken":0,"max_hp_gain":0,"max_hp_loss":0,"event_name":"conspire:LoneGhost","floor":4,"gold_loss":0}],"is_beta":false,"boss_relics":[{"not_picked":["Coffee Dripper","Runic Dome"],"picked":"Golden_Hairpin"},{"not_picked":["Replay:Bronze Core","energizedSpire:MagnifyingGlass"],"picked":"halation:ForbiddenBikini"}],"items_purged_floors":[21,25],"is_endless":false,"potions_floor_spawned":[8,12,15,19,26,31,32,36,38,40,48,50],"ascension_level":0}}