{"host":"6swbl1yqdi8v28pk","time":1610497370,"event":{"mods":["AchievementEnabler","BaseMod","Colored Map","Minty Spire (QoL Compilation)","Quick Restart"],"gold_per_floor":[17,17,37,37,49,49,109,109,109,109,109],"floor_reached":10,"language":"SPA","playtime":354,"items_purged":[],"score":56,"play_id":"e60a7afc-872c-419f-807d-78090b80a3de","local_time":"20210112182250","is_ascension_mode":false,"campfire_choices":[{"data":"Dualcast","floor":6,"key":"SMITH"},{"data":"Sweeping Beam","floor":8,"key":"SMITH"}],"circlet_count":0,"master_deck":["Strike_B","Strike_B","Strike_B","Defend_B","Defend_B","Defend_B","Zap","Dualcast+1","Genetic Algorithm","Coolheaded","Regret","Coolheaded","Sweeping Beam+1"],"relics":["Cracked Core","Omamori","Pocketwatch","Blood Vial"],"acts_visited":["Exordium"],"potions_floor_usage":[10],"damage_taken":[{"damage":0,"enemies":"Cultist","floor":1,"turns":3},{"damage":0,"enemies":"Small Slimes","floor":3,"turns":3},{"damage":2,"enemies":"2 Louse","floor":5,"turns":3},{"damage":43,"enemies":"3 Sentries","floor":7,"turns":11},{"damage":39,"enemies":"Lagavulin","floor":10,"turns":6}],"seed_played":"4828373933816700270","potions_obtained":[{"floor":5,"key":"Strength Potion"}],"is_trial":false,"path_per_floor":["M","$","M","?","M","R","?","R","T","E"],"character_chosen":"DEFECT","items_purchased":[],"campfire_rested":0,"item_purchase_floors":[],"current_hp_per_floor":[75,75,75,75,73,73,30,30,30,0,0],"gold":109,"neow_bonus":"REMOVE_TWO","is_daily":false,"chose_seed":false,"campfire_upgraded":2,"win_rate":0.0,"timestamp":1610497370,"path_taken":["M","$","M","?","M","R","?","R","T","E"],"items_purchased_type":[],"build_version":"2020-12-22","purchased_purges":0,"victory":false,"max_hp_per_floor":[75,75,75,75,75,75,75,75,75,75,75],"card_choices":[{"not_picked":["Go for the Eyes","Barrage"],"picked":"Genetic Algorithm","floor":1},{"not_picked":["Reprogram","Go for the Eyes"],"picked":"Coolheaded","floor":3},{"not_picked":["Turbo","Gash"],"picked":"Coolheaded","floor":5},{"not_picked":["White Noise","Barrage"],"picked":"Sweeping Beam","floor":7}],"player_experience":136038,"relics_obtained":[{"floor":7,"key":"Pocketwatch"},{"floor":9,"key":"Blood Vial"}],"event_choices":[{"damage_healed":0,"gold_gain":0,"player_choice":"Box","damage_taken":0,"relics_obtained":["Omamori"],"max_hp_gain":0,"max_hp_loss":0,"event_name":"Big Fish","floor":4,"gold_loss":0,"cards_obtained":["Regret"]},{"damage_healed":0,"gold_gain":0,"player_choice":"Searched \u00271\u0027 times","damage_taken":0,"max_hp_gain":0,"max_hp_loss":0,"event_name":"Dead Adventurer","floor":7,"gold_loss":0}],"is_beta":false,"boss_relics":[],"items_purged_floors":[],"is_endless":false,"potions_floor_spawned":[5],"killed_by":"Lagavulin","ascension_level":0}}