{"host":"umc2kcp6syiz6ck1","time":1610511319,"event":{"mods":["Act Like it!","BaseMod","Colored Map","Colored Powertips","Downfall","Friendly Minions","Hallownest","Marisa????????","Minty Spire (QoL Compilation)","Prisma Mod","Quick Restart","StSLib","Td1madao Mod","The Animator","The Bug Knight","The Cursed","The Senshi"],"gold_per_floor":[114,129,147,163,176,203,222,237,237,237,161,91,91,101,101,197,197,213,133,11,25,25,25,57,69,94,94,94,94],"floor_reached":28,"language":"ENG","playtime":3741,"items_purged":[],"score":292,"play_id":"a198e6d6-2f9f-4cac-b2f6-86eaaf5607bc","local_time":"20210112221519","is_ascension_mode":false,"campfire_choices":[{"floor":13,"key":"REST"},{"data":"PrismaMod:ChloeCaladbolg","floor":15,"key":"SMITH"},{"floor":23,"key":"RECALL"}],"circlet_count":0,"master_deck":["PrismaMod:ChloeCommonAttack","PrismaMod:ChloeCommonAttack","PrismaMod:ChloeCommonAttack","PrismaMod:ChloeCommonAttack","PrismaMod:ChloeCommonAttack","PrismaMod:ChloeCommonDefend","PrismaMod:ChloeCommonDefend","PrismaMod:ChloeCommonDefend","PrismaMod:ChloeCommonDefend","PrismaMod:ChloeCommonDefend","PrismaMod:ChloeCheapAttack","PrismaMod:ChloeCheapDefend","PrismaMod:ChloeCaladbolg+1","PrismaMod:ChloeCheapAttackTwo","PrismaMod:ChloeCheapDefend","PrismaMod:ChloeExhaustOne","PrismaMod:ChloeCheapAttackTwo","PrismaMod:ChloeMaid","PrismaMod:ChloeCheapDefend","PrismaMod:ChloeCommonAOEAttack","PrismaMod:ChloeBetterTracePools","PrismaMod:ChloeCheapAttack","PrismaMod:ChloeCheapAttackTwo","PrismaMod:ChloeCheapDefendTwo","PrismaMod:ChloeDevil","PrismaMod:ChloeCommonAOEAttack+1","Hallownest:skillCityofTearsMap","PrismaMod:ChloeCheapAttackTwo","PrismaMod:ChloeExhaustOne","PrismaMod:ChloeCheapAttack","PrismaMod:ChloeDiscardRecovery+1","PrismaMod:ChloeCheapDefendTwo+1","PrismaMod:ChloeDiscardRecovery+1"],"relics":["PrismaMod:PrismaTraceOn","Orichalcum","Eternal Feather","Hallownest:DreamNailRelic","Hallownest:StagBellRelic1","SlaversCollar","StoneCalendar"],"acts_visited":["Exordium","Hallownest:Greenpath"],"potions_floor_usage":[6,16,24,25,28],"damage_taken":[{"damage":6,"enemies":"Hallownest:monsterHuskGuard","floor":1,"turns":5},{"damage":7,"enemies":"Hallownest:2_MossCreeps","floor":2,"turns":4},{"damage":10,"enemies":"Hallownest:2_Tiktiks_and_1_Crawlid","floor":3,"turns":4},{"damage":21,"enemies":"Hallownest:Guard_and_Warrior","floor":4,"turns":8},{"damage":0,"enemies":"Hallownest:monsterAspidMother","floor":5,"turns":6},{"damage":0,"enemies":"Hallownest:eliteVengeflyKing","floor":6,"turns":5},{"damage":0,"enemies":"Hallownest:monsterMossCharger","floor":7,"turns":4},{"damage":2,"enemies":"Hallownest:Wandering_and_Horned","floor":8,"turns":5},{"damage":2,"enemies":"Hallownest:monsterFoolEater","floor":14,"turns":4},{"damage":46,"enemies":"Hallownest:BossFalseKnight","floor":16,"turns":12},{"damage":4,"enemies":"Hallownest:Flukemon_and_Top","floor":18,"turns":5},{"damage":0,"enemies":"Hallownest:3_Youths","floor":21,"turns":4},{"damage":58,"enemies":"Hallownest:Nosk","floor":24,"turns":25},{"damage":5,"enemies":"Hallownest:2_Husk_Sentries","floor":25,"turns":4},{"damage":22,"enemies":"Hallownest:3_Mistakes","floor":28,"turns":3}],"seed_played":"6420989581431785079","potions_obtained":[{"floor":5,"key":"Block Potion"},{"floor":6,"key":"Energy Potion"},{"floor":7,"key":"ColorlessPotion"},{"floor":8,"key":"Dexterity Potion"},{"floor":24,"key":"DistilledChaos"}],"is_trial":false,"path_per_floor":["M","M","M","M","M","E","M","M","T","?","$","?","R","M","R","B",null,"M","?","$","M","?","R","E","M","T","?","M"],"character_chosen":"CHLOE","items_purchased":["PrismaMod:ChloeCheapAttack","PrismaMod:ChloeCheapAttackTwo","PrismaMod:ChloeCheapAttackTwo","PrismaMod:ChloeExhaustOne","PrismaMod:ChloeCheapAttack"],"campfire_rested":1,"item_purchase_floors":[11,11,20,20,20],"current_hp_per_floor":[69,62,52,31,31,31,34,32,32,32,32,32,66,64,75,29,75,73,73,73,75,75,75,19,16,16,16,0,0],"gold":94,"neow_bonus":"THREE_CARDS","is_daily":false,"chose_seed":false,"campfire_upgraded":1,"win_rate":0.0,"timestamp":1610511319,"path_taken":["M","M","M","M","M","E","M","M","T","?","$","?","R","M","R","BOSS","M","?","$","?","?","R","E","M","T","?","M"],"items_purchased_type":["Card","Card","Card","Card","Card"],"build_version":"2020-12-22","purchased_purges":0,"victory":false,"max_hp_per_floor":[75,75,75,75,75,75,75,75,75,75,75,75,75,75,75,75,75,75,75,75,75,75,75,75,75,75,75,75,75],"card_choices":[{"not_picked":["PrismaMod:ChloeCheapAttack","PrismaMod:ChloeCommonAOEAttack"],"picked":"PrismaMod:ChloeCaladbolg","floor":0},{"not_picked":["PrismaMod:ChloeDiscardRecovery","PrismaMod:ChloeCommonAOEAttack"],"picked":"PrismaMod:ChloeCheapAttackTwo","floor":1},{"not_picked":["PrismaMod:ChloeCheapDefendTwo","PrismaMod:ChloeCommonAOEAttack"],"picked":"PrismaMod:ChloeCheapDefend","floor":2},{"not_picked":["PrismaMod:ChloeDiscardRecovery","PrismaMod:ChloeCheapAttackTwo"],"picked":"PrismaMod:ChloeExhaustOne","floor":3},{"not_picked":["PrismaMod:ChloeCheapDefend","PrismaMod:ChloeMordred"],"picked":"PrismaMod:ChloeCheapAttackTwo","floor":4},{"not_picked":["PrismaMod:ChloeCheapAttackTwo","PrismaMod:ChloeCheapDefendTwo"],"picked":"PrismaMod:ChloeMaid","floor":5},{"not_picked":["PrismaMod:ChloeDiscardRecovery","PrismaMod:ChloeCheapAttackTwo"],"picked":"PrismaMod:ChloeCheapDefend","floor":6},{"not_picked":["PrismaMod:ChloeDiscardRecovery","PrismaMod:ChloeExhaustOne"],"picked":"PrismaMod:ChloeCommonAOEAttack","floor":7},{"not_picked":["PrismaMod:ChloeAnyPowerTrace","PrismaMod:ChloeCommonAOEAttack"],"picked":"PrismaMod:ChloeBetterTracePools","floor":8},{"not_picked":["PrismaMod:ChloeDiscardRecovery","PrismaMod:ChloeCheapDefend"],"picked":"PrismaMod:ChloeCheapDefendTwo","floor":14},{"not_picked":["PrismaMod:ChloeDoubleRelicSpeed","PrismaMod:ChloeAnyCommonTrace"],"picked":"PrismaMod:ChloeDevil","floor":16},{"not_picked":["PrismaMod:ChloeExhaustOne","PrismaMod:ChloeUncommonAOEAttack"],"picked":"PrismaMod:ChloeCommonAOEAttack+1","floor":18},{"not_picked":["PrismaMod:ChloeCommonAOEAttack","PrismaMod:ChloeHalloween"],"picked":"PrismaMod:ChloeDiscardRecovery+1","floor":21},{"not_picked":["PrismaMod:ChloeCheapDefend","PrismaMod:ChloeCheapAttack"],"picked":"PrismaMod:ChloeCheapDefendTwo+1","floor":24},{"not_picked":["PrismaMod:ChloeDevil","PrismaMod:ChloeCheapDefend+1"],"picked":"PrismaMod:ChloeDiscardRecovery+1","floor":25}],"player_experience":74754,"relics_obtained":[{"floor":6,"key":"Orichalcum"},{"floor":9,"key":"Eternal Feather"},{"floor":24,"key":"StoneCalendar"}],"event_choices":[],"is_beta":false,"boss_relics":[{"not_picked":["Empty Cage","Coffee Dripper"],"picked":"SlaversCollar"}],"items_purged_floors":[],"is_endless":false,"potions_floor_spawned":[5,6,7,8,24],"killed_by":"Hallownest:3_Mistakes","ascension_level":0}}