{"host":"msa0wxqjs3jv1k3j","time":1610526383,"event":{"mods":["AchievementEnabler","BaseMod","BetterRewards","Colored Map","Highlight Path","KOR Keyword Fix","Keyboard Shortcuts","Minty Spire (QoL Compilation)","Quick Restart","SuperFastMode","everything is the same but u backflip on backflip"],"gold_per_floor":[112,128,128,142,142,185,185,185,210,210,62,62,62,102,102,225,225,225,225,324,339,339,420,226,22,67,87,119,119,135,153,153,253,253,269,284,22,69,69,99,149,149,174,85,85,102,102,122,122,122],"floor_reached":51,"language":"KOR","playtime":2087,"items_purged":["Defend_P"],"score":799,"play_id":"4c8cda08-4ad9-4b9b-863d-a1d511d75c4a","local_time":"20210113172623","is_ascension_mode":false,"campfire_choices":[{"data":"Eruption","floor":8.0,"key":"SMITH"},{"floor":10.0,"key":"REST"},{"data":"Devotion","floor":12.0,"key":"SMITH"},{"floor":15.0,"key":"REST"},{"data":"Perseverance","floor":32,"key":"SMITH"},{"data":"Consecrate","floor":45,"key":"SMITH"},{"data":"Establishment","floor":47,"key":"SMITH"},{"floor":49,"key":"REST"}],"circlet_count":0,"master_deck":["Strike_P","Strike_P","Defend_P","Eruption+1","Vigilance","Crescendo","FlurryOfBlows","Adaptation","Devotion+1","Consecrate+1","Establishment+1","Prostrate","ClearTheMind","Perseverance+1","BattleHymn","DevaForm","FollowUp+1","WindmillStrike+1","Pray+1","Good Instincts","SandsOfTime+1"],"relics":["PureWater","Turnip","Bronze Scales","Torii","Bloody Idol","Happy Flower","Strawberry","MealTicket","Damaru","SlaversCollar","InkBottle","Vajra","PreservedInsect","Omamori","Ornamental Fan","Calling Bell","Pen Nib","White Beast Statue","Pocketwatch","Mummified Hand","TungstenRod","Toy Ornithopter","Peace Pipe","Ancient Tea Set"],"acts_visited":["Exordium","TheCity","TheBeyond"],"potions_floor_usage":[16,16,18,28,28,30,33,35,38,50,50],"damage_taken":[{"damage":0.0,"enemies":"Small Slimes","floor":1.0,"turns":2.0},{"damage":0.0,"enemies":"2 Louse","floor":2.0,"turns":2.0},{"damage":0.0,"enemies":"Cultist","floor":4.0,"turns":2.0},{"damage":37.0,"enemies":"Lagavulin","floor":6.0,"turns":7.0},{"damage":11.0,"enemies":"Gremlin Nob","floor":14.0,"turns":3.0},{"damage":26,"enemies":"Hexaghost","floor":16,"turns":6},{"damage":0,"enemies":"2 Thieves","floor":18,"turns":1},{"damage":12,"enemies":"Shell Parasite","floor":21,"turns":4},{"damage":23,"enemies":"Snecko","floor":27,"turns":6},{"damage":29,"enemies":"Gremlin Leader","floor":28,"turns":4},{"damage":21,"enemies":"Snake Plant","floor":30,"turns":4},{"damage":0,"enemies":"3 Cultists","floor":31,"turns":4},{"damage":20,"enemies":"Champ","floor":33,"turns":6},{"damage":24,"enemies":"3 Darklings","floor":35,"turns":4},{"damage":30,"enemies":"3 Shapes","floor":36,"turns":3},{"damage":45,"enemies":"2 Orb Walkers","floor":38,"turns":4},{"damage":12,"enemies":"Giant Head","floor":40,"turns":5},{"damage":7,"enemies":"Mind Bloom Boss Battle","floor":41,"turns":4},{"damage":14,"enemies":"3 Darklings","floor":46,"turns":4},{"damage":40,"enemies":"Transient","floor":48,"turns":5},{"damage":46,"enemies":"Donu and Deca","floor":50,"turns":7}],"seed_played":"4619358841965458844","potions_obtained":[{"floor":4.0,"key":"SmokeBomb"},{"floor":16,"key":"Ancient Potion"},{"floor":21,"key":"Ancient Potion"},{"floor":28,"key":"Weak Potion"},{"floor":31,"key":"ColorlessPotion"},{"floor":33,"key":"Explosive Potion"},{"floor":35,"key":"StancePotion"},{"floor":36,"key":"FearPotion"},{"floor":38,"key":"FearPotion"},{"floor":40,"key":"SmokeBomb"},{"floor":46,"key":"ColorlessPotion"},{"floor":48,"key":"SkillPotion"}],"is_trial":false,"path_per_floor":["M","M","?","M","?","E","?","R","T","R","$","R","?","E","R","B",null,"M","?","?","M","?","T","$","$","T","M","E","$","M","M","R","B",null,"M","M","$","?","?","E","?","?","T","$","R","M","R","M","R","B",null],"character_chosen":"WATCHER","items_purchased":["Turnip","Bronze Scales","EntropicBrew","Crescendo","MealTicket","Prostrate","Vajra","PreservedInsect","ClearTheMind","Mummified Hand","Good Instincts"],"campfire_rested":3,"item_purchase_floors":[0,0,0,0,11,24,24,25,25,37,44],"current_hp_per_floor":[72,72,54,54,54,17,22,22,29,54,54,54,47,36,61,35,84,84,84,84,72,72,77,84,84,84,66,42,57,41,46,46,31,84,65,40,55,15,73,66,64,64,69,73,73,64,64,29,50,14],"gold":122,"neow_bonus":"","is_daily":false,"chose_seed":false,"campfire_upgraded":5,"win_rate":0.0,"timestamp":1610526383,"path_taken":["M","M","?","M","?","E","?","R","T","R","$","R","?","E","R","BOSS","M","?","?","M","?","?","?","$","T","M","E","$","M","M","R","BOSS","M","M","$","?","?","E","?","?","T","$","R","M","R","?","R","BOSS"],"items_purchased_type":["Relic","Relic","Potion","Card","Relic","Card","Relic","Relic","Card","Relic","Card"],"build_version":"2020-12-22","purchased_purges":1,"victory":true,"max_hp_per_floor":[72,72,72,72,72,72,77,77,84,84,84,84,84,84,84,84,84,84,84,84,84,84,84,84,84,84,84,84,84,84,84,84,84,84,84,84,84,84,73,73,73,73,73,73,73,73,73,73,73,73],"card_choices":[{"not_picked":["Halt","ThirdEye"],"picked":"FlurryOfBlows","floor":1.0},{"not_picked":["PathToVictory","Protect"],"picked":"Adaptation","floor":2.0},{"not_picked":["Prostrate","BowlingBash","ReachHeaven"],"picked":"SKIP","floor":4.0},{"not_picked":["WaveOfTheHand","Collect"],"picked":"Devotion","floor":6.0},{"not_picked":["Fasting2","FlurryOfBlows"],"picked":"Consecrate","floor":14.0},{"not_picked":["Judgement","MasterReality"],"picked":"Establishment","floor":16},{"not_picked":["PathToVictory+1","CrushJoints","Sanctity"],"picked":"SKIP","floor":21},{"not_picked":["FlurryOfBlows+1","BowlingBash","Crescendo+1"],"picked":"SKIP","floor":27},{"not_picked":["Consecrate","InnerPeace","Protect"],"picked":"SKIP","floor":28},{"not_picked":["CutThroughFate","JustLucky+1"],"picked":"Perseverance","floor":30},{"not_picked":["EmptyFist","Swivel"],"picked":"BattleHymn","floor":31},{"not_picked":["Vault","LessonLearned"],"picked":"DevaForm","floor":33},{"not_picked":["Weave+1","Crescendo+1","Meditate+1"],"picked":"SKIP","floor":35},{"not_picked":["InnerPeace","BowlingBash+1"],"picked":"FollowUp+1","floor":36},{"not_picked":["InnerPeace","CutThroughFate"],"picked":"WindmillStrike+1","floor":38},{"not_picked":["Wallop","BattleHymn+1"],"picked":"Pray+1","floor":40},{"not_picked":["ThirdEye","Wireheading+1","Swivel"],"picked":"SKIP","floor":46},{"not_picked":["DevaForm","FollowUp"],"picked":"SandsOfTime+1","floor":48}],"player_experience":101490,"relics_obtained":[{"floor":6.0,"key":"Happy Flower"},{"floor":9.0,"key":"Strawberry"},{"floor":14.0,"key":"Damaru"},{"floor":23,"key":"InkBottle"},{"floor":26,"key":"Omamori"},{"floor":28,"key":"Ornamental Fan"},{"floor":34,"key":"Pen Nib"},{"floor":34,"key":"White Beast Statue"},{"floor":34,"key":"Pocketwatch"},{"floor":38,"key":"TungstenRod"},{"floor":40,"key":"Toy Ornithopter"},{"floor":41,"key":"Peace Pipe"},{"floor":43,"key":"Ancient Tea Set"}],"event_choices":[{"damage_healed":0.0,"max_hp_gain":0.0,"max_hp_loss":0.0,"gold_gain":0.0,"event_name":"Golden Idol","player_choice":"Take Damage","floor":3.0,"gold_loss":0.0,"damage_taken":18.0,"relics_obtained":["Golden Idol"]},{"cards_removed":["Strike_P"],"damage_healed":0.0,"max_hp_gain":0.0,"max_hp_loss":0.0,"gold_gain":0.0,"event_name":"Living Wall","player_choice":"Forget","floor":5.0,"gold_loss":0.0,"damage_taken":0.0},{"damage_healed":0.0,"max_hp_gain":5.0,"max_hp_loss":0.0,"gold_gain":0.0,"event_name":"Big Fish","player_choice":"Donut","floor":7.0,"gold_loss":0.0,"damage_taken":0.0},{"cards_removed":["Defend_P"],"damage_healed":0.0,"max_hp_gain":0.0,"max_hp_loss":0.0,"gold_gain":0.0,"event_name":"Golden Wing","player_choice":"Card Removal","floor":13.0,"gold_loss":0.0,"damage_taken":7.0},{"cards_removed":["Strike_P"],"damage_healed":0,"gold_gain":0,"player_choice":"Elegance","damage_taken":0,"max_hp_gain":0,"max_hp_loss":0,"event_name":"Back to Basics","floor":19,"gold_loss":0},{"damage_healed":0,"gold_gain":99,"player_choice":"Stole From Cult","damage_taken":0,"max_hp_gain":0,"max_hp_loss":0,"event_name":"Nest","floor":20,"gold_loss":0},{"damage_healed":0,"gold_gain":0,"player_choice":"Gave Idol","damage_taken":0,"relics_obtained":["Bloody Idol"],"max_hp_gain":0,"max_hp_loss":0,"event_name":"Forgotten Altar","floor":22,"relics_lost":["Golden Idol"],"gold_loss":0},{"damage_healed":0,"gold_gain":0,"player_choice":"Fight","damage_taken":0,"max_hp_gain":0,"max_hp_loss":0,"event_name":"Mysterious Sphere","floor":38,"gold_loss":0},{"damage_healed":73,"gold_gain":0,"player_choice":"Heal","damage_taken":0,"max_hp_gain":0,"max_hp_loss":11,"event_name":"The Moai Head","floor":39,"gold_loss":0},{"damage_healed":0,"gold_gain":0,"player_choice":"Fight","damage_taken":0,"max_hp_gain":0,"max_hp_loss":0,"event_name":"MindBloom","floor":41,"gold_loss":0},{"cards_removed":["Defend_P"],"damage_healed":0,"gold_gain":0,"player_choice":"Offered Basic","damage_taken":0,"max_hp_gain":0,"max_hp_loss":0,"event_name":"Bonfire Elementals","floor":42,"gold_loss":0}],"is_beta":false,"boss_relics":[{"not_picked":["Runic Dome","Ectoplasm"],"picked":"SlaversCollar"},{"not_picked":["SacredBark","Snecko Eye"],"picked":"Calling Bell"}],"items_purged_floors":[0],"is_endless":false,"potions_floor_spawned":[1,4,16,21,28,31,33,35,36,38,40,41,46,48],"ascension_level":0}}