{"host":"627up2rvtmm0cf0r","time":1610552934,"event":{"mods":["100% Spire Juice","ATMod(°¢èªMod)","Act Like it!","BaseMod","Better Vampires","CapriCore","Card Filter","Card Forge","Colored Powertips","DeckTracker","Dota2Spire","Energized Spire","Friendly Minions","Highlight Path","Infinite Spire","Jedi Mod","Marked Mod","Mimic Mod","Minty Spire (QoL Compilation)","MostiFishMod","Permanent Neow","Practice Mode","Quick Restart","Relic Stats","Shop Mod","Spicy Shops","StSLib","SuperFastMode","TestMod","The Marked","¡¾ÒÅÎï¿¨ÅÆ¡¿REMEMod","²ÐÁôÖ®Îï","óô»ðÖ¸ÄÏ"],"gold_per_floor":[114,114,124,144,156,188,188,113,138,138,155,189,200,234,234,339,389,401,432,347,373,382,382,398,123,173,173,268,307,415,487,256,439,448,485,577,577,621,170,170,170,264,289,329,384,421,466,508,214,239],"floor_reached":51,"language":"ZHS","playtime":2054,"items_purged":["Strike_B","Strike_B","Strike_B","Strike_B","Defend_B","Defend_B"],"score":991,"play_id":"27259bc6-589a-40f6-a714-dbb788f6851d","local_time":"20210113234854","is_ascension_mode":true,"campfire_choices":[{"data":"AT_ThreeBodyProblem","floor":7,"key":"SMITH"},{"data":"testmod-Superconductor","floor":15,"key":"SMITH"},{"data":"Recycle","floor":23,"key":"SMITH"},{"data":"Zap","floor":41,"key":"SMITH"}],"circlet_count":0,"master_deck":["Defend_B","Defend_B","Zap+1","Dualcast","AT_ThreeBodyProblem+1","testmod-Superconductor+1","Electrodynamics+1","Recycle+1","Defragment","AT_RightCognition+1","Coolheaded+1","AT_RightCognition+1","AT_ThunderBolt+1","MostiFishMod:Impulse+1","MostiFishMod:Overload","MostiFishMod:ActiveDefenseSystem","CurseOfTheBell"],"relics":["Cracked Core","Hammer of Thor","Seething Fire","Anvil of the Gods","DaveBox","testmod-TestBox","REME_ComplimentaryCards","AT_ATBox","NeowsBlessing","testmod-Register","DaCapo","SynthV:TestCard","CeramicFish","REME_PuzzleBoxRelic","testmod-Maize","Tiny House","Red Mask","Dota2Spire:DrumOfEndurance","Dota2Spire:EtherealBlade","AT_MibuBalloonWealth","Technique","infinitespire:Beetle Shell","Calling Bell","Oddly Smooth Stone","testmod-Justice","Dota2Spire:AssaultCuirass","Bag of Marbles","ImprovedEquipment","Toolbox","Juzu Bracelet","jedi:bottledfury","infinitespire:PuzzleCube"],"acts_visited":["Exordium","TheCity","TheBeyond"],"potions_floor_usage":[12,24,42],"damage_taken":[{"damage":0,"enemies":"Cultist","floor":1,"turns":1},{"damage":0,"enemies":"Small Slimes","floor":3,"turns":1},{"damage":0,"enemies":"2 Louse","floor":4,"turns":2},{"damage":0,"enemies":"Looter","floor":5,"turns":3},{"damage":26,"enemies":"Lagavulin","floor":6,"turns":8},{"damage":2,"enemies":"Gremlin Gang","floor":11,"turns":2},{"damage":0,"enemies":"Gremlin Nob","floor":12,"turns":1},{"damage":8,"enemies":"Red Slaver","floor":13,"turns":2},{"damage":33,"enemies":"Lagavulin","floor":14,"turns":6},{"damage":5,"enemies":"The Guardian","floor":16,"turns":9},{"damage":5,"enemies":"Chosen","floor":18,"turns":4},{"damage":24,"enemies":"Masked Bandits","floor":19,"turns":3},{"damage":6,"enemies":"Spheric Guardian","floor":21,"turns":3},{"damage":32,"enemies":"Centurion and Healer","floor":24,"turns":3},{"damage":2,"enemies":"3 Cultists","floor":28,"turns":3},{"damage":0,"enemies":"Snake Plant","floor":29,"turns":3},{"damage":26,"enemies":"Slavers","floor":30,"turns":3},{"damage":11,"enemies":"Shelled Parasite and Fungi","floor":31,"turns":4},{"damage":9,"enemies":"Collector","floor":33,"turns":8},{"damage":0,"enemies":"Orb Walker","floor":35,"turns":3},{"damage":0,"enemies":"3 Shapes","floor":36,"turns":1},{"damage":0,"enemies":"Spire Growth","floor":38,"turns":6},{"damage":0,"enemies":"Sphere and 2 Shapes","floor":42,"turns":3},{"damage":0,"enemies":"Maw","floor":44,"turns":7},{"damage":0,"enemies":"Giant Head","floor":45,"turns":6},{"damage":0,"enemies":"Transient","floor":46,"turns":5},{"damage":0,"enemies":"Writhing Mass","floor":47,"turns":4},{"damage":0,"enemies":"Spire Growth","floor":48,"turns":5},{"damage":0,"enemies":"Time Eater","floor":50,"turns":7}],"seed_played":"-1226017392759990301","potions_obtained":[{"floor":4,"key":"jedi:StrikingPotion"},{"floor":5,"key":"Dota2Spire:Clarity"},{"floor":14,"key":"Block Potion"},{"floor":16,"key":"jedi:coolantleak"},{"floor":24,"key":"testmod-SpacePotion"},{"floor":28,"key":"ColorlessPotion"},{"floor":30,"key":"PlaceholderMod:PlaceholderPotion"},{"floor":33,"key":"testmod-TestPotion"},{"floor":36,"key":"PotionOfCapacity"},{"floor":42,"key":"Fruit Juice"},{"floor":44,"key":"SpeedPotion"}],"is_trial":false,"path_per_floor":["M","$","M","M","M","E","R","$","T","$","M","E","M","E","R","B",null,"M","?","?","M","?","R","M","R","T","AVR","M","M","E","M","R","B",null,"M","M","?","M","$","AVR","R","M","T","M","E","M","M","M","R","B",null],"character_chosen":"DEFECT","items_purchased":["Dota2Spire:EtherealBlade","AT_ThunderBolt","MostiFishMod:Overload","Bag of Marbles","ImprovedEquipment","infinitespire:PuzzleCube"],"campfire_rested":0,"item_purchase_floors":[25,25,32,39,39,49],"current_hp_per_floor":[75,75,75,75,75,49,49,49,49,49,47,47,39,6,6,3,82,77,56,56,56,56,56,24,24,24,24,22,22,24,13,13,4,82,82,82,82,82,82,82,82,87,87,87,87,87,87,87,87,87],"gold":239,"neow_bonus":"THREE_ENEMY_KILL","is_daily":false,"chose_seed":false,"campfire_upgraded":4,"win_rate":0.0,"timestamp":1610552934,"path_taken":["M","?","?","M","?","E","R","$","T","$","M","E","M","E","R","BOSS","M","?","?","M","?","R","M","R","T","AVR","M","M","E","M","R","BOSS","M","?","?","?","?","AVR","R","M","T","M","E","M","M","M","R","BOSS"],"items_purchased_type":["Relic","Card","Card","Relic","Relic","Relic"],"build_version":"2020-12-22","purchased_purges":6,"victory":true,"max_hp_per_floor":[75,75,75,75,75,75,75,75,75,75,75,75,75,75,75,77,82,82,82,82,82,82,82,82,82,82,82,82,82,82,82,82,82,82,82,82,82,82,82,82,82,87,87,87,87,87,87,87,87,87],"relic_stats":{"counters":[29,116],"CeramicFish":81,"Juzu Bracelet":0,"obtain_stats":[{"AT_ATBox":0,"Tiny House":17,"DaveBox":0,"CeramicFish":9,"AT_MibuBalloonWealth":26,"Dota2Spire:DrumOfEndurance":20,"Hammer of Thor":0,"Juzu Bracelet":43,"jedi:bottledfury":45,"Dota2Spire:EtherealBlade":25,"Toolbox":40,"DaCapo":0,"Red Mask":19,"Dota2Spire:AssaultCuirass":34,"Cracked Core":0,"testmod-Maize":14,"testmod-TestBox":0,"NeowsBlessing":0,"testmod-Register":0,"ImprovedEquipment":39,"Oddly Smooth Stone":34,"infinitespire:Beetle Shell":30,"Seething Fire":0,"testmod-Justice":34,"Calling Bell":34,"SynthV:TestCard":1,"Anvil of the Gods":0,"Bag of Marbles":39,"Technique":27,"REME_PuzzleBoxRelic":12,"infinitespire:PuzzleCube":49,"REME_ComplimentaryCards":0},{"AT_ATBox":0,"Tiny House":10,"DaveBox":0,"CeramicFish":5,"AT_MibuBalloonWealth":14,"Dota2Spire:DrumOfEndurance":12,"Hammer of Thor":0,"Juzu Bracelet":23,"jedi:bottledfury":25,"Dota2Spire:EtherealBlade":14,"Toolbox":22,"DaCapo":0,"Red Mask":12,"Dota2Spire:AssaultCuirass":19,"Cracked Core":0,"testmod-Maize":9,"testmod-TestBox":0,"NeowsBlessing":0,"testmod-Register":0,"ImprovedEquipment":22,"Oddly Smooth Stone":19,"infinitespire:Beetle Shell":17,"Seething Fire":0,"testmod-Justice":19,"Calling Bell":19,"SynthV:TestCard":1,"Anvil of the Gods":0,"Bag of Marbles":22,"Technique":14,"REME_PuzzleBoxRelic":7,"infinitespire:PuzzleCube":28,"REME_ComplimentaryCards":0},{"AT_ATBox":0,"Tiny House":35,"DaveBox":0,"CeramicFish":15,"AT_MibuBalloonWealth":48,"Dota2Spire:DrumOfEndurance":42,"Hammer of Thor":0,"Juzu Bracelet":82,"jedi:bottledfury":95,"Dota2Spire:EtherealBlade":48,"Toolbox":79,"DaCapo":0,"Red Mask":42,"Dota2Spire:AssaultCuirass":69,"Cracked Core":0,"testmod-Maize":26,"testmod-TestBox":0,"NeowsBlessing":0,"testmod-Register":0,"ImprovedEquipment":79,"Oddly Smooth Stone":69,"infinitespire:Beetle Shell":57,"Seething Fire":0,"testmod-Justice":69,"Calling Bell":69,"SynthV:TestCard":1,"Anvil of the Gods":0,"Bag of Marbles":79,"Technique":48,"REME_PuzzleBoxRelic":18,"infinitespire:PuzzleCube":109,"REME_ComplimentaryCards":0}]},"card_choices":[{"not_picked":["Go for the Eyes","Coolheaded","Chill"],"picked":"SKIP","floor":1},{"not_picked":["Compile Driver","Gash","Turbo","AT_WarpDrive","Cold Snap"],"picked":"SKIP","floor":3},{"not_picked":["Undo","Turbo","Stack","Gash"],"picked":"Electrodynamics","floor":4},{"not_picked":["AT_StudyProgram","Rip and Tear","Cold Snap","Heatsinks","Loop"],"picked":"SKIP","floor":5},{"not_picked":["jedi:BurstFrost","AT_ThreeBodyProblem","jedi:hex","Go for the Eyes"],"picked":"Recycle","floor":6},{"not_picked":["jedi:spotbugs","MostiFishMod:GatherIntelligence","Ball Lightning","REME_DataAnalysis","Streamline"],"picked":"SKIP","floor":11},{"not_picked":["Beam Cell","AT_HeatAcrobatics","Cold Snap","Ball Lightning","Steam"],"picked":"SKIP","floor":12},{"not_picked":["Hologram","Darkness","MostiFishMod:ReprogramOld","MostiFishMod:PushDownKick","Hyperbeam"],"picked":"SKIP","floor":13},{"not_picked":["Rebound","AT_ThreeBodyProblem","Stack","jedi:spotbugs"],"picked":"Defragment","floor":14},{"not_picked":["MostiFishMod:StarOceanB","MostiFishMod:Hijack","AT_WaterDrop","MostiFishMod:Distribution"],"picked":"AT_RightCognition","floor":16},{"not_picked":["Barrage","Sweeping Beam+1","AT_WarpDrive+1","Hologram","Streamline"],"picked":"SKIP","floor":18},{"not_picked":["Conserve Battery","MostiFishMod:ATRI","Reinforced Body","AT_HeatAcrobatics"],"picked":"Coolheaded+1","floor":21},{"not_picked":["Go for the Eyes+1","Redo","Rebound","Gash+1","Melter"],"picked":"SKIP","floor":24},{"not_picked":["Hyperbeam","Steam","Chill","AT_HeatAcrobatics+1","Reprogram"],"picked":"SKIP","floor":28},{"not_picked":["Conserve Battery+1","Steam Power+1","Coolheaded","AT_RightCognition","Hologram"],"picked":"SKIP","floor":29},{"not_picked":["Hologram","Conserve Battery","MostiFishMod:PushDownKick+1","Ball Lightning","Coolheaded"],"picked":"SKIP","floor":30},{"not_picked":["MostiFishMod:PushDownKick+1","Compile Driver+1","Reinforced Body","BootSequence"],"picked":"MostiFishMod:Impulse","floor":31},{"not_picked":["Amplify","Meteor Strike","Machine Learning","jedi:readyaimfire"],"picked":"MostiFishMod:ActiveDefenseSystem","floor":33},{"not_picked":["Ball Lightning","Rebound","Self Repair+1","Compile Driver","Lockon"],"picked":"SKIP","floor":35},{"not_picked":["Force Field+1","Self Repair+1","Coolheaded+1","jedi:readyaimfire","Ball Lightning"],"picked":"SKIP","floor":36},{"not_picked":["Sweeping Beam+1","jedi:blockon+1","jedi:locknload","Reinforced Body","Barrage"],"picked":"SKIP","floor":38},{"not_picked":["Rebound","Compile Driver","Genetic Algorithm","Streamline","Hologram"],"picked":"SKIP","floor":42},{"not_picked":["Beam Cell","Sweeping Beam","Conserve Battery","jedi:BurstLightning","Leap+1"],"picked":"SKIP","floor":44},{"not_picked":["jedi:spotbugs+1","Undo","jedi:hex+1","Coolheaded","All For One"],"picked":"SKIP","floor":45},{"not_picked":["jedi:locknload+1","Beam Cell","jedi:BurstFrost","Doom and Gloom","Cold Snap+1"],"picked":"SKIP","floor":46},{"not_picked":["Gash+1","Sweeping Beam","Double Energy+1","Leap","Stack+1"],"picked":"SKIP","floor":47},{"not_picked":["Redo","MostiFishMod:PushDownKick","Stack+1","Sweeping Beam+1","jedi:spotbugs+1"],"picked":"SKIP","floor":48}],"player_experience":90380,"relics_obtained":[{"floor":1,"key":"SynthV:TestCard"},{"floor":9,"key":"CeramicFish"},{"floor":12,"key":"REME_PuzzleBoxRelic"},{"floor":14,"key":"testmod-Maize"},{"floor":19,"key":"Red Mask"},{"floor":26,"key":"AT_MibuBalloonWealth"},{"floor":30,"key":"infinitespire:Beetle Shell"},{"floor":34,"key":"Oddly Smooth Stone"},{"floor":34,"key":"testmod-Justice"},{"floor":34,"key":"Dota2Spire:AssaultCuirass"},{"floor":43,"key":"Juzu Bracelet"},{"floor":45,"key":"jedi:bottledfury"}],"event_choices":[{"damage_healed":0,"gold_gain":0,"player_choice":"Fought Bandits","damage_taken":0,"max_hp_gain":0,"max_hp_loss":0,"event_name":"Masked Bandits","floor":19,"gold_loss":0},{"damage_healed":0,"gold_gain":0,"player_choice":"Obtained Relic","damage_taken":0,"relics_obtained":["Dota2Spire:DrumOfEndurance"],"max_hp_gain":0,"max_hp_loss":0,"event_name":"Addict","floor":20,"gold_loss":85},{"damage_healed":0,"gold_gain":0,"player_choice":"Copied","damage_taken":0,"max_hp_gain":0,"max_hp_loss":0,"event_name":"Duplicator","floor":22,"gold_loss":0,"cards_obtained":["AT_RightCognition"]},{"damage_healed":0,"gold_gain":0,"player_choice":"Forge","damage_taken":0,"max_hp_gain":0,"max_hp_loss":0,"event_name":"Accursed Blacksmith","floor":37,"gold_loss":0,"cards_upgraded":["MostiFishMod:Impulse"]}],"is_beta":false,"boss_relics":[{"not_picked":["AT_MortalBlade","TimeKeys"],"picked":"Tiny House"},{"not_picked":["testmod-Recursion","testmod-Nine"],"picked":"Calling Bell"}],"items_purged_floors":[8,27,32,39,40,49],"is_endless":false,"potions_floor_spawned":[4,5,14,16,24,28,30,33,36,42,44,46,47],"ascension_level":1}}