{"host":"j4g6ia6asvpyu2b0","time":1610568000,"event":{"mods":["BaseMod","Colored Map","Minty Spire (QoL Compilation)","Permanent Neow","Quick Restart","Relic Stats","StSLib","Unceasing Turn Reminder"],"gold_per_floor":[117,192,207,226,301,301,301],"floor_reached":6,"language":"ENG","playtime":130,"items_purged":[],"score":56,"play_id":"ddb6d256-e2fe-4547-9c2c-72de7bd31396","local_time":"20210113130000","is_ascension_mode":true,"campfire_choices":[],"circlet_count":0,"master_deck":["AscendersBane","Strike_B","Strike_B","Strike_B","Strike_B","Defend_B","Defend_B","Defend_B","Defend_B","Zap","Dualcast","Coolheaded","Auto Shields","Gash"],"relics":["Cracked Core","Turnip"],"acts_visited":["Exordium"],"potions_floor_usage":[6],"damage_taken":[{"damage":2.0,"enemies":"2 Louse","floor":1.0,"turns":3.0},{"damage":0.0,"enemies":"Jaw Worm","floor":3.0,"turns":5.0},{"damage":0.0,"enemies":"Cultist","floor":4.0,"turns":4.0},{"damage":55,"enemies":"Gremlin Nob","floor":6,"turns":4}],"seed_played":"977906789202307514","potions_obtained":[{"floor":3.0,"key":"Strength Potion"}],"is_trial":false,"path_per_floor":["M","?","M","M","?","E"],"character_chosen":"DEFECT","items_purchased":[],"campfire_rested":0,"item_purchase_floors":[],"current_hp_per_floor":[48,37,37,37,30,0,0],"gold":301,"neow_bonus":"ONE_RARE_RELIC","is_daily":false,"chose_seed":false,"campfire_upgraded":0,"win_rate":0.0,"timestamp":1610568000,"path_taken":["M","?","M","M","?","E"],"items_purchased_type":[],"build_version":"2020-12-22","purchased_purges":0,"victory":false,"max_hp_per_floor":[75,75,75,75,75,75,75],"relic_stats":{"counters":[4,16],"Turnip":[0],"obtain_stats":[{"Turnip":0,"Cracked Core":0},{"Turnip":0,"Cracked Core":0},{"Turnip":0,"Cracked Core":0}]},"card_choices":[{"not_picked":["Heatsinks","Barrage"],"picked":"Coolheaded","floor":1.0},{"not_picked":["Barrage","Hologram"],"picked":"Auto Shields","floor":3.0},{"not_picked":["Heatsinks","Leap"],"picked":"Gash","floor":4.0}],"player_experience":835466,"relics_obtained":[],"event_choices":[{"damage_healed":0.0,"max_hp_gain":0.0,"max_hp_loss":0.0,"gold_gain":75.0,"event_name":"World of Goop","player_choice":"Gather Gold","floor":2.0,"gold_loss":0.0,"damage_taken":11.0},{"damage_healed":0,"gold_gain":75,"player_choice":"Touch","damage_taken":7,"max_hp_gain":0,"max_hp_loss":0,"event_name":"FaceTrader","floor":5,"gold_loss":0}],"is_beta":false,"boss_relics":[],"items_purged_floors":[],"is_endless":false,"potions_floor_spawned":[3],"killed_by":"Gremlin Nob","ascension_level":11}}