{"host":"n43wxkei7kulhi8o","time":1610508665,"event":{"mods":["BaseMod","Bestiary","Block Reminder","Colored Map","Curses Come First","Custom Start","Highlight Path","Minty Spire (QoL Compilation)","Quick Restart","Relic Stats","StSLib"],"gold_per_floor":[116,116,133,150,150,150,134,134,185,185,202,214,24,40,40,140,140],"floor_reached":16,"language":"ENG","playtime":490,"items_purged":[],"score":144,"play_id":"22d7ae5f-b4e4-4d8d-a5cc-5fa26a33874e","local_time":"20210112223105","is_ascension_mode":false,"campfire_choices":[{"data":"Zap","floor":6,"key":"SMITH"},{"data":"Go for the Eyes","floor":8,"key":"SMITH"},{"data":"Dualcast","floor":10,"key":"SMITH"},{"data":"Defragment","floor":15,"key":"SMITH"}],"circlet_count":0,"master_deck":["Strike_B","Strike_B","Strike_B","Defend_B","Defend_B","Defend_B","Defend_B","Zap+1","Dualcast+1","Sweeping Beam","Go for the Eyes+1","Capacitor","Core Surge","Streamline","Defragment+1","Coolheaded","Coolheaded","Double Energy","Creative AI"],"relics":["Cracked Core","Akabeko","Orrery"],"acts_visited":["Exordium"],"potions_floor_usage":[16],"damage_taken":[{"damage":1,"enemies":"Jaw Worm","floor":1,"turns":3},{"damage":1,"enemies":"Cultist","floor":3,"turns":3},{"damage":5,"enemies":"Small Slimes","floor":4,"turns":3},{"damage":5,"enemies":"Exordium Thugs","floor":7,"turns":4},{"damage":9,"enemies":"Blue Slaver","floor":11,"turns":2},{"damage":6,"enemies":"Exordium Wildlife","floor":12,"turns":2},{"damage":4,"enemies":"Looter","floor":14,"turns":3},{"damage":29,"enemies":"Slime Boss","floor":16,"turns":12}],"seed_played":"-4810614226852181321","potions_obtained":[{"floor":7,"key":"Block Potion"},{"floor":16,"key":"Dexterity Potion"}],"is_trial":false,"path_per_floor":["M","?","M","M","$","R","M","R","T","R","M","M","$","M","R","B"],"character_chosen":"DEFECT","items_purchased":["Defragment","Orrery"],"campfire_rested":0,"item_purchase_floors":[13,13],"current_hp_per_floor":[81,81,80,75,75,75,70,70,70,70,61,55,55,51,51,22,22],"gold":140,"neow_bonus":"TEN_PERCENT_HP_BONUS","is_daily":false,"chose_seed":false,"campfire_upgraded":4,"win_rate":0.0,"timestamp":1610508665,"path_taken":["M","?","M","?","?","R","M","R","T","R","M","M","$","?","R","BOSS"],"items_purchased_type":["Card","Relic"],"build_version":"2020-12-22","purchased_purges":0,"victory":false,"max_hp_per_floor":[82,82,82,82,82,82,82,82,82,82,82,82,82,82,82,82,82],"relic_stats":{"counters":[8,32],"obtain_stats":[{"Orrery":13,"Cracked Core":0,"Akabeko":9},{"Orrery":6,"Cracked Core":0,"Akabeko":4},{"Orrery":17,"Cracked Core":0,"Akabeko":13}]},"card_choices":[{"not_picked":["Turbo","Steam"],"picked":"Sweeping Beam","floor":1},{"not_picked":["Turbo","Beam Cell"],"picked":"Go for the Eyes","floor":3},{"not_picked":["Storm","Compile Driver"],"picked":"Capacitor","floor":4},{"not_picked":["Self Repair","Genetic Algorithm"],"picked":"Core Surge","floor":7},{"not_picked":["Turbo","Leap"],"picked":"Streamline","floor":11},{"not_picked":["Steam","Rainbow","Loop"],"picked":"SKIP","floor":12},{"not_picked":["Gash","Steam"],"picked":"Coolheaded","floor":13},{"not_picked":["Conserve Battery","Loop"],"picked":"Coolheaded","floor":13},{"not_picked":["Conserve Battery","Turbo"],"picked":"Double Energy","floor":13},{"not_picked":["Heatsinks","Chaos","Conserve Battery"],"picked":"SKIP","floor":14},{"not_picked":["Biased Cognition","Reboot"],"picked":"Creative AI","floor":16}],"player_experience":649459,"relics_obtained":[{"floor":9,"key":"Akabeko"}],"event_choices":[{"cards_removed":["Strike_B"],"damage_healed":0,"gold_gain":0,"player_choice":"Offered Basic","damage_taken":0,"max_hp_gain":0,"max_hp_loss":0,"event_name":"Bonfire Elementals","floor":2,"gold_loss":0}],"is_beta":false,"boss_relics":[],"items_purged_floors":[],"is_endless":false,"potions_floor_spawned":[7,16],"killed_by":"Slime Boss","ascension_level":0}}