{"host":"jl3raagrljzztomj","time":1610503491,"event":{"mods":["BaseMod","BetterRewards","Colored Map","Colored Powertips","Custom Start","Hermit","Highlight Path","Minty Spire (QoL Compilation)","Permanent Neow","StSLib","SuperFastMode"],"gold_per_floor":[118,118,118,129,146,179,179,212,212,212,212,287,287,316,316,446,446,484,484,484,519,554,622,622,636,659,608,608,643,682,716,716,842,842,863,863,897,198,238,238,258,292,343,419,419,419],"floor_reached":45,"language":"ENG","playtime":2149,"items_purged":[],"score":502,"play_id":"cec8bc02-ecac-47a0-b24a-dc0a44df7c64","local_time":"20210112200451","is_ascension_mode":false,"campfire_choices":[{"floor":7,"key":"REST"},{"floor":13,"key":"REST"},{"data":"hermit:DeadOrAlive","floor":15,"key":"SMITH"},{"floor":24,"key":"REST"},{"floor":28,"key":"REST"},{"floor":32,"key":"REST"},{"floor":40,"key":"REST"}],"circlet_count":0,"master_deck":["hermit:Strike_Hermit+1","hermit:Strike_Hermit+1","hermit:Strike_Hermit+1","hermit:Strike_Hermit+1","hermit:Defend_Hermit+1","hermit:Defend_Hermit+1","hermit:Defend_Hermit+1","hermit:Defend_Hermit+1","hermit:Snapshot","hermit:Covet","hermit:Grudge+1","hermit:Glare","Pain","hermit:Glare","hermit:DeadOrAlive+1","Injury","hermit:FromBeyond","hermit:Misfire+1","hermit:CursedWeapon","hermit:Glare+1","hermit:Deadeye+1","hermit:Dissolve","hermit:LoneWolf","hermit:Quickdraw+1","hermit:Misfire","hermit:GhostlyPresence+1","hermit:Adapt","hermit:SprayPray"],"relics":["hermit:Momento","Orichalcum","WarpedTongs","Kunai","Nunchaku","Mercury Hourglass","Golden Idol","Fusion Hammer","Anchor","Oddly Smooth Stone","Potion Belt","SlaversCollar","Lee\u0027s Waffle","Darkstone Periapt","Bottled Flame","Vajra","Toy Ornithopter"],"acts_visited":["Exordium","TheCity","TheBeyond"],"potions_floor_usage":[16,23,30,33,45,45],"damage_taken":[{"damage":5,"enemies":"Jaw Worm","floor":1,"turns":5},{"damage":0,"enemies":"2 Louse","floor":4,"turns":2},{"damage":0,"enemies":"Cultist","floor":5,"turns":3},{"damage":23,"enemies":"Lagavulin","floor":6,"turns":7},{"damage":22,"enemies":"Gremlin Nob","floor":8,"turns":5},{"damage":4,"enemies":"Blue Slaver","floor":14,"turns":3},{"damage":12,"enemies":"The Guardian","floor":16,"turns":12},{"damage":18,"enemies":"Chosen","floor":18,"turns":5},{"damage":1,"enemies":"2 Thieves","floor":21,"turns":3},{"damage":15,"enemies":"3 Cultists","floor":22,"turns":4},{"damage":39,"enemies":"Slavers","floor":23,"turns":4},{"damage":12,"enemies":"Shelled Parasite and Fungi","floor":25,"turns":6},{"damage":2,"enemies":"Chosen and Byrds","floor":29,"turns":4},{"damage":5,"enemies":"Centurion and Healer","floor":30,"turns":3},{"damage":3,"enemies":"Sentry and Sphere","floor":31,"turns":3},{"damage":37,"enemies":"Automaton","floor":33,"turns":10},{"damage":14,"enemies":"Orb Walker","floor":35,"turns":3},{"damage":11,"enemies":"3 Darklings","floor":37,"turns":5},{"damage":41,"enemies":"Maw","floor":39,"turns":8},{"damage":4,"enemies":"Spire Growth","floor":41,"turns":2},{"damage":8,"enemies":"Sphere and 2 Shapes","floor":42,"turns":4},{"damage":19,"enemies":"Reptomancer","floor":44,"turns":5},{"damage":45,"enemies":"Maw","floor":45,"turns":7}],"seed_played":"3812025172332866092","potions_obtained":[{"floor":6,"key":"SmokeBomb"},{"floor":14,"key":"Swift Potion"},{"floor":16,"key":"Regen Potion"},{"floor":23,"key":"AttackPotion"},{"floor":25,"key":"ColorlessPotion"},{"floor":30,"key":"Explosive Potion"},{"floor":31,"key":"Strength Potion"},{"floor":39,"key":"BlessingOfTheForge"}],"is_trial":false,"path_per_floor":["M","?","?","M","M","E","R","E","T","?","?","?","R","M","R","B",null,"M","$","?","M","M","E","R","M","T","?","R","M","M","M","R","B",null,"M","?","M","$","M","R","M","M","T","E","M"],"character_chosen":"HERMIT","items_purchased":["hermit:Misfire","Lee\u0027s Waffle","Darkstone Periapt","Bottled Flame"],"campfire_rested":6,"item_purchase_floors":[38,38,38,38],"current_hp_per_floor":[70,63,63,63,63,40,62,40,40,40,40,29,51,47,47,35,75,57,57,57,56,41,11,33,21,21,21,43,41,36,33,55,18,75,61,61,50,82,41,65,61,53,53,34,0,0],"gold":419,"neow_bonus":"THREE_CARDS","is_daily":false,"chose_seed":false,"campfire_upgraded":1,"win_rate":0.0,"timestamp":1610503491,"path_taken":["M","?","?","?","M","E","R","E","T","?","?","?","R","M","R","BOSS","M","$","?","M","M","E","R","M","T","?","R","?","M","M","R","BOSS","M","?","M","$","M","R","M","M","T","E","?"],"items_purchased_type":["Card","Relic","Relic","Relic"],"build_version":"2020-12-22","purchased_purges":0,"victory":false,"max_hp_per_floor":[75,75,75,75,75,75,75,75,75,75,75,75,75,75,75,75,75,75,75,75,75,75,75,75,75,75,75,75,75,75,75,75,75,75,75,75,75,82,82,82,82,82,82,82,82,82],"card_choices":[{"not_picked":["hermit:Quickdraw","hermit:Glare"],"picked":"hermit:Grudge","floor":0},{"not_picked":["hermit:LowProfile","hermit:Dive"],"picked":"hermit:Glare","floor":1},{"not_picked":["hermit:Dive","hermit:Roulette","hermit:NoHoldsBarred"],"picked":"SKIP","floor":4},{"not_picked":["hermit:OverwhelmingPower","hermit:TrackingShot","hermit:Shortfuse"],"picked":"SKIP","floor":5},{"not_picked":["hermit:LowProfile","hermit:Headshot"],"picked":"hermit:Glare","floor":6},{"not_picked":["hermit:LuckOfTheDraw","hermit:WideOpen"],"picked":"hermit:DeadOrAlive","floor":8},{"not_picked":["hermit:Glare","hermit:Desperado","hermit:Manifest"],"picked":"SKIP","floor":14},{"not_picked":["hermit:HeroicBravado","hermit:HighNoon"],"picked":"hermit:FromBeyond","floor":16},{"not_picked":["hermit:Manifest","hermit:BodyArmor"],"picked":"hermit:Misfire+1","floor":18},{"not_picked":["hermit:Vantage+1","hermit:Coalescence+1"],"picked":"hermit:CursedWeapon","floor":21},{"not_picked":["hermit:GoldenBullet","hermit:Dive","hermit:Combo"],"picked":"SKIP","floor":22},{"not_picked":["hermit:LuckOfTheDraw","hermit:TakeCover","hermit:LowProfile+1"],"picked":"SKIP","floor":23},{"not_picked":["hermit:Virtue","hermit:NoHoldsBarred+1","hermit:TakeAim"],"picked":"SKIP","floor":25},{"not_picked":["hermit:LowProfile","hermit:Manifest"],"picked":"hermit:Glare+1","floor":29},{"not_picked":["hermit:Glare","hermit:WideOpen"],"picked":"hermit:Deadeye+1","floor":30},{"not_picked":["hermit:Snipe","hermit:Desperado","hermit:EyeOfTheStorm"],"picked":"SKIP","floor":31},{"not_picked":["hermit:RoundhouseKick","hermit:HeroicBravado"],"picked":"hermit:Dissolve","floor":33},{"not_picked":["hermit:GoldenBullet","hermit:Manifest","hermit:BodyArmor+1"],"picked":"SKIP","floor":35},{"not_picked":["hermit:PistolWhip","hermit:Scavenge+1"],"picked":"hermit:Quickdraw+1","floor":37},{"not_picked":["hermit:Brawl+1","hermit:Glare"],"picked":"hermit:GhostlyPresence+1","floor":39},{"not_picked":["hermit:TrackingShot+1","hermit:CursedWeapon+1"],"picked":"hermit:Adapt","floor":41},{"not_picked":["hermit:HoleUp","hermit:CalledShot","hermit:Vantage+1"],"picked":"SKIP","floor":42},{"not_picked":["hermit:Feint","hermit:Determination"],"picked":"hermit:SprayPray","floor":44}],"player_experience":911609,"relics_obtained":[{"floor":6,"key":"Kunai"},{"floor":8,"key":"Nunchaku"},{"floor":9,"key":"Mercury Hourglass"},{"floor":23,"key":"Anchor"},{"floor":26,"key":"Oddly Smooth Stone"},{"floor":43,"key":"Vajra"},{"floor":44,"key":"Toy Ornithopter"}],"event_choices":[{"damage_healed":0,"gold_gain":0,"player_choice":"Success","damage_taken":7,"relics_obtained":["Orichalcum"],"max_hp_gain":0,"max_hp_loss":0,"event_name":"Scrap Ooze","floor":2,"gold_loss":0},{"damage_healed":0,"gold_gain":0,"player_choice":"Rummage","damage_taken":0,"relics_obtained":["WarpedTongs"],"max_hp_gain":0,"max_hp_loss":0,"event_name":"Accursed Blacksmith","floor":3,"gold_loss":0,"cards_obtained":["Pain"]},{"damage_healed":0,"gold_gain":0,"player_choice":"Take Wound","damage_taken":0,"relics_obtained":["Golden Idol"],"max_hp_gain":0,"max_hp_loss":0,"event_name":"Golden Idol","floor":10,"gold_loss":0,"cards_obtained":["Injury"]},{"damage_healed":0,"gold_gain":0,"player_choice":"Grow","damage_taken":0,"max_hp_gain":0,"max_hp_loss":0,"event_name":"Living Wall","floor":11,"gold_loss":0,"cards_upgraded":["hermit:Grudge"]},{"damage_healed":0,"gold_gain":75,"player_choice":"Gather Gold","damage_taken":11,"max_hp_gain":0,"max_hp_loss":0,"event_name":"World of Goop","floor":12,"gold_loss":0},{"damage_healed":0,"gold_gain":0,"player_choice":"Simplicity","damage_taken":0,"max_hp_gain":0,"max_hp_loss":0,"event_name":"Back to Basics","floor":20,"gold_loss":0,"cards_upgraded":["hermit:Strike_Hermit","hermit:Strike_Hermit","hermit:Strike_Hermit","hermit:Strike_Hermit","hermit:Defend_Hermit","hermit:Defend_Hermit","hermit:Defend_Hermit","hermit:Defend_Hermit"]},{"damage_healed":0,"gold_gain":0,"player_choice":"Paid Gold","damage_taken":0,"relics_obtained":["Potion Belt"],"max_hp_gain":0,"max_hp_loss":0,"event_name":"WeMeetAgain","floor":27,"gold_loss":51},{"damage_healed":0,"gold_gain":0,"player_choice":"1 cards matched","damage_taken":0,"max_hp_gain":0,"max_hp_loss":0,"event_name":"Match and Keep!","floor":36,"gold_loss":0,"cards_obtained":["hermit:LoneWolf"]}],"is_beta":false,"boss_relics":[{"not_picked":["hermit:ClaspedLocket","Tiny House"],"picked":"Fusion Hammer"},{"not_picked":["SacredBark","Runic Pyramid"],"picked":"SlaversCollar"}],"items_purged_floors":[],"is_endless":false,"potions_floor_spawned":[6,14,16,23,25,30,31,39],"killed_by":"Maw","ascension_level":0}}