{"host":"oigynbtg272c19pw","time":1610563687,"event":{"mods":["BaseMod","Colored Map","Minty Spire (QoL Compilation)","Relic Stats","StSLib"],"gold_per_floor":[109,121,46,46,66,101,101,21,73,73,73,73],"floor_reached":11,"playtime":368,"items_purged":["Strike_R","Strike_R"],"score":142,"play_id":"5253e430-0816-4ece-9420-1e6cb2f3fa33","local_time":"20210113194807","is_ascension_mode":true,"campfire_choices":[{"data":"Searing Blow","floor":7,"key":"SMITH"}],"circlet_count":0,"master_deck":["AscendersBane","Strike_R","Strike_R","Strike_R","Defend_R","Defend_R+1","Defend_R","Defend_R","Bash","Searing Blow+1","True Grit+1","Bloodletting","Feed","True Grit"],"relics":["Burning Blood","Art of War","Smiling Mask"],"acts_visited":["Exordium"],"potions_floor_usage":[6,11,11],"damage_taken":[{"damage":5,"enemies":"Small Slimes","floor":1,"turns":5},{"damage":11,"enemies":"Jaw Worm","floor":2,"turns":4},{"damage":0,"enemies":"Cultist","floor":5,"turns":3},{"damage":32,"enemies":"Gremlin Nob","floor":6,"turns":4},{"damage":23,"enemies":"3 Sentries","floor":11,"turns":7}],"seed_played":"1726650812300630341","potions_obtained":[{"floor":1,"key":"SpeedPotion"},{"floor":2,"key":"GamblersBrew"},{"floor":6,"key":"Block Potion"}],"is_trial":false,"path_per_floor":["M","M","$","?","M","E","R","$","T","?","E"],"character_chosen":"IRONCLAD","items_purchased":["True Grit"],"campfire_rested":0,"item_purchase_floors":[8],"current_hp_per_floor":[69,64,64,41,47,21,21,21,21,21,0,0],"gold":73,"neow_bonus":"RANDOM_COMMON_RELIC","is_daily":false,"chose_seed":false,"campfire_upgraded":1,"win_rate":0.0,"timestamp":1610563687,"path_taken":["M","M","$","?","M","E","R","$","T","?","E"],"items_purchased_type":["Card"],"build_version":"2020-12-13","purchased_purges":2,"victory":false,"max_hp_per_floor":[75,75,75,75,75,75,75,75,75,75,75,75],"relic_stats":{"counters":[5,23],"Art of War":[2],"Smiling Mask":50,"obtain_stats":[{"Art of War":0,"Smiling Mask":6,"Burning Blood":0},{"Art of War":0,"Smiling Mask":4,"Burning Blood":0},{"Art of War":0,"Smiling Mask":16,"Burning Blood":0}],"Burning Blood":24},"card_choices":[{"not_picked":["Whirlwind","Havoc"],"picked":"Searing Blow","floor":1},{"not_picked":["Wild Strike","Cleave"],"picked":"True Grit","floor":2},{"not_picked":["Anger","Wild Strike"],"picked":"Bloodletting","floor":5},{"not_picked":["Hemokinesis","Intimidate"],"picked":"Feed","floor":6}],"player_experience":1381689,"relics_obtained":[{"floor":6,"key":"Smiling Mask"}],"event_choices":[{"damage_healed":0,"gold_gain":0,"player_choice":"Entered Light","damage_taken":23,"max_hp_gain":0,"max_hp_loss":0,"event_name":"Shining Light","floor":4,"gold_loss":0,"cards_upgraded":["True Grit","Defend_R"]},{"damage_healed":0,"gold_gain":0,"player_choice":"Ignored","damage_taken":0,"max_hp_gain":0,"max_hp_loss":0,"event_name":"Liars Game","floor":10,"gold_loss":0}],"is_beta":false,"boss_relics":[],"items_purged_floors":[3,8],"is_endless":false,"potions_floor_spawned":[1,2,6],"killed_by":"3 Sentries","ascension_level":20}}