{"host":"y36bp6mnm73x3iob","time":1610547003,"event":{"mods":["2.2 Compatiblity","Aspiration","BaseMod","Downfall","GifTheSpireLib","Hermit","Hubris","Marisa????????","Minty Spire (QoL Compilation)","Replay The Spire","Retaliation","StSLib","Stuff the Spire","The Cursed","The Disciple","The Servant 0.9.4"],"gold_per_floor":[114,94,110,110,110,110,130,94,94,94,94,109,49,78,78,176,176,193,103,116,116,116,116],"floor_reached":22,"language":"ENG","playtime":684,"items_purged":[],"score":209,"play_id":"647859e5-93ed-4edf-b6e8-2d8ca42cee1a","local_time":"20210113161003","is_ascension_mode":true,"campfire_choices":[{"data":"Perfected Strike","floor":6,"key":"SMITH"},{"data":"Massacre","floor":10,"key":"SMITH"}],"circlet_count":0,"master_deck":["Strike_R","Strike_R","Strike_R","Strike_R","Strike_R","Defend_R","Defend_R","Defend_R","Defend_R","Bash+1","Headbutt","Perfected Strike+1","Clothesline","Massacre+1","DDmod:BurningFumesPowerCard","White Noise","White Noise+1","Bludgeon","Demon Form","AbeCurse","ReplayTheSpireMod:Muscle Training","Spot Weakness"],"relics":["Burning Blood","aspiration:Nostalgia","m_SnakeBloodCore","hubris:BottledRain","Ornamental Fan","WarpedTongs","hubris:FunFungus","Abe\u0027s Treasure","Quantum Egg"],"acts_visited":["Exordium","TheCity"],"potions_floor_usage":[14,18,18],"damage_taken":[{"damage":17,"enemies":"Jaw Worm","floor":1,"turns":5},{"damage":1,"enemies":"Cultist","floor":3,"turns":3},{"damage":8,"enemies":"Small Slimes","floor":7,"turns":3},{"damage":10,"enemies":"Red Slaver","floor":12,"turns":3},{"damage":44,"enemies":"Gremlin Nob","floor":14,"turns":3},{"damage":40,"enemies":"Slime Boss","floor":16,"turns":10},{"damage":0,"enemies":"Chosen","floor":18,"turns":2},{"damage":53,"enemies":"3 Byrds","floor":20,"turns":6},{"damage":42,"enemies":"Cultist and Chosen","floor":22,"turns":5}],"seed_played":"-5228812095207245341","potions_obtained":[{"floor":1,"key":"EssenceOfSteel"},{"floor":2,"key":"Reflective Coating"},{"floor":3,"key":"Swift Potion"},{"floor":14,"key":"champ:CounterPotion"},{"floor":16,"key":"champ:CounterPotion"}],"is_trial":false,"path_per_floor":["M","?","M","T","?","R","M","$","T","R","?","M","$","E","R","B",null,"M","?","M","T","M"],"character_chosen":"IRONCLAD","items_purchased":["Massacre","White Noise"],"campfire_rested":0,"item_purchase_floors":[8,13],"current_hp_per_floor":[72,72,80,80,80,80,80,80,80,80,80,79,79,44,68,38,80,80,80,36,36,0,0],"gold":116,"neow_bonus":"NOSTALGIA","is_daily":false,"chose_seed":false,"campfire_upgraded":2,"win_rate":0.0,"timestamp":1610547003,"path_taken":["M","?","?","?","?","R","?","$","T","R","?","?","?","E","R","BOSS","M","?","?","?","M"],"items_purchased_type":["Card","Card"],"build_version":"2020-12-22","purchased_purges":0,"victory":false,"max_hp_per_floor":[80,80,80,80,80,80,80,80,80,80,80,80,80,80,80,80,80,80,80,80,80,80,80],"card_choices":[{"not_picked":["ReplayTheSpireMod:LeadingStrike","Ghostly Armor"],"picked":"Headbutt","floor":1},{"not_picked":["Warcry","DDmod:RapidStrikeAttack"],"picked":"Perfected Strike","floor":3},{"not_picked":["StuffTheSpire:Slingshot","Iron Wave"],"picked":"Clothesline","floor":7},{"not_picked":["Iron Wave","ReplayTheSpireMod:Strike From Hell"],"picked":"DDmod:BurningFumesPowerCard","floor":12},{"not_picked":["Armaments","StuffTheSpire:RockThrow"],"picked":"Bludgeon","floor":14},{"not_picked":["Juggernaut","Burst"],"picked":"Demon Form","floor":16},{"not_picked":["Blood for Blood+1","Entrench"],"picked":"ReplayTheSpireMod:Muscle Training","floor":18},{"not_picked":["True Grit","Wild Strike"],"picked":"Spot Weakness","floor":20}],"player_experience":473588,"relics_obtained":[{"floor":4,"key":"hubris:BottledRain"},{"floor":9,"key":"Ornamental Fan"},{"floor":14,"key":"hubris:FunFungus"},{"floor":21,"key":"Quantum Egg"}],"event_choices":[{"damage_healed":0,"gold_gain":0,"player_choice":"Bought 1 Potion","damage_taken":0,"max_hp_gain":0,"max_hp_loss":0,"event_name":"The Woman in Blue","floor":2,"gold_loss":0},{"damage_healed":0,"gold_gain":0,"player_choice":"Ignored","damage_taken":0,"max_hp_gain":0,"max_hp_loss":0,"event_name":"Purifier","floor":5,"gold_loss":0},{"damage_healed":0,"gold_gain":0,"player_choice":"Rummage","damage_taken":0,"relics_obtained":["WarpedTongs"],"max_hp_gain":0,"max_hp_loss":0,"event_name":"Accursed Blacksmith","floor":11,"gold_loss":0,"cards_obtained":["Pain"]},{"cards_removed":["Pain"],"damage_healed":0,"gold_gain":0,"player_choice":"Upgrade and Remove","damage_taken":0,"max_hp_gain":0,"max_hp_loss":0,"event_name":"Designer","floor":19,"gold_loss":90,"cards_upgraded":["Bash"]}],"is_beta":false,"boss_relics":[{"not_picked":["Runic Dome","StuffTheSpire:RunicConfusion"],"picked":"Abe\u0027s Treasure"}],"items_purged_floors":[],"is_endless":false,"potions_floor_spawned":[1,3,14,16],"killed_by":"Cultist and Chosen","ascension_level":3}}