{"host":"7k7fhzlbqzyu5ijh","time":1610513195,"event":{"mods":["AchievementEnabler","BaseMod","Bestiary","Colored Powertips","Filter the Spire","Highlight Path","Minty Spire (QoL Compilation)","Potion Indicator Mod","RNG Fix","Relic Stats"],"gold_per_floor":[111,122,297,297,26,26,69,69,93,136,174,187,220,243,243,366,366,385,484,484,502,417,451,467,487,487,41,41,79,79,97,97,227,227,247,272,297,297,313,353,353,179,179,222,222,258,258,258,258,258,258],"floor_reached":50,"language":"ENG","playtime":3618,"items_purged":["Doubt","Strike_G","Defend_G"],"score":917,"play_id":"eec430dd-2f3d-49ad-ab97-b1c31780f129","local_time":"20210112234635","is_ascension_mode":true,"campfire_choices":[{"data":"Neutralize","floor":6,"key":"SMITH"},{"data":"Masterful Stab","floor":8,"key":"SMITH"},{"data":"Survivor","floor":15,"key":"SMITH"},{"data":"Terror","floor":28,"key":"SMITH"},{"data":"Envenom","floor":30,"key":"SMITH"},{"data":"Adrenaline","floor":32,"key":"SMITH"},{"data":"Dodge and Roll","floor":41,"key":"SMITH"},{"data":"Noxious Fumes","floor":45,"key":"SMITH"},{"floor":49,"key":"RECALL"}],"circlet_count":0,"master_deck":["Strike_G","Strike_G","Strike_G","Strike_G","Defend_G","Defend_G+1","Defend_G+1","Defend_G","Survivor+1","Neutralize+1","Poisoned Stab","Backstab","Noxious Fumes+1","Riddle With Holes","Masterful Stab+1","Corpse Explosion","Acrobatics","Prepared","PiercingWail","Envenom+1","CurseOfTheBell","Calculated Gamble","Terror+1","Slice+1","Bouncing Flask+1","Deflect+1","Adrenaline+1","Escape Plan","Cloak And Dagger+1","Wraith Form v2+1","Dodge and Roll+1","Tactician+1","Deflect+1","Cloak And Dagger+1"],"relics":["Ring of the Snake","Golden Idol","War Paint","Akabeko","Unceasing Top","Odd Mushroom","Anchor","Calling Bell","MealTicket","Darkstone Periapt","Bird Faced Urn","Enchiridion","Bag of Marbles","StrikeDummy","Frozen Egg 2","Oddly Smooth Stone","Mercury Hourglass","Cursed Key","Lantern","Juzu Bracelet","Paper Crane"],"acts_visited":["Exordium","TheCity","TheBeyond"],"potions_floor_usage":[7,11,13,16,25,33,33,33,37,37,38,40,44,44,44,50],"damage_taken":[{"damage":1,"enemies":"2 Louse","floor":1,"turns":4},{"damage":0,"enemies":"Jaw Worm","floor":2,"turns":4},{"damage":17,"enemies":"Lagavulin","floor":7,"turns":6},{"damage":0,"enemies":"Gremlin Nob","floor":10,"turns":2},{"damage":0,"enemies":"The Mushroom Lair","floor":11,"turns":1},{"damage":0,"enemies":"Small Slimes","floor":12,"turns":1},{"damage":0,"enemies":"Lagavulin","floor":13,"turns":2},{"damage":0,"enemies":"Exordium Thugs","floor":14,"turns":3},{"damage":16,"enemies":"The Guardian","floor":16,"turns":10},{"damage":0,"enemies":"Shell Parasite","floor":18,"turns":3},{"damage":1,"enemies":"2 Thieves","floor":21,"turns":2},{"damage":8,"enemies":"Book of Stabbing","floor":23,"turns":5},{"damage":0,"enemies":"Cultist and Chosen","floor":24,"turns":3},{"damage":1,"enemies":"Centurion and Healer","floor":25,"turns":6},{"damage":0,"enemies":"Slavers","floor":29,"turns":3},{"damage":0,"enemies":"3 Cultists","floor":31,"turns":2},{"damage":46,"enemies":"Automaton","floor":33,"turns":7},{"damage":0,"enemies":"Orb Walker","floor":35,"turns":1},{"damage":0,"enemies":"3 Shapes","floor":36,"turns":1},{"damage":15,"enemies":"Transient","floor":37,"turns":5},{"damage":0,"enemies":"Jaw Worm Horde","floor":39,"turns":4},{"damage":0,"enemies":"Nemesis","floor":40,"turns":7},{"damage":2,"enemies":"Reptomancer","floor":44,"turns":5},{"damage":38,"enemies":"Giant Head","floor":46,"turns":7},{"damage":71,"enemies":"Time Eater","floor":50,"turns":9}],"seed_played":"8287034432331257827","potions_obtained":[{"floor":0,"key":"Explosive Potion"},{"floor":0,"key":"CultistPotion"},{"floor":0,"key":"Fire Potion"},{"floor":12,"key":"Regen Potion"},{"floor":16,"key":"SmokeBomb"},{"floor":18,"key":"CultistPotion"},{"floor":24,"key":"Weak Potion"},{"floor":29,"key":"FearPotion"},{"floor":33,"key":"SteroidPotion"},{"floor":35,"key":"SteroidPotion"},{"floor":37,"key":"EntropicBrew"},{"floor":39,"key":"Weak Potion"},{"floor":44,"key":"SteroidPotion"}],"is_trial":false,"path_per_floor":["M","M","?","?","$","R","E","R","T","E","?","M","E","M","R","B",null,"M","?","?","M","?","E","M","M","T","$","R","E","R","M","R","B",null,"M","M","M","?","M","E","R","$","T","E","R","E","?","?","R","B"],"character_chosen":"THE_SILENT","items_purchased":["Noxious Fumes","Dramatic Entrance","Riddle With Holes","Adrenaline","Oddly Smooth Stone","SteroidPotion","Block Potion"],"campfire_rested":0,"item_purchase_floors":[5,5,5,27,27,27,42],"current_hp_per_floor":[62,62,62,45,45,45,28,28,28,28,28,28,28,28,28,27,59,59,59,43,46,46,40,46,47,47,62,62,68,68,70,70,28,60,62,64,55,55,61,69,69,70,76,76,76,38,38,66,66,0,0],"gold":258,"neow_bonus":"THREE_SMALL_POTIONS","is_daily":false,"chose_seed":false,"campfire_upgraded":8,"win_rate":0.0,"timestamp":1610513195,"path_taken":["M","M","?","?","$","R","E","R","T","E","?","M","E","M","R","BOSS","M","?","?","M","?","E","?","M","T","$","R","E","R","M","R","BOSS","M","M","M","?","M","E","R","?","T","E","R","E","?","?","R","BOSS"],"items_purchased_type":["Card","Card","Card","Card","Relic","Potion","Potion"],"build_version":"2020-12-22","purchased_purges":3,"victory":false,"max_hp_per_floor":[70,70,70,70,70,70,70,70,70,70,70,70,70,70,70,70,70,70,70,70,70,70,70,70,70,70,70,70,70,70,70,70,70,70,70,70,70,70,70,70,70,70,76,76,76,76,76,66,66,66,66],"relic_stats":{"Darkstone Periapt":6,"counters":[25,103],"Golden Idol":167,"Bird Faced Urn":[56],"MealTicket":16,"Juzu Bracelet":1,"War Paint":["Defend_G","Defend_G"],"Cursed Key":1,"obtain_stats":[{"Darkstone Periapt":17,"Lantern":40,"Golden Idol":4,"Enchiridion":20,"Oddly Smooth Stone":27,"Juzu Bracelet":44,"War Paint":7,"Odd Mushroom":11,"Frozen Egg 2":26,"Paper Crane":46,"Cursed Key":34,"Akabeko":9,"Mercury Hourglass":29,"Calling Bell":17,"Anchor":13,"Bird Faced Urn":17,"MealTicket":17,"Bag of Marbles":22,"StrikeDummy":23,"Unceasing Top":10,"Ring of the Snake":0},{"Darkstone Periapt":9,"Lantern":22,"Golden Idol":2,"Enchiridion":10,"Oddly Smooth Stone":14,"Juzu Bracelet":23,"War Paint":3,"Odd Mushroom":5,"Frozen Egg 2":14,"Paper Crane":24,"Cursed Key":17,"Akabeko":3,"Mercury Hourglass":15,"Calling Bell":9,"Anchor":7,"Bird Faced Urn":9,"MealTicket":9,"Bag of Marbles":11,"StrikeDummy":12,"Unceasing Top":4,"Ring of the Snake":0},{"Darkstone Periapt":33,"Lantern":82,"Golden Idol":8,"Enchiridion":36,"Oddly Smooth Stone":52,"Juzu Bracelet":87,"War Paint":14,"Odd Mushroom":17,"Frozen Egg 2":52,"Paper Crane":94,"Cursed Key":64,"Akabeko":14,"Mercury Hourglass":55,"Calling Bell":33,"Anchor":20,"Bird Faced Urn":33,"MealTicket":33,"Bag of Marbles":38,"StrikeDummy":43,"Unceasing Top":16,"Ring of the Snake":0}],"Unceasing Top":[22],"Ring of the Snake":[50],"Mercury Hourglass":[150]},"card_choices":[{"not_picked":["Slice","Infinite Blades"],"picked":"Poisoned Stab","floor":1},{"not_picked":["Distraction","Blade Dance"],"picked":"Backstab","floor":2},{"not_picked":["Leg Sweep","Cloak And Dagger"],"picked":"Masterful Stab","floor":7},{"not_picked":["Outmaneuver","Deadly Poison"],"picked":"Corpse Explosion","floor":10},{"not_picked":["Prepared","Slice"],"picked":"Acrobatics","floor":12},{"not_picked":["Eviscerate","Flying Knee"],"picked":"Prepared","floor":13},{"not_picked":["Accuracy","Masterful Stab"],"picked":"PiercingWail","floor":14},{"not_picked":["Burst","Venomology"],"picked":"Envenom","floor":16},{"not_picked":["Outmaneuver","Dagger Spray"],"picked":"Calculated Gamble","floor":18},{"not_picked":["Footwork","Underhanded Strike"],"picked":"Terror","floor":21},{"not_picked":["Night Terror","Concentrate+1"],"picked":"Slice+1","floor":23},{"not_picked":["Slice","Deadly Poison"],"picked":"Bouncing Flask+1","floor":24},{"not_picked":["Outmaneuver","Bane"],"picked":"Deflect+1","floor":25},{"not_picked":["PiercingWail","Slice"],"picked":"Escape Plan","floor":29},{"not_picked":["Skewer","Dodge and Roll"],"picked":"Cloak And Dagger+1","floor":31},{"not_picked":["Malaise","Adrenaline"],"picked":"Wraith Form v2+1","floor":33},{"not_picked":["Dagger Spray+1","Underhanded Strike","Prepared"],"picked":"SKIP","floor":35},{"not_picked":["Quick Slash+1","Concentrate+1"],"picked":"Dodge and Roll","floor":36},{"not_picked":["Accuracy+1","All Out Attack+1"],"picked":"Tactician+1","floor":37},{"not_picked":["Flying Knee","Outmaneuver+1","Concentrate+1"],"picked":"SKIP","floor":39},{"not_picked":["Sucker Punch","Prepared+1"],"picked":"Deflect+1","floor":40},{"not_picked":["Concentrate","Grand Finale","Setup"],"picked":"SKIP","floor":44},{"not_picked":["Calculated Gamble","Prepared+1"],"picked":"Cloak And Dagger+1","floor":46}],"player_experience":408280,"relics_obtained":[{"floor":7,"key":"War Paint"},{"floor":9,"key":"Akabeko"},{"floor":10,"key":"Unceasing Top"},{"floor":11,"key":"Odd Mushroom"},{"floor":13,"key":"Anchor"},{"floor":17,"key":"MealTicket"},{"floor":17,"key":"Darkstone Periapt"},{"floor":17,"key":"Bird Faced Urn"},{"floor":20,"key":"Enchiridion"},{"floor":23,"key":"StrikeDummy"},{"floor":26,"key":"Frozen Egg 2"},{"floor":29,"key":"Mercury Hourglass"},{"floor":40,"key":"Lantern"},{"floor":44,"key":"Juzu Bracelet"},{"floor":46,"key":"Paper Crane"}],"event_choices":[{"damage_healed":0,"gold_gain":175,"player_choice":"AGREE","damage_taken":0,"max_hp_gain":0,"max_hp_loss":0,"event_name":"Liars Game","floor":3,"gold_loss":0,"cards_obtained":["Doubt"]},{"damage_healed":0,"gold_gain":0,"player_choice":"Take Damage","damage_taken":17,"relics_obtained":["Golden Idol"],"max_hp_gain":0,"max_hp_loss":0,"event_name":"Golden Idol","floor":4,"gold_loss":0},{"damage_healed":0,"gold_gain":0,"player_choice":"Fought Mushrooms","damage_taken":0,"max_hp_gain":0,"max_hp_loss":0,"event_name":"Mushrooms","floor":11,"gold_loss":0},{"damage_healed":0,"gold_gain":99,"player_choice":"Stole From Cult","damage_taken":0,"max_hp_gain":0,"max_hp_loss":0,"event_name":"Nest","floor":19,"gold_loss":0},{"damage_healed":0,"gold_gain":0,"player_choice":"Obtained Book","damage_taken":16,"max_hp_gain":0,"max_hp_loss":0,"event_name":"Cursed Tome","floor":20,"gold_loss":0},{"damage_healed":0,"gold_gain":0,"player_choice":"Obtained Relic","damage_taken":0,"relics_obtained":["Bag of Marbles"],"max_hp_gain":0,"max_hp_loss":0,"event_name":"Addict","floor":22,"gold_loss":85},{"cards_removed":["Dramatic Entrance"],"damage_healed":0,"gold_gain":0,"player_choice":"Removed Attack","damage_taken":0,"max_hp_gain":0,"max_hp_loss":0,"event_name":"Falling","floor":38,"gold_loss":0},{"cards_removed":["Writhe"],"damage_healed":0,"gold_gain":0,"player_choice":"Purged","damage_taken":0,"max_hp_gain":0,"max_hp_loss":0,"event_name":"Purifier","floor":47,"gold_loss":0},{"damage_healed":66,"gold_gain":0,"player_choice":"Heal","damage_taken":0,"max_hp_gain":0,"max_hp_loss":10,"event_name":"The Moai Head","floor":48,"gold_loss":0}],"is_beta":false,"boss_relics":[{"not_picked":["Sozu","Velvet Choker"],"picked":"Calling Bell"},{"not_picked":["Pandora\u0027s Box","Coffee Dripper"],"picked":"Cursed Key"}],"items_purged_floors":[5,27,42],"is_endless":false,"potions_floor_spawned":[1,12,16,18,24,29,33,35,37,39,44],"killed_by":"Time Eater","ascension_level":6}}