{"host":"6gwm7y0tp7acoxay","time":1610537929,"event":{"mods":["BaseMod","Colored Map","Keyboard Shortcuts","Minty Spire (QoL Compilation)","Quick Restart","StSLib","SuperFastMode","everything is the same but u backflip on backflip"],"gold_per_floor":[114,114,77,77,97,131,131,131,210,210,98,130,163,181,181,255,305,316,156,156,206,206,232,232,258,258,287,312,312,39,89,89,162,162,177,177,228,228,246,273,308,308,308,340,340,340,375,402,402,402,402,402,402,6,40,40],"floor_reached":57,"language":"KOR","playtime":2283,"items_purged":[],"score":3314,"play_id":"735389f8-c51a-47f1-8c82-b3dbdecf8369","local_time":"20210113203849","daily_mods":["SealedDeck","Heirloom","Flight"],"is_ascension_mode":true,"campfire_choices":[{"data":"Defragment","floor":7.0,"key":"SMITH"},{"data":"Recycle","floor":8.0,"key":"SMITH"},{"data":"Blizzard","floor":10.0,"key":"SMITH"},{"floor":15.0,"key":"DIG"},{"data":"Defragment","floor":24.0,"key":"SMITH"},{"data":"Capacitor","floor":29.0,"key":"SMITH"},{"data":"Fission","floor":32.0,"key":"SMITH"},{"floor":42.0,"key":"RECALL"},{"floor":45,"key":"DIG"},{"floor":46,"key":"DIG"},{"floor":49,"key":"DIG"},{"floor":53,"key":"DIG"}],"circlet_count":0,"master_deck":["AscendersBane","Conserve Battery","Rip and Tear+1","Coolheaded","Hologram","Cold Snap","Coolheaded+1","Blizzard+1","Ball Lightning","Capacitor+1","Go for the Eyes","Recycle+1","Defragment+1","Genetic Algorithm","Fission+1","Defragment+1","Self Repair","Double Energy+1","Amplify","Capacitor+1","Echo Form","Electrodynamics"],"relics":["Cracked Core","Shovel","Ancient Tea Set","Letter Opener","HornCleat","Shuriken","Tiny Chest","Vajra","Tiny House","Lantern","MutagenicStrength","Mango","StoneCalendar","InkBottle","Bag of Marbles","MealTicket","Cables","Cursed Key","Torii","Singing Bowl","The Courier","Toxic Egg 2","Pocketwatch","Gambling Chip","PreservedInsect","Symbiotic Virus","Akabeko","Pantograph","TungstenRod","Orrery","Du-Vu Doll"],"acts_visited":["Exordium","TheCity","TheBeyond","TheEnding"],"potions_floor_usage":[44,56],"damage_taken":[{"damage":3.0,"enemies":"Small Slimes","floor":1.0,"turns":3.0},{"damage":0.0,"enemies":"Jaw Worm","floor":5.0,"turns":3.0},{"damage":11.0,"enemies":"Gremlin Nob","floor":6.0,"turns":4.0},{"damage":0.0,"enemies":"Lagavulin","floor":12.0,"turns":4.0},{"damage":7.0,"enemies":"3 Sentries","floor":13.0,"turns":6.0},{"damage":0.0,"enemies":"2 Louse","floor":14.0,"turns":3.0},{"damage":0.0,"enemies":"Slime Boss","floor":16.0,"turns":7.0},{"damage":3.0,"enemies":"Chosen","floor":18.0,"turns":4.0},{"damage":7.0,"enemies":"Book of Stabbing","floor":23.0,"turns":6.0},{"damage":49.0,"enemies":"Gremlin Leader","floor":25.0,"turns":7.0},{"damage":1.0,"enemies":"Book of Stabbing","floor":27.0,"turns":6.0},{"damage":0.0,"enemies":"Gremlin Leader","floor":28.0,"turns":5.0},{"damage":4.0,"enemies":"Collector","floor":33.0,"turns":9.0},{"damage":12.0,"enemies":"Orb Walker","floor":35.0,"turns":3.0},{"damage":27.0,"enemies":"2 Orb Walkers","floor":37.0,"turns":4.0},{"damage":6.0,"enemies":"3 Shapes","floor":39.0,"turns":5.0},{"damage":12.0,"enemies":"Nemesis","floor":40.0,"turns":9.0},{"damage":0.0,"enemies":"Giant Head","floor":41.0,"turns":5.0},{"damage":2,"enemies":"Reptomancer","floor":44,"turns":5},{"damage":1,"enemies":"Giant Head","floor":47,"turns":6},{"damage":0,"enemies":"Nemesis","floor":48,"turns":5},{"damage":15,"enemies":"Time Eater","floor":50,"turns":13},{"damage":16,"enemies":"Donu and Deca","floor":51,"turns":7},{"damage":29,"enemies":"Shield and Spear","floor":55,"turns":7},{"damage":68,"enemies":"The Heart","floor":56,"turns":10}],"seed_played":"6903080808594302102","potions_obtained":[{"floor":12.0,"key":"LiquidBronze"},{"floor":13.0,"key":"PotionOfCapacity"},{"floor":40.0,"key":"FearPotion"}],"is_trial":true,"path_per_floor":["M","?","$","?","M","E","R","R","T","R","?","E","E","M","R","B",null,"M","$","?","?","T","E","R","E","T","E","E","R","$","?","R","B",null,"M","?","?","T","M","E","E","R","T","E","R","R","E","E","R","B","B",null,"R","$","E","B",null],"character_chosen":"DEFECT","items_purchased":["Defragment","Lantern","Cables","TungstenRod","Orrery"],"campfire_rested":0,"item_purchase_floors":[3,19,30,54,54],"current_hp_per_floor":[61,40,40,40,40,29,29,29,29,29,29,29,22,22,22,22,64,61,61,61,61,61,75,75,33,33,39,46,46,61,61,61,64,84,86,86,66,66,74,71,87,87,87,92,92,92,96,98,98,97,95,97,97,108,95,49],"gold":40,"neow_bonus":"","is_daily":false,"chose_seed":false,"campfire_upgraded":6,"win_rate":0.0,"timestamp":1610537929,"path_taken":["M","?","?","?","M","E","R","R","T","R","?","E","E","?","R","BOSS","M","$","?","?","?","E","R","E","T","E","E","R","$","?","R","BOSS","M","?","?","?","?","E","E","R","T","E","R","R","E","E","R","BOSS","BOSS","R","$","E","BOSS"],"items_purchased_type":["Card","Relic","Relic","Relic","Relic"],"build_version":"2020-12-22","purchased_purges":0,"victory":true,"max_hp_per_floor":[71,71,71,71,71,71,71,71,71,71,71,71,71,71,71,71,76,76,76,76,76,76,90,90,90,90,90,90,90,90,90,90,90,90,90,90,90,90,90,92,94,94,94,94,94,94,96,98,98,98,98,98,98,108,110,110],"card_choices":[{"not_picked":["Double Energy","BootSequence"],"picked":"Recycle","floor":1.0},{"not_picked":["Rebound","Redo","Compile Driver"],"picked":"SKIP","floor":5.0},{"not_picked":["Barrage","Aggregate"],"picked":"Genetic Algorithm","floor":6.0},{"not_picked":["Ball Lightning","Coolheaded","Streamline"],"picked":"SKIP","floor":12.0},{"not_picked":["Undo","Stack","Sunder"],"picked":"SKIP","floor":13.0},{"not_picked":["Sweeping Beam","Fusion","Hyperbeam"],"picked":"SKIP","floor":14.0},{"not_picked":["Hyperbeam","All For One"],"picked":"Fission","floor":16.0},{"not_picked":["Genetic Algorithm","Turbo"],"picked":"Defragment","floor":17.0},{"not_picked":["Lockon","Double Energy"],"picked":"Self Repair","floor":18.0},{"not_picked":["Compile Driver+1","Steam+1"],"picked":"Double Energy+1","floor":23.0},{"not_picked":["Lockon","Tempest","Compile Driver"],"picked":"SKIP","floor":25.0},{"not_picked":["Turbo","Beam Cell+1","Amplify"],"picked":"SKIP","floor":27.0},{"not_picked":["Turbo","Beam Cell+1"],"picked":"Amplify","floor":27.0},{"not_picked":["Chaos","Lockon"],"picked":"Capacitor","floor":28.0},{"not_picked":["Meteor Strike","Machine Learning"],"picked":"Echo Form","floor":33.0},{"not_picked":["Sweeping Beam","Compile Driver","Undo"],"picked":"SKIP","floor":35.0},{"not_picked":["Loop","Conserve Battery","Beam Cell+1"],"picked":"SKIP","floor":39.0},{"not_picked":["Fusion","Static Discharge+1","Hologram"],"picked":"Singing Bowl","floor":40.0},{"not_picked":["Hologram","Coolheaded","Beam Cell"],"picked":"Singing Bowl","floor":41.0},{"not_picked":["Barrage+1","Redo+1"],"picked":"Electrodynamics","floor":44},{"not_picked":["Lockon","Hyperbeam","Compile Driver+1"],"picked":"Singing Bowl","floor":47},{"not_picked":["Reinforced Body+1","Gash","Machine Learning"],"picked":"Singing Bowl","floor":48},{"not_picked":["Conserve Battery+1","Redo+1","Go for the Eyes+1"],"picked":"Singing Bowl","floor":54},{"not_picked":["Fusion+1","Stack+1","Storm"],"picked":"Singing Bowl","floor":54},{"not_picked":["Hologram+1","Sunder","Tempest+1"],"picked":"Singing Bowl","floor":54},{"not_picked":["Compile Driver","Double Energy+1","Core Surge"],"picked":"Singing Bowl","floor":54},{"not_picked":["Redo+1","Hologram+1","Multi-Cast+1"],"picked":"Singing Bowl","floor":54},{"not_picked":["Leap+1","Coolheaded+1","Streamline"],"picked":"Singing Bowl","floor":55}],"player_experience":4394059,"relics_obtained":[{"floor":6.0,"key":"Ancient Tea Set"},{"floor":9.0,"key":"Letter Opener"},{"floor":12.0,"key":"Shuriken"},{"floor":13.0,"key":"Tiny Chest"},{"floor":15.0,"key":"Vajra"},{"floor":23.0,"key":"Mango"},{"floor":25.0,"key":"StoneCalendar"},{"floor":26.0,"key":"InkBottle"},{"floor":27.0,"key":"Bag of Marbles"},{"floor":28.0,"key":"MealTicket"},{"floor":37.0,"key":"Torii"},{"floor":40.0,"key":"Singing Bowl"},{"floor":41.0,"key":"The Courier"},{"floor":44,"key":"Toxic Egg 2"},{"floor":45,"key":"Pocketwatch"},{"floor":46,"key":"Gambling Chip"},{"floor":47,"key":"PreservedInsect"},{"floor":48,"key":"Symbiotic Virus"},{"floor":49,"key":"Akabeko"},{"floor":53,"key":"Pantograph"},{"floor":55,"key":"Du-Vu Doll"}],"event_choices":[{"damage_healed":0.0,"max_hp_gain":0.0,"max_hp_loss":0.0,"gold_gain":0.0,"event_name":"Shining Light","player_choice":"Entered Light","floor":2.0,"gold_loss":0.0,"damage_taken":21.0,"cards_upgraded":["Coolheaded","Capacitor"]},{"damage_healed":0.0,"max_hp_gain":0.0,"max_hp_loss":0.0,"gold_gain":0.0,"event_name":"Liars Game","player_choice":"Ignored","floor":4.0,"gold_loss":0.0,"damage_taken":0.0},{"damage_healed":0.0,"max_hp_gain":0.0,"max_hp_loss":0.0,"gold_gain":0.0,"event_name":"WeMeetAgain","player_choice":"Paid Gold","floor":11.0,"gold_loss":112.0,"damage_taken":0.0,"relics_obtained":["HornCleat"]},{"damage_healed":0.0,"max_hp_gain":0.0,"max_hp_loss":0.0,"gold_gain":0.0,"event_name":"Drug Dealer","player_choice":"Inject Mutagens","floor":20.0,"gold_loss":0.0,"damage_taken":0.0,"relics_obtained":["MutagenicStrength"]},{"damage_healed":0.0,"max_hp_gain":0.0,"max_hp_loss":0.0,"gold_gain":100.0,"event_name":"The Joust","player_choice":"Bet on Murderer","floor":21.0,"gold_loss":50.0,"damage_taken":0.0},{"damage_healed":0.0,"max_hp_gain":0.0,"max_hp_loss":0.0,"gold_gain":50.0,"event_name":"Golden Shrine","player_choice":"Pray","floor":31.0,"gold_loss":0.0,"damage_taken":0.0},{"damage_healed":0.0,"max_hp_gain":0.0,"max_hp_loss":0.0,"gold_gain":0.0,"event_name":"SensoryStone","player_choice":"Memory 1","floor":36.0,"gold_loss":0.0,"damage_taken":0.0},{"damage_healed":0.0,"max_hp_gain":0.0,"max_hp_loss":0.0,"gold_gain":0.0,"event_name":"Mysterious Sphere","player_choice":"Fight","floor":37.0,"gold_loss":0.0,"damage_taken":0.0}],"is_beta":false,"boss_relics":[{"not_picked":["Astrolabe","Calling Bell"],"picked":"Tiny House"},{"not_picked":["Runic Pyramid","SacredBark"],"picked":"Cursed Key"}],"items_purged_floors":[],"is_endless":false,"potions_floor_spawned":[12,13,14,27,28,33,35,40,41],"ascension_level":20}}