{"host":"4ek4eq5z32z3zgvw","time":1610508630,"event":{"mods":["2.2 Compatiblity","AchievementEnabler","Act Like it!","AlwaysNeverKeys","Aspiration","BaseMod","Better Match","Better Note","Better Sensory Stone","Better Third Choice","BetterRewards","Block Reminder","Colored Map","Colored Powertips","DeckTracker","Defuse TimeMaze Blight","Downfall","Energized Spire","Halation","Hubris","Infinite Spire","Minty Spire (QoL Compilation)","Permanent Neow","Quick Restart","Rare Cards Sparkle","Relic Filter","Relic Sorter","Replay The Spire","Shop Mod","Spikes Relics","StSLib","SuperFastMode","Synergy Search","Unceasing Turn Reminder","UnlockEverythingMod","egg","vexMod"],"gold_per_floor":[110,110,110,57,67,67,12,42,42,7,7,7,29,44,44,131,131,141,162,162,162,176,176,209,209,232,232,258,258],"floor_reached":28,"language":"ENG","playtime":998,"items_purged":[],"score":468,"play_id":"1e337c78-ef23-458f-917d-662ed4c5ae91","local_time":"20210112213030","is_ascension_mode":true,"campfire_choices":[{"floor":6,"key":"REST"},{"data":"ReplayTheSpireMod:Fabricate Wheel","floor":11,"key":"SMITH"},{"data":"ReplayTheSpireMod:Omega Cannon","floor":15,"key":"SMITH"},{"floor":23,"key":"REST"},{"data":"Fission","floor":25,"key":"SMITH"}],"circlet_count":0,"master_deck":["AscendersBane","Strike_B","Strike_B","Strike_B","Strike_B","Defend_B+1","Zap","Dualcast","Electrodynamics","ReplayTheSpireMod:Omega Cannon+1","Rebound","Cold Snap","Panic Button","Genetic Algorithm","Glacier","Buffer","Fission+1","White Noise","Gash+1","Self Repair","Coolheaded","Reflex","Dodge and Roll","Crippling Poison","Core Surge","Capacitor"],"relics":["Cracked Core","Gambling Chip","Replay:Blank Codex","StoneCalendar","Snack Pack","StrikeDummy","infinitespire:Midas Blood","Prayer Wheel","Philosopher\u0027s Stone","Anchor","Replay:Bandana","Peace Pipe"],"acts_visited":["Exordium","TheCity"],"potions_floor_usage":[16,16,19,24],"damage_taken":[{"damage":7,"enemies":"Jaw Worm","floor":1,"turns":3},{"damage":0,"enemies":"Small Slimes","floor":5,"turns":1},{"damage":8,"enemies":"3 Sentries","floor":8,"turns":2},{"damage":2,"enemies":"2 Louse","floor":13,"turns":2},{"damage":6,"enemies":"2 Fungi Beasts","floor":14,"turns":2},{"damage":39,"enemies":"Fading Forest","floor":16,"turns":13},{"damage":0,"enemies":"3 Byrds","floor":18,"turns":4},{"damage":28,"enemies":"Shell Parasite","floor":19,"turns":7},{"damage":19,"enemies":"Centurion and Healer","floor":22,"turns":7},{"damage":22,"enemies":"Slavers","floor":24,"turns":3},{"damage":35,"enemies":"Book of Stabbing","floor":28,"turns":5}],"seed_played":"-7965277113712932527","potions_obtained":[{"floor":13,"key":"SpeedPotion"},{"floor":14,"key":"ColorlessPotion"},{"floor":18,"key":"SkillPotion"},{"floor":22,"key":"Weak Potion"}],"is_trial":false,"path_per_floor":["M","?","?","?","M","R","$","E","T","?","R","?","M","M","R","B",null,"M","M","?","?","M","R","E","R","T","T","E"],"character_chosen":"DEFECT","items_purchased":["Electrodynamics","Gambling Chip","ReplayTheSpireMod:Omega Cannon","Panic Button"],"campfire_rested":2,"item_purchase_floors":[0,0,0,7],"current_hp_per_floor":[36,25,25,25,25,46,46,38,38,55,55,55,53,47,47,26,60,62,36,36,36,28,49,34,34,34,34,0,0],"gold":258,"neow_bonus":"","is_daily":false,"chose_seed":false,"campfire_upgraded":3,"win_rate":0.0,"timestamp":1610508630,"path_taken":["M","?","?","?","M","R","$","E","T","?","R","?","M","M","R","BOSS","M","M","?","?","M","R","E","R","T","?","E"],"items_purchased_type":["Card","Relic","Card","Card"],"build_version":"2020-12-22","purchased_purges":0,"victory":false,"max_hp_per_floor":[71,71,71,71,71,71,71,71,71,71,71,71,71,71,71,71,71,71,71,71,71,71,71,71,71,71,71,71,71],"card_choices":[{"not_picked":["Conserve Battery","Auto Shields"],"picked":"Cold Snap","floor":1},{"not_picked":["Cold Snap","Doom and Gloom","Stack"],"picked":"SKIP","floor":5},{"not_picked":["Coolheaded","Reprogram"],"picked":"ReplayTheSpireMod:Fabricate Wheel","floor":8},{"not_picked":["Barrage","Steam Power"],"picked":"Genetic Algorithm","floor":13},{"not_picked":["Sweeping Beam","Genetic Algorithm"],"picked":"Glacier","floor":14},{"not_picked":["Electrodynamics","hubris:Prefetch"],"picked":"Fission","floor":16},{"not_picked":["Steam+1","Hologram"],"picked":"White Noise","floor":18},{"not_picked":["Redo","ReplaySolidLightProjector"],"picked":"Gash+1","floor":18},{"not_picked":["BasicCrystalCard","Stack"],"picked":"Self Repair","floor":19},{"not_picked":["Leap","RefreshScreen"],"picked":"Coolheaded","floor":19},{"not_picked":["Barrage+1","Turbo"],"picked":"Core Surge","floor":22},{"not_picked":["Sweeping Beam","Cold Snap"],"picked":"Capacitor","floor":22},{"not_picked":["ReplayTheSpireMod:GoodbyeWorld","Redo","Stack"],"picked":"SKIP","floor":24}],"player_experience":596911,"relics_obtained":[{"floor":3,"key":"Snack Pack"},{"floor":8,"key":"StrikeDummy"},{"floor":9,"key":"infinitespire:Midas Blood"},{"floor":24,"key":"Anchor"},{"floor":26,"key":"Replay:Bandana"},{"floor":27,"key":"Peace Pipe"}],"event_choices":[{"damage_healed":0,"gold_gain":0,"player_choice":"Relic ","damage_taken":11,"max_hp_gain":0,"max_hp_loss":0,"event_name":"betterThird:BetterScrap","floor":2,"gold_loss":0,"cards_obtained":["Limit Break"]},{"damage_healed":0,"gold_gain":0,"player_choice":"Left","damage_taken":0,"max_hp_gain":0,"max_hp_loss":0,"event_name":"betterThird:BetterGoop","floor":4,"gold_loss":53},{"damage_healed":17,"gold_gain":0,"player_choice":"Healed","damage_taken":0,"max_hp_gain":0,"max_hp_loss":0,"event_name":"The Cleric","floor":10,"gold_loss":35},{"damage_healed":0,"gold_gain":0,"player_choice":"Ignored","damage_taken":0,"max_hp_gain":0,"max_hp_loss":0,"event_name":"Vampires","floor":20,"gold_loss":0}],"is_beta":false,"boss_relics":[{"not_picked":["aspiration:RitualDagger","energizedSpire:UnstableMolecules"],"picked":"Philosopher\u0027s Stone"}],"items_purged_floors":[],"is_endless":false,"potions_floor_spawned":[13,14,18,22],"killed_by":"Book of Stabbing","ascension_level":20}}