{"host":"gopu3kmfaoww0llm","time":1610554677,"event":{"mods":["BaseMod","DeckTracker","Minty Spire (QoL Compilation)","Quick Restart","StSLib","SuperFastMode"],"gold_per_floor":[118,43,43,54,54,79,79,98,121,155,155,155,165,215,215,289,289,309,323,336,348,348,348,69,69,69,81,81,81,81],"floor_reached":29,"language":"KOR","playtime":500,"items_purged":["Defend_P","Defend_P"],"score":516,"play_id":"1d6b8ede-ba9e-4902-b2a5-72a2f7895516","local_time":"20210114011757","is_ascension_mode":true,"campfire_choices":[{"data":"Eruption","floor":7.0,"key":"SMITH"},{"data":"Ragnarok","floor":12.0,"key":"SMITH"},{"data":"Omniscience","floor":15.0,"key":"SMITH"},{"data":"MasterReality","floor":23.0,"key":"SMITH"},{"data":"Study","floor":25.0,"key":"SMITH"},{"floor":28.0,"key":"REST"}],"circlet_count":0,"master_deck":["AscendersBane","Strike_P","Strike_P","Defend_P","Defend_P","Eruption+1","Vigilance","Blasphemy","CutThroughFate","Ragnarok+1","Evaluate","Study+1","Omniscience+1","MasterReality+1","FearNoEvil","Swivel","Adaptation","Flash of Steel","MentalFortress"],"relics":["PureWater","Dream Catcher","Bag of Marbles","Happy Flower","Cursed Key","Membership Card"],"acts_visited":["Exordium","TheCity"],"potions_floor_usage":[29],"damage_taken":[{"damage":6.0,"enemies":"Cultist","floor":1.0,"turns":3.0},{"damage":0.0,"enemies":"Jaw Worm","floor":4.0,"turns":1.0},{"damage":16.0,"enemies":"Gremlin Nob","floor":6.0,"turns":3.0},{"damage":8.0,"enemies":"Small Slimes","floor":8.0,"turns":4.0},{"damage":0.0,"enemies":"3 Sentries","floor":10.0,"turns":2.0},{"damage":0.0,"enemies":"3 Louse","floor":13.0,"turns":1.0},{"damage":22.0,"enemies":"Slime Boss","floor":16.0,"turns":5.0},{"damage":19.0,"enemies":"3 Byrds","floor":18.0,"turns":3.0},{"damage":0.0,"enemies":"Spheric Guardian","floor":19.0,"turns":2.0},{"damage":0.0,"enemies":"Chosen and Byrds","floor":20.0,"turns":2.0},{"damage":6.0,"enemies":"Centurion and Healer","floor":21.0,"turns":2.0},{"damage":0.0,"enemies":"Sentry and Sphere","floor":27.0,"turns":1.0},{"damage":36,"enemies":"Slavers","floor":29,"turns":4}],"seed_played":"5929308139927233689","potions_obtained":[{"floor":1.0,"key":"Swift Potion"},{"floor":16.0,"key":"FearPotion"},{"floor":21.0,"key":"Dexterity Potion"}],"is_trial":false,"path_per_floor":["M","$","?","M","?","E","R","M","T","E","?","R","M","?","R","B",null,"M","M","M","M","?","R","$","R","T","M","R","E"],"character_chosen":"WATCHER","items_purchased":["Membership Card","Adaptation","Flash of Steel"],"campfire_rested":1,"item_purchase_floors":[24,24,24],"current_hp_per_floor":[55,55,55,55,55,39,39,31,31,31,31,31,31,31,31,9,49,30,30,30,24,24,24,24,24,24,24,42,6,6],"gold":81,"neow_bonus":"THREE_RARE_CARDS","is_daily":false,"chose_seed":false,"campfire_upgraded":5,"win_rate":0.0,"timestamp":1610554677,"path_taken":["M","$","?","M","?","E","R","?","T","E","?","R","M","?","R","BOSS","M","M","?","?","?","R","$","R","T","M","R","E"],"items_purchased_type":["Relic","Card","Card"],"build_version":"2020-12-22","purchased_purges":2,"victory":false,"max_hp_per_floor":[62,62,62,62,62,62,62,62,62,62,62,62,62,62,62,62,62,62,62,62,62,62,62,62,62,62,62,62,62,62],"card_choices":[{"not_picked":["SpiritShield","Brilliance"],"picked":"Blasphemy","floor":0.0},{"not_picked":["Indignation","WaveOfTheHand","Halt"],"picked":"SKIP","floor":1.0},{"not_picked":["Collect","ThirdEye"],"picked":"CutThroughFate","floor":4.0},{"not_picked":["CutThroughFate","Protect"],"picked":"Ragnarok","floor":6.0},{"not_picked":["Prostrate","CutThroughFate"],"picked":"Evaluate","floor":8.0},{"not_picked":["ReachHeaven","EmptyFist"],"picked":"Study","floor":10.0},{"not_picked":["Protect","SignatureMove"],"picked":"Omniscience","floor":13.0},{"not_picked":["Ragnarok","Brilliance"],"picked":"MasterReality","floor":16.0},{"not_picked":["FlurryOfBlows","ForeignInfluence","EmptyFist"],"picked":"SKIP","floor":18.0},{"not_picked":["CutThroughFate","FollowUp+1","FlyingSleeves"],"picked":"SKIP","floor":19.0},{"not_picked":["Prostrate","Sanctity"],"picked":"FearNoEvil","floor":20.0},{"not_picked":["Perseverance","Weave"],"picked":"Swivel","floor":21.0},{"not_picked":["ConjureBlade","BowlingBash"],"picked":"MentalFortress","floor":27.0}],"player_experience":2901149,"relics_obtained":[{"floor":6.0,"key":"Dream Catcher"},{"floor":9.0,"key":"Bag of Marbles"},{"floor":10.0,"key":"Happy Flower"}],"event_choices":[{"damage_healed":0.0,"max_hp_gain":0.0,"max_hp_loss":0.0,"gold_gain":0.0,"event_name":"The Cleric","player_choice":"Leave","floor":3.0,"gold_loss":0.0,"damage_taken":0.0},{"cards_removed":["Strike_P"],"damage_healed":0.0,"max_hp_gain":0.0,"max_hp_loss":0.0,"gold_gain":0.0,"event_name":"Purifier","player_choice":"Purged","floor":5.0,"gold_loss":0.0,"damage_taken":0.0},{"damage_healed":0.0,"max_hp_gain":0.0,"max_hp_loss":0.0,"gold_gain":0.0,"event_name":"Liars Game","player_choice":"Ignored","floor":11.0,"gold_loss":0.0,"damage_taken":0.0},{"damage_healed":0.0,"max_hp_gain":0.0,"max_hp_loss":0.0,"gold_gain":50.0,"event_name":"Golden Shrine","player_choice":"Pray","floor":14.0,"gold_loss":0.0,"damage_taken":0.0},{"cards_removed":["Strike_P"],"damage_healed":0.0,"max_hp_gain":0.0,"max_hp_loss":0.0,"gold_gain":0.0,"event_name":"Back to Basics","player_choice":"Elegance","floor":22.0,"gold_loss":0.0,"damage_taken":0.0}],"is_beta":false,"boss_relics":[{"not_picked":["Philosopher\u0027s Stone","Black Star"],"picked":"Cursed Key"}],"items_purged_floors":[2,24],"is_endless":false,"potions_floor_spawned":[1,16,21],"killed_by":"Slavers","ascension_level":20}}