{"host":"3rixevx6n8b56xaj","time":1610551467,"event":{"mods":["2.2 Compatiblity","AchievementEnabler","Arknights The Spire","BaseMod","Colored Map","DeckTracker","Friendly Minions","Minty Spire (QoL Compilation)","Poor People Problems","StSLib","SuperFastMode"],"gold_per_floor":[18,18,18,42,67,67,88,103,103,53,53,87,107,156,156,186,186],"floor_reached":16,"language":"KOR","playtime":354,"items_purged":[],"score":104,"play_id":"e5b28f71-db1b-4c97-9f60-c0f7b123d741","local_time":"20210114002427","is_ascension_mode":false,"campfire_choices":[{"data":"Eruption","floor":6,"key":"SMITH"},{"data":"DeusExMachina","floor":11,"key":"SMITH"},{"data":"Wish","floor":15,"key":"SMITH"}],"circlet_count":0,"master_deck":["Strike_P","Strike_P","Strike_P","Defend_P","Defend_P","Eruption+1","Vigilance","DeusExMachina+1","Fasting2","Evaluate","FlurryOfBlows","Judgement","Wish+1"],"relics":["PureWater","Golden Idol","Lizard Tail","Bottled Tornado"],"acts_visited":["Exordium"],"potions_floor_usage":[16],"damage_taken":[{"damage":0,"enemies":"Small Slimes","floor":1,"turns":4},{"damage":2,"enemies":"Cultist","floor":4,"turns":5},{"damage":3,"enemies":"2 Louse","floor":5,"turns":3},{"damage":4,"enemies":"Blue Slaver","floor":7,"turns":4},{"damage":0,"enemies":"Looter","floor":8,"turns":2},{"damage":7,"enemies":"Lagavulin","floor":12,"turns":4},{"damage":0,"enemies":"2 Fungi Beasts","floor":13,"turns":2},{"damage":7,"enemies":"Exordium Wildlife","floor":14,"turns":4},{"damage":39,"enemies":"Hexaghost","floor":16,"turns":10}],"seed_played":"5156924300863177955","potions_obtained":[{"floor":4,"key":"Fire Potion"},{"floor":5,"key":"StancePotion"},{"floor":8,"key":"SkillPotion"}],"is_trial":false,"path_per_floor":["M","?","?","M","M","R","M","M","T","?","R","E","M","M","R","B"],"character_chosen":"WATCHER","items_purchased":[],"campfire_rested":0,"item_purchase_floors":[],"current_hp_per_floor":[72,54,54,52,49,49,45,45,45,45,45,38,38,31,31,28,28],"gold":186,"neow_bonus":"TRANSFORM_TWO_CARDS","is_daily":false,"chose_seed":false,"campfire_upgraded":3,"win_rate":0.0,"timestamp":1610551467,"path_taken":["M","?","?","M","M","R","?","M","T","?","R","E","M","M","R","BOSS"],"items_purchased_type":[],"build_version":"2020-12-22","purchased_purges":0,"victory":false,"max_hp_per_floor":[72,72,72,72,72,72,72,72,72,72,72,72,72,72,72,72,72],"card_choices":[{"not_picked":["SandsOfTime","Vengeance"],"picked":"Evaluate","floor":1},{"not_picked":["Worship","Crescendo"],"picked":"FlurryOfBlows","floor":4},{"not_picked":["Sanctity","PathToVictory","Evaluate"],"picked":"SKIP","floor":5},{"not_picked":["Halt","BowlingBash"],"picked":"Judgement","floor":7},{"not_picked":["Evaluate","Crescendo","ClearTheMind"],"picked":"SKIP","floor":8},{"not_picked":["SashWhip","ThirdEye","JustLucky"],"picked":"SKIP","floor":12},{"not_picked":["FlyingSleeves","Evaluate"],"picked":"Wish","floor":13},{"not_picked":["Sanctity","LikeWater","ThirdEye"],"picked":"SKIP","floor":14}],"player_experience":611348,"relics_obtained":[{"floor":9,"key":"Lizard Tail"},{"floor":12,"key":"Bottled Tornado"}],"event_choices":[{"damage_healed":0,"gold_gain":0,"player_choice":"Take Damage","damage_taken":18,"relics_obtained":["Golden Idol"],"max_hp_gain":0,"max_hp_loss":0,"event_name":"Golden Idol","floor":2,"gold_loss":0},{"damage_healed":0,"gold_gain":0,"player_choice":"Ignored","damage_taken":0,"max_hp_gain":0,"max_hp_loss":0,"event_name":"NoteForYourself","floor":3,"gold_loss":0},{"cards_removed":["Defend_P"],"damage_healed":0,"gold_gain":0,"player_choice":"Card Removal","damage_taken":0,"max_hp_gain":0,"max_hp_loss":0,"event_name":"The Cleric","floor":10,"gold_loss":50}],"is_beta":false,"boss_relics":[],"items_purged_floors":[],"is_endless":false,"potions_floor_spawned":[4,5,8,13],"killed_by":"Hexaghost","ascension_level":0}}