{"host":"dm4yvegl9um2tlqd","time":1610540362,"event":{"mods":["2.2 Compatiblity","AchievementEnabler","BaseMod","Colored Map","DeckTracker","Highlight Path","KOR Keyword Fix","Keyboard Shortcuts","Minty Spire (QoL Compilation)","Permanent Neow","Quick Restart","Random Character Button","StSLib","SuperFastMode","everything is the same but u backflip on backflip"],"gold_per_floor":[365,380,380,398,410,445,445,461,484,510,510,510,510,522,522,624,624,642,7,0,11,30,30,40,73,73,85,85,185,185,200,200,297,297,314,314,19,33,33,33,33,45,45,77,77,77,77,77],"floor_reached":47,"language":"KOR","playtime":2361,"items_purged":["Strike_B","Strike_B"],"score":612,"play_id":"f57d04e9-4299-4e45-af48-cf55e9834070","local_time":"20210113211922","is_ascension_mode":true,"campfire_choices":[{"data":"Chaos","floor":7,"key":"SMITH"},{"data":"Blizzard","floor":11,"key":"SMITH"},{"data":"Hello World","floor":13,"key":"SMITH"},{"floor":15,"key":"REST"},{"data":"Go for the Eyes","floor":23,"key":"SMITH"},{"data":"Secret Technique","floor":28,"key":"SMITH"},{"data":"Doom and Gloom","floor":30,"key":"SMITH"},{"data":"Dualcast","floor":32,"key":"SMITH"},{"floor":40,"key":"RECALL"},{"data":"Hologram","floor":45,"key":"SMITH"}],"circlet_count":0,"master_deck":["Strike_B+1","Strike_B+1","Defend_B","Defend_B+1","Defend_B","Defend_B","Zap","Dualcast+1","Cold Snap+1","Chaos+1","Gash","Hello World+1","Doom and Gloom+1","Chill","Blizzard+1","Ball Lightning","Reboot","Consume+1","Self Repair","Secret Technique+1","Go for the Eyes+1","Conserve Battery","Chill+1","Gash+1","Sunder+1","Defragment+1","Core Surge","Redo","Secret Weapon","Hologram+1","Skim","Turbo+1","Hologram","Coolheaded+1"],"relics":["FrozenCore","FaceOfCleric","Bronze Scales","Juzu Bracelet","Coffee Dripper","Bottled Flame","Whetstone","Shuriken","Du-Vu Doll","Pear","Gremlin Horn","Kunai","InkBottle"],"acts_visited":["Exordium","TheCity","TheBeyond"],"potions_floor_usage":[6,6,29,29,33],"damage_taken":[{"damage":0,"enemies":"Cultist","floor":1,"turns":3},{"damage":5,"enemies":"Small Slimes","floor":2,"turns":4},{"damage":0,"enemies":"Jaw Worm","floor":4,"turns":4},{"damage":11,"enemies":"3 Louse","floor":5,"turns":4},{"damage":16,"enemies":"Gremlin Nob","floor":6,"turns":4},{"damage":0,"enemies":"Exordium Wildlife","floor":8,"turns":3},{"damage":13,"enemies":"Lagavulin","floor":10,"turns":5},{"damage":0,"enemies":"Exordium Thugs","floor":14,"turns":3},{"damage":25,"enemies":"The Guardian","floor":16,"turns":10},{"damage":4,"enemies":"Spheric Guardian","floor":18,"turns":3},{"damage":18,"enemies":"3 Byrds","floor":21,"turns":2},{"damage":10,"enemies":"Cultist and Chosen","floor":22,"turns":4},{"damage":7,"enemies":"Chosen and Byrds","floor":24,"turns":5},{"damage":0,"enemies":"Gremlin Leader","floor":25,"turns":5},{"damage":0,"enemies":"3 Cultists","floor":27,"turns":3},{"damage":17,"enemies":"Colosseum Slavers","floor":29,"turns":3},{"damage":13,"enemies":"Colosseum Nobs","floor":29,"turns":5},{"damage":14,"enemies":"Snake Plant","floor":31,"turns":3},{"damage":29,"enemies":"Collector","floor":33,"turns":9},{"damage":12,"enemies":"Orb Walker","floor":35,"turns":3},{"damage":11,"enemies":"3 Darklings","floor":38,"turns":3},{"damage":17,"enemies":"Sphere and 2 Shapes","floor":42,"turns":4},{"damage":52,"enemies":"Reptomancer","floor":44,"turns":7},{"damage":27,"enemies":"Nemesis","floor":47,"turns":2}],"seed_played":"656499452292939089","potions_obtained":[{"floor":1,"key":"Strength Potion"},{"floor":4,"key":"Block Potion"},{"floor":5,"key":"EssenceOfSteel"},{"floor":10,"key":"FearPotion"},{"floor":22,"key":"DuplicationPotion"},{"floor":33,"key":"Energy Potion"},{"floor":42,"key":"Energy Potion"}],"is_trial":false,"path_per_floor":["M","M","?","M","M","E","R","M","T","E","R","?","R","M","R","B",null,"M","$","?","M","M","R","M","E","T","M","R","?","R","M","R","B",null,"M","?","$","M","?","R","?","M","T","E","R","$","E"],"character_chosen":"DEFECT","items_purchased":["Bottled Flame","Self Repair","Secret Technique","DuplicationPotion","Hologram","EssenceOfDarkness","Skim"],"campfire_rested":1,"item_purchase_floors":[19,19,19,19,37,37,37],"current_hp_per_floor":[68,63,63,64,54,39,39,40,40,28,28,13,13,14,36,12,75,72,72,72,55,53,53,54,62,62,63,63,59,59,53,53,32,95,84,79,79,69,69,69,69,60,60,16,16,16,0,0],"gold":77,"neow_bonus":"TWO_FIFTY_GOLD","is_daily":false,"chose_seed":false,"campfire_upgraded":8,"win_rate":0.0,"timestamp":1610540362,"path_taken":["M","M","?","M","?","E","R","M","T","E","R","?","R","M","R","BOSS","M","$","?","M","M","R","M","E","T","M","R","?","R","M","R","BOSS","M","?","$","M","?","R","?","M","T","E","R","?","E"],"items_purchased_type":["Relic","Card","Card","Potion","Card","Potion","Card"],"build_version":"2020-12-22","purchased_purges":2,"victory":false,"max_hp_per_floor":[68,68,68,69,70,71,71,72,72,73,73,73,73,74,74,75,75,76,76,76,77,78,78,79,80,80,81,81,93,93,94,94,95,95,96,96,96,97,97,97,97,98,98,99,99,99,99,99],"card_choices":[{"not_picked":["Beam Cell","Reprogram"],"picked":"Cold Snap","floor":1},{"not_picked":["Steam","BootSequence"],"picked":"Chaos","floor":2},{"not_picked":["Static Discharge","Compile Driver"],"picked":"Gash","floor":4},{"not_picked":["Conserve Battery","Tempest"],"picked":"Hello World","floor":5},{"not_picked":["Glacier","Compile Driver"],"picked":"Doom and Gloom","floor":6},{"not_picked":["Compile Driver","Chaos"],"picked":"Chill","floor":8},{"not_picked":["Self Repair","Leap"],"picked":"Blizzard","floor":10},{"not_picked":["Steam","Barrage"],"picked":"Ball Lightning","floor":14},{"not_picked":["All For One","Rainbow"],"picked":"Reboot","floor":16},{"not_picked":["Rebound+1","Gash"],"picked":"Consume+1","floor":18},{"not_picked":["Turbo","Sweeping Beam"],"picked":"Go for the Eyes","floor":21},{"not_picked":["Rebound","Reinforced Body"],"picked":"Conserve Battery","floor":22},{"not_picked":["Hello World","Sweeping Beam"],"picked":"Chill+1","floor":24},{"not_picked":["Leap","Machine Learning"],"picked":"Gash+1","floor":25},{"not_picked":["Steam","FTL","Gash"],"picked":"SKIP","floor":27},{"not_picked":["Conserve Battery+1","Ball Lightning"],"picked":"Sunder+1","floor":29},{"not_picked":["Sweeping Beam","Steam"],"picked":"Defragment+1","floor":31},{"not_picked":["Reboot","Buffer"],"picked":"Core Surge","floor":33},{"not_picked":["Doom and Gloom","Aggregate"],"picked":"Redo","floor":35},{"not_picked":["Magnetism","Jack Of All Trades"],"picked":"Secret Weapon","floor":36},{"not_picked":["Hello World+1","Redo"],"picked":"Turbo+1","floor":38},{"not_picked":["Chill+1","Coolheaded"],"picked":"Hologram","floor":42},{"not_picked":["Beam Cell","Barrage"],"picked":"Coolheaded+1","floor":44}],"player_experience":35917,"relics_obtained":[{"floor":6,"key":"Bronze Scales"},{"floor":10,"key":"Juzu Bracelet"},{"floor":25,"key":"Whetstone"},{"floor":26,"key":"Shuriken"},{"floor":29,"key":"Du-Vu Doll"},{"floor":29,"key":"Pear"},{"floor":41,"key":"Gremlin Horn"},{"floor":43,"key":"Kunai"},{"floor":44,"key":"InkBottle"}],"event_choices":[{"damage_healed":0,"gold_gain":0,"player_choice":"Trade","damage_taken":0,"relics_obtained":["FaceOfCleric"],"max_hp_gain":0,"max_hp_loss":0,"event_name":"FaceTrader","floor":3,"gold_loss":0},{"damage_healed":0,"gold_gain":0,"player_choice":"Entered Light","damage_taken":15,"max_hp_gain":0,"max_hp_loss":0,"event_name":"Shining Light","floor":12,"gold_loss":0,"cards_upgraded":["Strike_B","Defend_B"]},{"damage_healed":0,"gold_gain":0,"player_choice":"Paid Fearfully","damage_taken":0,"max_hp_gain":0,"max_hp_loss":0,"event_name":"Masked Bandits","floor":20,"gold_loss":7},{"damage_healed":0,"gold_gain":0,"player_choice":"Fight","damage_taken":0,"max_hp_gain":0,"max_hp_loss":0,"event_name":"Colosseum","floor":29,"gold_loss":0},{"damage_healed":0,"gold_gain":0,"player_choice":"Fought Nobs","damage_taken":0,"max_hp_gain":0,"max_hp_loss":0,"event_name":"Colosseum","floor":29,"gold_loss":0},{"damage_healed":0,"gold_gain":0,"player_choice":"Memory 2","damage_taken":5,"max_hp_gain":0,"max_hp_loss":0,"event_name":"SensoryStone","floor":36,"gold_loss":0},{"damage_healed":0,"gold_gain":0,"player_choice":"Ignored","damage_taken":0,"max_hp_gain":0,"max_hp_loss":0,"event_name":"SecretPortal","floor":39,"gold_loss":0},{"damage_healed":0,"gold_gain":0,"player_choice":"Relic","damage_taken":0,"max_hp_gain":0,"max_hp_loss":0,"event_name":"Wheel of Change","floor":41,"gold_loss":0}],"is_beta":false,"boss_relics":[{"not_picked":["Nuclear Battery","Philosopher\u0027s Stone"],"picked":"Coffee Dripper"},{"not_picked":["SlaversCollar","Runic Dome"],"picked":"FrozenCore"}],"items_purged_floors":[19,37],"is_endless":false,"potions_floor_spawned":[1,4,5,10,22,24,29,33,42],"killed_by":"Nemesis","ascension_level":3}}