{"host":"04hh9gplt9wkfmr1","time":1610507959,"event":{"mods":["AchievementEnabler","BaseMod","Colored Map","KOR Keyword Fix","Minty Spire (QoL Compilation)","Rare Cards Sparkle","SuperFastMode"],"gold_per_floor":[14,29,29,29,57,69,95,133,145,157,194,206,253,283,295,402,414,437,464,476,501,59,88,88,114,114,148,177,193,193,213,213,316,316,330,330,197,213,231,231,231,231,300,320,331,347,347,358,358,358],"floor_reached":51,"language":"KOR","playtime":1734,"items_purged":["Strike_B","Defend_B"],"score":824,"play_id":"264605b5-40a0-4d29-921e-c44fd342e051","local_time":"20210113121919","is_ascension_mode":true,"campfire_choices":[{"data":"Dualcast","floor":6.0,"key":"SMITH"},{"data":"Biased Cognition","floor":10.0,"key":"SMITH"},{"data":"Capacitor","floor":12.0,"key":"SMITH"},{"data":"Thunder Strike","floor":15.0,"key":"SMITH"},{"floor":24,"key":"REST"},{"floor":30,"key":"REST"},{"floor":32,"key":"REST"},{"data":"Reboot","floor":40,"key":"SMITH"},{"data":"Defragment","floor":42,"key":"SMITH"},{"floor":47,"key":"REST"},{"floor":49,"key":"REST"}],"circlet_count":0,"master_deck":["Strike_B+1","Defend_B","Defend_B","Defend_B","Zap+1","Dualcast+1","Capacitor+1","Static Discharge","Lockon","Storm","Leap","Auto Shields","Biased Cognition+1","Thunder Strike+1","White Noise","Core Surge","Heatsinks","Reinforced Body+1","Reboot+1","Defragment+1","Ball Lightning+1","Force Field+1","Reinforced Body+1","Core Surge","Consume","Aggregate+1","Force Field+1","Fission+1","Ball Lightning+1","Mayhem","Consume","Stack+1","Defragment+1","Static Discharge"],"relics":["Cracked Core","MawBank","Mango","Shuriken","Potion Belt","HornCleat","SlaversCollar","Membership Card","Question Card","Anchor","Oddly Smooth Stone","Smiling Mask","Mummified Hand","Whetstone","Red Mask","SacredBark","Boot","Darkstone Periapt"],"acts_visited":["Exordium","TheCity","TheBeyond"],"potions_floor_usage":[25,25,25,27,28,28,29,29,39,45,50],"damage_taken":[{"damage":0.0,"enemies":"2 Louse","floor":1.0,"turns":3.0},{"damage":0.0,"enemies":"Cultist","floor":2.0,"turns":4.0},{"damage":7.0,"enemies":"Jaw Worm","floor":5.0,"turns":4.0},{"damage":0.0,"enemies":"3 Louse","floor":7.0,"turns":4.0},{"damage":15.0,"enemies":"Gremlin Nob","floor":8.0,"turns":3.0},{"damage":14.0,"enemies":"3 Sentries","floor":11.0,"turns":6.0},{"damage":2.0,"enemies":"Lagavulin","floor":13.0,"turns":4.0},{"damage":5.0,"enemies":"Red Slaver","floor":14.0,"turns":2.0},{"damage":19.0,"enemies":"Slime Boss","floor":16.0,"turns":7.0},{"damage":0.0,"enemies":"Chosen","floor":18.0,"turns":4.0},{"damage":19.0,"enemies":"3 Byrds","floor":19.0,"turns":3.0},{"damage":34.0,"enemies":"Snake Plant","floor":21.0,"turns":4.0},{"damage":21.0,"enemies":"Book of Stabbing","floor":23.0,"turns":4.0},{"damage":0,"enemies":"Gremlin Leader","floor":25,"turns":5},{"damage":13,"enemies":"Slavers","floor":27,"turns":5},{"damage":0,"enemies":"Masked Bandits","floor":28,"turns":3},{"damage":25,"enemies":"Centurion and Healer","floor":29,"turns":5},{"damage":14,"enemies":"3 Cultists","floor":31,"turns":4},{"damage":17,"enemies":"Champ","floor":33,"turns":10},{"damage":51,"enemies":"3 Darklings","floor":35,"turns":5},{"damage":12,"enemies":"3 Shapes","floor":38,"turns":5},{"damage":10,"enemies":"Jaw Worm Horde","floor":39,"turns":4},{"damage":11,"enemies":"3 Darklings","floor":44,"turns":3},{"damage":4,"enemies":"4 Shapes","floor":45,"turns":3},{"damage":17,"enemies":"Sphere and 2 Shapes","floor":46,"turns":7},{"damage":0,"enemies":"Maw","floor":48,"turns":7},{"damage":44,"enemies":"Awakened One","floor":50,"turns":7}],"seed_played":"6685817194984328888","potions_obtained":[{"floor":1.0,"key":"Explosive Potion"},{"floor":7.0,"key":"EntropicBrew"},{"floor":8.0,"key":"SteroidPotion"},{"floor":13.0,"key":"Energy Potion"},{"floor":16.0,"key":"Dexterity Potion"},{"floor":18.0,"key":"EntropicBrew"},{"floor":19.0,"key":"PowerPotion"},{"floor":25,"key":"Swift Potion"},{"floor":27,"key":"Regen Potion"},{"floor":28,"key":"Swift Potion"},{"floor":35,"key":"Ancient Potion"},{"floor":38,"key":"Regen Potion"},{"floor":46,"key":"Swift Potion"},{"floor":48,"key":"Fire Potion"}],"is_trial":false,"path_per_floor":["M","M","?","?","M","R","M","E","T","R","E","R","E","M","R","B",null,"M","M","?","M","$","E","R","E","T","E","?","M","R","M","R","B",null,"M","?","$","M","M","R","?","R","T","M","M","M","R","M","R","B",null],"character_chosen":"DEFECT","items_purchased":["Membership Card","Defragment","Question Card","Ball Lightning","Anchor","Mayhem"],"campfire_rested":5,"item_purchase_floors":[22,22,22,22,22,37],"current_hp_per_floor":[75,75,75,72,65,65,65,64,64,64,50,50,48,43,43,24,89,89,70,70,36,36,15,41,41,41,28,37,12,38,24,50,33,89,38,38,38,26,43,43,43,43,43,32,28,11,37,37,63,19],"gold":358,"neow_bonus":"TRANSFORM_TWO_CARDS","is_daily":false,"chose_seed":false,"campfire_upgraded":6,"win_rate":0.0,"timestamp":1610507959,"path_taken":["M","M","?","?","M","R","M","E","T","R","E","R","E","M","R","BOSS","M","M","?","M","$","E","R","E","T","E","?","M","R","M","R","BOSS","M","?","$","?","M","R","?","R","T","M","M","M","R","M","R","BOSS"],"items_purchased_type":["Relic","Card","Relic","Card","Relic","Card"],"build_version":"2020-12-22","purchased_purges":2,"victory":true,"max_hp_per_floor":[75,75,75,75,75,75,75,89,89,89,89,89,89,89,89,89,89,89,89,89,89,89,89,89,89,89,89,89,89,89,89,89,89,89,89,89,89,89,89,89,89,89,89,89,89,89,89,89,89,89],"card_choices":[{"not_picked":["Stack","Streamline"],"picked":"Lockon","floor":1.0},{"not_picked":["Rip and Tear","Reinforced Body"],"picked":"Storm","floor":2.0},{"not_picked":["Lockon","Compile Driver"],"picked":"Leap","floor":5.0},{"not_picked":["Sweeping Beam","Cold Snap","Auto Shields"],"picked":"SKIP","floor":7.0},{"not_picked":["Sweeping Beam","Cold Snap"],"picked":"Auto Shields","floor":7.0},{"not_picked":["Hello World","Coolheaded"],"picked":"Biased Cognition","floor":8.0},{"not_picked":["Steam","Doom and Gloom","Redo"],"picked":"SKIP","floor":11.0},{"not_picked":["Redo","Capacitor"],"picked":"Thunder Strike","floor":13.0},{"not_picked":["Beam Cell","Storm"],"picked":"White Noise","floor":14.0},{"not_picked":["Machine Learning","Thunder Strike"],"picked":"Core Surge","floor":16.0},{"not_picked":["Cold Snap+1","Stack"],"picked":"Heatsinks","floor":18.0},{"not_picked":["Turbo","Static Discharge"],"picked":"Reinforced Body+1","floor":19.0},{"not_picked":["Turbo","Chill","Gash+1"],"picked":"SKIP","floor":21.0},{"not_picked":["Streamline","Reprogram","Capacitor+1"],"picked":"Force Field+1","floor":23},{"not_picked":["Stack","Meteor Strike","Chaos"],"picked":"Reinforced Body+1","floor":25},{"not_picked":["Capacitor+1","BootSequence+1","Barrage+1"],"picked":"Core Surge","floor":27},{"not_picked":["Go for the Eyes","Ball Lightning+1","Steam"],"picked":"Consume","floor":28},{"not_picked":["Lockon","Steam","Self Repair"],"picked":"Aggregate+1","floor":29},{"not_picked":["Steam","Rebound","Gash"],"picked":"Force Field+1","floor":31},{"not_picked":["Rainbow","Meteor Strike","Machine Learning"],"picked":"Fission","floor":33},{"not_picked":["Conserve Battery","Hologram+1","Go for the Eyes+1"],"picked":"Ball Lightning+1","floor":35},{"not_picked":["Reinforced Body+1","Conserve Battery","Go for the Eyes+1"],"picked":"Consume","floor":38},{"not_picked":["Leap","Steam","Coolheaded+1"],"picked":"Stack+1","floor":39},{"not_picked":["Reprogram","Auto Shields+1","Compile Driver","Go for the Eyes+1"],"picked":"SKIP","floor":44},{"not_picked":["Skim","Heatsinks+1","Fusion+1","Turbo+1"],"picked":"SKIP","floor":45},{"not_picked":["Coolheaded","White Noise+1","Skim+1"],"picked":"Defragment+1","floor":46},{"not_picked":["Sweeping Beam+1","Stack","Leap"],"picked":"Static Discharge","floor":48}],"player_experience":16193,"relics_obtained":[{"floor":8.0,"key":"Mango"},{"floor":9.0,"key":"Shuriken"},{"floor":11.0,"key":"Potion Belt"},{"floor":13.0,"key":"HornCleat"},{"floor":23,"key":"Oddly Smooth Stone"},{"floor":25,"key":"Smiling Mask"},{"floor":26,"key":"Mummified Hand"},{"floor":27,"key":"Whetstone"},{"floor":28,"key":"Red Mask"},{"floor":43,"key":"Darkstone Periapt"}],"event_choices":[{"damage_healed":0.0,"max_hp_gain":0.0,"max_hp_loss":0.0,"gold_gain":0.0,"event_name":"Living Wall","player_choice":"Grow","floor":3.0,"gold_loss":0.0,"damage_taken":0.0,"cards_upgraded":["Zap"]},{"damage_healed":0.0,"max_hp_gain":0.0,"max_hp_loss":0.0,"gold_gain":0.0,"event_name":"Scrap Ooze","player_choice":"Success","floor":4.0,"gold_loss":0.0,"damage_taken":3.0,"relics_obtained":["MawBank"]},{"damage_healed":0.0,"max_hp_gain":0.0,"max_hp_loss":0.0,"gold_gain":0.0,"event_name":"The Library","player_choice":"Read","floor":20.0,"gold_loss":0.0,"damage_taken":0.0,"cards_obtained":["Reboot"]},{"damage_healed":0,"gold_gain":0,"player_choice":"Fought Bandits","damage_taken":0,"max_hp_gain":0,"max_hp_loss":0,"event_name":"Masked Bandits","floor":28,"gold_loss":0},{"damage_healed":0,"gold_gain":0,"player_choice":"Gave Potion","damage_taken":0,"relics_obtained":["Boot"],"max_hp_gain":0,"max_hp_loss":0,"event_name":"WeMeetAgain","floor":36,"gold_loss":0},{"damage_healed":0,"gold_gain":0,"player_choice":"Upgraded","damage_taken":0,"max_hp_gain":0,"max_hp_loss":0,"event_name":"Upgrade Shrine","floor":41,"gold_loss":0,"cards_upgraded":["Fission"]}],"is_beta":false,"boss_relics":[{"not_picked":["Philosopher\u0027s Stone","Empty Cage"],"picked":"SlaversCollar"},{"not_picked":["Astrolabe","FrozenCore"],"picked":"SacredBark"}],"items_purged_floors":[22,37],"is_endless":false,"potions_floor_spawned":[1,7,8,13,16,18,19,25,27,28,35,38,46,48],"ascension_level":2}}