{"host":"rolltorest","time":1610521464,"event":{"mods":["BaseMod","Minty Spire (QoL Compilation)","Relic Stats","Slay the Relics Exporter","StSLib"],"gold_per_floor":[111,54,54,72,89,124,124,141,166,166,200,200,258,333,333,405,405,417,436,463,64,64,64,89,89,89,109,144,194,229,229,229,229,229],"floor_reached":33,"language":"ENG","playtime":736,"items_purged":[],"score":772,"play_id":"7026726e-f64f-4a16-bab3-0e80d3ee0107","local_time":"20210112230424","is_ascension_mode":true,"campfire_choices":[{"data":"Eruption","floor":7,"key":"SMITH"},{"data":"Blasphemy","floor":12,"key":"SMITH"},{"data":"EmptyFist","floor":15,"key":"SMITH"},{"data":"WheelKick","floor":23,"key":"SMITH"},{"floor":32,"key":"REST"}],"circlet_count":0,"master_deck":["AscendersBane","Eruption+1","Vigilance","FollowUp","Consecrate","Tantrum","SandsOfTime","BowlingBash+1","Prostrate","Blasphemy+1","EmptyFist+1","SpiritShield","Perseverance","MentalFortress","Adaptation","ClearTheMind","FollowUp","Crescendo","Evaluate","Conclude","WheelKick+1"],"relics":["PureWater","NeowsBlessing","Juzu Bracelet","Lantern","Nunchaku","Pandora\u0027s Box","Red Mask","Membership Card","PreservedInsect","Bottled Lightning","TeardropLocket","Singing Bowl","Peace Pipe","Bottled Flame"],"acts_visited":["Exordium","TheCity"],"potions_floor_usage":[13,33],"damage_taken":[{"damage":0,"enemies":"Small Slimes","floor":1,"turns":1},{"damage":0,"enemies":"Cultist","floor":4,"turns":1},{"damage":0,"enemies":"2 Louse","floor":5,"turns":2},{"damage":17,"enemies":"3 Sentries","floor":6,"turns":6},{"damage":0,"enemies":"2 Fungi Beasts","floor":8,"turns":3},{"damage":2,"enemies":"Gremlin Nob","floor":11,"turns":3},{"damage":15,"enemies":"3 Louse","floor":13,"turns":6},{"damage":0,"enemies":"Slime Boss","floor":16,"turns":3},{"damage":0,"enemies":"Chosen","floor":18,"turns":4},{"damage":14,"enemies":"Shell Parasite","floor":19,"turns":3},{"damage":3,"enemies":"Masked Bandits","floor":20,"turns":3},{"damage":10,"enemies":"Book of Stabbing","floor":24,"turns":3},{"damage":4,"enemies":"Snake Plant","floor":27,"turns":4},{"damage":0,"enemies":"Gremlin Leader","floor":28,"turns":3},{"damage":27,"enemies":"Book of Stabbing","floor":30,"turns":3},{"damage":25,"enemies":"Collector","floor":33,"turns":3}],"seed_played":"-1688032805191653733","potions_obtained":[{"floor":5,"key":"Dexterity Potion"},{"floor":8,"key":"ColorlessPotion"},{"floor":13,"key":"FearPotion"},{"floor":20,"key":"Ancient Potion"}],"is_trial":false,"path_per_floor":["M","$","?","M","M","E","R","M","T","?","E","R","M","?","R","B",null,"M","M","?","$","?","R","E","?","T","M","E","?","E","?","R","B"],"character_chosen":"WATCHER","items_purchased":["Consecrate","Membership Card","PreservedInsect","Bottled Lightning"],"campfire_rested":1,"item_purchase_floors":[2,21,21,21],"current_hp_per_floor":[61,61,61,61,61,44,44,44,44,44,42,42,27,16,16,16,55,55,41,38,38,38,38,28,28,28,26,28,28,3,3,25,0,0],"gold":229,"neow_bonus":"THREE_ENEMY_KILL","is_daily":false,"chose_seed":false,"campfire_upgraded":4,"win_rate":0.0,"timestamp":1610521464,"path_taken":["M","$","?","M","?","E","R","M","T","?","E","R","M","?","R","BOSS","M","M","?","$","?","R","E","?","T","M","E","?","E","?","R","BOSS"],"items_purchased_type":["Card","Relic","Relic","Relic"],"build_version":"2020-12-18","purchased_purges":0,"victory":false,"max_hp_per_floor":[68,68,68,68,68,68,68,68,68,68,68,68,68,68,68,68,68,68,68,68,68,68,68,68,68,68,70,72,72,74,74,74,74,74],"relic_stats":{"Peace Pipe":0,"Nunchaku":[6],"Singing Bowl":6,"counters":[16,51],"Pandora\u0027s Box":["Perseverance","MentalFortress","ForeignInfluence","Adaptation","ClearTheMind","FollowUp","Crescendo"],"PreservedInsect":132,"Juzu Bracelet":1,"obtain_stats":[{"Lantern":9,"NeowsBlessing":0,"Singing Bowl":26,"PreservedInsect":21,"Juzu Bracelet":6,"TeardropLocket":24,"Peace Pipe":28,"Nunchaku":11,"Bottled Flame":30,"Pandora\u0027s Box":17,"Red Mask":20,"Membership Card":21,"Bottled Lightning":21,"PureWater":0},{"Lantern":5,"NeowsBlessing":0,"Singing Bowl":12,"PreservedInsect":11,"Juzu Bracelet":4,"TeardropLocket":12,"Peace Pipe":14,"Nunchaku":6,"Bottled Flame":15,"Pandora\u0027s Box":8,"Red Mask":11,"Membership Card":11,"Bottled Lightning":11,"PureWater":0},{"Lantern":13,"NeowsBlessing":0,"Singing Bowl":38,"PreservedInsect":35,"Juzu Bracelet":10,"TeardropLocket":38,"Peace Pipe":45,"Nunchaku":16,"Bottled Flame":48,"Pandora\u0027s Box":25,"Red Mask":35,"Membership Card":35,"Bottled Lightning":35,"PureWater":0}]},"card_choices":[{"not_picked":["Crescendo","Evaluate"],"picked":"FollowUp","floor":1},{"not_picked":["PathToVictory","ClearTheMind"],"picked":"Tantrum","floor":4},{"not_picked":["Wireheading","FlyingSleeves"],"picked":"SandsOfTime","floor":5},{"not_picked":["PathToVictory","EmptyBody"],"picked":"BowlingBash","floor":6},{"not_picked":["Evaluate","CarveReality"],"picked":"Prostrate","floor":8},{"not_picked":["PathToVictory","Halt"],"picked":"Blasphemy","floor":11},{"not_picked":["FlurryOfBlows","BowlingBash"],"picked":"EmptyFist","floor":13},{"not_picked":["Establishment","Blasphemy"],"picked":"SpiritShield","floor":16},{"not_picked":["Evaluate","BowlingBash","Vengeance"],"picked":"SKIP","floor":18},{"not_picked":["BowlingBash","Vengeance"],"picked":"Evaluate","floor":18},{"not_picked":["FlyingSleeves","Sanctity"],"picked":"Conclude","floor":19},{"not_picked":["Sanctity","ClearTheMind"],"picked":"WheelKick","floor":20},{"not_picked":["Protect","ReachHeaven","WheelKick"],"picked":"SKIP","floor":24},{"not_picked":["FollowUp","Protect","SashWhip"],"picked":"Singing Bowl","floor":27},{"not_picked":["FollowUp","Swivel","FlyingSleeves"],"picked":"Singing Bowl","floor":28},{"not_picked":["Tantrum","ThirdEye","Wish"],"picked":"Singing Bowl","floor":30}],"player_experience":1712934,"relics_obtained":[{"floor":6,"key":"Juzu Bracelet"},{"floor":9,"key":"Lantern"},{"floor":11,"key":"Nunchaku"},{"floor":20,"key":"Red Mask"},{"floor":24,"key":"TeardropLocket"},{"floor":26,"key":"Singing Bowl"},{"floor":28,"key":"Peace Pipe"},{"floor":30,"key":"Bottled Flame"}],"event_choices":[{"cards_removed":["Strike_P"],"damage_healed":0,"gold_gain":0,"player_choice":"Offered Basic","damage_taken":0,"max_hp_gain":0,"max_hp_loss":0,"event_name":"Bonfire Elementals","floor":3,"gold_loss":0},{"damage_healed":0,"gold_gain":0,"player_choice":"Grow","damage_taken":0,"max_hp_gain":0,"max_hp_loss":0,"event_name":"Living Wall","floor":10,"gold_loss":0,"cards_upgraded":["BowlingBash"]},{"damage_healed":0,"gold_gain":75,"player_choice":"Gather Gold","damage_taken":11,"max_hp_gain":0,"max_hp_loss":0,"event_name":"World of Goop","floor":14,"gold_loss":0},{"damage_healed":0,"gold_gain":0,"player_choice":"Fought Bandits","damage_taken":0,"max_hp_gain":0,"max_hp_loss":0,"event_name":"Masked Bandits","floor":20,"gold_loss":0},{"damage_healed":0,"gold_gain":0,"cards_transformed":["ForeignInfluence"],"player_choice":"Transformed","damage_taken":0,"max_hp_gain":0,"max_hp_loss":0,"event_name":"Transmorgrifier","floor":22,"gold_loss":0,"cards_obtained":["Vengeance"]},{"damage_healed":0,"gold_gain":0,"player_choice":"Ignored","damage_taken":0,"max_hp_gain":0,"max_hp_loss":0,"event_name":"The Mausoleum","floor":25,"gold_loss":0},{"damage_healed":0,"gold_gain":50,"player_choice":"Stole From Cult","damage_taken":0,"max_hp_gain":0,"max_hp_loss":0,"event_name":"Nest","floor":29,"gold_loss":0},{"cards_removed":["Vengeance"],"damage_healed":0,"gold_gain":0,"player_choice":"Elegance","damage_taken":0,"max_hp_gain":0,"max_hp_loss":0,"event_name":"Back to Basics","floor":31,"gold_loss":0}],"is_beta":true,"boss_relics":[{"not_picked":["SacredBark","Busted Crown"],"picked":"Pandora\u0027s Box"}],"items_purged_floors":[],"is_endless":false,"potions_floor_spawned":[5,8,13,18,20],"killed_by":"Collector","ascension_level":20}}