{"host":"o42wl4m5pnzrnqrg","time":1610515186,"event":{"mods":["100% Spire Juice","2.2 Compatiblity","Act Like it!","Arknights The Spire","BaseMod","Best Route Mod","Better Match","Better Note","Better Skull","Better Third Choice","Better Vampires","CapriCore","Colored Map","Curses Come First","Dota2Spire","Evolution","Friendly Minions","GifTheSpireLib","Gold Saver","Hallownest","Hubris","Jess\u0027s Bottle","Luminous","Mari Mod (Legacy)","Mari\u0027s V1 Patch","Marisa????????","Minty Spire (QoL Compilation)","Permanent Neow","Poor People Problems","Rare Cards Sparkle","Relic Stats","Replay The Spire","Robot Space Explorer","SOS???????","Shop Mod","Small Relic Pack","Spicy Shops","StSLib","The Bladedancer","The Blue Laboratory","The Bug Knight","The Dragon Tamer","The Marked","TheSwordswoman","TheWitcher","Transform Curses","???mod?????","??????REMEMod"],"gold_per_floor":[113,113,113,2,2,2,35,35,35,47,11,24,39,57,57,155,155,175,175,224,20,30,30,30,62,62,62,62],"floor_reached":27,"language":"ENG","playtime":1736,"items_purged":[],"score":256,"play_id":"ada97b15-2ee3-449e-ab3d-04bbfa76252c","local_time":"20210113011946","is_ascension_mode":false,"campfire_choices":[{"data":"ReplayTheSpireMod:Brewmster","floor":6,"key":"SMITH"},{"data":"Luminous:Balance_Death_Scythe","floor":15,"key":"SMITH"},{"data":"Luminous:Ethereal_Form_Luminous","floor":23,"key":"SMITH"}],"circlet_count":0,"master_deck":["Luminous:Light_Flash_Shower","Luminous:Light_Flash_Shower","Luminous:Light_Flash_Shower","Luminous:Dark_Abyssal_Drop","Luminous:Dark_Abyssal_Drop","Luminous:Dark_Abyssal_Drop","Luminous:Switch_Luminous","ReplayTheSpireMod:Brewmster+1","Luminous:Photic_Meditation_Luminous","Hallownest:skillLeafShield","Hallownest:skillLeafShield","Hallownest:skillLeafShield","Hallownest:skillLeafShield","Hallownest:skillLeafShield","Luminous:Dark_Morning_Star","Luminous:Dark_Apocalypse","Luminous:Flash_Blink_Luminous","Luminous:Reverse_Spell_Luminous","Luminous:Dark_Pressure_Void","Luminous:Balance_Death_Scythe+1","Luminous:Ethereal_Form_Luminous+1","Luminous:Light_Wash_Luminous","Luminous:Mirror_Force_Luminous","Luminous:Concentrate_Luminous","Luminous:Dark_Raid+1","Luminous:Magic_Boost_Luminous"],"relics":["Luminous:MirrorRelic","EVO:Axolotl","REME_ComplimentaryCards","hubris:Spice","hubris:Towel","Frozen Eye","hubris:Icosahedron","Potion Belt","Dota2Spire:MantaStyle","Lee\u0027s Waffle","Bronze Scales","Art of War"],"acts_visited":["Exordium","TheCity"],"potions_floor_usage":[1,1,7,7,7,7,7,12,12,13,13,14,14,16,16,16,16,16,16,16,18,18,20,20,20,20,20,22,25,25,25,25,27,27,27],"damage_taken":[{"damage":9,"enemies":"Hallownest:2_MossCreeps","floor":1,"turns":5},{"damage":29,"enemies":"Hallownest:eliteCrystalGuardian","floor":7,"turns":6},{"damage":0,"enemies":"Hallownest:2_Baldur","floor":10,"turns":3},{"damage":0,"enemies":"Hallownest:monsterHuskWarrior","floor":12,"turns":3},{"damage":0,"enemies":"Hallownest:monsterFoolEater","floor":13,"turns":2},{"damage":0,"enemies":"Hallownest:Guard_and_Warrior","floor":14,"turns":4},{"damage":23,"enemies":"Hallownest:BossHornet","floor":16,"turns":6},{"damage":22,"enemies":"Chosen","floor":18,"turns":5},{"damage":10,"enemies":"Chosen and Byrds","floor":20,"turns":5},{"damage":18,"enemies":"3 Cultists","floor":22,"turns":4},{"damage":16,"enemies":"HollowMod:Nosk","floor":25,"turns":6},{"damage":30,"enemies":"REME_1_Revenger","floor":27,"turns":3}],"seed_played":"-4866097380095150005","potions_obtained":[{"floor":10,"key":"blueLaboratory:FrostheartPotion"},{"floor":13,"key":"blueLaboratory:EnragingPotion"},{"floor":14,"key":"blueLaboratory:ExaltedPotion"},{"floor":18,"key":"REME_GoldPotion"}],"is_trial":false,"path_per_floor":["M","?","?","$","?","R","E","T","T","M","$","M","M","M","R","B",null,"M","?","M","$","M","R","?","E","T","E"],"character_chosen":"LuminousClass","items_purchased":["Frozen Eye","Luminous:Dark_Morning_Star","Luminous:Reverse_Spell_Luminous","Lee\u0027s Waffle","Luminous:Concentrate_Luminous"],"campfire_rested":0,"item_purchase_floors":[4,4,11,21,21],"current_hp_per_floor":[67,67,67,67,67,67,60,60,68,73,73,75,75,78,78,60,72,53,53,46,79,64,64,31,21,21,0,0],"gold":62,"neow_bonus":"ONE_RARE_RELIC","is_daily":false,"chose_seed":false,"campfire_upgraded":3,"win_rate":0.0,"timestamp":1610515186,"path_taken":["M","?","?","$","?","R","E","?","T","?","?","M","M","M","R","BOSS","M","?","M","$","?","R","?","E","T","E"],"items_purchased_type":["Relic","Card","Card","Relic","Card"],"build_version":"2020-12-22","purchased_purges":0,"victory":false,"max_hp_per_floor":[76,76,76,76,76,76,78,78,86,86,86,80,80,80,80,80,72,72,72,72,79,79,79,71,63,63,63,63],"relic_stats":{"Lee\u0027s Waffle":33,"counters":[12,52],"Bronze Scales":[24],"Art of War":[1],"obtain_stats":[{"Potion Belt":7,"Frozen Eye":4,"Dota2Spire:MantaStyle":8,"Lee\u0027s Waffle":21,"hubris:Icosahedron":5,"hubris:Spice":0,"Bronze Scales":24,"Luminous:MirrorRelic":0,"Art of War":26,"EVO:Axolotl":0,"hubris:Towel":2,"REME_ComplimentaryCards":0},{"Potion Belt":2,"Frozen Eye":1,"Dota2Spire:MantaStyle":2,"Lee\u0027s Waffle":9,"hubris:Icosahedron":1,"hubris:Spice":0,"Bronze Scales":10,"Luminous:MirrorRelic":0,"Art of War":11,"EVO:Axolotl":0,"hubris:Towel":1,"REME_ComplimentaryCards":0},{"Potion Belt":11,"Frozen Eye":5,"Dota2Spire:MantaStyle":11,"Lee\u0027s Waffle":39,"hubris:Icosahedron":5,"hubris:Spice":0,"Bronze Scales":43,"Luminous:MirrorRelic":0,"Art of War":49,"EVO:Axolotl":0,"hubris:Towel":5,"REME_ComplimentaryCards":0}]},"card_choices":[{"not_picked":["Luminous:Accumulation_Luminous","Luminous:Light_Wash_Luminous"],"picked":"Luminous:Photic_Meditation_Luminous","floor":1},{"not_picked":["Luminous:Dark_Raid","Luminous:Light_Ray_of_Redemption"],"picked":"Luminous:Dark_Apocalypse","floor":7},{"not_picked":["Luminous:Concentrate_Luminous","Luminous:Accumulation_Luminous"],"picked":"Luminous:Flash_Blink_Luminous","floor":10},{"not_picked":["Luminous:Light_Ray_of_Redemption","Luminous:Reverse_Spell_Luminous"],"picked":"hubris:SpiceAddiction","floor":12},{"not_picked":["Luminous:Light_Wash_Luminous","Luminous:Dark_Raid"],"picked":"Luminous:Dark_Pressure_Void","floor":13},{"not_picked":["Luminous:Dark_Pressure_Void","Luminous:Accumulation_Luminous"],"picked":"Luminous:Balance_Death_Scythe","floor":14},{"not_picked":["Luminous:Chaos_Field_Luminous","Luminous:Balance_Aether_Conduit"],"picked":"Luminous:Ethereal_Form_Luminous","floor":16},{"not_picked":["Luminous:Light_Gather","Luminous:Light_Disperse+1"],"picked":"Luminous:Light_Wash_Luminous","floor":18},{"not_picked":["Luminous:Balance_Death_Scythe","Luminous:Concentrate_Luminous"],"picked":"Luminous:Mirror_Force_Luminous","floor":20},{"not_picked":["Luminous:Light_Wash_Luminous","Luminous:Light_Disperse+1"],"picked":"Luminous:Dark_Raid+1","floor":22},{"not_picked":["hubris:SpiceAddiction","Luminous:Light_Glare"],"picked":"Luminous:Magic_Boost_Luminous","floor":25}],"player_experience":513199,"relics_obtained":[{"floor":7,"key":"Potion Belt"},{"floor":8,"key":"Dota2Spire:MantaStyle"},{"floor":9,"key":"hubris:Spice"},{"floor":25,"key":"hubris:Spice"},{"floor":26,"key":"Art of War"}],"event_choices":[{"cards_removed":["Pride"],"damage_healed":0,"gold_gain":0,"player_choice":"Purged","damage_taken":0,"max_hp_gain":0,"max_hp_loss":0,"event_name":"Purifier","floor":19,"gold_loss":0},{"damage_healed":0,"gold_gain":0,"player_choice":"RE RE ","damage_taken":37,"relics_obtained":["hubris:Spice","Bronze Scales"],"max_hp_gain":0,"max_hp_loss":0,"event_name":"betterSkull:BetterSkull","floor":24,"gold_loss":0,"cards_upgraded":[]}],"is_beta":false,"boss_relics":[{"not_picked":["Replay:Wanted Poster","hubris:GrandSneckoEye"],"picked":"hubris:Spice"}],"items_purged_floors":[],"is_endless":false,"potions_floor_spawned":[10,13,14,18],"killed_by":"REME_1_Revenger","ascension_level":0}}