{"host":"2pluridizrp50jef","time":1610512572,"event":{"mods":["ATMod(阿瑾Mod)","BaseMod","Better Altar","Better Match","Better Note","Better Sensory Stone","Better Skull","Better Third Choice","Colored Powertips","Custom Start","Decade(王小明)","Hermit","Lobotomy","LobotomyExtend","Marisa（F雨　魔理沙）","Minty Spire (QoL Compilation)","Rare Cards Sparkle","Relic Stats","Replay The Spire","StSLib","The Animator","The Bug Knight","The Cursed","The Hierophant","The Servant 0.9.4","Waifu the Spire","WarShipGirlsR/战舰少女R mod"],"gold_per_floor":[117,117,138,138,152,152,186,186,186,230,248,248,248,271,271,364,364,378,378,394,407,427,298,298,298,298,334,407,453,518,530,542,722,734,836,875,887,899,954,1082,1094,1106,1145,1157,1327,1121,1169,1169,1169,1194,1319],"floor_reached":52,"language":"ZHS","playtime":3875,"items_purged":["HollowMod:ChannelNail+1","Voices"],"score":2156,"play_id":"3ebf5284-96d8-4365-a3e9-0bd521897783","local_time":"20210112203612","is_ascension_mode":true,"campfire_choices":[{"data":"HollowMod:VengefulSpirit","floor":6,"key":"SMITH"},{"data":"HollowMod:ChannelNail","floor":8,"key":"SMITH"},{"data":"HollowMod:SoulShaman","floor":12,"key":"SMITH"},{"data":"HollowMod:SoulShaman","floor":25,"key":"SMITH"},{"floor":32,"key":"REST"},{"data":"Madness","floor":42,"key":"SMITH"},{"data":"HollowMod:CloakDash","floor":49,"key":"SMITH"}],"circlet_count":0,"master_deck":["HollowMod:SoulVessel+1","HollowMod:SoulVessel+1","HollowMod:NewLastStag+1","HollowMod:NewLastStag+1","HollowMod:SlysStrikes+1","HollowMod:HuntersJournal+1","HollowMod:HuntersJournal+1","HollowMod:SoulEater+1","HollowMod:VengefulSpirit+1","HollowMod:PureNailStrike+1","HollowMod:SoulShaman+1","HollowMod:SoulShaman+1","HollowMod:SoulMaster+1","CurseOfTheBell","HollowMod:SoulEater+1","HollowMod:BaldurShell+1","HollowMod:InfectionAssault+1","HollowMod:SoulMaster+1","HollowMod:CloakDash","AscendersBane","Madness+1","HollowMod:SoulStrike","Hallucinations","Languid","HollowMod:CloakDash+1"],"relics":["HollowMod:VesselMask","AT_ATBox","Yang","Juzu Bracelet","Membership Card","Ice Cream","Frozen Egg 2","Nunchaku","HollowMod:KingsSoulRelic","Shuriken","AT_SunfireAegis","HollowMod:KingsBrand","HollowMod:QueensCombRelic","StoneMask","HollowMod:PaleOreRelic","HollowMod:MantisClawRelic","TungstenRod","HollowMod:StagPassRelic","Black Star","HollowMod:VesselMask","Replay:Towering Pillar of Hats","MagicBroom","LetterFromLob","Golden Idol","Iron Hammer","Pet Ghost","AT_BellowingDragoncrestRing","Tiny Chest","Smiling Mask","CultistMask","Calling Bell","AT_BladeRuinedKing","Replay:Accelerometer","Pondfish Scales","Bronze Scales","Blood Vial","AT_ForceNature","AT_MibuBalloonWealth","Centennial Puzzle","MawBank","MealTicket","Cursed Key","AT_ArchangelStaff","Gambling Chip","Replay:Rubber Ducky","PreservedInsect","AT_BellDemon","Sundial","Lee\u0027s Waffle","Blue Doll"],"acts_visited":["Exordium","TheCity","TheBeyond"],"potions_floor_usage":[40,50],"damage_taken":[{"damage":16,"enemies":"Small Slimes","floor":1,"turns":2},{"damage":0,"enemies":"2 Louse","floor":3,"turns":1},{"damage":0,"enemies":"Cultist","floor":5,"turns":1},{"damage":0,"enemies":"Gremlin Nob","floor":7,"turns":1},{"damage":0,"enemies":"HollowMod:MossKnight","floor":10,"turns":1},{"damage":13,"enemies":"Red Slaver","floor":11,"turns":2},{"damage":0,"enemies":"Blue Slaver","floor":14,"turns":1},{"damage":0,"enemies":"Slime Boss","floor":16,"turns":4},{"damage":0,"enemies":"Chosen","floor":18,"turns":2},{"damage":0,"enemies":"Spheric Guardian","floor":20,"turns":1},{"damage":0,"enemies":"Snecko","floor":21,"turns":1},{"damage":0,"enemies":"Snake Plant","floor":22,"turns":2},{"damage":0,"enemies":"HollowMod:Nosk","floor":27,"turns":2},{"damage":0,"enemies":"Centurion and Healer","floor":28,"turns":2},{"damage":0,"enemies":"Snecko","floor":29,"turns":2},{"damage":4,"enemies":"Replay:Snechameleon","floor":30,"turns":2},{"damage":0,"enemies":"Automaton","floor":33,"turns":3},{"damage":5,"enemies":"3 Shapes","floor":35,"turns":2},{"damage":0,"enemies":"Orb Walker","floor":39,"turns":2},{"damage":12,"enemies":"2 Orb Walkers","floor":40,"turns":3},{"damage":0,"enemies":"Reptomancer","floor":45,"turns":2},{"damage":0,"enemies":"Writhing Mass","floor":47,"turns":3},{"damage":0,"enemies":"Replay:Hell Engine","floor":50,"turns":2},{"damage":0,"enemies":"Awakened One","floor":51,"turns":3}],"seed_played":"4306875856717976930","potions_obtained":[{"floor":3,"key":"SkillPotion"},{"floor":14,"key":"Elixir"},{"floor":21,"key":"BlessingOfTheForge"}],"is_trial":true,"path_per_floor":["M","?","M","?","M","R","E","R","T","E","M","R","?","M","R","B",null,"M","?","M","M","M","$","T","R","T","E","M","M","E","M","R","B",null,"M","T","?","?","M","?","T","R","T","?","E","$","M","?","R","B","B",null],"character_chosen":"THE_BUGKNIGHT","items_purchased":["Bronze Scales","Lee\u0027s Waffle","Blue Doll"],"campfire_rested":1,"item_purchase_floors":[23,46,46],"current_hp_per_floor":[40,23,33,33,40,40,47,47,47,54,47,47,47,54,54,61,61,62,62,63,64,65,65,65,65,65,66,68,69,68,62,70,71,71,71,71,71,47,60,60,60,60,60,60,73,85,86,86,86,88,92],"gold":1319,"neow_bonus":"","is_daily":false,"chose_seed":false,"campfire_upgraded":6,"win_rate":0.0,"timestamp":1610512572,"path_taken":["M","?","M","?","M","R","E","R","T","E","M","R","?","M","R","BOSS","M","?","M","M","M","$","?","R","T","E","M","M","E","M","R","BOSS","M","?","?","?","M","?","?","R","T","?","E","$","M","?","R","BOSS","BOSS"],"items_purchased_type":["Relic","Relic","Relic"],"build_version":"2020-12-22","purchased_purges":2,"victory":true,"max_hp_per_floor":[52,52,54,54,55,55,56,56,56,57,58,58,58,59,59,61,61,62,62,63,64,65,65,65,65,65,66,68,69,70,70,70,71,71,74,74,74,74,75,77,77,77,77,77,78,85,86,86,86,88,92],"relic_stats":{"Lee\u0027s Waffle":7,"counters":[11,21],"Golden Idol":201,"Yang":[128],"PreservedInsect":62,"Juzu Bracelet":1,"Smiling Mask":-12,"MawBank":192,"Cursed Key":3,"Blood Vial":6,"Nunchaku":[12],"Centennial Puzzle":[9],"Shuriken":[30],"Sundial":[8],"Bronze Scales":[42],"Gambling Chip":[10],"Tiny Chest":2,"MealTicket":5,"Black Star":5,"obtain_stats":[{"Ice Cream":0,"AT_BellDemon":45,"TheCursedMod:FourLeafCloverCharm":0,"Lee\u0027s Waffle":46,"AT_ATBox":0,"Tiny House":0,"HollowMod:VesselMask":0,"Blue Doll":46,"PreservedInsect":43,"Juzu Bracelet":0,"Bag of Preparation":0,"Frozen Egg 2":0,"Medical Kit":0,"Replay:Rubber Ducky":41,"Sundial":45,"Gambling Chip":40,"LetterFromLob":1,"Membership Card":0,"Chemical X":0,"HollowMod:KingsSoulRelic":0,"ReplayTheSpireMod:ShopPack":0},{"Ice Cream":0,"AT_BellDemon":8,"TheCursedMod:FourLeafCloverCharm":0,"Lee\u0027s Waffle":8,"AT_ATBox":0,"Tiny House":0,"HollowMod:VesselMask":0,"Blue Doll":8,"PreservedInsect":7,"Juzu Bracelet":0,"Bag of Preparation":0,"Frozen Egg 2":0,"Medical Kit":0,"Replay:Rubber Ducky":7,"Sundial":8,"Gambling Chip":7,"LetterFromLob":1,"Membership Card":0,"Chemical X":0,"HollowMod:KingsSoulRelic":0,"ReplayTheSpireMod:ShopPack":0},{"Ice Cream":0,"AT_BellDemon":13,"TheCursedMod:FourLeafCloverCharm":0,"Lee\u0027s Waffle":13,"AT_ATBox":0,"Tiny House":0,"HollowMod:VesselMask":0,"Blue Doll":13,"PreservedInsect":11,"Juzu Bracelet":0,"Bag of Preparation":0,"Frozen Egg 2":0,"Medical Kit":0,"Replay:Rubber Ducky":11,"Sundial":13,"Gambling Chip":11,"LetterFromLob":2,"Membership Card":0,"Chemical X":0,"HollowMod:KingsSoulRelic":0,"ReplayTheSpireMod:ShopPack":0}],"TungstenRod":13},"card_choices":[{"not_picked":["HollowMod:SoulSplash","HollowMod:NewJinnsSoul","HollowMod:SiblingsSouls"],"picked":"SKIP","floor":1},{"not_picked":["HollowMod:HuntersJournal","HollowMod:InfectedCysts"],"picked":"HollowMod:SoulEater+1","floor":3},{"not_picked":["HollowMod:SoulVessel+1","HollowMod:SoulShaman"],"picked":"HollowMod:VengefulSpirit","floor":5},{"not_picked":["HollowMod:LifebloodCocoon","HollowMod:GreatSlash"],"picked":"HollowMod:ChannelNail","floor":7},{"not_picked":["HollowMod:HeavyBlow","HollowMod:InfectionAssault"],"picked":"HollowMod:PureNailStrike","floor":10},{"not_picked":["HollowMod:GreatSlash","HollowMod:SharpenedNail"],"picked":"HollowMod:SoulShaman","floor":11},{"not_picked":["HollowMod:DungDefenderAura","HollowMod:MonarchWings","HollowMod:ShapeofUnn+1"],"picked":"SKIP","floor":14},{"not_picked":["HollowMod:HornetsHelp","HollowMod:LordofShades+1"],"picked":"HollowMod:SoulMaster+1","floor":16},{"not_picked":["HollowMod:DreamGate","HollowMod:DungDefenderAura","HollowMod:DashSlash"],"picked":"SKIP","floor":18},{"not_picked":["HollowMod:BlackTendrils","HollowMod:CoiledNail","HollowMod:SiblingsSouls"],"picked":"SKIP","floor":20},{"not_picked":["HollowMod:SoulShaman","HollowMod:DreamGate","HollowMod:SharpenedNail"],"picked":"SKIP","floor":21},{"not_picked":["HollowMod:NewLittleFool","HollowMod:VengefulVoid","HollowMod:GrimmsGift"],"picked":"SKIP","floor":22},{"not_picked":["HollowMod:BrokenVessel+1","HollowMod:RecoilStrike"],"picked":"HollowMod:SoulEater+1","floor":27},{"not_picked":["HollowMod:CloakDash","HollowMod:DreamGate+1","HollowMod:NewJinnsSoul"],"picked":"SKIP","floor":28},{"not_picked":["HollowMod:AbyssShriek","HollowMod:NewJinnsSoul"],"picked":"HollowMod:BaldurShell+1","floor":29},{"not_picked":["HollowMod:SoulSplash","HollowMod:NewJinnsSoul"],"picked":"HollowMod:InfectionAssault","floor":30},{"not_picked":["HollowMod:ElderbugsWisdom+1","HollowMod:AwokenDreamNail"],"picked":"HollowMod:SoulMaster+1","floor":33},{"not_picked":["HollowMod:DoubleDash","HollowMod:HeavyBlow+1"],"picked":"HollowMod:CloakDash","floor":35},{"not_picked":["HollowMod:DreamGate","HollowMod:TaintedHusks+1"],"picked":"HollowMod:SoulStrike","floor":39},{"not_picked":["HollowMod:CornifersMapStart","HollowMod:SiblingsShadow"],"picked":"HollowMod:CloakDash","floor":45},{"not_picked":["HollowMod:DreamGate+1","HollowMod:InfectedAttack","HollowMod:NewGlowingWomb+1"],"picked":"SKIP","floor":47}],"player_experience":127001,"relics_obtained":[{"floor":1,"key":"LetterFromLob"},{"floor":7,"key":"Iron Hammer"},{"floor":7,"key":"Pet Ghost"},{"floor":9,"key":"AT_BellowingDragoncrestRing"},{"floor":10,"key":"Tiny Chest"},{"floor":10,"key":"Smiling Mask"},{"floor":17,"key":"AT_BladeRuinedKing"},{"floor":17,"key":"Replay:Accelerometer"},{"floor":17,"key":"Pondfish Scales"},{"floor":24,"key":"Blood Vial"},{"floor":26,"key":"AT_ForceNature"},{"floor":27,"key":"AT_MibuBalloonWealth"},{"floor":27,"key":"Centennial Puzzle"},{"floor":30,"key":"MawBank"},{"floor":30,"key":"MealTicket"},{"floor":36,"key":"AT_ArchangelStaff"},{"floor":40,"key":"Gambling Chip"},{"floor":41,"key":"Replay:Rubber Ducky"},{"floor":43,"key":"PreservedInsect"},{"floor":45,"key":"AT_BellDemon"},{"floor":45,"key":"Sundial"}],"event_choices":[{"damage_healed":0,"gold_gain":0,"player_choice":"Take Damage","damage_taken":18,"relics_obtained":["Golden Idol"],"max_hp_gain":0,"max_hp_loss":0,"event_name":"Golden Idol","floor":2,"gold_loss":0},{"damage_healed":0,"gold_gain":0,"player_choice":"Trade","damage_taken":0,"relics_obtained":["CultistMask"],"max_hp_gain":0,"max_hp_loss":0,"event_name":"FaceTrader","floor":13,"gold_loss":0},{"damage_healed":0,"gold_gain":0,"player_choice":"Upgraded","damage_taken":0,"max_hp_gain":0,"max_hp_loss":0,"event_name":"Upgrade Shrine","floor":19,"gold_loss":0,"cards_upgraded":["HollowMod:PureNailStrike"]},{"damage_healed":0,"gold_gain":3,"player_choice":"3","damage_taken":0,"max_hp_gain":0,"max_hp_loss":0,"event_name":"betterStone:BetterStone","floor":37,"gold_loss":0,"cards_obtained":["Madness"]},{"damage_healed":0,"gold_gain":0,"player_choice":"Fight","damage_taken":0,"max_hp_gain":0,"max_hp_loss":0,"event_name":"Mysterious Sphere","floor":40,"gold_loss":0},{"damage_healed":0,"gold_gain":0,"player_choice":"Ignored","damage_taken":0,"max_hp_gain":0,"max_hp_loss":0,"event_name":"Tomb of Lord Red Mask","floor":48,"gold_loss":0}],"is_beta":false,"boss_relics":[{"not_picked":["Replay:Grab Bag","HollowMod:VoidIdolRelic"],"picked":"Calling Bell"},{"not_picked":["ChewingGum","Philosopher\u0027s Stone"],"picked":"Cursed Key"}],"items_purged_floors":[23,46],"is_endless":false,"potions_floor_spawned":[3,5,14,16,21,28,29,33,35,39,47],"ascension_level":20}}