{"host":"b0hh64pqctf46s8m","time":1610574042,"event":{"mods":["100% Spire Juice","Act Like it!","Aspiration","BaseMod","Bestiary","Better Third Choice","CCEM","CapriCore","ChefMod","Conspire","Curses Come First","Displayed Cursed Tome","Dota2Spire","Downfall","Ekko","Elementarium","Evolution","Fireblade Mod","Fox Events","Halation","Hallownest","Hermit","Hubris","Infinite Spire","Jess\u0027s Bottle","JesterMod","Jorbs\u0027s Wanderer Trilogy","Koishi","Kratos Character Expansion","Lobotomy","Luminous","Mari Mod (Legacy)","Mari\u0027s V1 Patch","Menagerie","Mimic Mod","Minty Spire (QoL Compilation)","Pale of the Ancients","Permanent Neow","Pikachu Mod","QueenMod","Random Character Button","Relic Sorter","Relic Stats","Replay The Spire","Robot Space Explorer","Shade Mod","StSLib","The Blue Laboratory","The Bug Knight","The Dragon Tamer","The Hayseed","The Immortal","The Marked","TheLocksmith","TheSwordswoman","TheVacant","TheWitcher","Treasure Hunter","UnlockEverythingMod","Wandering Minibosses","vexMod","??????REMEMod"],"gold_per_floor":[117,14,33,8,24,24,56,56,82,97,97,97,97,9,9,22,22],"floor_reached":16,"language":"ENG","playtime":858,"items_purged":[],"score":110,"play_id":"85d101dc-e292-48a1-ab0d-958f2be980b7","local_time":"20210113134042","is_ascension_mode":false,"campfire_choices":[{"data":"Moonworks:Ambush","floor":6,"key":"SMITH"},{"data":"Moonworks:IndiscriminateFireSupport","floor":8,"key":"SMITH"},{"floor":12,"key":"REST"},{"floor":15,"key":"REST"}],"circlet_count":0,"master_deck":["Moonworks:Strike","Moonworks:Strike","Moonworks:Strike","Moonworks:Strike","Moonworks:Defend","Moonworks:Defend","Moonworks:Defend","Moonworks:Defend","Moonworks:Ambush+1","Moonworks:LongDistanceShot","expansioncontent:Collect","Moonworks:ExtendedPhotonRifle","Moonworks:LulusLuckyEgg","Moonworks:IndiscriminateFireSupport+1","Moonworks:CloudOfSeagulls","Pot Of Greed","Pot Of Greed","Moonworks:StiffCrystal","Moonworks:RocketCannon","Moonworks:ForcedRevival","TH:CopperCoins"],"relics":["Moonworks:Homemark","EVO:Axolotl","REME_ComplimentaryCards","REME_LowDesire","Dota2Spire:EchoSabre","aspiration:HiddenCompartment","Grinning Jar","infinitespire:Satchel","infinitespire:Midas Blood"],"acts_visited":["Hallownest:Greenpath"],"potions_floor_usage":[16],"damage_taken":[{"damage":1,"enemies":"2_ Uuma","floor":1,"turns":5},{"damage":6,"enemies":"Hallownest:monsterHuskGuard","floor":2,"turns":5},{"damage":2,"enemies":"Hallownest:2_MossCreeps","floor":3,"turns":6},{"damage":24,"enemies":"Hallownest:Guard_and_Warrior","floor":5,"turns":8},{"damage":1,"enemies":"Hallownest:eliteVengeflyKing","floor":7,"turns":7},{"damage":6,"enemies":"Hallownest:Wandering_and_Horned","floor":10,"turns":5},{"damage":0,"enemies":"Hallownest:monsterAspidMother","floor":13,"turns":2},{"damage":28,"enemies":"Hallownest:eliteCrystalGuardian","floor":14,"turns":6},{"damage":38,"enemies":"Hallownest:BossFalseKnight","floor":16,"turns":8}],"seed_played":"-4109826214920427129","potions_obtained":[{"floor":1,"key":"Weak Potion"},{"floor":3,"key":"SteroidPotion"},{"floor":14,"key":"LiquidBronze"}],"is_trial":false,"path_per_floor":["M","M","M","$","M","R","E","R","T","M","?","R","M","E","R","B"],"character_chosen":"THE_STARBREAKER","items_purchased":["Moonworks:IndiscriminateFireSupport"],"campfire_rested":2,"item_purchase_floors":[4],"current_hp_per_floor":[59,53,51,51,27,27,26,26,26,20,20,38,38,15,33,0,0],"gold":22,"neow_bonus":"BOSS_RELIC","is_daily":false,"chose_seed":false,"campfire_upgraded":2,"win_rate":0.0,"timestamp":1610574042,"path_taken":["M","?","M","$","M","R","E","R","T","M","?","R","M","E","R","BOSS"],"items_purchased_type":["Card"],"build_version":"2020-12-22","purchased_purges":0,"victory":false,"max_hp_per_floor":[60,60,60,60,60,60,60,60,60,60,60,60,60,60,60,60,60],"relic_stats":{"counters":[9,52],"obtain_stats":[{"Dota2Spire:EchoSabre":0,"Moonworks:Homemark":0,"infinitespire:Satchel":9,"EVO:Axolotl":0,"REME_LowDesire":0,"Grinning Jar":7,"aspiration:HiddenCompartment":0,"Moonworks:BrokenBomb":0,"REME_ComplimentaryCards":0,"infinitespire:Midas Blood":14},{"Dota2Spire:EchoSabre":0,"Moonworks:Homemark":0,"infinitespire:Satchel":5,"EVO:Axolotl":0,"REME_LowDesire":0,"Grinning Jar":5,"aspiration:HiddenCompartment":0,"Moonworks:BrokenBomb":0,"REME_ComplimentaryCards":0,"infinitespire:Midas Blood":8},{"Dota2Spire:EchoSabre":0,"Moonworks:Homemark":0,"infinitespire:Satchel":31,"EVO:Axolotl":0,"REME_LowDesire":0,"Grinning Jar":31,"aspiration:HiddenCompartment":0,"Moonworks:BrokenBomb":0,"REME_ComplimentaryCards":0,"infinitespire:Midas Blood":44}]},"card_choices":[{"not_picked":["Moonworks:IntelligenceOfficer","Moonworks:ForcedRevival","Moonworks:NicePresent"],"picked":"expansioncontent:Collect","floor":1},{"not_picked":["Moonworks:LulusLuckyEgg","Moonworks:Assault","Forethought"],"picked":"Moonworks:ExtendedPhotonRifle","floor":2},{"not_picked":["Moonworks:Assault","Moonworks:NicePresent","expansioncontent:DefensiveStance"],"picked":"Moonworks:LulusLuckyEgg","floor":3},{"not_picked":["Moonworks:EvilSpyWorkPreparation","Moonworks:ImOnFire","ReplayTheSpireMod:Necrogeddon"],"picked":"Moonworks:CloudOfSeagulls","floor":5},{"not_picked":["Moonworks:NicePresent","Moonworks:MiracleRedBeanIceCream","Enlightenment"],"picked":"Moonworks:StiffCrystal","floor":7},{"not_picked":["TH:Mimic","TH:DeckOfManyThings"],"picked":"SKIP","floor":7},{"not_picked":["TH:TreasureMap","TH:BikiniMail"],"picked":"SKIP","floor":9},{"not_picked":["Moonworks:ImOnFire","Moonworks:IndiscriminateFireSupport","expansioncontent:DonusPower"],"picked":"Moonworks:RocketCannon","floor":10},{"not_picked":["Moonworks:LulusLuckyEgg","Moonworks:IndiscriminateFireSupport","REME_PuzzleBox"],"picked":"Moonworks:ForcedRevival","floor":13},{"not_picked":["TH:Mimic"],"picked":"TH:CopperCoins","floor":14},{"not_picked":["Moonworks:IndiscriminateFireSupport","Moonworks:EvilMastermind","Moonworks:Dinner","hubris:Insight"],"picked":"SKIP","floor":14}],"player_experience":1554914,"relics_obtained":[{"floor":0,"key":"Dota2Spire:EchoSabre"},{"floor":0,"key":"aspiration:HiddenCompartment"},{"floor":7,"key":"Grinning Jar"},{"floor":9,"key":"infinitespire:Satchel"},{"floor":14,"key":"infinitespire:Midas Blood"}],"event_choices":[{"damage_healed":0,"gold_gain":0,"player_choice":"Leave","damage_taken":0,"max_hp_gain":0,"max_hp_loss":0,"event_name":"conspire:Investor","floor":11,"gold_loss":0}],"is_beta":false,"boss_relics":[],"items_purged_floors":[],"is_endless":false,"potions_floor_spawned":[1,3,14],"killed_by":"Hallownest:BossFalseKnight","ascension_level":0}}