{"host":"uonldg9uriwfhjjx","time":1610571785,"event":{"mods":["AchievementEnabler","BaseMod","Minty Spire (QoL Compilation)","Relic Stats"],"gold_per_floor":[115,290,306,322,322,322,297,297,297,372,372,404,404,437,437,538,538,548,473,473,89,108,108,141,160,160,172,188,198,49,124,124,226,226,242,242,242,253,265,265,297,297,324,339,367,19,50,65,65,65,65],"floor_reached":50,"language":"ENG","playtime":1942,"items_purged":["Strike_P","Regret","Injury"],"score":938,"play_id":"f3da741a-699f-48d9-917b-bfb09fd3395b","local_time":"20210113160305","is_ascension_mode":true,"campfire_choices":[{"data":"SashWhip","floor":6.0,"key":"SMITH"},{"data":"Eruption","floor":8.0,"key":"SMITH"},{"data":"EmptyFist","floor":13.0,"key":"SMITH"},{"data":"ClearTheMind","floor":15.0,"key":"SMITH"},{"data":"Strike_P","floor":23,"key":"SMITH"},{"data":"Crescendo","floor":32,"key":"SMITH"},{"data":"Worship","floor":40,"key":"SMITH"},{"data":"Establishment","floor":42,"key":"SMITH"},{"floor":49,"key":"REST"}],"circlet_count":0,"master_deck":["Eruption+1","Vigilance","SashWhip+1","ClearTheMind+1","EmptyFist+1","FlyingSleeves+1","Consecrate+1","Vault","Vault","FlurryOfBlows+1","WindmillStrike+1","FlyingSleeves+1","CarveReality+1","SandsOfTime+1","FlurryOfBlows+1","Crescendo+1","Establishment+1","Meditate","PathToVictory","FlurryOfBlows+1","Sanctity","EmptyMind","Worship+1","Prostrate+1","Flash of Steel+1","FlurryOfBlows+1","ClearTheMind+1","ClearTheMind+1","Adaptation+1","Adaptation+1","ClearTheMind","Swivel"],"relics":["PureWater","NeowsBlessing","Molten Egg 2","Bag of Preparation","TeardropLocket","Cursed Key","Happy Flower","Lee\u0027s Waffle","HornCleat","Dream Catcher","Pandora\u0027s Box","Singing Bowl","Akabeko","Frozen Egg 2","Blood Vial","Damaru"],"acts_visited":["Exordium","TheCity","TheBeyond"],"potions_floor_usage":[24,24,33,48],"damage_taken":[{"damage":0.0,"enemies":"2 Louse","floor":1.0,"turns":2.0},{"damage":0.0,"enemies":"Jaw Worm","floor":3.0,"turns":1.0},{"damage":0.0,"enemies":"Small Slimes","floor":4.0,"turns":1.0},{"damage":17.0,"enemies":"Lagavulin","floor":12.0,"turns":5.0},{"damage":15.0,"enemies":"Gremlin Nob","floor":14.0,"turns":3.0},{"damage":36,"enemies":"The Guardian","floor":16,"turns":9},{"damage":2,"enemies":"Shell Parasite","floor":18,"turns":4},{"damage":1,"enemies":"2 Thieves","floor":22,"turns":2},{"damage":0,"enemies":"Slavers","floor":24,"turns":2},{"damage":0,"enemies":"3 Cultists","floor":25,"turns":4},{"damage":3,"enemies":"Snecko","floor":27,"turns":4},{"damage":6,"enemies":"Chosen and Byrds","floor":28,"turns":2},{"damage":4,"enemies":"Cultist and Chosen","floor":29,"turns":3},{"damage":0,"enemies":"Automaton","floor":33,"turns":3},{"damage":0,"enemies":"3 Darklings","floor":35,"turns":2},{"damage":6,"enemies":"3 Shapes","floor":38,"turns":4},{"damage":0,"enemies":"Transient","floor":39,"turns":7},{"damage":0,"enemies":"Giant Head","floor":41,"turns":4},{"damage":0,"enemies":"Maw","floor":44,"turns":5},{"damage":21,"enemies":"Reptomancer","floor":45,"turns":4},{"damage":36,"enemies":"Nemesis","floor":47,"turns":5},{"damage":20,"enemies":"Sphere and 2 Shapes","floor":48,"turns":6},{"damage":30,"enemies":"Donu and Deca","floor":50,"turns":3}],"seed_played":"5648722531108546639","potions_obtained":[{"floor":3.0,"key":"Ancient Potion"},{"floor":14.0,"key":"LiquidMemories"},{"floor":16,"key":"Regen Potion"},{"floor":18,"key":"AttackPotion"},{"floor":24,"key":"Swift Potion"},{"floor":33,"key":"DuplicationPotion"},{"floor":35,"key":"BottledMiracle"},{"floor":41,"key":"DuplicationPotion"}],"is_trial":false,"path_per_floor":["M","?","M","M","?","R","$","R","T","?","?","E","R","E","R","B",null,"M","?","?","$","M","R","E","M","T","M","M","M","$","?","R","B",null,"M","?","?","M","M","R","E","R","T","M","E","$","E","M","R","B"],"character_chosen":"WATCHER","items_purchased":["EmptyFist","Happy Flower","Lee\u0027s Waffle","Crescendo","Adaptation+1","Blood Vial"],"campfire_rested":1,"item_purchase_floors":[7,21,21,30,46,46],"current_hp_per_floor":[65,65,65,65,58,58,58,58,58,47,72,55,55,40,40,4,55,53,53,53,79,78,78,78,78,78,75,69,65,65,58,58,58,74,74,74,74,68,68,68,68,68,68,70,51,51,17,4,28,0,0],"gold":65,"neow_bonus":"THREE_ENEMY_KILL","is_daily":false,"chose_seed":false,"campfire_upgraded":8,"win_rate":0.0,"timestamp":1610571785,"path_taken":["M","?","M","M","?","R","$","R","T","?","?","E","R","E","R","BOSS","M","?","?","$","M","R","E","M","T","M","M","?","$","?","R","BOSS","M","?","?","?","M","R","E","R","T","M","E","$","E","M","R","BOSS"],"items_purchased_type":["Card","Relic","Relic","Card","Card","Relic"],"build_version":"2020-12-22","purchased_purges":3,"victory":false,"max_hp_per_floor":[72,72,72,72,72,72,72,72,72,72,72,72,72,72,72,72,72,72,72,72,79,79,79,79,79,79,79,79,79,79,79,79,79,79,79,79,79,79,79,79,79,79,79,81,83,83,83,83,83,83,83],"relic_stats":{"Blood Vial":6,"Lee\u0027s Waffle":26,"Dream Catcher":1,"Happy Flower":[20],"Singing Bowl":4,"counters":[23,85],"Pandora\u0027s Box":["Meditate","PathToVictory","FlurryOfBlows","Sanctity","EmptyMind","Worship"],"Bag of Preparation":[38],"Cursed Key":2,"obtain_stats":[{"Lee\u0027s Waffle":21,"NeowsBlessing":0,"Happy Flower":21,"Singing Bowl":41,"Damaru":47,"Bag of Preparation":12,"TeardropLocket":14,"Frozen Egg 2":45,"Cursed Key":17,"Akabeko":43,"Blood Vial":46,"Dream Catcher":26,"HornCleat":24,"Molten Egg 2":9,"Pandora\u0027s Box":34,"PureWater":0},{"Lee\u0027s Waffle":7,"NeowsBlessing":0,"Happy Flower":7,"Singing Bowl":18,"Damaru":21,"Bag of Preparation":4,"TeardropLocket":5,"Frozen Egg 2":20,"Cursed Key":6,"Akabeko":18,"Blood Vial":20,"Dream Catcher":10,"HornCleat":9,"Molten Egg 2":3,"Pandora\u0027s Box":14,"PureWater":0},{"Lee\u0027s Waffle":25,"NeowsBlessing":0,"Happy Flower":25,"Singing Bowl":62,"Damaru":76,"Bag of Preparation":9,"TeardropLocket":12,"Frozen Egg 2":71,"Cursed Key":21,"Akabeko":62,"Blood Vial":71,"Dream Catcher":33,"HornCleat":29,"Molten Egg 2":4,"Pandora\u0027s Box":45,"PureWater":0}]},"card_choices":[{"not_picked":["ThirdEye","PathToVictory","JustLucky"],"picked":"SKIP","floor":1.0},{"not_picked":["EmptyFist","SandsOfTime"],"picked":"SashWhip","floor":3.0},{"not_picked":["DeceiveReality","SashWhip"],"picked":"ClearTheMind","floor":4.0},{"not_picked":["Nirvana","DeceiveReality"],"picked":"FlyingSleeves+1","floor":12.0},{"not_picked":["EmptyFist+1","Protect"],"picked":"Consecrate+1","floor":14.0},{"not_picked":["LessonLearned+1","Establishment"],"picked":"Vault","floor":16},{"not_picked":["PathToVictory+1","Halt+1","SashWhip+1"],"picked":"SKIP","floor":18},{"not_picked":["SashWhip+1","FearNoEvil+1"],"picked":"FlurryOfBlows+1","floor":22},{"not_picked":["FollowUp+1","Wallop+1"],"picked":"WindmillStrike+1","floor":24},{"not_picked":["JustLucky+1","PathToVictory+1"],"picked":"FlyingSleeves+1","floor":25},{"not_picked":["Worship","DeceiveReality+1"],"picked":"CarveReality+1","floor":27},{"not_picked":["Weave+1","PathToVictory+1"],"picked":"SandsOfTime+1","floor":28},{"not_picked":["ReachHeaven+1","Collect"],"picked":"FlurryOfBlows+1","floor":29},{"not_picked":["SpiritShield","Devotion"],"picked":"Establishment","floor":33},{"not_picked":["SashWhip+1","BowlingBash+1"],"picked":"Prostrate+1","floor":35},{"not_picked":["Metamorphosis","Mayhem"],"picked":"Flash of Steel+1","floor":37},{"not_picked":["FlyingSleeves+1","ClearTheMind"],"picked":"FlurryOfBlows+1","floor":38},{"not_picked":["EmptyBody","Worship+1"],"picked":"ClearTheMind+1","floor":39},{"not_picked":["Fasting2","EmptyFist+1"],"picked":"ClearTheMind+1","floor":41},{"not_picked":["EmptyFist+1","WindmillStrike+1","DeceiveReality+1"],"picked":"Singing Bowl","floor":44},{"not_picked":["Blasphemy","Alpha","Evaluate+1"],"picked":"Singing Bowl","floor":45},{"not_picked":["Judgement","ThirdEye+1"],"picked":"Adaptation+1","floor":47},{"not_picked":["FlyingSleeves+1","EmptyFist+1"],"picked":"ClearTheMind","floor":48},{"not_picked":["SignatureMove+1","BattleHymn+1"],"picked":"Swivel","floor":49}],"player_experience":769966,"relics_obtained":[{"floor":9.0,"key":"Molten Egg 2"},{"floor":12.0,"key":"Bag of Preparation"},{"floor":14.0,"key":"TeardropLocket"},{"floor":24,"key":"HornCleat"},{"floor":26,"key":"Dream Catcher"},{"floor":41,"key":"Singing Bowl"},{"floor":43,"key":"Akabeko"},{"floor":45,"key":"Frozen Egg 2"},{"floor":47,"key":"Damaru"}],"event_choices":[{"damage_healed":0.0,"max_hp_gain":0.0,"max_hp_loss":0.0,"gold_gain":175.0,"event_name":"Liars Game","player_choice":"AGREE","floor":2.0,"gold_loss":0.0,"damage_taken":0.0,"cards_obtained":["Doubt"]},{"cards_removed":["Doubt"],"damage_healed":0.0,"max_hp_gain":0.0,"max_hp_loss":0.0,"gold_gain":0.0,"event_name":"Golden Wing","player_choice":"Card Removal","floor":5.0,"gold_loss":0.0,"damage_taken":7.0},{"damage_healed":0.0,"max_hp_gain":0.0,"max_hp_loss":0.0,"gold_gain":75.0,"event_name":"World of Goop","player_choice":"Gather Gold","floor":10.0,"gold_loss":0.0,"damage_taken":11.0},{"damage_healed":25.0,"max_hp_gain":0.0,"max_hp_loss":0.0,"gold_gain":0.0,"event_name":"Wheel of Change","player_choice":"Full Heal","floor":11.0,"gold_loss":0.0,"damage_taken":0.0},{"cards_removed":["Strike_P"],"damage_healed":0,"gold_gain":0,"player_choice":"Gave Gold","damage_taken":0,"max_hp_gain":0,"max_hp_loss":0,"event_name":"Beggar","floor":19,"gold_loss":75},{"damage_healed":0,"gold_gain":0,"player_choice":"Copied","damage_taken":0,"max_hp_gain":0,"max_hp_loss":0,"event_name":"Duplicator","floor":20,"gold_loss":0,"cards_obtained":["Vault"]},{"damage_healed":0,"gold_gain":75,"player_choice":"Touch","damage_taken":7,"max_hp_gain":0,"max_hp_loss":0,"event_name":"FaceTrader","floor":31,"gold_loss":0},{"damage_healed":0,"gold_gain":0,"player_choice":"Ignored","damage_taken":0,"max_hp_gain":0,"max_hp_loss":0,"event_name":"Mysterious Sphere","floor":36,"gold_loss":0},{"damage_healed":0,"gold_gain":0,"player_choice":"Memory 1","damage_taken":0,"max_hp_gain":0,"max_hp_loss":0,"event_name":"SensoryStone","floor":37,"gold_loss":0}],"is_beta":false,"boss_relics":[{"not_picked":["Coffee Dripper","SacredBark"],"picked":"Cursed Key"},{"not_picked":["VioletLotus","Black Star"],"picked":"Pandora\u0027s Box"}],"items_purged_floors":[21,30,46],"is_endless":false,"potions_floor_spawned":[3,14,16,18,22,24,33,35,41,47],"killed_by":"Donu and Deca","ascension_level":7}}