{"host":"mn7cqv84xrc37ulx","time":1610536116,"event":{"mods":["ATMod(阿瑾Mod)","AchievementEnabler","BaseMod","Better Altar","Better Match","Better Note","Better Sensory Stone","Better Skull","Better Third Choice","Colored Powertips","Curses Come First","Dota2Spire","Energized Spire","Evolution","HumanHunterMod(怪物杀人mod)","Lobotomy","Marked Mod","Minty Spire (QoL Compilation)","MostiFishMod","Poor People Problems","Rare Cards Sparkle","Red Circlet Mod","Reimu（博丽灵梦）","Replay The Spire","Robot Space Explorer","Spicy Shops","StSLib","The Blue Laboratory","The Dragon Tamer","The Forsaken","The Marked","The Runesmith","[地精首领爬塔]The Maniac","【遗物卡牌】REMEMod"],"gold_per_floor":[109,122,122,0,0,0,0,0],"floor_reached":7,"language":"ZHS","playtime":663,"items_purged":["Poor:ReiMu"],"score":45,"play_id":"227be1f9-429f-462a-aff3-f4c01553c3c8","local_time":"20210113190836","is_ascension_mode":true,"campfire_choices":[{"data":"AT_EssenceShift","floor":6,"key":"SMITH"}],"circlet_count":0,"master_deck":["maniac:Strike","maniac:Strike","maniac:Strike","maniac:Strike","maniac:Strike","maniac:Defend","maniac:Defend","maniac:Defend","maniac:Defend","maniac:BurnBlood","maniac:AbyssShackle","AT_EssenceShift+1","Venomology","maniac:SpectralKnives","maniac:Refine","maniac:Confront","Delirium"],"relics":["maniac:BrokenHorn","EVO:Axolotl","AT_ATBox","REME_ComplimentaryCards","DaveBox","ChiXiaoBlade","Dota2Spire:Bloodstone","SynthV:TestCard","YidongShenshe:ReiMu","ReplayTheSpireMod:Ring of Addiction","Potion Belt","Toy Ornithopter"],"acts_visited":["Exordium"],"potions_floor_usage":[1,2,7,7,7,7,7],"damage_taken":[{"damage":7,"enemies":"Small Slimes","floor":1,"turns":3},{"damage":10,"enemies":"Jaw Worm","floor":2,"turns":5},{"damage":68,"enemies":"3 Sentries","floor":7,"turns":8}],"seed_played":"5495190010451477289","potions_obtained":[{"floor":1,"key":"BlessingOfTheForge"},{"floor":5,"key":"blueLaboratory:Moonshine"},{"floor":5,"key":"BlessingOfTheForge"},{"floor":5,"key":"Dexterity Potion"}],"is_trial":false,"path_per_floor":["M","M","?","$","?","R","E"],"character_chosen":"THE_MANIAC","items_purchased":["maniac:Confront"],"campfire_rested":0,"item_purchase_floors":[4],"current_hp_per_floor":[73,63,63,63,63,63,20,20],"gold":0,"neow_bonus":"BOSS_RELIC","is_daily":false,"chose_seed":false,"campfire_upgraded":1,"win_rate":0.0,"timestamp":1610536116,"path_taken":["M","M","?","$","?","R","E"],"items_purchased_type":["Card"],"build_version":"2020-12-22","purchased_purges":1,"victory":false,"max_hp_per_floor":[80,80,80,80,80,80,80,80],"card_choices":[{"not_picked":["maniac:Refine","maniac:DashForward"],"picked":"maniac:SpectralKnives","floor":1},{"not_picked":["maniac:UndyingDesire","maniac:SeekerKnife","maniac:FindAShortcut","maniac:EndOfTheRoad"],"picked":"maniac:Refine","floor":2}],"player_experience":86885,"relics_obtained":[{"floor":1,"key":"SynthV:TestCard"},{"floor":5,"key":"ReplayTheSpireMod:Ring of Addiction"},{"floor":5,"key":"Potion Belt"},{"floor":5,"key":"Toy Ornithopter"}],"event_choices":[{"damage_healed":0,"gold_gain":0,"player_choice":"带走神社","damage_taken":0,"relics_obtained":["YidongShenshe:ReiMu"],"max_hp_gain":0,"max_hp_loss":0,"event_name":"yidonshenshe","floor":3,"gold_loss":0,"cards_obtained":["Poor:ReiMu"]}],"is_beta":false,"boss_relics":[],"items_purged_floors":[4],"is_endless":false,"potions_floor_spawned":[1,2],"killed_by":"3 Sentries","ascension_level":3}}