{"host":"hjw1ay65n7jm40lc","time":1610513091,"event":{"mods":["AchievementEnabler","BaseMod","Block Reminder","Colored Map","Colored Powertips","Curses Come First","Downfall","Googly Eyes","Hermit","Highlight Path","Minty Spire (QoL Compilation)","Quick Restart","Relic Stats","StSLib"],"gold_per_floor":[99,119,119,132,148,148,148,148,148,179,193,222,246,246,260,357,357,357,375,375,475,487,522,522,522,554,554,554,567,578,608,619,723,723,723,734,734,734,752,752,778,795,830,830,861,76,89,115,15,15],"floor_reached":51,"language":"ENG","playtime":5114,"items_purged":["Slimebound:Strike_Slimebound"],"score":828,"play_id":"1e787f14-a5b9-4fe7-a38f-92295bd129c3","local_time":"20210112234451","is_ascension_mode":true,"campfire_choices":[{"data":"Slimebound:Split","floor":1.0,"key":"SMITH"},{"data":"Slimebound:SlimeBarrage","floor":9.0,"key":"SMITH"},{"data":"Slimebound:LeechLife","floor":18.0,"key":"SMITH"},{"floor":25.0,"key":"REST"},{"data":"Slimebound:Repurpose","floor":28.0,"key":"SMITH"},{"data":"Slimebound:TagTeam","floor":35,"key":"SMITH"},{"data":"Slimebound:MinionMaster","floor":40,"key":"SMITH"},{"data":"Slimebound:Darklings","floor":44,"key":"SMITH"},{"data":"Slimebound:LevelUp","floor":49,"key":"SMITH"}],"circlet_count":0,"master_deck":["Slimebound:Strike_Slimebound","Slimebound:Tackle","Slimebound:Defend_Slimebound","Slimebound:Defend_Slimebound","Slimebound:Defend_Slimebound","Slimebound:Defend_Slimebound","Slimebound:Split+1","Slimebound:CorrosiveSpit","Slimebound:SlimeBarrage+1","Slimebound:HungryTackle","Slimebound:LivingWall","Slimebound:MinionMaster+1","Slimebound:Prepare","Slimebound:Repurpose+1","Slimebound:SplitBruiser","Slimebound:LeechLife+1","Slimebound:Prepare+1","Slimebound:SplitLeeching","Slimebound:TagTeam+1","Slimebound:LivingWall+1","Slimebound:Prepare+1","Slimebound:Darklings+1","Slimebound:Repurpose+1","Slimebound:LevelUp+1","Slimebound:DuplicatedForm"],"relics":["expansioncontent:StudyCardRelic","downfall:BrokenWingStatue","Mercury Hourglass","Du-Vu Doll","Sundial","Omamori","Philosopher\u0027s Stone","champ:DuelingGlove","Letter Opener","Centennial Puzzle","Art of War","Dream Catcher","Bird Faced Urn","Slimebound:StickyStick","bronze:MakeshiftBattery","Eternal Feather","Potion Belt","Bag of Preparation","Slimebound:MaxSlimesRelic","OrangePellets","Toy Ornithopter","Bag of Marbles","Slimebound:AggressiveSlimeRelic","downfall:HeartBlessingGreen"],"acts_visited":["Exordium","TheCity","TheBeyond"],"potions_floor_usage":[33,33,33,45,46,50,50,50],"damage_taken":[{"damage":7.0,"enemies":"Jaw Worm","floor":2.0,"turns":2.0},{"damage":6.0,"enemies":"Small Slimes","floor":4.0,"turns":3.0},{"damage":6.0,"enemies":"2 Louse","floor":5.0,"turns":2.0},{"damage":13.0,"enemies":"Lagavulin","floor":10.0,"turns":5.0},{"damage":10.0,"enemies":"Exordium Wildlife","floor":11.0,"turns":2.0},{"damage":3.0,"enemies":"Gremlin Nob","floor":12.0,"turns":4.0},{"damage":0.0,"enemies":"2 Fungi Beasts","floor":15.0,"turns":3.0},{"damage":4.0,"enemies":"downfall:Silent","floor":16.0,"turns":7.0},{"damage":0.0,"enemies":"Spheric Guardian","floor":19.0,"turns":3.0},{"damage":9.0,"enemies":"downfall:Watcher","floor":21.0,"turns":4.0},{"damage":11.0,"enemies":"Shell Parasite","floor":22.0,"turns":3.0},{"damage":30.0,"enemies":"Slavers","floor":23.0,"turns":3.0},{"damage":5.0,"enemies":"Book of Stabbing","floor":26.0,"turns":5.0},{"damage":0.0,"enemies":"Snake Plant","floor":29.0,"turns":2.0},{"damage":5.0,"enemies":"Sentry and Sphere","floor":30.0,"turns":4.0},{"damage":33.0,"enemies":"Gremlin Leader","floor":31.0,"turns":4.0},{"damage":3.0,"enemies":"Centurion and Healer","floor":32.0,"turns":4.0},{"damage":22,"enemies":"ArchetypeAct2MushroomsNewAge","floor":33,"turns":5},{"damage":3,"enemies":"3 Shapes","floor":36,"turns":3},{"damage":7,"enemies":"Orb Walker","floor":39,"turns":3},{"damage":8,"enemies":"Transient","floor":42,"turns":5},{"damage":8,"enemies":"Giant Head","floor":43,"turns":6},{"damage":29,"enemies":"Reptomancer","floor":45,"turns":4},{"damage":0,"enemies":"downfall:FleeingMerchant","floor":46,"turns":4},{"damage":17,"enemies":"4 Shapes","floor":47,"turns":3},{"damage":12,"enemies":"Giant Head","floor":48,"turns":5},{"damage":28,"enemies":"downfall:Defect","floor":50,"turns":4}],"seed_played":"-2988212934786684217","potions_obtained":[{"floor":2.0,"key":"SpeedPotion"},{"floor":11.0,"key":"ColorlessPotion"},{"floor":15.0,"key":"Weak Potion"},{"floor":16.0,"key":"Ancient Potion"},{"floor":23.0,"key":"Swift Potion"},{"floor":26.0,"key":"SkillPotion"},{"floor":33,"key":"PowerPotion"},{"floor":36,"key":"bronze:BurnAndBuffPotion"},{"floor":42,"key":"Slimebound:SlimyTonguePotion"},{"floor":48,"key":"EssenceOfSteel"}],"is_trial":false,"path_per_floor":["R","M","?","M","M","?","T","?","R","E","M","E","T","?","M","B",null,"R","M","?","?","M","E","T","R","E","T","R","M","M","E","M","B",null,"R","M","?","T","M","R","T","M","E","R","E","$","M","E","R","B",null],"character_chosen":"SLIMEBOUND","items_purchased":["Slimebound:LevelUp","OrangePellets","Strength Potion","Slimebound:SlimedPotion","Ancient Potion","Toy Ornithopter","Bag of Marbles"],"campfire_rested":1,"item_purchase_floors":[46,46,46,46,46,46,46],"current_hp_per_floor":[65,58,58,52,46,46,46,46,46,33,23,20,20,20,20,16,65,65,65,65,56,51,21,21,40,65,65,65,65,62,41,54,45,65,65,62,62,62,58,65,65,61,57,65,50,65,54,58,65,65],"gold":15,"neow_bonus":"BOSS_RELIC","is_daily":false,"chose_seed":false,"campfire_upgraded":8,"win_rate":0.0,"timestamp":1610513091,"path_taken":["R","M","?","M","M","?","T","?","R","E","?","E","?","?","M","BOSS","R","M","?","?","M","E","T","R","E","?","R","?","M","E","M","BOSS","R","M","?","?","M","R","T","M","E","R","E","$","M","E","R","BOSS"],"items_purchased_type":["Card","Relic","Potion","Potion","Potion","Relic","Relic"],"build_version":"2020-12-22","purchased_purges":1,"victory":true,"max_hp_per_floor":[65,65,65,65,65,65,65,65,65,65,65,65,65,65,65,65,65,65,65,65,65,65,65,65,65,65,65,65,65,65,65,65,65,65,65,65,65,65,65,65,65,65,65,65,65,65,65,65,65,65],"relic_stats":{"counters":[27,99],"Eternal Feather":22,"Bag of Preparation":[10],"Letter Opener":[232],"Mercury Hourglass":[319],"OrangePellets":[3],"Centennial Puzzle":[39],"Dream Catcher":0,"Sundial":[12],"Bird Faced Urn":[60],"Art of War":[13],"obtain_stats":[{"champ:DuelingGlove":21,"downfall:HeartBlessingGreen":49,"expansioncontent:StudyCardRelic":0,"Bag of Preparation":43,"Centennial Puzzle":23,"Dream Catcher":26,"downfall:BrokenWingStatue":6,"Slimebound:MaxSlimesRelic":45,"Sundial":12,"Slimebound:StickyStick":31,"Philosopher\u0027s Stone":17,"Potion Belt":41,"Slimebound:AggressiveSlimeRelic":48,"Eternal Feather":38,"Omamori":13,"Letter Opener":21,"Mercury Hourglass":7,"Du-Vu Doll":10,"OrangePellets":46,"Bird Faced Urn":27,"Slimebound:AbsorbEndCombat":0,"Art of War":24,"Bag of Marbles":46,"bronze:MakeshiftBattery":34,"Toy Ornithopter":46},{"champ:DuelingGlove":10,"downfall:HeartBlessingGreen":26,"expansioncontent:StudyCardRelic":0,"Bag of Preparation":22,"Centennial Puzzle":12,"Dream Catcher":13,"downfall:BrokenWingStatue":3,"Slimebound:MaxSlimesRelic":23,"Sundial":6,"Slimebound:StickyStick":16,"Philosopher\u0027s Stone":8,"Potion Belt":20,"Slimebound:AggressiveSlimeRelic":26,"Eternal Feather":19,"Omamori":6,"Letter Opener":10,"Mercury Hourglass":3,"Du-Vu Doll":4,"OrangePellets":24,"Bird Faced Urn":13,"Slimebound:AbsorbEndCombat":0,"Art of War":12,"Bag of Marbles":24,"bronze:MakeshiftBattery":18,"Toy Ornithopter":24},{"champ:DuelingGlove":34,"downfall:HeartBlessingGreen":95,"expansioncontent:StudyCardRelic":0,"Bag of Preparation":79,"Centennial Puzzle":40,"Dream Catcher":45,"downfall:BrokenWingStatue":6,"Slimebound:MaxSlimesRelic":83,"Sundial":17,"Slimebound:StickyStick":54,"Philosopher\u0027s Stone":27,"Potion Belt":68,"Slimebound:AggressiveSlimeRelic":95,"Eternal Feather":65,"Omamori":17,"Letter Opener":34,"Mercury Hourglass":6,"Du-Vu Doll":11,"OrangePellets":87,"Bird Faced Urn":45,"Slimebound:AbsorbEndCombat":0,"Art of War":40,"Bag of Marbles":87,"bronze:MakeshiftBattery":63,"Toy Ornithopter":87}],"Toy Ornithopter":10},"card_choices":[{"not_picked":["Slimebound:GoopSpray","Slimebound:RollThrough"],"picked":"Slimebound:SlimeBarrage","floor":2.0},{"not_picked":["Slimebound:ProtectTheBoss","Slimebound:ComboTackle"],"picked":"Slimebound:HungryTackle","floor":4.0},{"not_picked":["Slimebound:ForwardTackle","Slimebound:Prepare"],"picked":"Slimebound:LivingWall","floor":5.0},{"not_picked":["Slimebound:GrowthPunch","Slimebound:SplitLeeching"],"picked":"Slimebound:MinionMaster","floor":10.0},{"not_picked":["Slimebound:ComboTackle","Slimebound:BestDefense"],"picked":"Slimebound:Prepare","floor":11.0},{"not_picked":["Slimebound:ServeAndProtect","Slimebound:Nibble"],"picked":"Slimebound:Repurpose","floor":12.0},{"not_picked":["Slimebound:ComboTackle","Slimebound:DivideAndConquer"],"picked":"Slimebound:SplitBruiser","floor":15.0},{"not_picked":["Slimebound:SlimeSlap","Slimebound:DouseInSlime"],"picked":"Slimebound:LeechLife","floor":16.0},{"not_picked":["Slimebound:SplitAcid","Slimebound:RollThrough"],"picked":"Slimebound:ComboTackle+1","floor":19.0},{"not_picked":["Slimebound:RollThrough","Slimebound:LeechEnergy","Slimebound:Gluttony"],"picked":"SKIP","floor":22.0},{"not_picked":["Slimebound:Gluttony+1","Slimebound:RejuvenatingLick"],"picked":"Slimebound:Prepare+1","floor":23.0},{"not_picked":["Slimebound:DisruptingSlam","Slimebound:SlimeSlap"],"picked":"Slimebound:SplitLeeching","floor":26.0},{"not_picked":["Slimebound:SpikyOuterGoop","Slimebound:Repurpose","Slimebound:FlameTackle"],"picked":"SKIP","floor":29.0},{"not_picked":["Slimebound:SplitAcid+1","Slimebound:GoopSpray","Slimebound:LivingWall+1"],"picked":"SKIP","floor":30.0},{"not_picked":["Slimebound:GoopTackle","Slimebound:SplitAcid","Slimebound:MinionMaster"],"picked":"SKIP","floor":31.0},{"not_picked":["Slimebound:RollThrough","Slimebound:GoopSpray","Slimebound:RainOfGoop+1"],"picked":"SKIP","floor":32.0},{"not_picked":["Slimebound:LeechLife","Slimebound:SlimeSlap"],"picked":"Slimebound:TagTeam","floor":33},{"not_picked":["Slimebound:SamplingLick","Slimebound:FinishingTackle+1"],"picked":"Slimebound:LivingWall+1","floor":36},{"not_picked":["Slimebound:PressTheAttack+1","Slimebound:SlimeSpikes+1"],"picked":"Slimebound:Prepare+1","floor":39},{"not_picked":["Slimebound:Repurpose","Slimebound:ItLooksTasty+1"],"picked":"Slimebound:Darklings","floor":42},{"not_picked":["Slimebound:MegaLick+1","Slimebound:LeadByExample"],"picked":"Slimebound:Repurpose+1","floor":43},{"not_picked":["Slimebound:SplitMire+1","Slimebound:LeechingTouch","Slimebound:SlimeBrawl+1"],"picked":"SKIP","floor":45},{"not_picked":["Slimebound:Repurpose","Slimebound:LeechEnergy+1","Slimebound:Grow"],"picked":"SKIP","floor":46},{"not_picked":["Slimebound:Grow+1","Slimebound:SplitMire","Slimebound:RollThrough+1"],"picked":"SKIP","floor":47},{"not_picked":["Slimebound:GrowthPunch+1","Slimebound:TongueLash+1"],"picked":"Slimebound:DuplicatedForm","floor":48}],"player_experience":863864,"relics_obtained":[{"floor":7.0,"key":"Mercury Hourglass"},{"floor":10.0,"key":"Du-Vu Doll"},{"floor":12.0,"key":"Sundial"},{"floor":13.0,"key":"Omamori"},{"floor":21.0,"key":"champ:DuelingGlove"},{"floor":21.0,"key":"Letter Opener"},{"floor":23.0,"key":"Centennial Puzzle"},{"floor":24.0,"key":"Art of War"},{"floor":26.0,"key":"Dream Catcher"},{"floor":27.0,"key":"Bird Faced Urn"},{"floor":31.0,"key":"Slimebound:StickyStick"},{"floor":38,"key":"Eternal Feather"},{"floor":41,"key":"Potion Belt"},{"floor":43,"key":"Bag of Preparation"},{"floor":45,"key":"Slimebound:MaxSlimesRelic"},{"floor":48,"key":"Slimebound:AggressiveSlimeRelic"}],"event_choices":[{"cards_removed":["Slimebound:ComboTackle"],"damage_healed":0,"gold_gain":0,"player_choice":"Removed Attack","damage_taken":0,"max_hp_gain":0,"max_hp_loss":0,"event_name":"Falling","floor":37,"gold_loss":0}],"is_beta":false,"boss_relics":[{"not_picked":["Black Star","Slimebound:TarBlob"],"picked":"Philosopher\u0027s Stone"},{"not_picked":["sneckomod:SneckoTalon","SlaversCollar"],"picked":"bronze:MakeshiftBattery"}],"items_purged_floors":[46],"is_endless":false,"potions_floor_spawned":[2,11,15,16,23,26,29,32,33,36,42,48],"ascension_level":2}}