{"host":"uceopoba4zvqsgiy","time":1610558080,"event":{"mods":["Act Like it!","BaseMod","Better Skull","Better Third Choice","Elementarium","Evolution","GifTheSpireLib","Hermit","Humility","Infinite Spire","Jorbs\u0027s Wanderer Trilogy","Marked Mod","Minty Spire (QoL Compilation)","Potionbrewer","Replay The Spire","Robot Space Explorer","Shade Mod","Spicy Shops","StSLib","Stuff the Spire","The Blue Laboratory","The Caster","The Cursed","The Dragon Tamer","The Hierophant","The Judge","The Jungle","Wandering Minibosses"],"gold_per_floor":[114,114,128,185,253,284,300,300,300,313,313,344,355,205,205,306,306,323,323,339,254,254,283,283,283],"floor_reached":24,"language":"ENG","playtime":2584,"items_purged":[],"score":324,"play_id":"8e2ee351-b7d9-41e5-a995-0afc68792a69","local_time":"20210114034440","is_ascension_mode":true,"campfire_choices":[{"floor":8,"key":"REST"},{"floor":11,"key":"REST"},{"floor":15,"key":"REST"}],"circlet_count":0,"master_deck":["Strike_G","Strike_G","Strike_G","Strike_G","Strike_G","Defend_G","Defend_G","Defend_G","Defend_G","Defend_G","Survivor","Neutralize","Deadly Poison","Deadly Poison","Atom Bomb","Replay:Bag of Tricks","Bouncing Flask","Noxious Fumes","Deadly Poison","Glass Knife","Corpse Explosion","Corpse Explosion","Glass Knife+1"],"relics":["Ring of the Snake","EVO:Axolotl","NeowsBlessing","Darkstone Periapt","StrikeDummy","Dream Catcher","Meat on the Bone","Centennial Puzzle","Regal Pillow","ChewingGum","Molten Egg 2","CultistMask","Omamori"],"acts_visited":["Exordium","TheCity"],"potions_floor_usage":[12,16,23,23,23,24],"damage_taken":[{"damage":0,"enemies":"2 Louse","floor":1,"turns":1},{"damage":0,"enemies":"Small Slimes","floor":3,"turns":1},{"damage":0,"enemies":"3 Sentries","floor":6,"turns":1},{"damage":5,"enemies":"Jaw Worm","floor":7,"turns":3},{"damage":25,"enemies":"Gremlin Gang","floor":10,"turns":5},{"damage":25,"enemies":"Lagavulin","floor":12,"turns":5},{"damage":10,"enemies":"Red Slaver","floor":13,"turns":2},{"damage":46,"enemies":"Slime Boss","floor":16,"turns":9},{"damage":12,"enemies":"Chosen","floor":18,"turns":3},{"damage":36,"enemies":"Shell Parasite","floor":20,"turns":7},{"damage":33,"enemies":"Gremlin Leader","floor":23,"turns":5},{"damage":16,"enemies":"Sentry and Sphere","floor":24,"turns":3}],"seed_played":"-408558604202709181","potions_obtained":[{"floor":4,"key":"blueLaboratory:RememoryPotion"},{"floor":6,"key":"blueLaboratory:AbyssPotion"},{"floor":7,"key":"potionbrewer:ToxicPotion"},{"floor":13,"key":"potionbrewer:BarricadePotion"},{"floor":16,"key":"Venom Potion"},{"floor":19,"key":"blueLaboratory:FruitPreserves"},{"floor":19,"key":"blueLaboratory:SuffocatingSmog"},{"floor":23,"key":"Languid Potion"}],"is_trial":false,"path_per_floor":["M","?","M","?","T","E","M","R","T","M","R","E","M","$","R","B",null,"M","?","M","?","?","E","M"],"character_chosen":"THE_SILENT","items_purchased":["Regal Pillow"],"campfire_rested":3,"item_purchase_floors":[14],"current_hp_per_floor":[63,63,63,35,35,35,30,51,51,38,59,46,36,36,70,36,62,50,50,26,26,26,14,0,0],"gold":283,"neow_bonus":"THREE_ENEMY_KILL","is_daily":false,"chose_seed":false,"campfire_upgraded":0,"win_rate":0.0,"timestamp":1610558080,"path_taken":["M","?","M","?","?","E","M","R","T","?","R","E","?","?","R","BOSS","M","?","?","?","?","E","?"],"items_purchased_type":["Relic"],"build_version":"2020-12-22","purchased_purges":0,"victory":false,"max_hp_per_floor":[70,70,70,70,70,70,70,70,70,70,70,70,70,70,70,70,70,70,70,70,70,70,70,70,70],"card_choices":[{"not_picked":["Dagger Throw","Backflip"],"picked":"Deadly Poison","floor":1},{"not_picked":["Outmaneuver","Poisoned Stab"],"picked":"Deadly Poison","floor":3},{"not_picked":["StuffTheSpire:BumpUp","Bane"],"picked":"Atom Bomb","floor":4},{"not_picked":["StuffTheSpire:ClusterCrunch","Slice"],"picked":"Replay:Bag of Tricks","floor":6},{"not_picked":["Cloak And Dagger","Dash"],"picked":"Bouncing Flask","floor":7},{"not_picked":["Deflect","Acrobatics"],"picked":"Noxious Fumes","floor":10},{"not_picked":["Prepared","Poisoned Stab"],"picked":"Deadly Poison","floor":11},{"not_picked":["StuffTheSpire:BrimstoneBlast","Deflect"],"picked":"Glass Knife","floor":12},{"not_picked":["Flying Knee","Dodge and Roll","StuffTheSpire:Python"],"picked":"SKIP","floor":13},{"not_picked":["Terror","StuffTheSpire:BumpUp"],"picked":"Corpse Explosion","floor":15},{"not_picked":["Burst","Venomology"],"picked":"Corpse Explosion","floor":16},{"not_picked":["StuffTheSpire:Injection+1","Slice","Poisoned Stab"],"picked":"SKIP","floor":18},{"not_picked":["Bane+1","Hidden Blade","Quick Slash"],"picked":"SKIP","floor":20},{"not_picked":["Flying Knee+1","Replay:Poison Smokescreen+1"],"picked":"Glass Knife+1","floor":23}],"player_experience":1669319,"relics_obtained":[{"floor":4,"key":"Darkstone Periapt"},{"floor":5,"key":"StrikeDummy"},{"floor":6,"key":"Dream Catcher"},{"floor":9,"key":"Meat on the Bone"},{"floor":12,"key":"Centennial Puzzle"},{"floor":23,"key":"Omamori"}],"event_choices":[{"damage_healed":0,"gold_gain":0,"player_choice":"Leave","damage_taken":0,"max_hp_gain":0,"max_hp_loss":0,"event_name":"The Cleric","floor":2,"gold_loss":0},{"damage_healed":0,"gold_gain":0,"player_choice":"Got Potions","damage_taken":0,"max_hp_gain":0,"max_hp_loss":0,"event_name":"Lab","floor":19,"gold_loss":0},{"damage_healed":0,"gold_gain":0,"player_choice":"Obtained Relic","damage_taken":0,"relics_obtained":["Molten Egg 2"],"max_hp_gain":0,"max_hp_loss":0,"event_name":"Addict","floor":21,"gold_loss":85},{"damage_healed":0,"gold_gain":0,"player_choice":"Trade","damage_taken":0,"relics_obtained":["CultistMask"],"max_hp_gain":0,"max_hp_loss":0,"event_name":"FaceTrader","floor":22,"gold_loss":0}],"is_beta":false,"boss_relics":[{"not_picked":["Snecko Eye","Ectoplasm"],"picked":"ChewingGum"}],"items_purged_floors":[],"is_endless":false,"potions_floor_spawned":[6,7,13,16,20,23],"killed_by":"Sentry and Sphere","ascension_level":6}}