{"host":"ordk2y2ebcetabk6","time":1610523628,"event":{"mods":["AlwaysNeverKeys","Astrologer","Bard","BaseMod","Better Debug","Colored Map","Colored Powertips","Dark Map","Hermit","Highlight Path","Minty Spire (QoL Compilation)","Permanent Neow","Rare Cards Sparkle","StSLib","The Todo","TheBandit","TheLocksmith","TheVelvet","Wandering Minibosses","Wide Potions","thorton"],"gold_per_floor":[115,115,34,34,34,64,81,81,106,106,164,44,55,70,70,172,172,191,290,290,290,190,190,215,227,274,308,84,100,119,132,132,132,132,132],"floor_reached":33,"language":"ENG","playtime":1553,"items_purged":["locksmith:Strike","locksmith:Strike"],"score":408,"play_id":"1ae3639c-a4ad-491b-82df-8ea7d1a10ffb","local_time":"20210113004028","is_ascension_mode":false,"campfire_choices":[{"data":"locksmith:CripplingDummy","floor":8,"key":"SMITH"},{"data":"locksmith:KeyMove","floor":10,"key":"SMITH"},{"data":"locksmith:LockCrash","floor":15,"key":"SMITH"},{"data":"locksmith:ItWasAJoke","floor":23,"key":"SMITH"},{"data":"locksmith:SoulSucker","floor":32,"key":"SMITH"}],"circlet_count":0,"master_deck":["locksmith:Defend","locksmith:Defend","locksmith:Defend","locksmith:Defend","locksmith:KeyMove+1","locksmith:LockCrash+1","locksmith:AoeMultiAttackPlusAKey","locksmith:CursedKey","locksmith:TrashToTreasure","locksmith:CripplingDummy+1","locksmith:TrashToTreasure","locksmith:DeathGaze","locksmith:Capitalize","locksmith:WaveOfRudeness","locksmith:ItWasAJoke+1","locksmith:Unearth+1","locksmith:PowerSap+1","locksmith:PocketKey","locksmith:SoulSucker+1","locksmith:JingleLoan","locksmith:PuppetGuard","locksmith:ValueDummy"],"relics":["locksmith:FreeKey","MealTicket","HornCleat","Oddly Smooth Stone","Meat on the Bone","Potion Belt","Mango","Empty Cage","FossilizedHelix","Anchor","The Courier","Lee\u0027s Waffle"],"acts_visited":["Exordium","TheCity"],"potions_floor_usage":[18,24,29,33],"damage_taken":[{"damage":5,"enemies":"Small Slimes","floor":1,"turns":2},{"damage":30,"enemies":"Lagavulin","floor":6,"turns":6},{"damage":0,"enemies":"Cultist","floor":7,"turns":4},{"damage":8,"enemies":"Lagavulin Event","floor":11,"turns":5},{"damage":0,"enemies":"2 Louse","floor":13,"turns":1},{"damage":9,"enemies":"Looter","floor":14,"turns":4},{"damage":42,"enemies":"The Guardian","floor":16,"turns":11},{"damage":15,"enemies":"2 Thieves","floor":18,"turns":4},{"damage":47,"enemies":"Slavers","floor":24,"turns":5},{"damage":10,"enemies":"Shell Parasite","floor":25,"turns":6},{"damage":16,"enemies":"Book of Stabbing","floor":27,"turns":6},{"damage":34,"enemies":"Cultist and Chosen","floor":29,"turns":8},{"damage":11,"enemies":"Shelled Parasite and Fungi","floor":30,"turns":5},{"damage":19,"enemies":"Snake Plant","floor":31,"turns":6},{"damage":152,"enemies":"Champ","floor":33,"turns":17}],"seed_played":"3801267010461139046","potions_obtained":[{"floor":1,"key":"Block Potion"},{"floor":14,"key":"Block Potion"},{"floor":16,"key":"SteroidPotion"},{"floor":18,"key":"Energy Potion"},{"floor":24,"key":"FairyPotion"},{"floor":29,"key":"Explosive Potion"}],"is_trial":false,"path_per_floor":["M","?","$","T","?","E","M","R","T","R","?","$","M","M","R","B",null,"M","?","?","?","$","R","E","M","T","E","$","M","M","M","R","B"],"character_chosen":"THE_LOCKSMITH","items_purchased":["locksmith:TrashToTreasure","locksmith:DeathGaze","locksmith:PocketKey","locksmith:SoulSucker","Lee\u0027s Waffle"],"campfire_rested":0,"item_purchase_floors":[3,12,28,28,28],"current_hp_per_floor":[74,74,79,79,72,42,42,42,42,42,60,75,75,66,66,36,93,78,78,78,60,75,75,40,42,42,38,105,71,60,53,53,0,0,0],"gold":132,"neow_bonus":"ONE_RANDOM_RARE_CARD","is_daily":false,"chose_seed":false,"campfire_upgraded":5,"win_rate":0.0,"timestamp":1610523628,"path_taken":["M","?","$","?","?","E","M","R","T","R","?","?","M","M","R","BOSS","M","?","?","?","$","R","E","M","T","E","$","M","?","M","R","BOSS"],"items_purchased_type":["Card","Card","Card","Card","Relic"],"build_version":"2020-12-22","purchased_purges":2,"victory":false,"max_hp_per_floor":[79,79,79,79,79,79,79,79,79,79,93,93,93,93,93,93,93,93,93,93,98,98,98,98,98,98,98,105,105,105,105,105,105,105,105],"card_choices":[{"not_picked":["locksmith:HexingDummy","locksmith:Curse"],"picked":"locksmith:CursedKey","floor":1},{"not_picked":["locksmith:BuriedCurse","locksmith:ExplodingDummy"],"picked":"locksmith:CripplingDummy","floor":6},{"not_picked":["locksmith:DrainingFog","locksmith:PocketKey","locksmith:LockSmack"],"picked":"SKIP","floor":7},{"not_picked":["locksmith:Influx","locksmith:Curse"],"picked":"locksmith:TrashToTreasure","floor":11},{"not_picked":["locksmith:Recharge","locksmith:Influx"],"picked":"locksmith:Capitalize","floor":13},{"not_picked":["locksmith:Absorb","locksmith:TrashToTreasure"],"picked":"locksmith:WaveOfRudeness","floor":14},{"not_picked":["locksmith:EvilKeys","locksmith:Burden"],"picked":"locksmith:ItWasAJoke","floor":16},{"not_picked":["locksmith:Exploit","locksmith:DoubleKey","locksmith:LockSmack"],"picked":"SKIP","floor":18},{"not_picked":["locksmith:SliceSlash","locksmith:Influx+1"],"picked":"locksmith:Unearth+1","floor":24},{"not_picked":["locksmith:Capitalize","locksmith:Tsundere","locksmith:TrashSlam"],"picked":"SKIP","floor":25},{"not_picked":["locksmith:BlockAndKey","locksmith:TrueEvil"],"picked":"locksmith:PowerSap+1","floor":27},{"not_picked":["locksmith:ZaHando+1","locksmith:TrashToTreasure"],"picked":"locksmith:JingleLoan","floor":29},{"not_picked":["locksmith:ShrapnelLock","locksmith:LockSmack"],"picked":"locksmith:PuppetGuard","floor":30},{"not_picked":["locksmith:ShrapnelLock","locksmith:SmackSmackBurn+1"],"picked":"locksmith:ValueDummy","floor":31}],"player_experience":1148857,"relics_obtained":[{"floor":4,"key":"HornCleat"},{"floor":6,"key":"Meat on the Bone"},{"floor":9,"key":"Potion Belt"},{"floor":11,"key":"Mango"},{"floor":24,"key":"FossilizedHelix"},{"floor":26,"key":"Anchor"},{"floor":27,"key":"The Courier"}],"event_choices":[{"damage_healed":0,"gold_gain":0,"player_choice":"Gave Potion","damage_taken":0,"relics_obtained":["MealTicket"],"max_hp_gain":0,"max_hp_loss":0,"event_name":"WeMeetAgain","floor":2,"gold_loss":0},{"damage_healed":0,"gold_gain":0,"player_choice":"Success","damage_taken":7,"relics_obtained":["Oddly Smooth Stone"],"max_hp_gain":0,"max_hp_loss":0,"event_name":"Scrap Ooze","floor":5,"gold_loss":0},{"damage_healed":0,"gold_gain":0,"player_choice":"Searched \u00272\u0027 times","damage_taken":0,"max_hp_gain":0,"max_hp_loss":0,"event_name":"Dead Adventurer","floor":11,"gold_loss":0},{"damage_healed":0,"gold_gain":99,"player_choice":"Stole From Cult","damage_taken":0,"max_hp_gain":0,"max_hp_loss":0,"event_name":"Nest","floor":19,"gold_loss":0},{"damage_healed":0,"gold_gain":0,"player_choice":"Shed Blood","damage_taken":23,"max_hp_gain":5,"max_hp_loss":0,"event_name":"Forgotten Altar","floor":21,"gold_loss":0}],"is_beta":false,"boss_relics":[{"not_picked":["thethorton:BottledFunds","Cursed Key"],"picked":"Empty Cage"}],"items_purged_floors":[12,22],"is_endless":false,"potions_floor_spawned":[1,14,16,18,24,29],"killed_by":"Champ","ascension_level":0}}