{"host":"mai03x2ekbjy4059","time":1610534762,"event":{"mods":["2.2 Compatiblity","BaseMod","DeckTracker","Highlight Path","Keyboard Shortcuts","Minty Spire (QoL Compilation)","Permanent Neow","Quick Restart","SuperFastMode","everything is the same but u backflip on backflip"],"gold_per_floor":[109,109,128,147,72,72,100,100,173,204,286,286,286,286],"floor_reached":13,"language":"KOR","playtime":330,"items_purged":["Defend_P"],"score":168,"play_id":"8718be22-77a9-4ade-8d83-6cf0671f24eb","local_time":"20210113194602","is_ascension_mode":true,"campfire_choices":[{"data":"Eruption","floor":6.0,"key":"SMITH"},{"floor":8.0,"key":"DIG"}],"circlet_count":0,"master_deck":["AscendersBane","Strike_P","Strike_P","Strike_P","Strike_P","Defend_P","Defend_P","Defend_P","Eruption+1","Vigilance","FlurryOfBlows","MentalFortress"],"relics":["PureWater","Shovel","Omamori","Juzu Bracelet","InkBottle","Yang","Toxic Egg 2","Golden Idol"],"acts_visited":["Exordium"],"potions_floor_usage":[13],"damage_taken":[{"damage":1.0,"enemies":"2 Louse","floor":1.0,"turns":3.0},{"damage":0.0,"enemies":"Cultist","floor":3.0,"turns":2.0},{"damage":2.0,"enemies":"Jaw Worm","floor":4.0,"turns":2.0},{"damage":29.0,"enemies":"3 Sentries","floor":7.0,"turns":9.0},{"damage":10.0,"enemies":"Lagavulin","floor":10.0,"turns":6.0},{"damage":25,"enemies":"Gremlin Nob","floor":13,"turns":4}],"seed_played":"-2939239461438688944","potions_obtained":[{"floor":3.0,"key":"PowerPotion"},{"floor":10.0,"key":"PowerPotion"}],"is_trial":false,"path_per_floor":["M","?","M","M","$","R","E","R","T","E","T","?","E"],"character_chosen":"WATCHER","items_purchased":[],"campfire_rested":0,"item_purchase_floors":[],"current_hp_per_floor":[60,60,60,58,58,58,29,29,29,19,19,19,0,0],"gold":286,"neow_bonus":"ONE_RARE_RELIC","is_daily":false,"chose_seed":false,"campfire_upgraded":1,"win_rate":0.0,"timestamp":1610534762,"path_taken":["M","?","M","?","$","R","E","R","T","E","?","?","E"],"items_purchased_type":[],"build_version":"2020-12-22","purchased_purges":1,"victory":false,"max_hp_per_floor":[62,62,62,62,62,62,62,62,62,62,62,56,56,56],"card_choices":[{"not_picked":["PathToVictory","EmptyFist","CrushJoints"],"picked":"SKIP","floor":1.0},{"not_picked":["FlyingSleeves","CutThroughFate"],"picked":"FlurryOfBlows","floor":3.0},{"not_picked":["ForeignInfluence","Prostrate"],"picked":"MentalFortress","floor":4.0},{"not_picked":["Protect","Fasting2","Indignation"],"picked":"SKIP","floor":7.0},{"not_picked":["Evaluate","Study","EmptyBody"],"picked":"SKIP","floor":10.0}],"player_experience":1087725,"relics_obtained":[{"floor":7.0,"key":"Omamori"},{"floor":8.0,"key":"Juzu Bracelet"},{"floor":9.0,"key":"InkBottle"},{"floor":10.0,"key":"Yang"},{"floor":11.0,"key":"Toxic Egg 2"}],"event_choices":[{"damage_healed":0.0,"max_hp_gain":0.0,"max_hp_loss":0.0,"gold_gain":0.0,"event_name":"Match and Keep!","player_choice":"0 cards matched","floor":2.0,"gold_loss":0.0,"damage_taken":0.0,"cards_obtained":[]},{"damage_healed":0.0,"max_hp_gain":0.0,"max_hp_loss":6.0,"gold_gain":0.0,"event_name":"Golden Idol","player_choice":"Lose Max HP","floor":12.0,"gold_loss":0.0,"damage_taken":0.0,"relics_obtained":["Golden Idol"]}],"is_beta":false,"boss_relics":[],"items_purged_floors":[5],"is_endless":false,"potions_floor_spawned":[3,10],"killed_by":"Gremlin Nob","ascension_level":17}}