{"host":"zke3fwiit0h580fo","time":1610555553,"event":{"mods":["AchievementEnabler","BaseMod","Colored Map","Colored Powertips","Downfall","Hubris","Minty Spire (QoL Compilation)","Quick Restart","Relic Stats","Replay The Spire","StSLib","SuperFastMode"],"gold_per_floor":[12,207,482,494,369,369,385,414,414,414,442,461,461,476,476,572,572,592,492,492,417,432,432,467,486,509,509,522,542,556,431,431,431],"floor_reached":32,"language":"ENG","playtime":1661,"items_purged":["Regret","Defend_B","Strike_B"],"score":286,"play_id":"6001890d-4490-4967-ba51-582f47851228","local_time":"20210113173233","is_ascension_mode":true,"campfire_choices":[{"floor":6,"key":"REST"},{"floor":10,"key":"REST"},{"data":"Genetic Algorithm","floor":15,"key":"SMITH"},{"floor":23,"key":"REST"}],"circlet_count":0,"master_deck":["Strike_B","Defend_B","Zap","Dualcast","Conserve Battery","Conserve Battery","Sunder","Panic Button","Ball Lightning","Defragment","Redo","Seek","Genetic Algorithm+1","Turbo","Glacier","ReplayRNGCard","Cold Snap+1","Melter","Turbo","Blizzard"],"relics":["Cracked Core","Art of War","Garlic","Chameleon Ring","SacredBark","MealTicket","ReplayFunnel"],"acts_visited":["Exordium","TheCity"],"potions_floor_usage":[8,16,16,29,32,32,32],"damage_taken":[{"damage":8,"enemies":"Jaw Worm","floor":1,"turns":4},{"damage":2,"enemies":"2 Louse","floor":4,"turns":2},{"damage":0,"enemies":"Cultist","floor":7,"turns":2},{"damage":22,"enemies":"Lagavulin","floor":8,"turns":4},{"damage":1,"enemies":"Gremlin Nob","floor":11,"turns":3},{"damage":11,"enemies":"Exordium Thugs","floor":12,"turns":4},{"damage":13,"enemies":"Large Slime","floor":14,"turns":5},{"damage":28,"enemies":"Slime Boss","floor":16,"turns":10},{"damage":27,"enemies":"Chosen","floor":18,"turns":6},{"damage":14,"enemies":"2 Thieves","floor":22,"turns":4},{"damage":6,"enemies":"Replay:Snechameleon","floor":24,"turns":6},{"damage":0,"enemies":"Snake Plant","floor":25,"turns":6},{"damage":5,"enemies":"Centurion and Healer","floor":28,"turns":6},{"damage":36,"enemies":"3 Cultists","floor":29,"turns":7},{"damage":5,"enemies":"Shelled Parasite and Fungi","floor":30,"turns":7},{"damage":13,"enemies":"Colosseum Slavers","floor":32,"turns":4},{"damage":20,"enemies":"Colosseum Nobs","floor":32,"turns":3}],"seed_played":"853846737433330123","potions_obtained":[{"floor":7,"key":"FearPotion"},{"floor":11,"key":"Energy Potion"},{"floor":14,"key":"Elixir"},{"floor":25,"key":"Adrenaline Potion"},{"floor":27,"key":"FearPotion"},{"floor":27,"key":"FearPotion"},{"floor":29,"key":"LiquidBronze"}],"is_trial":false,"path_per_floor":["M","?","?","M","$","R","M","E","T","R","E","M","?","M","R","B",null,"M","$","?","?","M","R","E","M","T","R","M","M","M","$","R_BF"],"character_chosen":"DEFECT","items_purchased":["Ball Lightning"],"campfire_rested":3,"item_purchase_floors":[5],"current_hp_per_floor":[67,37,37,35,35,57,57,35,35,57,56,45,45,32,32,4,75,48,48,48,48,34,56,50,50,50,50,45,9,4,19,0,0],"gold":431,"neow_bonus":"TRANSFORM_TWO_CARDS","is_daily":false,"chose_seed":false,"campfire_upgraded":1,"win_rate":0.0,"timestamp":1610555553,"path_taken":["M","?","?","?","?","R","M","E","T","R","E","M","?","M","R","BOSS","M","$","?","?","M","R","E","M","T","R","M","M","M","$","R_BF"],"items_purchased_type":["Card"],"build_version":"2020-12-22","purchased_purges":3,"victory":false,"max_hp_per_floor":[75,75,75,75,75,75,75,75,75,75,75,75,75,75,75,75,75,75,75,75,75,75,75,75,75,75,75,75,75,75,75,75,75],"relic_stats":{"counters":[17,83],"MealTicket":15,"Art of War":[18],"obtain_stats":[{"ReplayFunnel":26,"Chameleon Ring":11,"SacredBark":17,"MealTicket":24,"Art of War":8,"Garlic":9,"Cracked Core":0},{"ReplayFunnel":12,"Chameleon Ring":5,"SacredBark":8,"MealTicket":11,"Art of War":4,"Garlic":4,"Cracked Core":0},{"ReplayFunnel":56,"Chameleon Ring":15,"SacredBark":34,"MealTicket":50,"Art of War":12,"Garlic":12,"Cracked Core":0}]},"card_choices":[{"not_picked":["Leap","Rebound"],"picked":"Conserve Battery","floor":1},{"not_picked":["Consume","Coolheaded"],"picked":"Sunder","floor":2},{"not_picked":["Beam Cell","Rebound"],"picked":"Panic Button","floor":4},{"not_picked":["Gash","Heatsinks"],"picked":"Defragment","floor":7},{"not_picked":["FTL","Steam"],"picked":"Redo","floor":8},{"not_picked":["Stack","Conserve Battery"],"picked":"Seek","floor":11},{"not_picked":["Reprogram","Rebound"],"picked":"Genetic Algorithm","floor":12},{"not_picked":["Steam","Consume"],"picked":"Glacier","floor":14},{"not_picked":["Thunder Strike","ReplayTheSpireMod:Fabricate Wheel"],"picked":"ReplayRNGCard","floor":16},{"not_picked":["Genetic Algorithm","Leap"],"picked":"Cold Snap+1","floor":18},{"not_picked":["Rebound","Undo","Heatsinks"],"picked":"SKIP","floor":22},{"not_picked":["Sweeping Beam","Fusion+1"],"picked":"Melter","floor":24},{"not_picked":["Sunder","Stack","Compile Driver"],"picked":"SKIP","floor":25},{"not_picked":["Sweeping Beam","ReplayTheSpireMod:Reroute Power+1"],"picked":"Turbo","floor":28},{"not_picked":["BootSequence","Streamline","Redo"],"picked":"SKIP","floor":29},{"not_picked":["hubris:PowerSurge","ReplayTheSpireMod:Repulse"],"picked":"Blizzard","floor":30}],"player_experience":48851,"relics_obtained":[{"floor":8,"key":"Art of War"},{"floor":9,"key":"Garlic"},{"floor":11,"key":"Chameleon Ring"},{"floor":24,"key":"MealTicket"},{"floor":26,"key":"ReplayFunnel"}],"event_choices":[{"damage_healed":0,"gold_gain":275,"player_choice":"Desecrate","damage_taken":0,"max_hp_gain":0,"max_hp_loss":0,"event_name":"Golden Shrine","floor":3,"gold_loss":0,"cards_obtained":["Regret"]},{"damage_healed":0,"gold_gain":0,"cards_transformed":["Amplify"],"player_choice":"Change","damage_taken":0,"max_hp_gain":0,"max_hp_loss":0,"event_name":"Living Wall","floor":13,"gold_loss":0,"cards_obtained":["Turbo"]},{"cards_removed":["Defend_B"],"damage_healed":0,"gold_gain":0,"player_choice":"Elegance","damage_taken":0,"max_hp_gain":0,"max_hp_loss":0,"event_name":"Back to Basics","floor":20,"gold_loss":0},{"cards_removed":["Strike_B"],"damage_healed":0,"gold_gain":0,"player_choice":"Gave Gold","damage_taken":0,"max_hp_gain":0,"max_hp_loss":0,"event_name":"Beggar","floor":21,"gold_loss":75},{"damage_healed":0,"gold_gain":0,"player_choice":"Fight","damage_taken":0,"max_hp_gain":0,"max_hp_loss":0,"event_name":"Colosseum","floor":32,"gold_loss":0},{"damage_healed":0,"gold_gain":0,"player_choice":"Fought Nobs","damage_taken":0,"max_hp_gain":0,"max_hp_loss":0,"event_name":"Colosseum","floor":32,"gold_loss":0}],"is_beta":false,"boss_relics":[{"not_picked":["Replay:Ancient Bell","hubris:CrackedHourglass"],"picked":"SacredBark"}],"items_purged_floors":[5,19,31],"is_endless":false,"potions_floor_spawned":[7,11,14,25,28,29],"killed_by":"Colosseum Nobs","ascension_level":1}}