{"host":"gtv41eena9h15rk5","time":1610545266,"event":{"mods":["BaseMod","Colored Powertips","Downfall","Googly Eyes","Marisa£®ÏF”Í°°ƒß¿Ì…≥£©","Minty Spire (QoL Compilation)","Quick Restart","Replay The Spire","Shop Mod","StSLib","The Bug Knight","The Construct","The Cursed","The Runesmith","The Servant 0.9.4","[IsaacMod]“‘»ˆº‚À˛"],"gold_per_floor":[154,124,135,153,153,76,106,106,133,215,248,278,290,302,314,501,612,624,616,728,740,771,533,533,558,558,634,634,691,691,791,836,836,985,985,1073,1129,826,826,873,873,929,974,1042,1091,1157,1217,1217],"floor_reached":46,"language":"ZHS","playtime":2193,"items_purged":["Guardian:Aged","Defend_R","Defend_R","Defend_R"],"score":916,"play_id":"cf921dec-fab0-44a4-b697-f2a8298a8fbb","local_time":"20210113214106","is_ascension_mode":true,"campfire_choices":[{"data":"EpicFetus","floor":12,"key":"SMITH"},{"data":"Rupture","floor":23,"key":"SMITH"},{"floor":25,"key":"REST"},{"floor":27,"key":"REST"},{"data":"Heavy Blade","floor":32,"key":"SMITH"},{"floor":40,"key":"REST"}],"circlet_count":0,"master_deck":["Strike_R+1","Strike_R","Strike_R","Strike_R","Defend_R+1","EpicFetus+1","BettingIsNotGood+1","Heavy Blade+1","ReplayTheSpireMod:Muscle Training+1","ReplayTheSpireMod:Muscle Training+1","True Grit","Disarm","Shrug It Off","Rupture+1","Flex+1","Heavy Blade","Impervious+1","ReplayTheSpireMod:Stacked+1","Berserk+1","Whirlwind"],"relics":["Burning Blood","HushsDoor","SteamSale","ReplayTheSpireMod:Ring of Addiction","SacredBark","White Beast Statue","Ring of Hypnosis","ReplayTheSpireMod:CursedCoin","HollowMod:StagPassRelic","construct:RocketBooster","Singing Bowl","MawBank","Toxic Egg 2","Black Star","Replay:Bottled Flurry","Centennial Puzzle","Blue Doll","Replay:Mystery Machine","Onion Ring","SalivaCoin","Gremlin Food","construct:ClawGrip","Strange Spoon","MerchantsRug","ReplayTheSpireMod:Lightbulb","Eternal Feather","Bronze Scales","Bottled Tornado","Pocketwatch","MealTicket"],"acts_visited":["Exordium","TheCity","TheBeyond"],"potions_floor_usage":[6,6,6,6,8,8,10,16,16,16,18,21,24,28,31,33,36,41,41,44,44,44,45,46],"damage_taken":[{"damage":12,"enemies":"2 Louse","floor":1,"turns":3},{"damage":13,"enemies":"Jaw Worm","floor":2,"turns":4},{"damage":15,"enemies":"Small Slimes","floor":3,"turns":4},{"damage":12,"enemies":"Lagavulin","floor":6,"turns":7},{"damage":6,"enemies":"Looter","floor":8,"turns":4},{"damage":11,"enemies":"Gremlin Nob","floor":10,"turns":4},{"damage":6,"enemies":"2 Fungi Beasts","floor":11,"turns":3},{"damage":26,"enemies":"The Guardian","floor":16,"turns":6},{"damage":21,"enemies":"2 Thieves","floor":18,"turns":5},{"damage":23,"enemies":"Shell Parasite","floor":21,"turns":5},{"damage":57,"enemies":"Replay:Snechameleon","floor":24,"turns":8},{"damage":11,"enemies":"Slavers","floor":28,"turns":4},{"damage":14,"enemies":"Snake Plant","floor":31,"turns":3},{"damage":43,"enemies":"Automaton","floor":33,"turns":5},{"damage":22,"enemies":"3 Darklings","floor":35,"turns":7},{"damage":18,"enemies":"3 Shapes","floor":36,"turns":1},{"damage":53,"enemies":"Jaw Worm Horde","floor":39,"turns":4},{"damage":21,"enemies":"Giant Head","floor":41,"turns":5},{"damage":7,"enemies":"Maw","floor":42,"turns":6},{"damage":3,"enemies":"Nemesis","floor":44,"turns":5},{"damage":31,"enemies":"Transient","floor":45,"turns":5},{"damage":37,"enemies":"3 Darklings","floor":46,"turns":2}],"seed_played":"4783596854374121958","potions_obtained":[{"floor":2,"key":"EssenceOfSteel"},{"floor":3,"key":"EntropicBrew"},{"floor":4,"key":"Block Potion"},{"floor":6,"key":"Venom Potion"},{"floor":8,"key":"LifebloodPotion"},{"floor":10,"key":"SkillPotion"},{"floor":11,"key":"FearPotion"},{"floor":16,"key":"Flashbang"},{"floor":18,"key":"ColorlessPotion"},{"floor":21,"key":"Dexterity Potion"},{"floor":24,"key":"AttackPotion"},{"floor":28,"key":"LifebloodPotion"},{"floor":31,"key":"PowerPotion"},{"floor":33,"key":"Slimebound:ThreeZeroPotion"},{"floor":35,"key":"CultistPotion"},{"floor":36,"key":"Strength Potion"},{"floor":39,"key":"Dexterity Potion"},{"floor":41,"key":"Dexterity Potion"},{"floor":42,"key":"Strength Potion"},{"floor":44,"key":"AttackPotion"},{"floor":45,"key":"AttackPotion"}],"is_trial":false,"path_per_floor":["M","M","M","?","$","E","?","M","T","E","M","R","$","T","R","B",null,"M","?","?","M","$","R","E","R","T","R","E","?","?","M","R","B",null,"M","M","$","?","M","R","E","M","T","E","M","M"],"character_chosen":"IRONCLAD","items_purchased":["ReplayTheSpireMod:CursedCoin","HollowMod:StagPassRelic","ReplayTheSpireMod:Muscle Training","True Grit","Replay:Bottled Flurry","Centennial Puzzle","ReplayTheSpireMod:Stacked+1","Berserk","expansioncontent:CaCaw","Strange Spoon","MerchantsRug","ReplayTheSpireMod:Lightbulb"],"campfire_rested":3,"item_purchase_floors":[5,5,5,5,22,22,34,34,34,37,37,37],"current_hp_per_floor":[45,82,80,71,71,71,65,65,65,65,60,62,62,62,62,62,44,90,78,78,78,61,61,61,12,40,40,68,65,65,67,61,61,24,84,68,58,58,58,13,38,35,46,46,51,28,0,0],"gold":1217,"neow_bonus":"TEN_PERCENT_HP_BONUS","is_daily":false,"chose_seed":false,"campfire_upgraded":3,"win_rate":0.0,"timestamp":1610545266,"path_taken":["M","M","M","?","$","E","?","M","T","E","M","R","$","?","R","BOSS","M","?","?","?","$","R","E","R","T","R","E","?","?","M","R","BOSS","M","M","$","?","?","R","E","?","T","E","?","M"],"items_purchased_type":["Relic","Relic","Card","Card","Relic","Relic","Card","Card","Card","Relic","Relic","Relic"],"build_version":"2020-12-22","purchased_purges":4,"victory":false,"max_hp_per_floor":[67,88,88,88,88,88,88,88,88,88,88,90,90,90,88,88,90,90,92,92,92,92,92,92,94,94,94,94,94,94,96,98,98,98,84,84,86,86,86,88,86,88,90,90,92,94,94,94],"card_choices":[{"not_picked":[],"picked":"EpicFetus","floor":0.0},{"not_picked":[],"picked":"BettingIsNotGood","floor":0},{"not_picked":["Body Slam","Wild Strike"],"picked":"Heavy Blade","floor":1},{"not_picked":["Havoc","Life Link"],"picked":"ReplayTheSpireMod:Muscle Training","floor":2},{"not_picked":["Twin Strike","Run Through","Clothesline"],"picked":"SKIP","floor":3},{"not_picked":["Shrug It Off","Dropkick"],"picked":"Disarm","floor":6},{"not_picked":["Wild Strike","Replay:Undeath\u0027s Touch"],"picked":"Shrug It Off","floor":8},{"not_picked":["Demonic Infusion","Burning Pact"],"picked":"Rupture","floor":10},{"not_picked":["Thunderclap","Cleave","Replay:Undeath\u0027s Touch"],"picked":"Singing Bowl","floor":11},{"not_picked":["Hemogenesis","Corruption","Demonic Infusion+1"],"picked":"Singing Bowl","floor":16},{"not_picked":["Pommel Strike+1","ReplayTheSpireMod:Strike From Hell+1","Cleave+1"],"picked":"Singing Bowl","floor":18},{"not_picked":["ReplayTheSpireMod:Corrosion Curse+1","Second Wind+1"],"picked":"Flex+1","floor":19},{"not_picked":["Rampage","Twin Strike"],"picked":"Heavy Blade","floor":21},{"not_picked":["Headbutt","Blood for Blood","Power Through+1"],"picked":"Singing Bowl","floor":24},{"not_picked":["Sword Boomerang","Searing Blow","Replay:Undeath\u0027s Touch"],"picked":"Singing Bowl","floor":28},{"not_picked":["Wild Strike","Flex+1","Iron Wave"],"picked":"Singing Bowl","floor":30},{"not_picked":["Heavy Blade","Corruption","Burning Pact+1"],"picked":"Singing Bowl","floor":31},{"not_picked":["Reaper","Double Tap+1"],"picked":"Impervious+1","floor":33},{"not_picked":["Entrench+1","Shrug It Off+1"],"picked":"Whirlwind","floor":35},{"not_picked":["ReplayTheSpireMod:Strike From Hell","Thunderclap+1","Twin Strike+1"],"picked":"Singing Bowl","floor":36},{"not_picked":["Dark Embrace+1","Clash","Feel No Pain"],"picked":"Singing Bowl","floor":39},{"not_picked":["Iron Wave+1","True Grit+1","Dropkick"],"picked":"Singing Bowl","floor":41},{"not_picked":["Run Through","Headbutt","Metallicize"],"picked":"Singing Bowl","floor":42},{"not_picked":["Warcry+1","Fire Breathing+1","Anger"],"picked":"Singing Bowl","floor":44},{"not_picked":["True Grit+1","Pommel Strike","Reaper"],"picked":"Singing Bowl","floor":45}],"player_experience":205489,"relics_obtained":[{"floor":4,"key":"ReplayTheSpireMod:Ring of Addiction"},{"floor":4,"key":"SacredBark"},{"floor":4,"key":"White Beast Statue"},{"floor":4,"key":"Ring of Hypnosis"},{"floor":6,"key":"construct:RocketBooster"},{"floor":9,"key":"Singing Bowl"},{"floor":10,"key":"MawBank"},{"floor":14,"key":"Toxic Egg 2"},{"floor":24,"key":"Blue Doll"},{"floor":24,"key":"Replay:Mystery Machine"},{"floor":26,"key":"Onion Ring"},{"floor":28,"key":"SalivaCoin"},{"floor":28,"key":"Gremlin Food"},{"floor":41,"key":"Eternal Feather"},{"floor":41,"key":"Bronze Scales"},{"floor":43,"key":"Bottled Tornado"},{"floor":44,"key":"Pocketwatch"},{"floor":44,"key":"MealTicket"}],"event_choices":[{"damage_healed":0,"gold_gain":175,"player_choice":"AGREE","damage_taken":0,"max_hp_gain":0,"max_hp_loss":0,"event_name":"Liars Game","floor":15,"gold_loss":0,"cards_obtained":["Doubt"]},{"cards_removed":["Doubt"],"damage_healed":0,"gold_gain":0,"player_choice":"Purged","damage_taken":0,"max_hp_gain":0,"max_hp_loss":0,"event_name":"Purifier","floor":20,"gold_loss":0},{"cards_removed":["Strike_R"],"damage_healed":0,"gold_gain":0,"player_choice":"Offered Basic","damage_taken":0,"max_hp_gain":0,"max_hp_loss":0,"event_name":"Bonfire Elementals","floor":29,"gold_loss":0},{"cards_removed":["expansioncontent:CaCaw"],"damage_healed":0,"gold_gain":0,"player_choice":"Removed Power","damage_taken":0,"max_hp_gain":0,"max_hp_loss":0,"event_name":"Falling","floor":38,"gold_loss":0}],"is_beta":false,"boss_relics":[{"not_picked":["Pandora\u0027s Box","Snecko Eye"],"picked":"Black Star"},{"not_picked":[]},{"not_picked":["ChampionBelt","Runic Pyramid"],"picked":"construct:ClawGrip"},{"not_picked":[]}],"items_purged_floors":[5,22,34,37],"is_endless":false,"potions_floor_spawned":[2,3,6,8,10,11,16,18,21,24,28,31,33,35,36,39,41,42,44,45],"killed_by":"3 Darklings","ascension_level":4}}