{"host":"6azrrw3tf7wb0f4b","time":1610547686,"event":{"mods":["BaseMod","DeckTracker","Minty Spire (QoL Compilation)","SuperFastMode"],"gold_per_floor":[116,116,116,135,154,154,169,344,344,344,403,23,23,41,41,143,143,156,47,47,65,26,26,26,26,49,49,49],"floor_reached":27,"language":"KOR","playtime":875,"items_purged":["Doubt","Defend_P"],"score":318,"play_id":"6e956288-9b29-41a8-8463-915d96c33795","local_time":"20210113232126","is_ascension_mode":true,"campfire_choices":[{"data":"Eruption","floor":6,"key":"SMITH"},{"data":"Devotion","floor":10,"key":"SMITH"},{"floor":13,"key":"REST"},{"data":"Prostrate","floor":15,"key":"SMITH"},{"data":"Pray","floor":23,"key":"SMITH"}],"circlet_count":0,"master_deck":["AscendersBane","Strike_P","Strike_P","Strike_P","Defend_P+1","Defend_P","Defend_P+1","Eruption+1","Vigilance","Devotion+1","EmptyFist","Wallop","Prostrate+1","LessonLearned","Protect+1","Pray+1","FlurryOfBlows","Writhe"],"relics":["PureWater","The Courier","TeardropLocket","Bottled Tornado","War Paint","Singing Bowl","SlaversCollar","Blue Candle","Blood Vial","MealTicket"],"acts_visited":["Exordium","TheCity"],"potions_floor_usage":[5,11,16,27,27],"damage_taken":[{"damage":3,"enemies":"Cultist","floor":1,"turns":5},{"damage":0,"enemies":"Small Slimes","floor":4,"turns":3},{"damage":9,"enemies":"Jaw Worm","floor":5,"turns":3},{"damage":0,"enemies":"Large Slime","floor":7,"turns":5},{"damage":72,"enemies":"Gremlin Nob","floor":11,"turns":5},{"damage":5,"enemies":"Looter","floor":14,"turns":3},{"damage":6,"enemies":"Slime Boss","floor":16,"turns":7},{"damage":18,"enemies":"Chosen","floor":18,"turns":6},{"damage":0,"enemies":"Spheric Guardian","floor":21,"turns":3},{"damage":65,"enemies":"Slavers","floor":27,"turns":4}],"seed_played":"279978283595710131","potions_obtained":[{"floor":4,"key":"StancePotion"},{"floor":5,"key":"FairyPotion"},{"floor":7,"key":"DistilledChaos"},{"floor":11,"key":"SkillPotion"},{"floor":18,"key":"PowerPotion"}],"is_trial":false,"path_per_floor":["M","T","?","M","M","R","M","?","T","R","?","$","R","M","R","B",null,"M","$","?","M","$","R","T","?","T","E"],"character_chosen":"WATCHER","items_purchased":["War Paint","Singing Bowl","Pray","Swift Potion"],"campfire_rested":1,"item_purchase_floors":[12,12,19,22],"current_hp_per_floor":[44,44,37,37,28,28,28,28,28,28,21,21,42,37,37,31,62,44,44,44,46,46,46,46,46,46,0,0],"gold":49,"neow_bonus":"THREE_RARE_CARDS","is_daily":false,"chose_seed":false,"campfire_upgraded":4,"win_rate":0.0,"timestamp":1610547686,"path_taken":["M","?","?","M","?","R","M","?","T","R","?","?","R","M","R","BOSS","M","$","?","M","$","R","?","?","T","E"],"items_purchased_type":["Relic","Relic","Card","Potion"],"build_version":"2020-12-22","purchased_purges":2,"victory":false,"max_hp_per_floor":[72,72,72,72,72,72,72,72,72,72,72,72,72,72,72,72,72,72,72,72,74,74,74,74,74,74,74,74],"card_choices":[{"not_picked":["MasterReality","Alpha"],"picked":"Devotion","floor":0},{"not_picked":["SashWhip","FollowUp"],"picked":"EmptyFist","floor":1},{"not_picked":["ClearTheMind","DeusExMachina","TalkToTheHand"],"picked":"SKIP","floor":4},{"not_picked":["Crescendo","Halt","EmptyMind"],"picked":"SKIP","floor":5},{"not_picked":["Conclude","WindmillStrike"],"picked":"Wallop","floor":7},{"not_picked":["Devotion","Perseverance"],"picked":"Prostrate","floor":14},{"not_picked":["SpiritShield","Scrawl"],"picked":"LessonLearned","floor":16},{"not_picked":["Perseverance","PathToVictory"],"picked":"Protect","floor":18},{"not_picked":["BattleHymn","Consecrate","ThirdEye"],"picked":"Singing Bowl","floor":21}],"player_experience":706157,"relics_obtained":[{"floor":2,"key":"The Courier"},{"floor":9,"key":"TeardropLocket"},{"floor":11,"key":"Bottled Tornado"},{"floor":24,"key":"Blue Candle"},{"floor":26,"key":"MealTicket"}],"event_choices":[{"cards_removed":["Strike_P"],"damage_healed":0,"gold_gain":0,"player_choice":"Card Removal","damage_taken":7,"max_hp_gain":0,"max_hp_loss":0,"event_name":"Golden Wing","floor":3,"gold_loss":0},{"damage_healed":0,"gold_gain":175,"player_choice":"AGREE","damage_taken":0,"max_hp_gain":0,"max_hp_loss":0,"event_name":"Liars Game","floor":8,"gold_loss":0,"cards_obtained":["Doubt"]},{"damage_healed":0,"gold_gain":0,"player_choice":"Searched \u00271\u0027 times","damage_taken":0,"max_hp_gain":0,"max_hp_loss":0,"event_name":"Dead Adventurer","floor":11,"gold_loss":0},{"damage_healed":0,"gold_gain":0,"player_choice":"Read","damage_taken":0,"max_hp_gain":0,"max_hp_loss":0,"event_name":"The Library","floor":20,"gold_loss":0,"cards_obtained":["FlurryOfBlows"]},{"damage_healed":0,"gold_gain":0,"player_choice":"Opened","damage_taken":0,"relics_obtained":["Blood Vial"],"max_hp_gain":0,"max_hp_loss":0,"event_name":"The Mausoleum","floor":25,"gold_loss":0,"cards_obtained":["Writhe"]}],"is_beta":false,"boss_relics":[{"not_picked":["Philosopher\u0027s Stone","Black Star"],"picked":"SlaversCollar"}],"items_purged_floors":[12,19],"is_endless":false,"potions_floor_spawned":[4,5,7,11,18],"killed_by":"Slavers","ascension_level":12}}