{"host":"dhr6iszse2qz12e2","time":1610552061,"event":{"mods":["100% Spire Juice","2.2 Compatiblity","A Magickal Journey","Act Like it!","BaseMod","Bestiary","Better Note","BetterRewards","Colored Map","Downfall","Gensokyo","Hermit","Hubris","Infinite Spire","Marisa????????","Minty Spire (QoL Compilation)","Permanent Neow","Quick Restart","Reimu??????","Replay The Spire","Shop Mod","StSLib","Td1madao Mod","The Administrix","The Animator","The Bug Knight","The Cursed","The Gatherer","The Hierophant","The IronCluck","The Jungle","The Servant 0.9.4","everything is the same but u backflip on backflip","slay the spire mod where everything is the same but ironclad has a cowboy hat","??????REMEMod"],"gold_per_floor":[109,109,122,122,122,122,157,157,181,131,141,152,152,47,47,182,282,323,323,323,323,363,363,543,634,659,703,770,770,840,840,840,1060,580,652,652,652,753,783,783,897,897,923,1033,1033,1107,1107,1166,1166,1208],"floor_reached":51,"language":"ENG","playtime":2549,"items_purged":["Moonworks:Strike"],"score":696,"play_id":"dbab7564-4496-4e0f-a412-409ffd43b9c0","local_time":"20210113173421","is_ascension_mode":true,"campfire_choices":[{"data":"Moonworks:LongDistanceShot","floor":6.0,"key":"SMITH"},{"data":"Moonworks:EvilSpyWorkPreparation","floor":13.0,"key":"SMITH"},{"data":"Moonworks:Defend","floor":15.0,"key":"SMITH"},{"data":"Moonworks:Accelerator","floor":23.0,"key":"SMITH"},{"data":"Moonworks:Defend","floor":32.0,"key":"SMITH"},{"data":"Moonworks:SakisCookie","floor":40.0,"key":"SMITH"},{"data":"Panache","floor":42.0,"key":"SMITH"},{"data":"Crow Ritual","floor":49.0,"key":"SMITH"}],"circlet_count":0,"master_deck":["Moonworks:Defend+1","Moonworks:Defend+1","Moonworks:Ambush+1","Moonworks:LongDistanceShot+1","Moonworks:SakisCookie+1","Moonworks:EvilSpyWorkPreparation+1","Moonworks:Accelerator+1","Panache+1","Moonworks:EvilSpyWorkPreparation","Moonworks:CompletionReward+1","Crow Ritual+1"],"relics":["Moonworks:Homemark","REME_ComplimentaryCards","Replay:Drink Me","Anchor","hubris:TenFootPole","Smiling Mask","Replay:Grab Bag","Replay:Wanted Poster","Coffee Dripper","REME_LowDesire","Blood Vial","Replay:Bandana","Meat on the Bone","REME_DemonsWealth","Du-Vu Doll","Omamori"],"acts_visited":["Exordium","TheCity","TheBeyond"],"potions_floor_usage":[50,50],"damage_taken":[{"damage":3.0,"enemies":"Jaw Worm","floor":1.0,"turns":3.0},{"damage":8.0,"enemies":"2 Louse","floor":3.0,"turns":3.0},{"damage":6.0,"enemies":"3 Sentries","floor":7.0,"turns":10.0},{"damage":0.0,"enemies":"Cultist","floor":11.0,"turns":2.0},{"damage":2.0,"enemies":"Exordium Thugs","floor":12.0,"turns":3.0},{"damage":0.0,"enemies":"Exordium Wildlife","floor":14.0,"turns":3.0},{"damage":10.0,"enemies":"Hexaghost","floor":16.0,"turns":8.0},{"damage":9.0,"enemies":"Shell Parasite","floor":18.0,"turns":3.0},{"damage":4.0,"enemies":"Chosen","floor":22.0,"turns":3.0},{"damage":3.0,"enemies":"Nightmare","floor":25.0,"turns":6.0},{"damage":17.0,"enemies":"Snecko","floor":27.0,"turns":5.0},{"damage":2.0,"enemies":"Cultist and Chosen","floor":28.0,"turns":2.0},{"damage":8.0,"enemies":"Shelled Parasite and Fungi","floor":30.0,"turns":3.0},{"damage":13.0,"enemies":"hubris:MusketHawk","floor":33.0,"turns":3.0},{"damage":13.0,"enemies":"3 Darklings","floor":35.0,"turns":3.0},{"damage":18.0,"enemies":"2 Orb Walkers","floor":38.0,"turns":2.0},{"damage":5.0,"enemies":"Orb Walker","floor":39.0,"turns":3.0},{"damage":6.0,"enemies":"Writhing Mass","floor":41.0,"turns":3.0},{"damage":11.0,"enemies":"Transient","floor":44.0,"turns":5.0},{"damage":0.0,"enemies":"Sphere and 2 Shapes","floor":46.0,"turns":3.0},{"damage":8.0,"enemies":"Jaw Worm Horde","floor":48.0,"turns":2.0},{"damage":23,"enemies":"Replay:Hell Engine","floor":50,"turns":6}],"seed_played":"2181370417425338466","potions_obtained":[{"floor":1.0,"key":"SpeedPotion"},{"floor":11.0,"key":"Fire Potion"},{"floor":14.0,"key":"REME_GoldPotion"},{"floor":16.0,"key":"Explosive Potion"},{"floor":22.0,"key":"Swift Potion"},{"floor":28.0,"key":"EssenceOfSteel"},{"floor":30.0,"key":"SkillPotion"},{"floor":38.0,"key":"Swift Potion"}],"is_trial":false,"path_per_floor":["M","?","M","$","?","R","E","?","T","$","M","M","R","M","R","B",null,"M","?","?","?","M","R","?","NM","T","M","M","?","M","?","R","B",null,"M","?","?","?","M","R","M","R","T","M","$","M","?","M","R","B",null],"character_chosen":"THE_STARBREAKER","items_purchased":[],"campfire_rested":0,"item_purchase_floors":[],"current_hp_per_floor":[42,42,34,34,34,34,28,28,28,28,30,28,28,28,28,20,45,36,36,36,36,36,36,27,26,26,23,23,23,29,29,29,30,45,32,32,32,28,27,27,26,26,26,32,32,37,37,34,34,28],"gold":1208,"neow_bonus":"BOSS_RELIC","is_daily":false,"chose_seed":false,"campfire_upgraded":8,"win_rate":0.0,"timestamp":1610552061,"path_taken":["M","?","M","$","?","R","E","?","T","$","M","M","R","?","R","BOSS","M","?","?","?","M","R","?","NM","T","M","?","?","M","?","R","BOSS","M","?","?","?","M","R","M","R","T","M","?","?","?","M","R","BOSS"],"items_purchased_type":[],"build_version":"2020-12-22","purchased_purges":1,"victory":true,"max_hp_per_floor":[45,45,45,45,45,45,45,45,45,45,45,45,45,45,45,45,45,45,45,45,45,45,45,45,45,45,45,45,45,45,45,45,45,45,45,45,45,45,45,45,45,45,45,45,45,45,45,45,45,45],"card_choices":[{"not_picked":["Moonworks:ImOnFire","Moonworks:LulusLuckyEgg"],"picked":"Moonworks:SakisCookie","floor":1.0},{"not_picked":["Moonworks:JonathanRush","Moonworks:TacticalRetreat","Moonworks:DeployBits"],"picked":"SKIP","floor":3.0},{"not_picked":["Moonworks:IndiscriminateFireSupport","Moonworks:Dinner","Moonworks:FinalSurgery"],"picked":"SKIP","floor":7.0},{"not_picked":["Moonworks:NicePresent","Moonworks:SakisCookie"],"picked":"Moonworks:EvilSpyWorkPreparation","floor":11.0},{"not_picked":["Moonworks:ImOnFire","Moonworks:ExtendedPhotonRifle","Moonworks:Blazing"],"picked":"SKIP","floor":12.0},{"not_picked":["Moonworks:BackdoorTrade","Moonworks:ReproductionOfRecords","Moonworks:NicePresent"],"picked":"SKIP","floor":14.0},{"not_picked":["Moonworks:BackdoorTrade","Moonworks:ReproductionOfRecords","Moonworks:NicePresent"],"picked":"SKIP","floor":14.0},{"not_picked":["Moonworks:SubspaceTunnel","Moonworks:Wanted"],"picked":"Moonworks:Accelerator","floor":16.0},{"not_picked":["Moonworks:BigMagnum","Moonworks:LulusLuckyEgg","Moonworks:NicePresent+1","expansioncontent:SuperHexaguard+1"],"picked":"SKIP","floor":18.0},{"not_picked":["Moonworks:BigMagnum","Moonworks:Assault","Moonworks:ImOnFire","expansioncontent:CaCaw"],"picked":"SKIP","floor":22.0},{"not_picked":["infinitespire:Punishment","infinitespire:SevenWalls"],"picked":"Replay:Fractal Strike","floor":25.0},{"not_picked":["Moonworks:TacticalRetreat+1","Moonworks:LulusLuckyEgg","Moonworks:Flamethrower"],"picked":"Panache","floor":25.0},{"not_picked":["Moonworks:WindyEnchantment","Moonworks:RagingMadness","Violence"],"picked":"Moonworks:EvilSpyWorkPreparation","floor":27.0},{"not_picked":["Moonworks:BigMagnum","Moonworks:ImOnFire","Moonworks:IndiscriminateFireSupport","Chrysalis"],"picked":"SKIP","floor":28.0},{"not_picked":["Moonworks:JonathanRush","Moonworks:DeployBits+1","Moonworks:EvilSpyWorkPreparation","ReplayTheSpireMod:Trickstab"],"picked":"SKIP","floor":30.0},{"not_picked":["Moonworks:DeployBits","Moonworks:ScrambledEve+1","Moonworks:TreasureThief+1","Blind+1","Sickly"],"picked":"SKIP","floor":35.0},{"not_picked":["Moonworks:BindingChains+1","Moonworks:JonathanRush+1","expansioncontent:ChargeUp","hexamod:Haunted"],"picked":"Moonworks:CompletionReward+1","floor":38.0},{"not_picked":["Moonworks:Assault+1","Moonworks:DeployBits+1","Moonworks:BackdoorTrade","Impatience","hubris:Wrath"],"picked":"SKIP","floor":39.0},{"not_picked":["Moonworks:FullSpeedAlicianrone","Moonworks:LulusLuckyEgg","Moonworks:ImmovableObject+1","Deep Breath+1","hubris:Sloth"],"picked":"SKIP","floor":41.0},{"not_picked":["Moonworks:JonathanRush","Moonworks:UnpaidWork+1","Moonworks:ExtendedPhotonRifle","Replay:Sssssssssstrike+1","Slimebound:Icky"],"picked":"SKIP","floor":44.0},{"not_picked":["Moonworks:DeployBits","Moonworks:SweetBattle","Moonworks:IntelligenceOfficer","sneckomod:Bewildered"],"picked":"Crow Ritual","floor":46.0},{"not_picked":["Moonworks:IndiscriminateFireSupport","Moonworks:ImmovableObject","Moonworks:SakisCookie+1","expansioncontent:SuperHexaguard","hubris:Greed"],"picked":"SKIP","floor":48.0}],"player_experience":482362,"relics_obtained":[{"floor":5.0,"key":"Anchor"},{"floor":7.0,"key":"hubris:TenFootPole"},{"floor":9.0,"key":"Smiling Mask"},{"floor":17.0,"key":"Blood Vial"},{"floor":17.0,"key":"Replay:Bandana"},{"floor":25.0,"key":"Meat on the Bone"},{"floor":38.0,"key":"Du-Vu Doll"},{"floor":43.0,"key":"Omamori"}],"event_choices":[{"cards_removed":["Moonworks:Defend"],"damage_healed":0.0,"max_hp_gain":0.0,"max_hp_loss":0.0,"gold_gain":0.0,"event_name":"Living Wall","player_choice":"Forget","floor":2.0,"gold_loss":0.0,"damage_taken":0.0},{"damage_healed":0.0,"max_hp_gain":0.0,"max_hp_loss":0.0,"gold_gain":0.0,"event_name":"Accursed Blacksmith","player_choice":"Forge","floor":8.0,"gold_loss":0.0,"damage_taken":0.0,"cards_upgraded":["Moonworks:Ambush"]},{"damage_healed":0.0,"max_hp_gain":0.0,"max_hp_loss":0.0,"gold_gain":0.0,"event_name":"Ghosts","player_choice":"Ignored","floor":20.0,"gold_loss":0.0,"damage_taken":0.0},{"damage_healed":0.0,"max_hp_gain":0.0,"max_hp_loss":0.0,"gold_gain":180.0,"event_name":"Knowing Skull","player_choice":"GOLD GOLD ","floor":24.0,"potions_obtained":[],"gold_loss":0.0,"damage_taken":19.0,"cards_obtained":[]},{"cards_removed":["Moonworks:Strike"],"damage_healed":0.0,"max_hp_gain":0.0,"max_hp_loss":0.0,"gold_gain":0.0,"event_name":"Back to Basics","player_choice":"Elegance","floor":31.0,"gold_loss":0.0,"damage_taken":0.0},{"damage_healed":0.0,"max_hp_gain":0.0,"max_hp_loss":0.0,"gold_gain":0.0,"event_name":"SensoryStone","player_choice":"Memory 1","floor":36.0,"gold_loss":0.0,"damage_taken":0.0},{"cards_removed":["Replay:Fractal Strike"],"damage_healed":0.0,"max_hp_gain":0.0,"max_hp_loss":0.0,"gold_gain":0.0,"event_name":"Falling","player_choice":"Removed Attack","floor":37.0,"gold_loss":0.0,"damage_taken":0.0},{"damage_healed":0.0,"max_hp_gain":0.0,"max_hp_loss":0.0,"gold_gain":0.0,"event_name":"Mysterious Sphere","player_choice":"Fight","floor":38.0,"gold_loss":0.0,"damage_taken":0.0},{"damage_healed":0.0,"max_hp_gain":0.0,"max_hp_loss":0.0,"gold_gain":0.0,"event_name":"Tomb of Lord Red Mask","player_choice":"Ignored","floor":47.0,"gold_loss":0.0,"damage_taken":0.0}],"is_beta":false,"boss_relics":[{"not_picked":["Pandora\u0027s Box","ReplayTheSpireMod:SealedPack"],"picked":"Replay:Grab Bag"},{"not_picked":["hubris:CrackedHourglass","Fusion Hammer"],"picked":"Replay:Wanted Poster"},{"not_picked":["ReplayTheSpireMod:Onyx Gauntlets","Replay:Fungal Core"],"picked":"Coffee Dripper"},{"not_picked":["REME_DuelDisc","hubris:Stopwatch"],"picked":"REME_LowDesire"},{"not_picked":["Empty Cage","Snecko Eye"],"picked":"REME_DemonsWealth"}],"items_purged_floors":[10],"is_endless":false,"potions_floor_spawned":[1,11,14,16,22,28,30,33,35,38,39],"ascension_level":2}}