{"host":"8by3m8mve9y2rhh4","time":1610525349,"event":{"mods":["BaseMod","Minty Spire (QoL Compilation)","Quick Restart"],"gold_per_floor":[114,64,38,38,57,88,102,102,402,413,425,24,24,53,53,148,148,168,185,185,185,196,196,206,236,236,249,149,182,195,205,205,309,309,327,342,64,81,96,96,122,122,193,193,212,237,237,87,87,87,87,87,11,43,43],"floor_reached":56,"language":"ENG","playtime":2507,"items_purged":["Strike_G","Strike_G","Deadly Poison","Dagger Throw"],"score":1486,"play_id":"78d7e657-46da-4fb7-a2c7-7043497ccb00","local_time":"20210113080909","is_ascension_mode":true,"campfire_choices":[{"floor":8,"key":"REST"},{"data":"Catalyst","floor":15,"key":"SMITH"},{"floor":23,"key":"RECALL"},{"floor":32,"key":"REST"},{"data":"Catalyst","floor":40,"key":"SMITH"},{"floor":42,"key":"REST"},{"floor":44,"key":"REST"},{"data":"Burst","floor":49,"key":"SMITH"},{"data":"Venomology","floor":52,"key":"SMITH"}],"circlet_count":0,"master_deck":["Defend_G+1","Defend_G","Defend_G","Defend_G+1","Defend_G","Survivor","Neutralize+1","Dodge and Roll+1","Dodge and Roll","Leg Sweep","Catalyst+1","Deadly Poison","Burst+1","Deadly Poison","Venomology+1","Catalyst+1","Noxious Fumes","Deadly Poison+1","Blur","Catalyst+1","Catalyst+1","Well Laid Plans"],"relics":["Ring of the Serpent","The Specimen","Old Coin","Lee\u0027s Waffle","War Paint","Sundial","Blood Vial","Happy Flower","Singing Bowl","White Beast Statue","Empty Cage","Oddly Smooth Stone","CaptainsWheel","Eternal Feather","Shuriken"],"acts_visited":["Exordium","TheCity","TheBeyond","TheEnding"],"potions_floor_usage":[6,14,14,24,27,27,29,29,33,33,35,35,36,38,38,38,41,41,45,45,46,50,54,55,55],"damage_taken":[{"damage":2,"enemies":"Small Slimes","floor":1,"turns":3},{"damage":0,"enemies":"Jaw Worm","floor":5,"turns":6},{"damage":20,"enemies":"Lagavulin","floor":6,"turns":9},{"damage":0,"enemies":"Cultist","floor":7,"turns":4},{"damage":11,"enemies":"Lots of Slimes","floor":10,"turns":4},{"damage":7,"enemies":"Large Slime","floor":11,"turns":9},{"damage":1,"enemies":"3 Sentries","floor":14,"turns":12},{"damage":66,"enemies":"Slime Boss","floor":16,"turns":17},{"damage":2,"enemies":"Shell Parasite","floor":18,"turns":4},{"damage":7,"enemies":"3 Byrds","floor":19,"turns":4},{"damage":5,"enemies":"Cultist and Chosen","floor":22,"turns":6},{"damage":3,"enemies":"Sentry and Sphere","floor":24,"turns":5},{"damage":32,"enemies":"Slavers","floor":25,"turns":4},{"damage":6,"enemies":"Shelled Parasite and Fungi","floor":27,"turns":3},{"damage":2,"enemies":"Gremlin Leader","floor":29,"turns":6},{"damage":5,"enemies":"Centurion and Healer","floor":30,"turns":5},{"damage":23,"enemies":"Snake Plant","floor":31,"turns":4},{"damage":43,"enemies":"Automaton","floor":33,"turns":8},{"damage":20,"enemies":"3 Shapes","floor":35,"turns":5},{"damage":4,"enemies":"Orb Walker","floor":36,"turns":4},{"damage":0,"enemies":"Spire Growth","floor":38,"turns":3},{"damage":11,"enemies":"4 Shapes","floor":39,"turns":6},{"damage":27,"enemies":"Reptomancer","floor":41,"turns":6},{"damage":32,"enemies":"3 Darklings","floor":45,"turns":6},{"damage":0,"enemies":"Nemesis","floor":46,"turns":3},{"damage":0,"enemies":"Time Eater","floor":50,"turns":4},{"damage":45,"enemies":"Shield and Spear","floor":54,"turns":5},{"damage":91,"enemies":"The Heart","floor":55,"turns":8}],"seed_played":"-5936999927005825341","potions_obtained":[{"floor":1,"key":"ColorlessPotion"},{"floor":10,"key":"SteroidPotion"},{"floor":11,"key":"EntropicBrew"},{"floor":14,"key":"PowerPotion"},{"floor":19,"key":"Energy Potion"},{"floor":27,"key":"FearPotion"},{"floor":30,"key":"EssenceOfSteel"},{"floor":31,"key":"CultistPotion"},{"floor":33,"key":"Fire Potion"},{"floor":35,"key":"LiquidBronze"},{"floor":36,"key":"Energy Potion"},{"floor":38,"key":"Fire Potion"},{"floor":39,"key":"SkillPotion"},{"floor":41,"key":"LiquidBronze"},{"floor":45,"key":"Explosive Potion"},{"floor":54,"key":"CunningPotion"}],"is_trial":false,"path_per_floor":["M","?","$","?","M","E","M","R","T","M","M","$","?","E","R","B",null,"M","M","?","?","M","R","M","E","T","M","$","E","M","M","R","B",null,"M","M","$","M","M","R","E","R","T","R","M","E","?","$","R","B",null,"R","$","E","B",null],"character_chosen":"THE_SILENT","items_purchased":["Dodge and Roll","Catalyst","Lee\u0027s Waffle","War Paint","Oddly Smooth Stone","Well Laid Plans"],"campfire_rested":4,"item_purchase_floors":[3,12,12,12,37,53],"current_hp_per_floor":[75,75,75,60,60,40,40,63,63,52,45,84,84,83,83,17,84,82,75,75,75,72,72,71,41,41,39,39,56,53,32,58,19,90,70,70,70,74,65,65,42,70,70,96,64,68,68,68,80,82,98,98,98,67,28],"gold":43,"neow_bonus":"TEN_PERCENT_HP_BONUS","is_daily":false,"chose_seed":false,"campfire_upgraded":4,"win_rate":0.0,"timestamp":1610525349,"path_taken":["M","?","$","?","M","E","M","R","T","M","M","$","?","E","R","BOSS","M","M","?","?","?","R","M","E","T","M","$","E","M","M","R","BOSS","M","M","$","?","M","R","E","R","T","R","M","E","?","$","R","BOSS","R","$","E","BOSS"],"items_purchased_type":["Card","Card","Relic","Relic","Relic","Card"],"build_version":"2020-12-22","purchased_purges":4,"victory":true,"max_hp_per_floor":[77,77,77,77,77,77,77,77,77,77,77,84,84,84,84,84,84,84,84,84,84,84,84,84,84,84,86,86,88,88,88,88,90,90,90,92,92,94,94,94,96,96,96,96,96,98,98,98,98,98,98,98,98,100,100],"card_choices":[{"not_picked":["All Out Attack","Deflect"],"picked":"Dodge and Roll","floor":1},{"not_picked":["Acrobatics","Flying Knee"],"picked":"Dagger Throw","floor":5},{"not_picked":["Phantasmal Killer","Dash"],"picked":"Leg Sweep","floor":6},{"not_picked":["Choke","Underhanded Strike"],"picked":"Dagger Throw","floor":7},{"not_picked":["Outmaneuver","Dagger Spray"],"picked":"Deadly Poison","floor":10},{"not_picked":["Well Laid Plans","Sucker Punch","Finisher"],"picked":"SKIP","floor":11},{"not_picked":["Dagger Throw","Backflip"],"picked":"Deadly Poison","floor":14},{"not_picked":["Phantasmal Killer","Wraith Form v2"],"picked":"Burst","floor":16},{"not_picked":["Outmaneuver","Choke","Flying Knee"],"picked":"SKIP","floor":18},{"not_picked":["Reflex","Terror+1","Sucker Punch"],"picked":"SKIP","floor":19},{"not_picked":["Dagger Spray","Riddle With Holes","Blade Dance"],"picked":"SKIP","floor":22},{"not_picked":["Bane+1","Wraith Form v2"],"picked":"Deadly Poison","floor":24},{"not_picked":["Sucker Punch","Heel Hook"],"picked":"Venomology","floor":25},{"not_picked":["Deflect","Finisher","Poisoned Stab"],"picked":"Singing Bowl","floor":27},{"not_picked":["Acrobatics+1","Sucker Punch","Poisoned Stab+1"],"picked":"Singing Bowl","floor":29},{"not_picked":["Concentrate","Infinite Blades"],"picked":"Catalyst","floor":30},{"not_picked":["Slice","Sucker Punch"],"picked":"Noxious Fumes","floor":31},{"not_picked":["Doppelganger","A Thousand Cuts","Phantasmal Killer"],"picked":"Singing Bowl","floor":33},{"not_picked":["Cloak And Dagger","Underhanded Strike"],"picked":"Deadly Poison+1","floor":35},{"not_picked":["Underhanded Strike","Dash","Outmaneuver+1"],"picked":"Singing Bowl","floor":36},{"not_picked":["Quick Slash","Flying Knee+1","Cloak And Dagger+1"],"picked":"Singing Bowl","floor":38},{"not_picked":["Bane","Deflect+1"],"picked":"Blur","floor":39},{"not_picked":["Blade Dance","Unload","Backflip"],"picked":"Singing Bowl","floor":41},{"not_picked":["Prepared+1","Deadly Poison"],"picked":"Catalyst+1","floor":45},{"not_picked":["Poisoned Stab","Backstab+1","Catalyst"],"picked":"Singing Bowl","floor":46},{"not_picked":["Night Terror","Heel Hook","Acrobatics+1"],"picked":"Singing Bowl","floor":54}],"player_experience":695209,"relics_obtained":[{"floor":6,"key":"The Specimen"},{"floor":9,"key":"Old Coin"},{"floor":14,"key":"Sundial"},{"floor":25,"key":"Happy Flower"},{"floor":26,"key":"Singing Bowl"},{"floor":29,"key":"White Beast Statue"},{"floor":41,"key":"CaptainsWheel"},{"floor":46,"key":"Eternal Feather"},{"floor":54,"key":"Shuriken"}],"event_choices":[{"cards_removed":["Strike_G"],"damage_healed":0,"gold_gain":0,"player_choice":"Card Removal","damage_taken":0,"max_hp_gain":0,"max_hp_loss":0,"event_name":"The Cleric","floor":2,"gold_loss":50},{"damage_healed":0,"gold_gain":0,"player_choice":"Entered Light","damage_taken":15,"max_hp_gain":0,"max_hp_loss":0,"event_name":"Shining Light","floor":4,"gold_loss":0,"cards_upgraded":["Dodge and Roll","Neutralize"]},{"damage_healed":0,"gold_gain":0,"cards_transformed":["Strike_G"],"player_choice":"Change","damage_taken":0,"max_hp_gain":0,"max_hp_loss":0,"event_name":"Living Wall","floor":13,"gold_loss":0,"cards_obtained":["Endless Agony"]},{"damage_healed":0,"gold_gain":0,"player_choice":"Ignored","damage_taken":0,"max_hp_gain":0,"max_hp_loss":0,"event_name":"Ghosts","floor":20,"gold_loss":0},{"cards_removed":["Dagger Throw"],"damage_healed":0,"gold_gain":0,"player_choice":"Gave Card","damage_taken":0,"relics_obtained":["Blood Vial"],"max_hp_gain":0,"max_hp_loss":0,"event_name":"WeMeetAgain","floor":21,"gold_loss":0},{"damage_healed":0,"gold_gain":0,"player_choice":"Copied","damage_taken":0,"max_hp_gain":0,"max_hp_loss":0,"event_name":"Duplicator","floor":47,"gold_loss":0,"cards_obtained":["Catalyst"]}],"is_beta":false,"boss_relics":[{"not_picked":["Coffee Dripper","Busted Crown"],"picked":"Ring of the Serpent"},{"not_picked":["WristBlade","HoveringKite"],"picked":"Empty Cage"}],"items_purged_floors":[12,28,37,48],"is_endless":false,"potions_floor_spawned":[1,10,11,14,16,19,27,30,31,33,35,36,38,39,41,45,46,54],"ascension_level":1}}