{"host":"egwexuw5uvnxf11j","time":1610508886,"event":{"mods":["2.2 Compatiblity","Aspiration","BaseMod","Better Altar","Better Note","Better Sensory Stone","Better Third Choice","Displayed Cursed Tome","Downfall","Hermit","Key Reminder","Koishi","Marisa????????","Minty Spire (QoL Compilation)","Quick Restart","Shade Mod","Spicy Shops","StSLib","The Construct","The Cursed","The Hierophant","The Runesmith","The Senshi","The Servant 0.9.4","Transform Curses"],"gold_per_floor":[111,111,23,198,175,175,175,200,200,225,245,257,273,238,238,343,343,356,356,371,385,59,59,59],"floor_reached":23,"language":"ENG","playtime":1231,"items_purged":[],"score":209,"play_id":"ca4c70d2-f2b4-40eb-ad66-20bcf2f90004","local_time":"20210112223446","is_ascension_mode":true,"campfire_choices":[{"floor":6,"key":"REST"},{"floor":15,"key":"REST"}],"circlet_count":0,"master_deck":["hermit:Strike_Hermit","hermit:Strike_Hermit+1","hermit:Strike_Hermit","hermit:Strike_Hermit","hermit:Defend_Hermit","hermit:Defend_Hermit","hermit:Defend_Hermit","hermit:Defend_Hermit+1","hermit:Snapshot","hermit:Covet","hermit:Shortfuse","hermit:Determination","hermit:Misfire","hermit:SprayPray","hermit:Brawl","hermit:Glare","hermit:Shortfuse","hermit:WideOpen","hermit:Combo","hermit:Snipe","hermit:Reprieve","hermit:Showdown","hermit:BodyArmor","hermit:NoHoldsBarred","hermit:Dive+1","hermit:Brawl"],"relics":["hermit:Momento","Pocketwatch","keyreminder:keyreminder","hermit:RyeStalk","hermit:Horseshoe","SacredBark","Membership Card","Toxic Egg 2"],"acts_visited":["Exordium","TheCity"],"potions_floor_usage":[16,16,16,21],"damage_taken":[{"damage":0,"enemies":"Small Slimes","floor":1,"turns":3},{"damage":59,"enemies":"Lagavulin","floor":8,"turns":7},{"damage":13,"enemies":"Gremlin Nob","floor":10,"turns":3},{"damage":4,"enemies":"2 Louse","floor":11,"turns":2},{"damage":1,"enemies":"Jaw Worm","floor":12,"turns":2},{"damage":0,"enemies":"2 Fungi Beasts","floor":13,"turns":2},{"damage":36,"enemies":"The Guardian","floor":16,"turns":8},{"damage":21,"enemies":"Spheric Guardian","floor":18,"turns":5},{"damage":14,"enemies":"Shell Parasite","floor":20,"turns":5},{"damage":15,"enemies":"Snecko","floor":21,"turns":3},{"damage":34,"enemies":"Gremlin Leader","floor":23,"turns":6}],"seed_played":"-6903292200574006086","potions_obtained":[{"floor":8,"key":"Explosive Potion"},{"floor":11,"key":"DistilledChaos"},{"floor":12,"key":"ColorlessPotion"},{"floor":18,"key":"FearPotion"},{"floor":20,"key":"DuplicationPotion"}],"is_trial":false,"path_per_floor":["M","?","$","?","$","R","?","E","T","E","M","M","M","?","R","B",null,"M","?","M","M","$","E"],"character_chosen":"HERMIT","items_purchased":["hermit:Determination","hermit:Misfire","hermit:SprayPray","Membership Card","Toxic Egg 2","hermit:Dive+1","hermit:Brawl"],"campfire_rested":2,"item_purchase_floors":[3,3,5,22,22,22,22],"current_hp_per_floor":[82,66,66,66,66,82,82,23,23,10,6,5,5,25,49,13,82,61,61,47,32,32,0,0],"gold":59,"neow_bonus":"TEN_PERCENT_HP_BONUS","is_daily":false,"chose_seed":false,"campfire_upgraded":0,"win_rate":0.0,"timestamp":1610508886,"path_taken":["M","?","$","?","?","R","?","E","T","E","M","M","?","?","R","BOSS","M","?","M","M","$","E"],"items_purchased_type":["Card","Card","Card","Relic","Relic","Card","Card"],"build_version":"2020-12-22","purchased_purges":0,"victory":false,"max_hp_per_floor":[82,82,82,82,82,82,82,82,82,82,82,82,82,82,82,82,82,82,82,82,82,82,82,82],"card_choices":[{"not_picked":["hermit:Ricochet","hermit:Virtue"],"picked":"hermit:Shortfuse","floor":1},{"not_picked":["hermit:Gestalt","hermit:CursedWeapon"],"picked":"hermit:Glare","floor":8},{"not_picked":["hermit:FromBeyond","hermit:Maintenance"],"picked":"hermit:Shortfuse","floor":10},{"not_picked":["hermit:EyeOfTheStorm","hermit:TakeCover"],"picked":"hermit:WideOpen","floor":11},{"not_picked":["hermit:Ricochet","hermit:Glare"],"picked":"hermit:Combo","floor":12},{"not_picked":["hermit:TakeAim","hermit:ItchyTrigger"],"picked":"hermit:Snipe","floor":13},{"not_picked":["hermit:DeadOrAlive","hermit:BlackWind"],"picked":"hermit:Reprieve","floor":16},{"not_picked":["hermit:WideOpen","hermit:Dive"],"picked":"hermit:Showdown","floor":18},{"not_picked":["hermit:CursedWeapon","hermit:LuckOfTheDraw"],"picked":"hermit:BodyArmor","floor":20},{"not_picked":["hermit:WideOpen+1","hermit:GhostlyPresence"],"picked":"hermit:NoHoldsBarred","floor":21}],"player_experience":2223035,"relics_obtained":[{"floor":8,"key":"Pocketwatch"},{"floor":9,"key":"hermit:RyeStalk"},{"floor":10,"key":"hermit:Horseshoe"}],"event_choices":[{"damage_healed":82,"gold_gain":0,"player_choice":"Upgrade","damage_taken":16,"max_hp_gain":0,"max_hp_loss":82,"event_name":"betterThird:BetterShining","floor":2,"gold_loss":0,"cards_upgraded":["hermit:Defend_Hermit","hermit:Strike_Hermit"]},{"damage_healed":0,"gold_gain":175,"player_choice":"AGREE","damage_taken":23,"max_hp_gain":0,"max_hp_loss":0,"event_name":"betterThird:BetterSerpent","floor":4,"gold_loss":0},{"damage_healed":0,"gold_gain":0,"cards_transformed":["Doubt"],"player_choice":"Transformed","damage_taken":0,"max_hp_gain":0,"max_hp_loss":0,"event_name":"Transmorgrifier","floor":7,"gold_loss":0,"cards_obtained":["hermit:Brawl"]},{"damage_healed":20,"gold_gain":0,"player_choice":"Healed","damage_taken":0,"max_hp_gain":0,"max_hp_loss":0,"event_name":"The Cleric","floor":14,"gold_loss":35},{"damage_healed":0,"gold_gain":0,"player_choice":"Ignored","damage_taken":0,"max_hp_gain":0,"max_hp_loss":0,"event_name":"Beggar","floor":19,"gold_loss":0}],"is_beta":false,"boss_relics":[{"not_picked":["Runesmith:UraniumAnvil","theSenshi:MoonKaleidoScopeRelic"],"picked":"SacredBark"}],"items_purged_floors":[],"is_endless":false,"potions_floor_spawned":[8,11,12,13,18,20],"killed_by":"Gremlin Leader","ascension_level":1}}