{"host":"0fmi5fguj5lvt8pf","time":1610503903,"event":{"mods":["BaseMod","Colored Map","Curses Come First","Downfall","Minty Spire (QoL Compilation)","Permanent Neow","StSLib","Waifu the Spire"],"gold_per_floor":[99,110,110,125,138,173,173,173,191,205,220,247,247,278,292,391,391,166,181,193,213,213,227,251,261,280,190,201,201,201,201,216,316,316,316,332,342,314,328,344,344,355,409,436,436,436,436,447,458,458,458,490,77,77,77],"floor_reached":56,"language":"ENG","playtime":4540,"items_purged":["Pain","Guardian:Defend_Guardian","Pain"],"score":1359,"play_id":"15467e79-d8d0-4719-ab9f-f96e6eb4c9aa","local_time":"20210112181143","is_ascension_mode":false,"campfire_choices":[{"floor":1.0,"key":"RECALL"},{"floor":8.0,"key":"REST"},{"data":"Guardian:MultiBeam","floor":18.0,"key":"SMITH"},{"data":"Guardian:Orbwalk","floor":29.0,"key":"SMITH"},{"data":"Guardian:ExploitGems","floor":35,"key":"SMITH"},{"data":"Guardian:TimeSifter","floor":46,"key":"SMITH"},{"data":"Guardian:Preprogram","floor":54,"key":"SMITH"}],"circlet_count":0,"master_deck":["Guardian:Strike_Guardian","Guardian:Defend_Guardian","Guardian:CurlUp","Guardian:TwinSlam","Guardian:TimeSifter+1","Guardian:EvasiveProtocol+1","Guardian:ShieldCharger","Guardian:PolyBeam","Guardian:PolyBeam","Guardian:StasisField","Guardian:MultiBeam+1","Guardian:ChargeUp","Guardian:Reroute","Guardian:ExploitGems+1","Guardian:PrimingBeam","Guardian:Recover","Guardian:Suspension+1","Guardian:BronzeOrb","Guardian:Suspension+1","Guardian:Orbwalk+1","Guardian:Recover","Guardian:TimeCapacitor+1","Guardian:Orbwalk","Guardian:ArmoredProtocol+1","Guardian:TemporalShield+1","Guardian:Preprogram+1","Guardian:Incinerate+1","Guardian:ChargeCore"],"relics":["Guardian:ModeShifterPlus","Guardian:SackOfGems","Lizard Tail","InkBottle","Empty Cage","downfall:HeartBlessingRed","downfall:HeartBlessingGreen","downfall:HeartBlessingBlue","Mercury Hourglass","Toy Ornithopter","FossilizedHelix","Matryoshka","Anchor","Pear","TungstenRod","Gremlin Horn","Oddly Smooth Stone","Calipers"],"acts_visited":["Exordium","TheCity","TheBeyond","TheEnding"],"potions_floor_usage":[39,43,50,55,55],"damage_taken":[{"damage":1.0,"enemies":"2 Louse","floor":2.0,"turns":2.0},{"damage":0.0,"enemies":"Small Slimes","floor":4.0,"turns":4.0},{"damage":2.0,"enemies":"Cultist","floor":5.0,"turns":3.0},{"damage":17.0,"enemies":"Gremlin Nob","floor":6.0,"turns":5.0},{"damage":4.0,"enemies":"Lots of Slimes","floor":9.0,"turns":5.0},{"damage":7.0,"enemies":"Exordium Thugs","floor":10.0,"turns":3.0},{"damage":0.0,"enemies":"Large Slime","floor":11.0,"turns":6.0},{"damage":14.0,"enemies":"3 Sentries","floor":12.0,"turns":5.0},{"damage":10.0,"enemies":"Gremlin Nob","floor":14.0,"turns":4.0},{"damage":11.0,"enemies":"Blue Slaver","floor":15.0,"turns":3.0},{"damage":7.0,"enemies":"downfall:Watcher","floor":16.0,"turns":9.0},{"damage":0.0,"enemies":"Chosen","floor":19.0,"turns":4.0},{"damage":4.0,"enemies":"Spheric Guardian","floor":20.0,"turns":3.0},{"damage":11.0,"enemies":"Centurion and Healer","floor":21.0,"turns":3.0},{"damage":11.0,"enemies":"Chosen and Byrds","floor":23.0,"turns":5.0},{"damage":0.0,"enemies":"3 Cultists","floor":25.0,"turns":3.0},{"damage":11.0,"enemies":"Snecko","floor":26.0,"turns":3.0},{"damage":7.0,"enemies":"downfall:FleeingMerchant","floor":27.0,"turns":4.0},{"damage":0.0,"enemies":"Centurion and Healer","floor":28.0,"turns":3.0},{"damage":0,"enemies":"Snake Plant","floor":32,"turns":3},{"damage":8,"enemies":"downfall:Ironclad","floor":33,"turns":7},{"damage":5,"enemies":"3 Shapes","floor":36,"turns":3},{"damage":0,"enemies":"3 Darklings","floor":37,"turns":3},{"damage":0,"enemies":"downfall:FleeingMerchant","floor":38,"turns":4},{"damage":0,"enemies":"Sphere and 2 Shapes","floor":39,"turns":4},{"damage":6,"enemies":"Jaw Worm Horde","floor":40,"turns":3},{"damage":15,"enemies":"4 Shapes","floor":42,"turns":3},{"damage":27,"enemies":"2 Orb Walkers","floor":43,"turns":5},{"damage":0,"enemies":"Giant Head","floor":44,"turns":6},{"damage":0,"enemies":"3 Darklings","floor":48,"turns":3},{"damage":7,"enemies":"Maw","floor":49,"turns":5},{"damage":0,"enemies":"downfall:Defect","floor":50,"turns":6},{"damage":0,"enemies":"downfall:CharBossMerchant","floor":52,"turns":6},{"damage":0,"enemies":"downfall:NeowBoss","floor":55,"turns":15}],"seed_played":"2015358019608602336","potions_obtained":[{"floor":4.0,"key":"Guardian:AcceleratePotion"},{"floor":9.0,"key":"Weak Potion"},{"floor":10.0,"key":"ColorlessPotion"},{"floor":12.0,"key":"FearPotion"},{"floor":16.0,"key":"champ:CounterPotion"},{"floor":23.0,"key":"Guardian:StasisDiscoveryPotion"},{"floor":26.0,"key":"EntropicBrew"},{"floor":28.0,"key":"Block Potion"},{"floor":39,"key":"Block Potion"},{"floor":44,"key":"Swift Potion"},{"floor":52,"key":"BlessingOfTheForge"}],"is_trial":false,"path_per_floor":["R","M","?","M","M","E","T","R","M","M","M","E","?","E","M","B",null,"R","M","M","M","?","M","T","M","M","$","M","R","T","?","M","B",null,"R","M","M","$","M","M","T","M","?","E","?","R","?","M","M","B",null,"E","$","R","B",null],"character_chosen":"GUARDIAN","items_purchased":["Matryoshka","Calipers"],"campfire_rested":1,"item_purchase_floors":[38,53],"current_hp_per_floor":[56,55,55,55,53,36,36,60,56,49,49,35,61,51,40,33,80,90,90,86,75,75,64,64,64,53,66,66,66,66,66,66,58,90,90,85,85,85,90,84,94,79,57,57,72,72,72,72,65,70,115,115,115,115,115],"gold":77,"neow_bonus":"TRANSFORM_TWO_CARDS","is_daily":false,"chose_seed":false,"campfire_upgraded":5,"win_rate":0.0,"timestamp":1610503903,"path_taken":["R","M","?","M","M","E","T","R","M","M","M","E","?","E","M","BOSS","R","M","M","M","?","?","T","?","M","$","M","R","?","?","M","BOSS","R","M","M","$","M","M","T","M","?","E","?","R","?","?","M","BOSS","E","$","R","BOSS"],"items_purchased_type":["Relic","Relic"],"build_version":"2020-12-22","purchased_purges":3,"victory":true,"max_hp_per_floor":[80,80,80,80,80,80,80,80,80,80,80,80,80,80,80,80,80,90,90,90,90,90,90,90,90,90,90,90,90,90,90,90,90,90,90,90,90,90,90,90,100,100,100,100,115,115,115,115,115,115,115,115,115,115,115],"card_choices":[{"not_picked":["Guardian:Gem_Green","Guardian:Incinerate"],"picked":"Guardian:ShieldCharger","floor":2.0},{"not_picked":["Guardian:Harden","Guardian:ShieldSpikes"],"picked":"Guardian:PolyBeam","floor":4.0},{"not_picked":["Guardian:PrimingBeam","Guardian:TemporalShield"],"picked":"Guardian:PolyBeam","floor":5.0},{"not_picked":["Guardian:TemporalStrike","Guardian:RollAttack"],"picked":"Guardian:StasisField","floor":6.0},{"not_picked":["Guardian:Planning","Guardian:PiercingHide"],"picked":"Guardian:MultiBeam","floor":9.0},{"not_picked":["Guardian:CrystalBeam","Guardian:ShieldCharger","Guardian:PiercingHide"],"picked":"SKIP","floor":10.0},{"not_picked":["Guardian:PrismaticBarrier","Guardian:Suspension"],"picked":"Guardian:ChargeUp","floor":11.0},{"not_picked":["Guardian:ChargeUp","Guardian:Gem_Green"],"picked":"Guardian:Gem_Fragmented","floor":12.0},{"not_picked":["Guardian:Gem_Red","Guardian:DonusPower"],"picked":"Guardian:Reroute","floor":14.0},{"not_picked":["Guardian:ShieldCharger","Guardian:WalkerClaw","Guardian:FuturePlans"],"picked":"SKIP","floor":15.0},{"not_picked":["Guardian:FastForward","Guardian:Gem_Synthetic"],"picked":"Guardian:ExploitGems","floor":16.0},{"not_picked":["Guardian:EvasiveProtocol","Guardian:ShieldCharger+1"],"picked":"Guardian:Gem_White","floor":19.0},{"not_picked":["Guardian:FloatingOrbs","Guardian:CrystalBeam","Guardian:PrismaticBarrier"],"picked":"SKIP","floor":20.0},{"not_picked":["Guardian:ShieldCharger+1","Guardian:PiercingHide"],"picked":"Guardian:PrimingBeam","floor":21.0},{"not_picked":["Guardian:Gem_Blue","Guardian:Emergency+1"],"picked":"Guardian:Recover","floor":23.0},{"not_picked":["Guardian:Planning","Guardian:TemporalShield"],"picked":"Guardian:Suspension+1","floor":25.0},{"not_picked":["Guardian:Gem_Green","Guardian:HyperBeam_Guardian"],"picked":"Guardian:BronzeOrb","floor":26.0},{"not_picked":["Guardian:Gem_Green","Guardian:Reroute"],"picked":"Guardian:Suspension+1","floor":27.0},{"not_picked":["Guardian:ArmoredProtocol","Guardian:Reroute"],"picked":"Guardian:Orbwalk","floor":28.0},{"not_picked":["Guardian:ShieldCharger","Guardian:Gem_Crimson"],"picked":"Guardian:Recover","floor":32},{"not_picked":["Guardian:TimeSifter","Guardian:RevengeProtocol"],"picked":"Guardian:Gem_Orange","floor":33},{"not_picked":["Guardian:Gem_Green","Guardian:WalkerClaw","Guardian:Planning+1"],"picked":"SKIP","floor":36},{"not_picked":["Guardian:RollAttack","Guardian:GuardianWhirl"],"picked":"Guardian:TimeCapacitor+1","floor":37},{"not_picked":["Guardian:PiercingHide","Guardian:TimeCapacitor","Guardian:TemporalShield+1"],"picked":"SKIP","floor":38},{"not_picked":["Guardian:Gem_Red","Guardian:CrystalBeam","Guardian:Reroute"],"picked":"SKIP","floor":39},{"not_picked":["Guardian:Gem_White","Guardian:TemporalShield"],"picked":"Guardian:Orbwalk","floor":40},{"not_picked":["Guardian:RollAttack+1","Guardian:Reroute+1"],"picked":"Guardian:ArmoredProtocol+1","floor":42},{"not_picked":["Guardian:TimeCapacitor","Guardian:ShieldCharger+1"],"picked":"Guardian:TemporalShield+1","floor":43},{"not_picked":["Guardian:BaubleBeam","Guardian:Gem_Cyan","Guardian:Gem_Green"],"picked":"SKIP","floor":44},{"not_picked":["Guardian:PiercingHide+1","Guardian:Emergency"],"picked":"Guardian:Preprogram","floor":48},{"not_picked":["Guardian:ShieldCharger","Guardian:Gem_Fragmented"],"picked":"Guardian:Incinerate+1","floor":49},{"not_picked":["Guardian:ArmoredProtocol","Guardian:Recover+1"],"picked":"Guardian:ChargeCore","floor":52}],"player_experience":1340827,"relics_obtained":[{"floor":6.0,"key":"Guardian:SackOfGems"},{"floor":12.0,"key":"Lizard Tail"},{"floor":14.0,"key":"InkBottle"},{"floor":24.0,"key":"Toy Ornithopter"},{"floor":30.0,"key":"FossilizedHelix"},{"floor":41,"key":"Anchor"},{"floor":41,"key":"Pear"},{"floor":43,"key":"TungstenRod"},{"floor":44,"key":"Gremlin Horn"},{"floor":52,"key":"Oddly Smooth Stone"}],"event_choices":[{"damage_healed":26.0,"max_hp_gain":0.0,"max_hp_loss":0.0,"gold_gain":0.0,"event_name":"Big Fish","player_choice":"Banana","floor":13.0,"gold_loss":0.0,"damage_taken":0.0},{"damage_healed":0,"gold_gain":0,"player_choice":"Fight","damage_taken":0,"max_hp_gain":0,"max_hp_loss":0,"event_name":"Mysterious Sphere","floor":43,"gold_loss":0}],"is_beta":false,"boss_relics":[{"not_picked":["downfall:Hecktoplasm","Sozu"],"picked":"Empty Cage"},{"not_picked":["Velvet Choker","Runic Pyramid"],"picked":"Guardian:ModeShifterPlus"}],"items_purged_floors":[27,38,53],"is_endless":false,"potions_floor_spawned":[4,9,10,12,16,23,26,28,39,40,44,48,52],"ascension_level":0}}