{"host":"rolltorest","time":1610505815,"event":{"mods":["BaseMod","Minty Spire (QoL Compilation)","Relic Stats","Slay the Relics Exporter","StSLib","The Bladedancer"],"gold_per_floor":[115,127,144,109,109,136,136,166,239,252,268,268,303,314,314,391,391,407,247,247,161,161,161,161],"floor_reached":23,"language":"ENG","playtime":703,"items_purged":["blademaster:Strike"],"score":517,"play_id":"08c19019-e7f7-4b4c-b352-fff78672f13e","local_time":"20210112184335","is_ascension_mode":true,"campfire_choices":[{"data":"blademaster:RagingBlow","floor":7,"key":"SMITH"},{"data":"blademaster:Blockade","floor":15,"key":"SMITH"}],"circlet_count":0,"master_deck":["AscendersBane","blademaster:Strike","blademaster:Strike","blademaster:Strike","blademaster:Defend","blademaster:Defend","blademaster:Defend","blademaster:RagingBlow+1","blademaster:HighVoltage","blademaster:LeechingStrike","blademaster:Safeguard","blademaster:AspectOfLightning","blademaster:ThunderingOpener","blademaster:Havoc","blademaster:Flurry","blademaster:Blockade+1","blademaster:ColdBlood","blademaster:TraverseCut","blademaster:Breeze","Necronomicurse"],"relics":["blademaster:DancersAmulet","Lantern","Bird Faced Urn","Anchor","Pear","Happy Flower","Cursed Key","Necronomicon"],"acts_visited":["Exordium","TheCity"],"potions_floor_usage":[],"damage_taken":[{"damage":2,"enemies":"Jaw Worm","floor":1,"turns":4},{"damage":6,"enemies":"2 Louse","floor":2,"turns":2},{"damage":0,"enemies":"Small Slimes","floor":3,"turns":3},{"damage":32,"enemies":"3 Sentries","floor":6,"turns":10},{"damage":36,"enemies":"Gremlin Nob","floor":8,"turns":4},{"damage":0,"enemies":"Red Slaver","floor":10,"turns":2},{"damage":9,"enemies":"Lots of Slimes","floor":11,"turns":6},{"damage":15,"enemies":"Lagavulin","floor":13,"turns":5},{"damage":0,"enemies":"Blue Slaver","floor":14,"turns":2},{"damage":0,"enemies":"Hexaghost","floor":16,"turns":7},{"damage":0,"enemies":"Spheric Guardian","floor":18,"turns":4},{"damage":41,"enemies":"Slavers","floor":23,"turns":4}],"seed_played":"-5946388020754855050","potions_obtained":[{"floor":3,"key":"SpeedPotion"},{"floor":8,"key":"Dexterity Potion"},{"floor":11,"key":"FearPotion"}],"is_trial":false,"path_per_floor":["M","M","M","?","?","E","R","E","T","M","M","?","E","M","R","B",null,"M","$","?","$","?","E"],"character_chosen":"THE_BLADEMASTER","items_purchased":["blademaster:TraverseCut","blademaster:Breeze"],"campfire_rested":0,"item_purchase_floors":[19,21],"current_hp_per_floor":[62,56,59,71,76,50,50,17,27,27,24,24,9,18,18,32,73,83,83,58,58,37,0,0],"gold":161,"neow_bonus":"RANDOM_COMMON_RELIC","is_daily":false,"chose_seed":false,"campfire_upgraded":2,"win_rate":0.0,"timestamp":1610505815,"path_taken":["M","M","M","?","?","E","R","E","T","M","M","?","E","?","R","BOSS","M","?","?","$","?","E"],"items_purchased_type":["Card","Card"],"build_version":"2020-12-18","purchased_purges":1,"victory":false,"max_hp_per_floor":[71,71,71,71,76,76,76,76,86,86,86,86,86,86,86,86,86,86,86,91,91,91,91,91],"relic_stats":{"Happy Flower":[5],"counters":[12,53],"Bird Faced Urn":[8],"Necronomicon":[0],"Cursed Key":0,"obtain_stats":[{"Lantern":0,"Anchor":8,"Pear":9,"Happy Flower":13,"blademaster:StrongPerk":8,"Bird Faced Urn":6,"blademaster:RandomBladePerk":6,"blademaster:StanceHealPerk":13,"Necronomicon":22,"blademaster:DancersAmulet":0,"Cursed Key":17},{"Lantern":0,"Anchor":5,"Pear":5,"Happy Flower":8,"blademaster:StrongPerk":5,"Bird Faced Urn":4,"blademaster:RandomBladePerk":4,"blademaster:StanceHealPerk":8,"Necronomicon":11,"blademaster:DancersAmulet":0,"Cursed Key":10},{"Lantern":0,"Anchor":23,"Pear":23,"Happy Flower":36,"blademaster:StrongPerk":23,"Bird Faced Urn":19,"blademaster:RandomBladePerk":19,"blademaster:StanceHealPerk":36,"Necronomicon":49,"blademaster:DancersAmulet":0,"Cursed Key":45}]},"card_choices":[{"not_picked":["blademaster:Stability","blademaster:Quickness","blademaster:CombatPrep"],"picked":"SKIP","floor":1},{"not_picked":["blademaster:BrainBloom","blademaster:BloodyBlow"],"picked":"blademaster:LeechingStrike","floor":2},{"not_picked":["blademaster:BladeCross","blademaster:CloudOfSteel"],"picked":"blademaster:Safeguard","floor":3},{"not_picked":["blademaster:Discharge","blademaster:LeechingStrike"],"picked":"blademaster:AspectOfLightning","floor":6},{"not_picked":["blademaster:BloodyBlow","blademaster:Thrust"],"picked":"blademaster:ThunderingOpener","floor":8},{"not_picked":["blademaster:AirSlash","blademaster:ParryingStrike","blademaster:BladeCross"],"picked":"SKIP","floor":10},{"not_picked":["blademaster:EyeOfTheTornado","blademaster:ChargingUp","blademaster:SlyStabs"],"picked":"SKIP","floor":11},{"not_picked":["blademaster:Cut","blademaster:KiBarrier"],"picked":"blademaster:Flurry","floor":13},{"not_picked":["blademaster:DragonStrike","blademaster:CombatPrep"],"picked":"blademaster:Blockade","floor":14},{"not_picked":["blademaster:LightningDraw","blademaster:Flash"],"picked":"blademaster:ColdBlood","floor":16},{"not_picked":["blademaster:ParryingStrike","blademaster:Gust","blademaster:CullingStrike"],"picked":"SKIP","floor":18}],"player_experience":1767346,"relics_obtained":[{"floor":6,"key":"Bird Faced Urn"},{"floor":6,"key":"blademaster:RandomBladePerk"},{"floor":8,"key":"Anchor"},{"floor":8,"key":"blademaster:StrongPerk"},{"floor":9,"key":"Pear"},{"floor":13,"key":"Happy Flower"},{"floor":13,"key":"blademaster:StanceHealPerk"},{"floor":22,"key":"Necronomicon"}],"event_choices":[{"damage_healed":17,"gold_gain":0,"player_choice":"Healed","damage_taken":0,"max_hp_gain":0,"max_hp_loss":0,"event_name":"The Cleric","floor":4,"gold_loss":35},{"damage_healed":0,"gold_gain":0,"player_choice":"Donut","damage_taken":0,"max_hp_gain":5,"max_hp_loss":0,"event_name":"Big Fish","floor":5,"gold_loss":0},{"damage_healed":0,"gold_gain":0,"cards_transformed":["blademaster:Defend"],"player_choice":"Transformed","damage_taken":0,"max_hp_gain":0,"max_hp_loss":0,"event_name":"Transmorgrifier","floor":12,"gold_loss":0,"cards_obtained":["blademaster:Havoc"]},{"damage_healed":0,"gold_gain":0,"player_choice":"Shed Blood","damage_taken":30,"max_hp_gain":5,"max_hp_loss":0,"event_name":"Forgotten Altar","floor":20,"gold_loss":0},{"damage_healed":0,"gold_gain":0,"player_choice":"Obtained Book","damage_taken":21,"max_hp_gain":0,"max_hp_loss":0,"event_name":"Cursed Tome","floor":22,"gold_loss":0}],"is_beta":true,"boss_relics":[{"not_picked":["Runic Pyramid","Empty Cage"],"picked":"Cursed Key"}],"items_purged_floors":[19],"is_endless":false,"potions_floor_spawned":[3,8,11,13],"killed_by":"Slavers","ascension_level":18}}