{"host":"fnk117zi8wf5078t","time":1610527284,"event":{"mods":["AchievementEnabler","BaseMod","Colored Map","Minty Spire (QoL Compilation)","Rare Cards Sparkle","SuperFastMode","everything is the same but u backflip on backflip"],"gold_per_floor":[115,127,143,68,68,68,78,94,120,120,145,121,271,297,297,297,297],"floor_reached":16,"language":"KOR","playtime":385,"items_purged":["Strike_R"],"score":204,"play_id":"a188d716-6edf-4225-bbd2-3ddd30061f51","local_time":"20210113174124","is_ascension_mode":true,"campfire_choices":[{"data":"Shockwave","floor":6,"key":"SMITH"},{"floor":10,"key":"REST"},{"floor":15,"key":"REST"}],"circlet_count":0,"master_deck":["AscendersBane","Strike_R","Strike_R","Strike_R","Strike_R","Defend_R","Defend_R","Defend_R","Defend_R","Bash","Shockwave+1","Battle Trance","Cleave","Flame Barrier","Shrug It Off","Doubt"],"relics":["Burning Blood","Bronze Scales","Boot","Nunchaku","Regal Pillow"],"acts_visited":["Exordium"],"potions_floor_usage":[11,12,16],"damage_taken":[{"damage":6,"enemies":"2 Louse","floor":1,"turns":3},{"damage":12,"enemies":"Jaw Worm","floor":2,"turns":2},{"damage":3,"enemies":"Cultist","floor":3,"turns":4},{"damage":16,"enemies":"3 Louse","floor":7,"turns":2},{"damage":15,"enemies":"Large Slime","floor":8,"turns":5},{"damage":47,"enemies":"Gremlin Nob","floor":11,"turns":5},{"damage":15,"enemies":"Exordium Thugs","floor":12,"turns":5},{"damage":67,"enemies":"Hexaghost","floor":16,"turns":10}],"seed_played":"-7674612330010184428","potions_obtained":[{"floor":1,"key":"GamblersBrew"},{"floor":2,"key":"SteroidPotion"},{"floor":12,"key":"LiquidBronze"}],"is_trial":false,"path_per_floor":["M","M","M","$","?","R","M","M","T","R","E","M","?","T","R","B"],"character_chosen":"IRONCLAD","items_purchased":[],"campfire_rested":2,"item_purchase_floors":[],"current_hp_per_floor":[68,62,65,65,70,70,60,51,51,75,34,25,25,25,64,0,0],"gold":297,"neow_bonus":"RANDOM_COMMON_RELIC","is_daily":false,"chose_seed":false,"campfire_upgraded":1,"win_rate":0.0,"timestamp":1610527284,"path_taken":["M","M","M","$","?","R","M","M","T","R","E","M","?","?","R","BOSS"],"items_purchased_type":[],"build_version":"2020-12-22","purchased_purges":1,"victory":false,"max_hp_per_floor":[75,75,75,75,80,80,80,80,80,80,80,80,80,80,80,80,80],"card_choices":[{"not_picked":["Metallicize","Intimidate"],"picked":"Shockwave","floor":1},{"not_picked":["Rage","Pummel"],"picked":"Battle Trance","floor":2},{"not_picked":["Armaments","True Grit"],"picked":"Cleave","floor":3},{"not_picked":["Heavy Blade","Burning Pact"],"picked":"Flame Barrier","floor":7},{"not_picked":["Clash","True Grit","Shrug It Off"],"picked":"SKIP","floor":8},{"not_picked":["Shrug It Off","Twin Strike","Anger"],"picked":"SKIP","floor":11},{"not_picked":["Twin Strike","Anger"],"picked":"Shrug It Off","floor":11},{"not_picked":["Clash","Shrug It Off","Thunderclap"],"picked":"SKIP","floor":12}],"player_experience":389294,"relics_obtained":[{"floor":9,"key":"Boot"},{"floor":11,"key":"Nunchaku"},{"floor":14,"key":"Regal Pillow"}],"event_choices":[{"damage_healed":0,"gold_gain":0,"player_choice":"Donut","damage_taken":0,"max_hp_gain":5,"max_hp_loss":0,"event_name":"Big Fish","floor":5,"gold_loss":0},{"damage_healed":0,"gold_gain":150,"player_choice":"AGREE","damage_taken":0,"max_hp_gain":0,"max_hp_loss":0,"event_name":"Liars Game","floor":13,"gold_loss":0,"cards_obtained":["Doubt"]}],"is_beta":false,"boss_relics":[],"items_purged_floors":[4],"is_endless":false,"potions_floor_spawned":[1,2,12],"killed_by":"Hexaghost","ascension_level":20}}