{"host":"sdjng9zhqonqi3uc","time":1610553393,"event":{"mods":["2.2 Compatiblity","AchievementEnabler","BaseMod","Better Third Choice","BetterRewards","Card Forge","Colored Powertips","Hero for Fun","Minty Spire (QoL Compilation)","Quick Restart","Shop Mod","Spicy Shops","StSLib","Td1madao Mod","The Animator","The Cursed","The Servant 0.9.4"],"gold_per_floor":[110,126,126,50,50,76,90,90,90,90,125,125,137,59,59,162,162,176,188,109,128,43,43,43,73,73,73,92,106,106,121,121,224,224,236,286,64,75,93,119,130,200,200,227,246,260,260,321,321,321,321,321,99,127,127],"floor_reached":56,"language":"ENG","playtime":1729,"items_purged":[],"score":1698,"play_id":"58b944ac-ed21-447e-933f-72e9b626fdaf","local_time":"20210113165633","is_ascension_mode":true,"campfire_choices":[{"floor":8,"key":"RECALL"},{"floor":10,"key":"REST"},{"floor":12,"key":"REST"},{"floor":15,"key":"REST"},{"floor":23,"key":"REST"},{"floor":30,"key":"REST"},{"floor":32,"key":"REST"},{"floor":47,"key":"REST"},{"floor":49,"key":"REST"},{"floor":52,"key":"REST"}],"circlet_count":0,"master_deck":["Gash+1","Flex+1"],"relics":["Cracked Core","Hammer of Thor","Seething Fire","Anvil of the Gods","Membership Card","Kunai","Shuriken","StrikeDummy","MerchantsRug","Pantograph","Anchor","Vajra","Black Star","TheAbacus","The Courier","Nunchaku","Matryoshka","Smiling Mask","Mercury Hourglass","SsserpentHead","Fusion Hammer","DollysMirror","Bottled Lightning","Unceasing Top","Prayer Wheel","Toxic Egg 2","Orichalcum","Boot","Blue Candle","Pocketwatch","Medical Kit","Bronze Scales","Sundial","Bag of Preparation","Lantern"],"acts_visited":["Exordium","TheCity","TheBeyond","TheEnding"],"potions_floor_usage":[25,33,33],"damage_taken":[{"damage":4,"enemies":"2 Louse","floor":1,"turns":2},{"damage":0,"enemies":"Cultist","floor":2,"turns":3},{"damage":0,"enemies":"Gremlin Nob","floor":6,"turns":2},{"damage":11,"enemies":"Jaw Worm","floor":7,"turns":2},{"damage":3,"enemies":"Lagavulin","floor":11,"turns":3},{"damage":0,"enemies":"Exordium Thugs","floor":13,"turns":3},{"damage":48,"enemies":"Hexaghost","floor":16,"turns":4},{"damage":0,"enemies":"2 Thieves","floor":18,"turns":2},{"damage":0,"enemies":"3 Byrds","floor":19,"turns":3},{"damage":11,"enemies":"Snake Plant","floor":21,"turns":3},{"damage":2,"enemies":"Book of Stabbing","floor":25,"turns":2},{"damage":0,"enemies":"Snecko","floor":28,"turns":2},{"damage":0,"enemies":"3 Cultists","floor":29,"turns":2},{"damage":2,"enemies":"Centurion and Healer","floor":31,"turns":2},{"damage":0,"enemies":"Collector","floor":33,"turns":3},{"damage":0,"enemies":"Orb Walker","floor":35,"turns":1},{"damage":0,"enemies":"3 Darklings","floor":38,"turns":1},{"damage":0,"enemies":"Jaw Worm Horde","floor":39,"turns":1},{"damage":0,"enemies":"Giant Head","floor":40,"turns":1},{"damage":0,"enemies":"Spire Growth","floor":41,"turns":1},{"damage":0,"enemies":"Writhing Mass","floor":42,"turns":1},{"damage":0,"enemies":"Nemesis","floor":44,"turns":1},{"damage":0,"enemies":"Maw","floor":45,"turns":1},{"damage":0,"enemies":"Sphere and 2 Shapes","floor":46,"turns":1},{"damage":0,"enemies":"Spire Growth","floor":48,"turns":1},{"damage":0,"enemies":"Awakened One","floor":50,"turns":2},{"damage":0,"enemies":"Shield and Spear","floor":54,"turns":1},{"damage":6,"enemies":"The Heart","floor":55,"turns":3}],"seed_played":"1703034180118757256","potions_obtained":[{"floor":1,"key":"BlessingOfTheForge"},{"floor":13,"key":"PowerPotion"},{"floor":19,"key":"Energy Potion"},{"floor":25,"key":"Fruit Juice"},{"floor":28,"key":"SteroidPotion"},{"floor":35,"key":"DistilledChaos"},{"floor":39,"key":"GamblersBrew"}],"is_trial":false,"path_per_floor":["M","M","?","$","?","E","M","R","T","R","E","R","M","$","R","B",null,"M","M","$","M","?","R","$","E","T","?","M","M","R","M","R","B",null,"M","?","$","M","M","E","M","M","T","E","M","M","R","M","R","B",null,"R","$","E","B",null],"character_chosen":"DEFECT","items_purchased":["Membership Card","Kunai","Shuriken","MerchantsRug","Vajra","TheAbacus","DollysMirror","Bottled Lightning","Unceasing Top","Medical Kit","Bronze Scales","Sundial"],"campfire_rested":9,"item_purchase_floors":[0,0,0,4,14,20,37,37,37,53,53,53],"current_hp_per_floor":[36,36,29,29,29,29,18,18,18,40,37,59,59,59,75,27,75,75,75,75,64,64,75,75,78,78,78,78,78,80,78,80,80,80,80,80,80,80,80,80,80,80,80,80,80,80,80,80,80,80,80,80,80,80,74],"gold":127,"neow_bonus":"","is_daily":false,"chose_seed":false,"campfire_upgraded":0,"win_rate":0.0,"timestamp":1610553393,"path_taken":["M","M","?","$","?","E","M","R","T","R","E","R","M","$","R","BOSS","M","M","$","M","?","R","$","E","T","?","M","M","R","M","R","BOSS","M","?","?","M","M","E","M","?","T","E","M","M","R","?","R","BOSS","R","$","E","BOSS"],"items_purchased_type":["Relic","Relic","Relic","Relic","Relic","Relic","Relic","Relic","Relic","Relic","Relic","Relic"],"build_version":"2020-12-22","purchased_purges":0,"victory":true,"max_hp_per_floor":[75,75,75,75,75,75,75,75,75,75,75,75,75,75,75,75,75,75,75,75,75,75,75,75,80,80,80,80,80,80,80,80,80,80,80,80,80,80,80,80,80,80,80,80,80,80,80,80,80,80,80,80,80,80,80],"card_choices":[{"not_picked":["Heatsinks","Tempest","Hologram"],"picked":"SKIP","floor":1},{"not_picked":["Beam Cell","FTL","Hologram"],"picked":"SKIP","floor":2},{"not_picked":["Ball Lightning","Static Discharge","Coolheaded"],"picked":"SKIP","floor":6},{"not_picked":["Force Field","Consume","Chill"],"picked":"SKIP","floor":7},{"not_picked":["Defragment","Conserve Battery","Gash"],"picked":"SKIP","floor":11},{"not_picked":["Stack","Leap","Darkness"],"picked":"SKIP","floor":13},{"not_picked":["Redo","Gash+1","Hologram"],"picked":"SKIP","floor":18},{"not_picked":["Redo","Hologram"],"picked":"Gash+1","floor":18},{"not_picked":["Darkness","Hologram","Ball Lightning+1"],"picked":"SKIP","floor":19},{"not_picked":["Barrage","Skim","Force Field+1"],"picked":"SKIP","floor":21},{"not_picked":["Auto Shields","Loop+1","Electrodynamics"],"picked":"SKIP","floor":25},{"not_picked":["Gash","Leap","Turbo"],"picked":"SKIP","floor":28},{"not_picked":["Leap","Turbo"],"picked":"Gash","floor":28},{"not_picked":["Rebound","Coolheaded","Steam"],"picked":"SKIP","floor":29},{"not_picked":["Stack","Aggregate","Hello World"],"picked":"SKIP","floor":31},{"not_picked":["Capacitor","Coolheaded","Streamline+1"],"picked":"SKIP","floor":35},{"not_picked":["Rip and Tear+1","Leap+1","Conserve Battery"],"picked":"SKIP","floor":38},{"not_picked":["Auto Shields","Capacitor+1","Undo+1"],"picked":"SKIP","floor":39},{"not_picked":["Force Field+1","Leap+1"],"picked":"Streamline+1","floor":40},{"not_picked":["Leap+1","Go for the Eyes"],"picked":"Beam Cell+1","floor":41},{"not_picked":["All For One","Static Discharge+1","Beam Cell"],"picked":"SKIP","floor":41},{"not_picked":["Coolheaded+1","Steam Power+1"],"picked":"Gash+1","floor":42},{"not_picked":["Lockon","Defragment+1","Gash"],"picked":"SKIP","floor":42},{"not_picked":["Go for the Eyes","Ball Lightning+1","Streamline"],"picked":"SKIP","floor":44},{"not_picked":["Lockon+1","Genetic Algorithm+1","Turbo+1"],"picked":"SKIP","floor":45},{"not_picked":["Loop+1","Cold Snap","Hologram+1"],"picked":"SKIP","floor":45},{"not_picked":["Conserve Battery+1","Gash","Tempest+1"],"picked":"SKIP","floor":46},{"not_picked":["Stack+1","Hologram+1","Self Repair"],"picked":"SKIP","floor":46},{"not_picked":["Skim+1","Storm+1","Sweeping Beam+1"],"picked":"SKIP","floor":48},{"not_picked":["Sweeping Beam+1","Stack+1","Leap+1"],"picked":"SKIP","floor":48},{"not_picked":["Core Surge","Static Discharge+1","Loop"],"picked":"SKIP","floor":54}],"player_experience":314329,"relics_obtained":[{"floor":6,"key":"Pantograph"},{"floor":11,"key":"Anchor"},{"floor":25,"key":"Nunchaku"},{"floor":25,"key":"Matryoshka"},{"floor":26,"key":"Smiling Mask"},{"floor":26,"key":"Mercury Hourglass"},{"floor":40,"key":"Prayer Wheel"},{"floor":40,"key":"Toxic Egg 2"},{"floor":43,"key":"Orichalcum"},{"floor":43,"key":"Boot"},{"floor":44,"key":"Blue Candle"},{"floor":44,"key":"Pocketwatch"},{"floor":54,"key":"Bag of Preparation"},{"floor":54,"key":"Lantern"}],"event_choices":[{"damage_healed":0,"gold_gain":0,"player_choice":"Relic ","damage_taken":7,"max_hp_gain":0,"max_hp_loss":0,"event_name":"betterThird:BetterScrap","floor":3,"gold_loss":0,"cards_obtained":["Doppelganger"]},{"damage_healed":0,"gold_gain":0,"cards_transformed":["Scrape"],"player_choice":"Transformed","damage_taken":0,"max_hp_gain":0,"max_hp_loss":0,"event_name":"Transmorgrifier","floor":5,"gold_loss":0,"cards_obtained":["Capacitor"]},{"damage_healed":0,"gold_gain":0,"player_choice":"Obtained Relic","damage_taken":0,"relics_obtained":["The Courier"],"max_hp_gain":0,"max_hp_loss":0,"event_name":"Addict","floor":22,"gold_loss":85},{"damage_healed":0,"gold_gain":0,"player_choice":"Trade","damage_taken":0,"relics_obtained":["SsserpentHead"],"max_hp_gain":0,"max_hp_loss":0,"event_name":"FaceTrader","floor":27,"gold_loss":0},{"damage_healed":0,"gold_gain":0,"player_choice":"Bought 0 Potions","damage_taken":0,"max_hp_gain":0,"max_hp_loss":0,"event_name":"The Woman in Blue","floor":36,"gold_loss":0}],"is_beta":false,"boss_relics":[{"not_picked":["Runic Dome","Ectoplasm"],"picked":"Black Star"},{"not_picked":["Pandora\u0027s Box","Philosopher\u0027s Stone"],"picked":"Fusion Hammer"}],"items_purged_floors":[],"is_endless":false,"potions_floor_spawned":[1,13,19,21,25,28,35,39,40,41],"ascension_level":1}}