{"host":"a0ctybskq5enlxnq","time":1610574290,"event":{"mods":["Bartender","BaseMod","Beaked The Cultist","Better Altar","Better Skull","Clawfect","Colored Map","Colored Powertips","Hermit","Highlight Path","Hubris","Kratos Character Expansion","Minty Spire (QoL Compilation)","READ ME - Guardian Mod","Rare Cards Sparkle","Robot Space Explorer","Shade Mod","Shop Mod","Spicy Shops","StSLib","The Alterego","The Construct","The Cursed","The Death Knight","The Disciple","The Forsaken","The Kombatant","The Runesmith","thorton"],"gold_per_floor":[118,43,43,58,58,58,76,76,125,137,171,193,143,170,170,266,266,284,284,314,333,345,379,379,379,429,429,556,39,52,177,177,280,280,290,310,310,532,532,557,557,557,557,557,585,630,665,680,680,680],"floor_reached":51,"language":"ENG","playtime":3377,"items_purged":["RobotSpaceExplorer:Strike","RobotSpaceExplorer:Strike"],"score":922,"play_id":"fda0bb0e-7813-40ec-83af-b8c20d84f846","local_time":"20210113214450","is_ascension_mode":false,"campfire_choices":[{"data":"RobotSpaceExplorer:RigExplosive","floor":6,"key":"SMITH"},{"data":"RobotSpaceExplorer:MiniLasers","floor":8,"key":"SMITH"},{"data":"RobotSpaceExplorer:Accelerator","floor":15,"key":"SMITH"},{"floor":27,"key":"REST"},{"data":"RobotSpaceExplorer:DoubleFind","floor":32,"key":"SMITH"},{"data":"RobotSpaceExplorer:DualCore","floor":42,"key":"SMITH"},{"data":"RobotSpaceExplorer:PowerGlove","floor":44,"key":"SMITH"},{"data":"RobotSpaceExplorer:StarLightning","floor":49,"key":"SMITH"}],"circlet_count":0,"master_deck":["RobotSpaceExplorer:Defend","RobotSpaceExplorer:Defend","RobotSpaceExplorer:Defend","RobotSpaceExplorer:Scan","RobotSpaceExplorer:MiniLasers+1","RobotSpaceExplorer:RigExplosive+1","RobotSpaceExplorer:StunGrenade","RobotSpaceExplorer:PowerGlove+1","RobotSpaceExplorer:Reload","RobotSpaceExplorer:ScrapMissile+1","RobotSpaceExplorer:Accelerator+1","RobotSpaceExplorer:DroneSwarm","RobotSpaceExplorer:StarLightning+1","RobotSpaceExplorer:ImprovisedAttack+1","RobotSpaceExplorer:Reload","RobotSpaceExplorer:SlimeMissile+1","RobotSpaceExplorer:DualCore+1","RobotSpaceExplorer:DoubleFind+1","RobotSpaceExplorer:Multitool+1"],"relics":["RobotSpaceExplorer:RoboCore","hubris:Towel","Bag of Preparation","theForsaken:HumbleEgg","Odd Mushroom","PreservedInsect","Black Star","hubris:Icosahedron","Red Mask","Vajra","theForsaken:Lifeblossom","alterego_mod:SomeoneToFightFor","Pen Nib","KratosMod:minohorn","Meat on the Bone","Akabeko","Art of War","Medical Kit","Toy Ornithopter","Question Card","RobotSpaceExplorer:SearchSpecs","hubris:Spice","hubris:CuriousFeather","theForsaken:Kindling","hubris:Potato","Choco_Feather"],"acts_visited":["Exordium","TheCity","TheBeyond"],"potions_floor_usage":[4,7,10,10,11,11,14,18,18,21,21,22,23,23,23,30,33,33,36,36,36,36,40,45,45,45,47,48,50,50],"damage_taken":[{"damage":1,"enemies":"Cultist","floor":1,"turns":3},{"damage":0,"enemies":"Small Slimes","floor":4,"turns":2},{"damage":0,"enemies":"2 Louse","floor":7,"turns":1},{"damage":0,"enemies":"2 Fungi Beasts","floor":10,"turns":2},{"damage":8,"enemies":"Lagavulin","floor":11,"turns":4},{"damage":0,"enemies":"The Mushroom Lair","floor":12,"turns":2},{"damage":0,"enemies":"Gremlin Nob","floor":14,"turns":1},{"damage":32,"enemies":"The Guardian","floor":16,"turns":8},{"damage":4,"enemies":"Chosen","floor":18,"turns":3},{"damage":19,"enemies":"Masked Bandits","floor":20,"turns":4},{"damage":12,"enemies":"2 Thieves","floor":21,"turns":3},{"damage":20,"enemies":"Snake Plant","floor":22,"turns":3},{"damage":23,"enemies":"Book of Stabbing","floor":23,"turns":3},{"damage":0,"enemies":"Gremlin Leader","floor":28,"turns":1},{"damage":0,"enemies":"Centurion and Healer","floor":30,"turns":2},{"damage":9,"enemies":"Book of Stabbing","floor":31,"turns":3},{"damage":17,"enemies":"hubris:MusketHawk","floor":33,"turns":3},{"damage":7,"enemies":"Orb Walker","floor":35,"turns":2},{"damage":3,"enemies":"3 Shapes","floor":36,"turns":2},{"damage":0,"enemies":"Mind Bloom Boss Battle","floor":39,"turns":4},{"damage":39,"enemies":"Nemesis","floor":40,"turns":4},{"damage":0,"enemies":"Giant Head","floor":45,"turns":3},{"damage":4,"enemies":"2 Orb Walkers","floor":46,"turns":2},{"damage":5,"enemies":"Nemesis","floor":47,"turns":2},{"damage":10,"enemies":"3 Darklings","floor":48,"turns":3},{"damage":10,"enemies":"Donu and Deca","floor":50,"turns":3}],"seed_played":"4079939203623182953","potions_obtained":[{"floor":1,"key":"Swift Potion"},{"floor":4,"key":"GamblersBrew"},{"floor":7,"key":"FairyPotion"},{"floor":18,"key":"Weak Potion"},{"floor":21,"key":"Weak Potion"},{"floor":22,"key":"PowerPotion"},{"floor":31,"key":"PowerPotion"},{"floor":46,"key":"LiquidMemories"}],"is_trial":false,"path_per_floor":["M","$","?","M","?","R","M","R","T","M","E","?","?","E","R","B",null,"M","?","?","M","M","E","?","?","T","R","E","$","M","E","R","B",null,"M","M","?","?","?","E","?","R","T","R","E","?","E","M","R","B",null],"character_chosen":"RobotSpaceExplorer","items_purchased":["Akabeko","Art of War","Medical Kit","RobotSpaceExplorer:DualCore"],"campfire_rested":1,"item_purchase_floors":[29,29,29,29],"current_hp_per_floor":[81,81,81,81,81,81,81,81,81,81,73,73,73,73,73,41,82,78,78,59,47,27,4,4,4,4,28,28,28,82,73,73,67,82,75,82,82,82,90,52,52,52,60,60,87,74,58,48,48,47],"gold":680,"neow_bonus":"TEN_PERCENT_HP_BONUS","is_daily":false,"chose_seed":false,"campfire_upgraded":7,"win_rate":0.0,"timestamp":1610574290,"path_taken":["M","$","?","M","?","R","M","R","T","M","E","?","?","E","R","BOSS","M","?","?","M","M","E","?","?","T","R","E","$","?","E","R","BOSS","M","M","?","?","?","E","?","R","T","R","E","?","E","M","R","BOSS"],"items_purchased_type":["Relic","Relic","Relic","Card"],"build_version":"2020-12-22","purchased_purges":2,"victory":true,"max_hp_per_floor":[82,82,82,82,82,82,82,82,82,82,82,82,82,82,82,82,82,82,82,82,82,82,82,82,82,82,82,82,82,82,82,82,82,82,82,82,82,82,90,90,90,90,98,98,90,74,58,50,50,50],"card_choices":[{"not_picked":["RobotSpaceExplorer:StunGrenade","RobotSpaceExplorer:GlueShot"],"picked":"RobotSpaceExplorer:RigExplosive","floor":1},{"not_picked":["RobotSpaceExplorer:SlimeMissile","RobotSpaceExplorer:Smokescreen"],"picked":"RobotSpaceExplorer:StunGrenade","floor":4},{"not_picked":["RobotSpaceExplorer:IronShell","RobotSpaceExplorer:SwiftStep","RobotSpaceExplorer:ShovelStrike"],"picked":"SKIP","floor":7},{"not_picked":["RobotSpaceExplorer:StarLightning","RobotSpaceExplorer:ImprovisedAttack"],"picked":"RobotSpaceExplorer:PowerGlove","floor":10},{"not_picked":["RobotSpaceExplorer:Electroshield","RobotSpaceExplorer:Discharger"],"picked":"RobotSpaceExplorer:Reload","floor":11},{"not_picked":["RobotSpaceExplorer:PowerCollector","RobotSpaceExplorer:ToxicBomb"],"picked":"RobotSpaceExplorer:ScrapMissile+1","floor":12},{"not_picked":["RobotSpaceExplorer:FranticSearch+1","RobotSpaceExplorer:TrailblazerForm"],"picked":"RobotSpaceExplorer:Accelerator","floor":14},{"not_picked":["RobotSpaceExplorer:BlastShield","RobotSpaceExplorer:TrailblazerForm"],"picked":"RobotSpaceExplorer:DroneSwarm","floor":16},{"not_picked":["RobotSpaceExplorer:StunGrenade+1","RobotSpaceExplorer:Ammunition+1"],"picked":"RobotSpaceExplorer:SurgingStrike+1","floor":18},{"not_picked":["RobotSpaceExplorer:SwiftStep+1","RobotSpaceExplorer:Electropulse"],"picked":"RobotSpaceExplorer:StarLightning","floor":20},{"not_picked":["RobotSpaceExplorer:MetalStrike+1","RobotSpaceExplorer:SlimeMissile+1"],"picked":"RobotSpaceExplorer:ImprovisedAttack+1","floor":21},{"not_picked":["RobotSpaceExplorer:SelfCleaning","RobotSpaceExplorer:PlasmaMissile+1"],"picked":"RobotSpaceExplorer:Reload","floor":22},{"not_picked":["RobotSpaceExplorer:LuckyStrike","RobotSpaceExplorer:GlueSpray"],"picked":"RobotSpaceExplorer:SlimeMissile+1","floor":23},{"not_picked":["RobotSpaceExplorer:MetalStrike+1","RobotSpaceExplorer:FrostMissile+1","RobotSpaceExplorer:SelfCleaning+1"],"picked":"SKIP","floor":28},{"not_picked":["RobotSpaceExplorer:SlimeMissile+1","RobotSpaceExplorer:GlueSpray"],"picked":"RobotSpaceExplorer:DoubleFind","floor":30},{"not_picked":["RobotSpaceExplorer:Jetpack","RobotSpaceExplorer:Counterblock+1","RobotSpaceExplorer:Pulsar+1"],"picked":"SKIP","floor":31},{"not_picked":["RobotSpaceExplorer:Autoloader","RobotSpaceExplorer:Comet","RobotSpaceExplorer:Accelerator"],"picked":"RobotSpaceExplorer:Multitool","floor":33},{"not_picked":["RobotSpaceExplorer:StarDust+1","RobotSpaceExplorer:ImprovisedAttack+1","RobotSpaceExplorer:Discharger","RobotSpaceExplorer:SelfCleaning+1"],"picked":"SKIP","floor":35},{"not_picked":["RobotSpaceExplorer:Probe+1","RobotSpaceExplorer:ImprovisedAttack+1","RobotSpaceExplorer:BlastShield","RobotSpaceExplorer:MetalStrike+1"],"picked":"SKIP","floor":36},{"not_picked":["RobotSpaceExplorer:FrostMissile+1","RobotSpaceExplorer:DoubleBlock+1","RobotSpaceExplorer:Multitool","RobotSpaceExplorer:SlimeMissile+1"],"picked":"SKIP","floor":40},{"not_picked":["RobotSpaceExplorer:GlueSpray+1","RobotSpaceExplorer:GlueShot+1","RobotSpaceExplorer:SurgingShield+1","RobotSpaceExplorer:MiniDrones+1"],"picked":"SKIP","floor":45},{"not_picked":["RobotSpaceExplorer:ImprovisedAttack+1","RobotSpaceExplorer:FranticSearch+1","RobotSpaceExplorer:ScrapToss"],"picked":"hubris:SpiceAddiction","floor":46},{"not_picked":["RobotSpaceExplorer:JunkDive+1","RobotSpaceExplorer:SwiftStep+1","hubris:SpiceAddiction"],"picked":"hubris:SpiceAddiction","floor":47},{"not_picked":["RobotSpaceExplorer:Calculate+1","RobotSpaceExplorer:Electropulse+1","RobotSpaceExplorer:Probe+1"],"picked":"hubris:SpiceAddiction","floor":48}],"player_experience":446949,"relics_obtained":[{"floor":9,"key":"Bag of Preparation"},{"floor":11,"key":"theForsaken:HumbleEgg"},{"floor":12,"key":"Odd Mushroom"},{"floor":14,"key":"PreservedInsect"},{"floor":20,"key":"Red Mask"},{"floor":23,"key":"Vajra"},{"floor":23,"key":"theForsaken:Lifeblossom"},{"floor":26,"key":"Pen Nib"},{"floor":28,"key":"KratosMod:minohorn"},{"floor":28,"key":"Meat on the Bone"},{"floor":31,"key":"Toy Ornithopter"},{"floor":31,"key":"Question Card"},{"floor":39,"key":"hubris:Spice"},{"floor":40,"key":"hubris:CuriousFeather"},{"floor":40,"key":"theForsaken:Kindling"},{"floor":43,"key":"hubris:Spice"},{"floor":45,"key":"hubris:Potato"},{"floor":45,"key":"hubris:Spice"},{"floor":46,"key":"hubris:Spice"},{"floor":47,"key":"hubris:Spice"},{"floor":47,"key":"Choco_Feather"}],"event_choices":[{"cards_removed":["RobotSpaceExplorer:Defend"],"damage_healed":0,"gold_gain":0,"player_choice":"Forget","damage_taken":0,"max_hp_gain":0,"max_hp_loss":0,"event_name":"Living Wall","floor":5,"gold_loss":0},{"damage_healed":0,"gold_gain":0,"player_choice":"Fought Mushrooms","damage_taken":0,"max_hp_gain":0,"max_hp_loss":0,"event_name":"Mushrooms","floor":12,"gold_loss":0},{"cards_removed":["RobotSpaceExplorer:Strike"],"damage_healed":0,"gold_gain":0,"player_choice":"Card Removal","damage_taken":0,"max_hp_gain":0,"max_hp_loss":0,"event_name":"The Cleric","floor":13,"gold_loss":50},{"damage_healed":0,"gold_gain":0,"player_choice":"Fought Bandits","damage_taken":0,"max_hp_gain":0,"max_hp_loss":0,"event_name":"Masked Bandits","floor":20,"gold_loss":0},{"damage_healed":0,"gold_gain":0,"player_choice":"Choice 2","damage_taken":0,"relics_obtained":["alterego_mod:SomeoneToFightFor"],"max_hp_gain":0,"max_hp_loss":0,"event_name":"Secret Garden","floor":24,"gold_loss":0},{"cards_removed":["RobotSpaceExplorer:Strike"],"damage_healed":0,"gold_gain":0,"player_choice":"Purged","damage_taken":0,"max_hp_gain":0,"max_hp_loss":0,"event_name":"Purifier","floor":25,"gold_loss":0},{"cards_removed":["RobotSpaceExplorer:SurgingStrike"],"damage_healed":0,"gold_gain":0,"player_choice":"Removed Attack","damage_taken":0,"max_hp_gain":0,"max_hp_loss":0,"event_name":"Falling","floor":37,"gold_loss":0},{"damage_healed":0,"gold_gain":222,"player_choice":"Wore Mask","damage_taken":0,"max_hp_gain":0,"max_hp_loss":0,"event_name":"Tomb of Lord Red Mask","floor":38,"gold_loss":0},{"damage_healed":0,"gold_gain":0,"player_choice":"Fight","damage_taken":0,"max_hp_gain":0,"max_hp_loss":0,"event_name":"MindBloom","floor":39,"gold_loss":0},{"damage_healed":0,"gold_gain":0,"player_choice":"Fight","damage_taken":0,"max_hp_gain":0,"max_hp_loss":0,"event_name":"Mysterious Sphere","floor":46,"gold_loss":0}],"is_beta":false,"boss_relics":[{"not_picked":["Ectoplasm","beaked:MawFillet"],"picked":"Black Star"},{"not_picked":["hubris:Backtick","hubris:HollowSoul"],"picked":"RobotSpaceExplorer:SearchSpecs"}],"items_purged_floors":[2,29],"is_endless":false,"potions_floor_spawned":[1,4,7,18,21,22,31,40,46,47,48],"ascension_level":0}}