{"host":"Ceyx","time":1610522055,"event":{"mods":["BaseMod","Beaked The Cultist","Better Match","Better Skull","Better Third Choice","BetterRewards","Conspire","Downfall","Hermit","Hubris","Infinite Spire","KinomotoSakuraMod(????)","Minty Spire (QoL Compilation)","Permanent Neow","Prisma Mod","Replay The Spire","Shop Mod","StSLib","The Alterego","The Jungle","The Poker Player","Waifu the Spire"],"gold_per_floor":[114,132,57,70,70,70,97,113,138,149,49,63,63,74,74,169,169,184,184,204,204,204,204,223,223,223,243,243,262,262,275,275,371,371,382,382,400,414,56,56,56],"floor_reached":40,"language":"ENG","playtime":3087,"items_purged":["PrismaMod:MiyuCommonAttack","Pain"],"score":542,"play_id":"31e63c23-d263-4f56-b210-b54822464373","local_time":"20210113141415","is_ascension_mode":false,"campfire_choices":[{"data":"PrismaMod:MiyuUncommonDexBuff","floor":6.0,"key":"SMITH"},{"data":"PrismaMod:MiyuCheapDexBuff","floor":13.0,"key":"SMITH"},{"data":"PrismaMod:MiyuCommonAttack","floor":15.0,"key":"PURGE"},{"data":"PrismaMod:MiyuCheapChannelAttack","floor":23.0,"key":"SMITH"},{"data":"PrismaMod:MiyuCheapChannelDefend","floor":25.0,"key":"SMITH"},{"data":"PrismaMod:MiyuBride","floor":28.0,"key":"SMITH"},{"data":"PrismaMod:MiyuOrbIncreasePerm","floor":30,"key":"SMITH"},{"data":"PrismaMod:MiyuUncommonDexBuff","floor":32,"key":"SMITH"}],"circlet_count":0,"master_deck":["PrismaMod:MiyuCommonDefend","PrismaMod:MiyuCommonDefend","PrismaMod:MiyuCommonDefend","PrismaMod:MiyuCommonDefend","PrismaMod:MiyuCommonDefend","PrismaMod:MiyuCommonAttack","PrismaMod:MiyuCommonAttack","PrismaMod:MiyuCheapChannelAttack+1","PrismaMod:MiyuCheapChannelDefend+1","Flash of Steel","PrismaMod:MiyuEvokeCheapAttack","PrismaMod:MiyuUncommonDexBuff+1","PrismaMod:MiyuCheapEvoke","PrismaMod:MiyuBride+1","PrismaMod:MiyuUncommonDexBuff","PrismaMod:MiyuUncommonDexBuff","PrismaMod:MiyuCheapDexBuff+1","PrismaMod:MiyuUncommonDexBuff+1","PrismaMod:MiyuBride","Shame","PrismaMod:MiyuCheapChannelWeak+1","hubris:Fate","PrismaMod:MiyuEvokeAllAttack","PrismaMod:MiyuCheapDefend2","PrismaMod:MiyuOrbIncreasePerm+1","PrismaMod:MiyuCarnivalAttack","PrismaMod:MiyuBride","PrismaMod:MiyuCommonAOEAttack+1","PrismaMod:MiyuEvokeCheapAttack","PrismaMod:MiyuUncommonStrBuff+1","PrismaMod:MiyuDefenseRemoval+1","Replay:BasicMightCard","PrismaMod:MiyuCheapChannelRandom","PrismaMod:MiyuAttackChannelVul","PrismaMod:MiyuUncommonDexBuff","PrismaMod:MiyuCheapAttack1"],"relics":["PrismaMod:PrismaSapphire","WarpedTongs","Replay:PocketPolymizer","hubris:OldNail","SlaversCollar","Lantern","infinitespire:CheckeredPen","hubris:BlackHole"],"acts_visited":["Exordium","TheCity","TheBeyond"],"potions_floor_usage":[38,40],"damage_taken":[{"damage":0.0,"enemies":"2 Louse","floor":1.0,"turns":3.0},{"damage":0.0,"enemies":"Cultist","floor":2.0,"turns":4.0},{"damage":0.0,"enemies":"Jaw Worm","floor":4.0,"turns":4.0},{"damage":4.0,"enemies":"Lagavulin","floor":7.0,"turns":6.0},{"damage":3.0,"enemies":"Blue Slaver","floor":8.0,"turns":3.0},{"damage":3.0,"enemies":"2 Fungi Beasts","floor":10.0,"turns":4.0},{"damage":0.0,"enemies":"Red Slaver","floor":12.0,"turns":3.0},{"damage":0.0,"enemies":"Looter","floor":14.0,"turns":3.0},{"damage":14.0,"enemies":"Hexaghost","floor":16.0,"turns":7.0},{"damage":4.0,"enemies":"2 Thieves","floor":18.0,"turns":4.0},{"damage":15.0,"enemies":"3 Byrds","floor":20.0,"turns":5.0},{"damage":0.0,"enemies":"Centurion and Healer","floor":24.0,"turns":8.0},{"damage":4.0,"enemies":"Snake Plant","floor":27.0,"turns":3.0},{"damage":0,"enemies":"conspire:HollyBat","floor":29,"turns":9},{"damage":0,"enemies":"Snecko","floor":31,"turns":6},{"damage":5,"enemies":"hubris:MusketHawk","floor":33,"turns":8},{"damage":29,"enemies":"3 Darklings","floor":35,"turns":4},{"damage":3,"enemies":"Orb Walker","floor":37,"turns":3},{"damage":10,"enemies":"Jaw Worm Horde","floor":38,"turns":3},{"damage":29,"enemies":"Reptomancer","floor":40,"turns":3}],"seed_played":"-8338608349190298868","potions_obtained":[{"floor":2.0,"key":"Swift Potion"},{"floor":7.0,"key":"Explosive Potion"},{"floor":8.0,"key":"champ:CounterPotion"},{"floor":16.0,"key":"Swift Potion"},{"floor":20.0,"key":"LifebloodPotion"},{"floor":29,"key":"EssenceOfSteel"},{"floor":31,"key":"hexamod:EctoCoolerPotion"}],"is_trial":false,"path_per_floor":["M","M","$","M","?","R","E","M","T","M","$","M","R","M","R","B",null,"M","?","M","?","?","R","M","R","T","M","R","M","R","M","R","B",null,"M","?","M","M","$","E"],"character_chosen":"MIYU","items_purchased":["Replay:BasicMightCard","PrismaMod:MiyuCheapChannelRandom","PrismaMod:MiyuAttackChannelVul","PrismaMod:MiyuUncommonDexBuff","PrismaMod:MiyuCheapAttack1"],"campfire_rested":0,"item_purchase_floors":[39,39,39,39,39],"current_hp_per_floor":[75,75,75,75,75,75,71,68,68,65,65,65,65,65,65,51,75,71,71,56,38,38,38,38,38,38,49,49,64,64,64,64,59,75,46,46,43,33,33,4,4],"gold":56,"neow_bonus":"RANDOM_COLORLESS","is_daily":false,"chose_seed":false,"campfire_upgraded":7,"win_rate":0.0,"timestamp":1610522055,"path_taken":["M","M","$","M","?","R","E","M","T","M","$","M","R","?","R","BOSS","M","?","M","?","?","R","?","R","T","M","R","M","R","M","R","BOSS","M","?","M","M","$","E"],"items_purchased_type":["Card","Card","Card","Card","Card"],"build_version":"2020-12-18","purchased_purges":2,"victory":false,"max_hp_per_floor":[75,75,75,75,75,75,75,75,75,75,75,75,75,75,75,75,75,75,75,75,75,75,75,75,75,75,75,75,75,75,75,75,75,75,75,75,75,75,75,75,75],"card_choices":[{"not_picked":["expansioncontent:YouAreMine","expansioncontent:ChargeUp"],"picked":"Flash of Steel","floor":0.0},{"not_picked":["PrismaMod:MiyuCheapChannelVul","PrismaMod:MiyuAttackChannelAttack"],"picked":"PrismaMod:MiyuEvokeCheapAttack","floor":1.0},{"not_picked":["PrismaMod:MiyuCheapDexBuff","PrismaMod:MiyuUncommonAttack"],"picked":"PrismaMod:MiyuUncommonDexBuff","floor":2.0},{"not_picked":["PrismaMod:MiyuCheapChannelWeak","PrismaMod:MiyuAttackChannelAttack"],"picked":"PrismaMod:MiyuCheapEvoke","floor":4.0},{"not_picked":["PrismaMod:MiyuCheapEvoke","PrismaMod:MiyuEvokeBuffDex"],"picked":"PrismaMod:MiyuBride","floor":7.0},{"not_picked":["PrismaMod:MiyuUberAttack","PrismaMod:MiyuDefenseExplosion"],"picked":"PrismaMod:MiyuUncommonDexBuff","floor":8.0},{"not_picked":["PrismaMod:MiyuDefenseRemoval","PrismaMod:MiyuCheapChannelWeak"],"picked":"PrismaMod:MiyuUncommonDexBuff","floor":10.0},{"not_picked":["PrismaMod:MiyuCheapDefend2","PrismaMod:MiyuUncommonAOEAttack"],"picked":"PrismaMod:MiyuCheapDexBuff","floor":12.0},{"not_picked":["PrismaMod:MiyuCommonAOEAttack","PrismaMod:MiyuOrbIncreasePerm"],"picked":"PrismaMod:MiyuUncommonDexBuff","floor":14.0},{"not_picked":["PrismaMod:MiyuUberDefend","PrismaMod:MiyuChannelAttackEvoke"],"picked":"PrismaMod:MiyuBride","floor":16.0},{"not_picked":["PrismaMod:MiyuCheapAttack2","PrismaMod:MiyuAttackChannelVul","PrismaMod:MiyuEvokeBuffStr+1"],"picked":"SKIP","floor":18.0},{"not_picked":["PrismaMod:MiyuCheapAttack2","PrismaMod:MiyuCommonAOEAttack"],"picked":"PrismaMod:MiyuCheapChannelWeak+1","floor":20.0},{"not_picked":["infinitespire:FinalStrike","infinitespire:TheBestDefense"],"picked":"hubris:Fate","floor":21.0},{"not_picked":["PrismaMod:MiyuCheapEvoke","PrismaMod:MiyuAttackChannelVul","PrismaMod:MiyuEvokeBuffStr+1"],"picked":"SKIP","floor":24.0},{"not_picked":["PrismaMod:MiyuEvokeBuffDex","PrismaMod:MiyuUncommonAttack"],"picked":"PrismaMod:MiyuCheapDefend2","floor":27.0},{"not_picked":["PrismaMod:MiyuCheapEvoke","PrismaMod:MiyuCheapStrBuff"],"picked":"PrismaMod:MiyuOrbIncreasePerm","floor":29},{"not_picked":["PrismaMod:MiyuUncommonAttack+1","PrismaMod:MiyuUncommonAOEAttack+1"],"picked":"PrismaMod:MiyuCarnivalAttack","floor":31},{"not_picked":["PrismaMod:MiyuCarnivalDefend","PrismaMod:MiyuEvokeAllAttack"],"picked":"PrismaMod:MiyuBride","floor":33},{"not_picked":["PrismaMod:MiyuCheapChannelWeak","PrismaMod:MiyuCheapDexBuff+1"],"picked":"PrismaMod:MiyuCommonAOEAttack+1","floor":35},{"not_picked":["PrismaMod:MiyuChristmas","PrismaMod:MiyuMaid"],"picked":"PrismaMod:MiyuUncommonStrBuff+1","floor":37},{"not_picked":["PrismaMod:MiyuUberAttack","PrismaMod:MiyuMaid"],"picked":"PrismaMod:MiyuDefenseRemoval+1","floor":38}],"player_experience":631963,"relics_obtained":[{"floor":7.0,"key":"Replay:PocketPolymizer"},{"floor":9.0,"key":"hubris:OldNail"},{"floor":26.0,"key":"infinitespire:CheckeredPen"}],"event_choices":[{"damage_healed":0.0,"max_hp_gain":0.0,"max_hp_loss":0.0,"gold_gain":0.0,"event_name":"Accursed Blacksmith","player_choice":"Rummage","floor":5.0,"gold_loss":0.0,"damage_taken":0.0,"relics_obtained":["WarpedTongs"],"cards_obtained":["Pain"]},{"damage_healed":0.0,"max_hp_gain":0.0,"max_hp_loss":0.0,"gold_gain":0.0,"event_name":"Addict","player_choice":"Stole Relic","floor":19.0,"gold_loss":0.0,"damage_taken":0.0,"relics_obtained":["Lantern"],"cards_obtained":["Shame"]},{"damage_healed":0.0,"max_hp_gain":0.0,"max_hp_loss":0.0,"gold_gain":0.0,"cards_transformed":["PrismaMod:MiyuCommonAttack"],"event_name":"Transmorgrifier","player_choice":"Transformed","floor":22.0,"gold_loss":0.0,"damage_taken":0.0,"cards_obtained":["PrismaMod:MiyuEvokeAllAttack"]}],"is_beta":true,"boss_relics":[{"not_picked":["Painkiller Herb","Snecko Heart"],"picked":"SlaversCollar"},{"not_picked":["hubris:TerracottaHorce","ReplayTheSpireMod:SealedPack"],"picked":"hubris:BlackHole"}],"items_purged_floors":[3,11],"is_endless":false,"potions_floor_spawned":[2,7,8,16,20,29,31,37],"killed_by":"Reptomancer","ascension_level":0}}