{"host":"ct28ocsd8g8yr2ah","time":1610572270,"event":{"mods":["BaseMod","Better Third Choice","Hermit","KinomotoSakuraMod(????)","Koishi","Marisa????????","Minty Spire (QoL Compilation)","Reimu??????","Remilia??????","StSLib","The Animator","The Gatherer","The Servant 0.9.4","Waifu the Spire"],"gold_per_floor":[129,140,140,157,167,167,167,192,261,279,219,17,51,18,18,114,114,54,54,54,54,54,54,54,54,54,54,54,54,54],"floor_reached":29,"language":"RUS","playtime":1000,"items_purged":["animator:Strike","animator:Strike"],"score":277,"play_id":"4dd74140-a5e9-4f7f-a501-e30e90c8e00b","local_time":"20210114021109","is_ascension_mode":false,"campfire_choices":[{"data":"animator:NagisaMomoe","floor":6,"key":"SMITH"},{"floor":15,"key":"REST"},{"floor":24,"key":"REST"}],"circlet_count":0,"master_deck":["animator:Strike_Overlord","animator:Defend_Overlord","animator:Defend","animator:Defend","animator:Defend","animator:Cocytus","animator:Demiurge","animator:Albedo","animator:NagisaMomoe","animator:Archer","animator:IrohaTamaki","animator:NagisaMomoe+1","animator:NagisaMomoe+1","animator:Millim","animator:HigakiRinne","animator:NagisaMomoe","Writhe","animator:Chris","animator:SayakaMiki"],"relics":["animator:LivingPicture","animator:TheMissingPiece","Nunchaku","The Courier","DollysMirror","Pocketwatch","Ectoplasm","animator:HeavyHalberd","Du-Vu Doll"],"acts_visited":["Exordium","TheCity"],"potions_floor_usage":[13,27],"damage_taken":[{"damage":8,"enemies":"2 Louse","floor":1,"turns":2},{"damage":9,"enemies":"Cultist","floor":2,"turns":5},{"damage":5,"enemies":"Jaw Worm","floor":4,"turns":4},{"damage":9,"enemies":"Blue Slaver","floor":5,"turns":5},{"damage":7,"enemies":"Exordium Thugs","floor":10,"turns":6},{"damage":16,"enemies":"Gremlin Nob","floor":13,"turns":3},{"damage":1,"enemies":"Looter","floor":14,"turns":5},{"damage":24,"enemies":"Slime Boss","floor":16,"turns":4},{"damage":34,"enemies":"2 Thieves","floor":18,"turns":4},{"damage":0,"enemies":"Chosen","floor":22,"turns":4},{"damage":13,"enemies":"Snake Plant","floor":23,"turns":3},{"damage":6,"enemies":"Centurion and Healer","floor":25,"turns":6},{"damage":12,"enemies":"Cultist and Chosen","floor":27,"turns":5},{"damage":14,"enemies":"Shelled Parasite and Fungi","floor":28,"turns":5},{"damage":8,"enemies":"Gremlin Leader","floor":29,"turns":1}],"seed_played":"-5495851322477773726","potions_obtained":[{"floor":4,"key":"Swift Potion"},{"floor":13,"key":"SteroidPotion"},{"floor":25,"key":"Weak Potion"}],"is_trial":false,"path_per_floor":["M","M","?","M","M","R","?","T","T","M","$","$","E","M","R","B",null,"M","?","?","$","M","M","R","M","T","M","M","E"],"character_chosen":"THE_ANIMATOR","items_purchased":["DollysMirror"],"campfire_rested":2,"item_purchase_floors":[12],"current_hp_per_floor":[58,49,49,45,36,36,36,36,36,29,29,29,13,12,32,8,67,33,33,33,33,33,20,40,34,34,22,8,0,0],"gold":54,"neow_bonus":"TRANSFORM_CARD","is_daily":false,"chose_seed":false,"campfire_upgraded":1,"win_rate":0.0,"timestamp":1610572269,"path_taken":["M","M","?","M","?","R","?","?","T","?","?","$","E","M","R","BOSS","M","?","?","$","?","M","R","M","T","M","M","E"],"items_purchased_type":["Relic"],"build_version":"2020-12-22","purchased_purges":2,"victory":false,"max_hp_per_floor":[66,66,66,67,67,67,67,67,67,67,67,67,67,67,67,67,67,67,67,67,67,67,67,67,67,67,67,67,67,67],"card_choices":[{"not_picked":["animator:KyokoSakura","animator:SayakaMiki"],"picked":"animator:NagisaMomoe","floor":1},{"not_picked":["animator:Demiurge","animator:Souei"],"picked":"animator:Archer","floor":2},{"not_picked":["animator:TsurugaMeisai","animator:SuzuneAmano"],"picked":"animator:IrohaTamaki","floor":4},{"not_picked":["animator:IrohaTamaki","animator:MamiTomoe"],"picked":"animator:NagisaMomoe","floor":5},{"not_picked":["animator:ShinjiMatou","animator:YachiyoNanami","animator:Shion"],"picked":"SKIP","floor":10},{"not_picked":["animator:Millim","animator:Azekura","animator:Konayuki"],"picked":"SKIP","floor":13},{"not_picked":["animator:Azekura","animator:Konayuki"],"picked":"animator:Millim","floor":13},{"not_picked":["animator:Benimaru","animator:YachiyoNanami"],"picked":"animator:HigakiRinne","floor":14},{"not_picked":["animator:YuiTsuruno","animator:IrohaTamaki"],"picked":"animator:NagisaMomoe","floor":18},{"not_picked":["animator:IrohaTamaki","animator:MamiTomoe","animator:KyokoSakura"],"picked":"SKIP","floor":22},{"not_picked":["animator:Cocytus","animator:ElricAlphonse+1","animator:Rider+1"],"picked":"SKIP","floor":23},{"not_picked":["animator:Vanir","animator:SuzuneAmano"],"picked":"animator:Chris","floor":25},{"not_picked":["animator:SuzuneAmano","animator:NagisaMomoe"],"picked":"animator:SayakaMiki","floor":27},{"not_picked":["animator:TsurugaMeisai","animator:Scar","animator:OrikoMikuni"],"picked":"SKIP","floor":28}],"player_experience":527178,"relics_obtained":[{"floor":8,"key":"Nunchaku"},{"floor":9,"key":"The Courier"},{"floor":13,"key":"Pocketwatch"},{"floor":26,"key":"Du-Vu Doll"}],"event_choices":[{"damage_healed":0,"gold_gain":0,"player_choice":"Ignored","damage_taken":0,"max_hp_gain":0,"max_hp_loss":0,"event_name":"NoteForYourself","floor":3,"gold_loss":0},{"damage_healed":0,"gold_gain":0,"player_choice":"Ignored","damage_taken":167,"max_hp_gain":0,"max_hp_loss":0,"event_name":"betterThird:BetterSerpent","floor":7,"gold_loss":0},{"damage_healed":0,"gold_gain":0,"player_choice":"Opened","damage_taken":0,"relics_obtained":["animator:HeavyHalberd"],"max_hp_gain":0,"max_hp_loss":0,"event_name":"The Mausoleum","floor":19,"gold_loss":0,"cards_obtained":["Writhe"]},{"damage_healed":0,"gold_gain":0,"player_choice":"Bought 0 Potions","damage_taken":0,"max_hp_gain":0,"max_hp_loss":0,"event_name":"The Woman in Blue","floor":20,"gold_loss":0}],"is_beta":false,"boss_relics":[{"not_picked":["animator:HolyGrailRelic","Coffee Dripper"],"picked":"Ectoplasm"}],"items_purged_floors":[11,12],"is_endless":false,"potions_floor_spawned":[4,13,25],"killed_by":"Gremlin Leader","ascension_level":0}}