{"host":"y3h3n3f7seyagppx","time":1610516875,"event":{"mods":["AlwaysNeverKeys","BaseMod","Better Vampires","Colored Powertips","DeckTracker","Emptier Cage","Minty Spire (QoL Compilation)","Permanent Neow","Quick Restart","Rare Cards Sparkle","Relic Sorter","Relic Stats","StSLib","Transform Curses"],"gold_per_floor":[113,125,125,143,163,193,193,227,227,237,237,237,250,278,278,353,353,363,15,15,33,44,44,70,70,120,120,150,150,13,13,13,92,92,112,127,173,189,204,236,248,285,324,336,362,123,148,175,175,175,175,175,175,25,56,56],"floor_reached":57,"language":"ENG","playtime":6485,"items_purged":[],"score":2896,"play_id":"7be9c3a7-4eac-4128-82ce-892d6f03ad71","local_time":"20210113004755","is_ascension_mode":true,"campfire_choices":[{"data":"Clothesline","floor":7,"key":"SMITH"},{"data":"1","floor":11,"key":"LIFT"},{"data":"2","floor":15,"key":"LIFT"},{"data":"3","floor":23,"key":"LIFT"},{"data":"Sword Boomerang","floor":27,"key":"SMITH"},{"data":"Sword Boomerang","floor":29,"key":"SMITH"},{"data":"Bash","floor":32,"key":"SMITH"},{"floor":41,"key":"REST"},{"floor":49,"key":"REST"},{"floor":53,"key":"REST"}],"circlet_count":0,"master_deck":["AscendersBane","Strike_R","Strike_R","Strike_R","Strike_R","Defend_R","Defend_R","Defend_R","Defend_R","Bash+1","Spot Weakness","Sword Boomerang+1","Ghostly Armor","Clothesline+1","Battle Trance","Disarm","Corruption","Pummel+1","Ghostly","Ghostly","Ghostly","Sword Boomerang+1","Battle Trance+1","Feed","Barricade","Sword Boomerang","Armaments+1","True Grit+1","Rage+1","Shrug It Off","Second Wind","Sword Boomerang+1","Metallicize+1","Feel No Pain","Evolve","Shrug It Off"],"relics":["Burning Blood","The Courier","StrikeDummy","Girya","StoneCalendar","SlaversCollar","Self Forming Clay","Happy Flower","Eternal Feather","Bag of Preparation","Bag of Marbles","Fusion Hammer","FossilizedHelix","MawBank","Anchor","MealTicket","Red Skull","Centennial Puzzle","Incense Burner","Whetstone","Blue Candle"],"acts_visited":["Exordium","TheCity","TheBeyond","TheEnding"],"potions_floor_usage":[6,13,56],"damage_taken":[{"damage":12,"enemies":"Jaw Worm","floor":1,"turns":3},{"damage":2,"enemies":"2 Louse","floor":2,"turns":3},{"damage":16,"enemies":"Small Slimes","floor":4,"turns":4},{"damage":5,"enemies":"Exordium Wildlife","floor":5,"turns":4},{"damage":27,"enemies":"3 Sentries","floor":6,"turns":9},{"damage":26,"enemies":"Lagavulin","floor":8,"turns":10},{"damage":6,"enemies":"2 Fungi Beasts","floor":10,"turns":4},{"damage":1,"enemies":"Blue Slaver","floor":13,"turns":5},{"damage":8,"enemies":"Gremlin Nob","floor":14,"turns":3},{"damage":15,"enemies":"The Guardian","floor":16,"turns":11},{"damage":13,"enemies":"Spheric Guardian","floor":18,"turns":4},{"damage":2,"enemies":"2 Thieves","floor":21,"turns":3},{"damage":19,"enemies":"Snake Plant","floor":22,"turns":5},{"damage":0,"enemies":"Book of Stabbing","floor":24,"turns":4},{"damage":2,"enemies":"Slavers","floor":28,"turns":4},{"damage":29,"enemies":"Collector","floor":33,"turns":8},{"damage":1,"enemies":"Orb Walker","floor":35,"turns":3},{"damage":1,"enemies":"3 Shapes","floor":36,"turns":3},{"damage":20,"enemies":"2 Orb Walkers","floor":37,"turns":6},{"damage":6,"enemies":"Sphere and 2 Shapes","floor":38,"turns":6},{"damage":0,"enemies":"Writhing Mass","floor":39,"turns":5},{"damage":13,"enemies":"Reptomancer","floor":40,"turns":6},{"damage":0,"enemies":"Giant Head","floor":42,"turns":7},{"damage":0,"enemies":"Jaw Worm Horde","floor":45,"turns":4},{"damage":0,"enemies":"Mind Bloom Boss Battle","floor":47,"turns":7},{"damage":29,"enemies":"Reptomancer","floor":48,"turns":5},{"damage":31,"enemies":"Awakened One","floor":50,"turns":10},{"damage":9,"enemies":"Time Eater","floor":51,"turns":13},{"damage":0,"enemies":"Shield and Spear","floor":55,"turns":12},{"damage":24,"enemies":"The Heart","floor":56,"turns":11}],"seed_played":"6256102252578040960","potions_obtained":[{"floor":1,"key":"EssenceOfSteel"},{"floor":5,"key":"BloodPotion"},{"floor":6,"key":"SteroidPotion"},{"floor":13,"key":"BloodPotion"},{"floor":21,"key":"Explosive Potion"},{"floor":33,"key":"Fire Potion"},{"floor":39,"key":"Energy Potion"}],"is_trial":false,"path_per_floor":["M","M","?","M","M","E","R","E","T","M","R","?","M","E","R","B",null,"M","$","?","M","M","R","E","?","T","R","E","R","$","?","R","B",null,"M","M","?","M","M","E","R","E","T","?","M","$","?","E","R","B","B",null,"R","$","E","B",null],"character_chosen":"IRONCLAD","items_purchased":["Self Forming Clay","Happy Flower","Feed","Red Skull","Centennial Puzzle","Feel No Pain","Evolve","Shrug It Off"],"campfire_rested":3,"item_purchase_floors":[19,19,30,46,46,54,54,54],"current_hp_per_floor":[62,66,66,56,57,36,36,16,16,16,16,16,36,34,34,25,63,56,56,37,37,24,24,30,30,30,37,37,37,37,37,37,14,31,39,43,29,32,38,31,46,49,49,49,52,52,52,29,52,30,30,51,58,58,58,40],"gold":56,"neow_bonus":"TRANSFORM_CARD","is_daily":false,"chose_seed":false,"campfire_upgraded":4,"win_rate":0.0,"timestamp":1610516875,"path_taken":["M","M","?","M","M","E","R","E","T","M","R","?","M","E","R","BOSS","M","$","?","M","M","R","E","?","T","R","E","R","?","?","R","BOSS","M","M","?","M","M","E","R","E","T","?","M","$","?","E","R","BOSS","BOSS","R","$","E","BOSS"],"items_purchased_type":["Relic","Relic","Card","Relic","Relic","Card","Card","Card"],"build_version":"2020-12-22","purchased_purges":0,"victory":true,"max_hp_per_floor":[75,75,75,75,75,75,75,75,75,75,75,75,75,75,75,75,75,75,75,37,37,37,37,37,37,37,37,37,37,37,37,37,37,37,40,43,43,46,46,46,46,49,49,49,52,52,52,52,52,55,58,58,58,58,58,58],"relic_stats":{"Happy Flower":[40],"counters":[30,182],"Self Forming Clay":[156],"Blue Candle":[0],"StoneCalendar":[289],"Eternal Feather":47,"Bag of Preparation":[32],"Whetstone":["Pummel","Sword Boomerang"],"MawBank":72,"Burning Blood":144,"Centennial Puzzle":[12],"MealTicket":0,"obtain_stats":[{"Girya":9,"Happy Flower":19,"Self Forming Clay":19,"Blue Candle":55,"StoneCalendar":14,"Eternal Feather":24,"The Courier":6,"Bag of Preparation":26,"Incense Burner":47,"Whetstone":48,"MawBank":40,"Burning Blood":0,"SlaversCollar":17,"Anchor":42,"Centennial Puzzle":46,"MealTicket":43,"Fusion Hammer":34,"Bag of Marbles":28,"StrikeDummy":8,"FossilizedHelix":37,"Red Skull":46},{"Girya":6,"Happy Flower":11,"Self Forming Clay":11,"Blue Candle":29,"StoneCalendar":9,"Eternal Feather":14,"The Courier":5,"Bag of Preparation":14,"Incense Burner":25,"Whetstone":26,"MawBank":22,"Burning Blood":0,"SlaversCollar":10,"Anchor":23,"Centennial Puzzle":24,"MealTicket":23,"Fusion Hammer":16,"Bag of Marbles":15,"StrikeDummy":6,"FossilizedHelix":19,"Red Skull":24},{"Girya":33,"Happy Flower":60,"Self Forming Clay":60,"Blue Candle":171,"StoneCalendar":45,"Eternal Feather":72,"The Courier":23,"Bag of Preparation":72,"Incense Burner":131,"Whetstone":136,"MawBank":113,"Burning Blood":0,"SlaversCollar":56,"Anchor":120,"Centennial Puzzle":124,"MealTicket":120,"Fusion Hammer":84,"Bag of Marbles":76,"StrikeDummy":33,"FossilizedHelix":96,"Red Skull":124}]},"card_choices":[{"not_picked":["Blood for Blood","Entrench"],"picked":"Sword Boomerang","floor":1},{"not_picked":["Body Slam","Wild Strike"],"picked":"Ghostly Armor","floor":2},{"not_picked":["Second Wind","Wild Strike"],"picked":"Clothesline","floor":4},{"not_picked":["Clash","Clothesline","True Grit"],"picked":"SKIP","floor":5},{"not_picked":["Clash","Combust","Cleave"],"picked":"SKIP","floor":6},{"not_picked":["Dark Embrace","Body Slam","Reckless Charge"],"picked":"SKIP","floor":8},{"not_picked":["Sever Soul","Warcry","Wild Strike"],"picked":"SKIP","floor":10},{"not_picked":["Heavy Blade","Flex"],"picked":"Battle Trance","floor":13},{"not_picked":["Burning Pact","Body Slam"],"picked":"Disarm","floor":14},{"not_picked":["Feed","Exhume"],"picked":"Corruption","floor":16},{"not_picked":["Flex+1","Armaments"],"picked":"Pummel","floor":18},{"not_picked":["Armaments","Entrench"],"picked":"Sword Boomerang","floor":21},{"not_picked":["Wild Strike","Clash+1","Headbutt+1"],"picked":"SKIP","floor":22},{"not_picked":["Wild Strike","Clash+1","Headbutt+1"],"picked":"SKIP","floor":22},{"not_picked":["Iron Wave","Blood for Blood"],"picked":"Battle Trance+1","floor":24},{"not_picked":["Blood for Blood+1","Headbutt","Wild Strike"],"picked":"SKIP","floor":28},{"not_picked":["Blood for Blood+1","Headbutt","Wild Strike"],"picked":"SKIP","floor":28},{"not_picked":["Corruption","Fiend Fire"],"picked":"Barricade","floor":33},{"not_picked":["Sentinel","Intimidate"],"picked":"Sword Boomerang","floor":35},{"not_picked":["Sword Boomerang","Heavy Blade"],"picked":"Armaments+1","floor":36},{"not_picked":["Warcry","Bloodletting"],"picked":"True Grit+1","floor":37},{"not_picked":["Hemokinesis","Evolve"],"picked":"Rage+1","floor":38},{"not_picked":["Pommel Strike","Anger"],"picked":"Shrug It Off","floor":39},{"not_picked":["Havoc","Clash+1"],"picked":"Second Wind","floor":40},{"not_picked":["Clothesline","Fire Breathing+1","Sever Soul+1"],"picked":"SKIP","floor":42},{"not_picked":["Clash+1","Havoc"],"picked":"Sword Boomerang","floor":45},{"not_picked":["Heavy Blade+1","Hemokinesis"],"picked":"Metallicize+1","floor":47},{"not_picked":["Heavy Blade","Demon Form","Feed"],"picked":"SKIP","floor":48},{"not_picked":["Havoc","Thunderclap+1","Carnage"],"picked":"SKIP","floor":55}],"player_experience":20769364,"relics_obtained":[{"floor":6,"key":"The Courier"},{"floor":8,"key":"StrikeDummy"},{"floor":9,"key":"Girya"},{"floor":14,"key":"StoneCalendar"},{"floor":24,"key":"Eternal Feather"},{"floor":26,"key":"Bag of Preparation"},{"floor":28,"key":"Bag of Marbles"},{"floor":37,"key":"FossilizedHelix"},{"floor":40,"key":"MawBank"},{"floor":42,"key":"Anchor"},{"floor":43,"key":"MealTicket"},{"floor":47,"key":"Incense Burner"},{"floor":48,"key":"Whetstone"},{"floor":55,"key":"Blue Candle"}],"event_choices":[{"damage_healed":0,"gold_gain":0,"player_choice":"Ignored","damage_taken":0,"max_hp_gain":0,"max_hp_loss":0,"event_name":"Liars Game","floor":3,"gold_loss":0},{"damage_healed":0,"gold_gain":0,"player_choice":"Ignored","damage_taken":0,"max_hp_gain":0,"max_hp_loss":0,"event_name":"Shining Light","floor":12,"gold_loss":0},{"damage_healed":0,"gold_gain":0,"player_choice":"Became a Ghost","damage_taken":0,"max_hp_gain":0,"max_hp_loss":38,"event_name":"Ghosts","floor":20,"gold_loss":0,"cards_obtained":["Ghostly","Ghostly","Ghostly"]},{"damage_healed":0,"gold_gain":0,"player_choice":"Ignored","damage_taken":0,"max_hp_gain":0,"max_hp_loss":0,"event_name":"Vampires","floor":25,"gold_loss":0},{"damage_healed":0,"gold_gain":0,"player_choice":"Ignored","damage_taken":0,"max_hp_gain":0,"max_hp_loss":0,"event_name":"The Mausoleum","floor":31,"gold_loss":0},{"damage_healed":0,"gold_gain":0,"player_choice":"Fight","damage_taken":0,"max_hp_gain":0,"max_hp_loss":0,"event_name":"Mysterious Sphere","floor":37,"gold_loss":0},{"damage_healed":0,"gold_gain":0,"player_choice":"Ignored","damage_taken":0,"max_hp_gain":0,"max_hp_loss":0,"event_name":"Tomb of Lord Red Mask","floor":44,"gold_loss":0},{"damage_healed":0,"gold_gain":0,"player_choice":"Fight","damage_taken":0,"max_hp_gain":0,"max_hp_loss":0,"event_name":"MindBloom","floor":47,"gold_loss":0}],"is_beta":false,"boss_relics":[{"not_picked":["Pandora\u0027s Box","Calling Bell"],"picked":"SlaversCollar"},{"not_picked":["Black Star","SacredBark"],"picked":"Fusion Hammer"}],"items_purged_floors":[],"is_endless":false,"potions_floor_spawned":[1,5,6,13,21,33,37,39,40,45,48],"ascension_level":20}}