{"host":"l60rmjjsfi0fipmi","time":1610564728,"event":{"mods":["BaseMod","Colored Map","DeckTracker","Hermit","Highlight Path","Jorbs\u0027s Wanderer Trilogy","Minty Spire (QoL Compilation)","StSLib","The Cursed"],"gold_per_floor":[119,35,51,64,74,74,85,95,95,113,113,113],"floor_reached":11,"language":"ENG","playtime":1097,"items_purged":[],"score":69,"play_id":"65d3f0de-c893-4490-930a-b4a11ef3d4a0","local_time":"20210113140528","is_ascension_mode":false,"campfire_choices":[{"data":"stsjorbsmod:BookOfTongues","floor":6,"key":"SMITH"}],"circlet_count":0,"master_deck":["stsjorbsmod:ForbiddenGrimoire+1","stsjorbsmod:Strike_Wanderer","stsjorbsmod:Strike_Wanderer","stsjorbsmod:Strike_Wanderer","stsjorbsmod:Strike_Wanderer","stsjorbsmod:Defend_Wanderer","stsjorbsmod:Defend_Wanderer","stsjorbsmod:Defend_Wanderer","stsjorbsmod:Defend_Wanderer","stsjorbsmod:FreshAdventure+1","stsjorbsmod:EyeOfTheStorm","stsjorbsmod:Prepare","stsjorbsmod:BurningFlask","stsjorbsmod:BookOfTongues+1","stsjorbsmod:Inferno","stsjorbsmod:ArcaneWeapon","stsjorbsmod:WanderingMind","stsjorbsmod:ScorchingRay"],"relics":["stsjorbsmod:GrimoireRelic","Omamori","The Courier"],"acts_visited":["Exordium"],"potions_floor_usage":[],"damage_taken":[{"damage":1,"enemies":"2 Louse","floor":1,"turns":4},{"damage":17,"enemies":"Cultist","floor":3,"turns":6},{"damage":0,"enemies":"Small Slimes","floor":4,"turns":3},{"damage":6,"enemies":"Exordium Wildlife","floor":5,"turns":5},{"damage":6,"enemies":"Large Slime","floor":7,"turns":4},{"damage":0,"enemies":"Looter","floor":8,"turns":3},{"damage":14,"enemies":"Red Slaver","floor":10,"turns":3},{"damage":42,"enemies":"Lagavulin","floor":11,"turns":5}],"seed_played":"2130776507876621980","potions_obtained":[{"floor":4,"key":"Weak Potion"},{"floor":7,"key":"EssenceOfSteel"}],"is_trial":false,"path_per_floor":["M","?","M","M","M","R","M","M","T","M","E"],"character_chosen":"WANDERER","items_purchased":[],"campfire_rested":0,"item_purchase_floors":[],"current_hp_per_floor":[74,74,59,60,56,56,51,52,52,40,0,0],"gold":113,"neow_bonus":"TEN_PERCENT_HP_BONUS","is_daily":false,"chose_seed":false,"campfire_upgraded":1,"win_rate":0.0,"timestamp":1610564728,"path_taken":["M","?","M","M","M","R","M","M","T","?","E"],"items_purchased_type":[],"build_version":"2020-12-22","purchased_purges":0,"victory":false,"max_hp_per_floor":[74,74,74,74,74,74,74,74,74,74,74,74],"card_choices":[{"not_picked":["stsjorbsmod:Index","stsjorbsmod:RayOfFrost"],"picked":"stsjorbsmod:Prepare","floor":1},{"not_picked":["stsjorbsmod:MageArmor","stsjorbsmod:UnseenServant"],"picked":"stsjorbsmod:BurningFlask","floor":3},{"not_picked":["stsjorbsmod:BurningFlask","stsjorbsmod:Firebolt"],"picked":"stsjorbsmod:BookOfTongues","floor":4},{"not_picked":["stsjorbsmod:FranticSearch","stsjorbsmod:RayOfFrost"],"picked":"stsjorbsmod:Inferno","floor":5},{"not_picked":["stsjorbsmod:Hurt","stsjorbsmod:ScorchingRay"],"picked":"stsjorbsmod:ArcaneWeapon","floor":7},{"not_picked":["stsjorbsmod:UnseenServant","stsjorbsmod:ArcaneWeapon"],"picked":"stsjorbsmod:WanderingMind","floor":8},{"not_picked":["stsjorbsmod:ChatteringStrike","stsjorbsmod:FracturedMind"],"picked":"stsjorbsmod:ScorchingRay","floor":10}],"player_experience":374862,"relics_obtained":[{"floor":9,"key":"The Courier"}],"event_choices":[{"damage_healed":0,"gold_gain":0,"player_choice":"Paid Gold","damage_taken":0,"relics_obtained":["Omamori"],"max_hp_gain":0,"max_hp_loss":0,"event_name":"WeMeetAgain","floor":2,"gold_loss":84}],"is_beta":false,"boss_relics":[],"items_purged_floors":[],"is_endless":false,"potions_floor_spawned":[4,7],"killed_by":"Lagavulin","ascension_level":0}}