{"host":"cv77zuuuekizn3ic","time":1610536069,"event":{"mods":["AchievementEnabler","BaseMod","Marisa£®ÏF”Í°°ƒß¿Ì…≥£©","Minty Spire (QoL Compilation)","StSLib","Waifu the Spire","everything is the same but u backflip on backflip","slay the spire mod where everything is the same but ironclad has a cowboy hat"],"gold_per_floor":[114,189,189,203,203,237,237,272,272,304,315,345,361,391,391,463,463,479,479,492,61,80,106,118,160,222,267,291,328,340,366,378,465,477,509,541,465,481,496,530,530,547,547,399,399,399,399,418,418,418],"floor_reached":51,"language":"ZHS","playtime":5290,"items_purged":["Dagger Spray","Noxious Fumes","Infinite Blades"],"score":1780,"play_id":"a0513088-fb39-46ad-a3c4-d3542c23464c","local_time":"20210113190749","is_ascension_mode":true,"campfire_choices":[{"data":"Calculated Gamble","floor":7.0,"key":"SMITH"},{"data":"Burst","floor":15.0,"key":"SMITH"},{"data":"Acrobatics","floor":24.0,"key":"SMITH"},{"data":"Well Laid Plans","floor":32.0,"key":"SMITH"},{"data":"Reflex","floor":41,"key":"SMITH"},{"data":"Tactician","floor":49,"key":"SMITH"}],"circlet_count":0,"master_deck":["AscendersBane","Neutralize","Blur","Die Die Die","Acrobatics+1","PiercingWail","Deflect","Backflip","Cloak And Dagger","Acrobatics+1","Calculated Gamble+1","Escape Plan","Grand Finale","Burst+1","After Image","Well Laid Plans+1","Prepared+1","Reflex+1","Tactician+1"],"relics":["Pandora\u0027s Box","Art of War","Blue Candle","Pantograph","Centennial Puzzle","Kunai","Dream Catcher","HoveringKite","CultistMask","Membership Card","InkBottle","Bronze Scales","MawBank","Singing Bowl","Omamori","Red Mask","Ninja Scroll","Black Star","Potion Belt","Bottled Lightning","Sundial","Medical Kit"],"acts_visited":["Exordium","TheCity","TheBeyond"],"potions_floor_usage":[],"damage_taken":[{"damage":0.0,"enemies":"2 Louse","floor":1.0,"turns":3.0},{"damage":0.0,"enemies":"Small Slimes","floor":4.0,"turns":3.0},{"damage":30.0,"enemies":"3 Sentries","floor":6.0,"turns":9.0},{"damage":0.0,"enemies":"Lagavulin","floor":8.0,"turns":10.0},{"damage":3.0,"enemies":"Gremlin Nob","floor":10.0,"turns":4.0},{"damage":0.0,"enemies":"Cultist","floor":11.0,"turns":3.0},{"damage":0.0,"enemies":"Lagavulin","floor":12.0,"turns":5.0},{"damage":0.0,"enemies":"2 Fungi Beasts","floor":13.0,"turns":3.0},{"damage":0.0,"enemies":"Gremlin Nob","floor":14.0,"turns":3.0},{"damage":4.0,"enemies":"Hexaghost","floor":16.0,"turns":13.0},{"damage":2.0,"enemies":"Chosen","floor":18.0,"turns":5.0},{"damage":0.0,"enemies":"Shell Parasite","floor":20.0,"turns":6.0},{"damage":0.0,"enemies":"Shelled Parasite and Fungi","floor":22.0,"turns":4.0},{"damage":0.0,"enemies":"Book of Stabbing","floor":23.0,"turns":3.0},{"damage":9.0,"enemies":"Slavers","floor":25.0,"turns":3.0},{"damage":0.0,"enemies":"Masked Bandits","floor":27.0,"turns":3.0},{"damage":12.0,"enemies":"Snecko","floor":28.0,"turns":8.0},{"damage":0.0,"enemies":"Gremlin Leader","floor":29.0,"turns":4.0},{"damage":0.0,"enemies":"Centurion and Healer","floor":31.0,"turns":2.0},{"damage":0.0,"enemies":"Collector","floor":33.0,"turns":4.0},{"damage":7.0,"enemies":"3 Shapes","floor":35.0,"turns":8.0},{"damage":0.0,"enemies":"Orb Walker","floor":36.0,"turns":3.0},{"damage":0.0,"enemies":"Maw","floor":38.0,"turns":4.0},{"damage":0.0,"enemies":"Spire Growth","floor":39.0,"turns":4.0},{"damage":17.0,"enemies":"Reptomancer","floor":40.0,"turns":7.0},{"damage":0,"enemies":"Writhing Mass","floor":42,"turns":3},{"damage":10,"enemies":"Sphere and 2 Shapes","floor":48,"turns":2},{"damage":0,"enemies":"Awakened One","floor":50,"turns":2}],"seed_played":"-6581858375273623342","potions_obtained":[{"floor":1.0,"key":"Weak Potion"},{"floor":6.0,"key":"EssenceOfSteel"},{"floor":10.0,"key":"SpeedPotion"},{"floor":12.0,"key":"EssenceOfSteel"},{"floor":14.0,"key":"Explosive Potion"},{"floor":18.0,"key":"Ancient Potion"},{"floor":27.0,"key":"EssenceOfSteel"},{"floor":29.0,"key":"Fruit Juice"},{"floor":35.0,"key":"EntropicBrew"},{"floor":36.0,"key":"PowerPotion"},{"floor":42,"key":"GhostInAJar"}],"is_trial":false,"path_per_floor":["M","?","?","M","?","E","R","E","T","E","M","E","M","E","R","B",null,"M","?","M","$","M","E","R","E","T","?","M","E","?","M","R","B",null,"M","M","$","M","M","E","R","M","T","$","?","?","?","M","R","B",null],"character_chosen":"THE_SILENT","items_purchased":["Membership Card","InkBottle","Well Laid Plans","Bronze Scales","Reflex","Medical Kit"],"campfire_rested":0,"item_purchase_floors":[21,21,21,21,37,44],"current_hp_per_floor":[59,48,53,53,53,23,23,23,23,20,20,20,20,20,20,41,64,62,62,62,62,62,62,62,55,55,57,47,49,49,51,51,78,82,80,82,82,84,86,71,71,71,71,71,71,71,71,63,63,88],"gold":418,"neow_bonus":"BOSS_RELIC","is_daily":false,"chose_seed":false,"campfire_upgraded":6,"win_rate":0.0,"timestamp":1610536069,"path_taken":["M","?","?","M","?","E","R","E","T","E","M","E","M","E","R","BOSS","M","?","?","$","M","E","R","E","T","?","M","E","?","?","R","BOSS","M","M","$","M","M","E","R","M","T","$","?","?","?","M","R","BOSS"],"items_purchased_type":["Relic","Relic","Card","Relic","Card","Relic"],"build_version":"2020-12-22","purchased_purges":3,"victory":true,"max_hp_per_floor":[66,66,71,71,71,71,71,71,71,71,71,71,71,71,71,71,71,71,71,71,71,71,71,71,73,73,75,77,79,79,81,81,83,83,88,90,90,92,94,96,96,96,96,96,96,91,91,93,93,93],"card_choices":[{"not_picked":["Dagger Spray","Backflip"],"picked":"Acrobatics","floor":1.0},{"not_picked":["Dagger Spray","Doppelganger"],"picked":"Noxious Fumes","floor":4.0},{"not_picked":["Bane","Footwork"],"picked":"Escape Plan","floor":6.0},{"not_picked":["Quick Slash","PiercingWail"],"picked":"Grand Finale","floor":8.0},{"not_picked":["Deadly Poison","Terror","Predator"],"picked":"SKIP","floor":10.0},{"not_picked":["Backflip","Quick Slash","Dagger Throw"],"picked":"SKIP","floor":11.0},{"not_picked":["Flechettes","Quick Slash","Blade Dance"],"picked":"SKIP","floor":12.0},{"not_picked":["Bane","Endless Agony"],"picked":"Burst","floor":13.0},{"not_picked":["A Thousand Cuts","Backflip","Cloak And Dagger"],"picked":"SKIP","floor":14.0},{"not_picked":["Glass Knife","Die Die Die"],"picked":"After Image","floor":16.0},{"not_picked":["Blade Dance","Backstab","Deadly Poison+1"],"picked":"SKIP","floor":18.0},{"not_picked":["Deflect","Poisoned Stab","Dagger Throw+1"],"picked":"SKIP","floor":20.0},{"not_picked":["Blade Dance+1","Doppelganger","Cloak And Dagger+1"],"picked":"SKIP","floor":22.0},{"not_picked":["Blur","Sucker Punch","Deflect"],"picked":"SKIP","floor":23.0},{"not_picked":["Flying Knee","Caltrops+1","Quick Slash"],"picked":"Singing Bowl","floor":25.0},{"not_picked":["Deflect","Sucker Punch","Bouncing Flask"],"picked":"Singing Bowl","floor":27.0},{"not_picked":["Blade Dance","Slice","Outmaneuver"],"picked":"Singing Bowl","floor":28.0},{"not_picked":["Leg Sweep","Expertise","Deflect"],"picked":"Singing Bowl","floor":29.0},{"not_picked":["Slice+1","Endless Agony+1","Corpse Explosion"],"picked":"Singing Bowl","floor":31.0},{"not_picked":["Wraith Form v2","Envenom","A Thousand Cuts"],"picked":"Singing Bowl","floor":33.0},{"not_picked":["Slice","Dagger Spray"],"picked":"Prepared+1","floor":35.0},{"not_picked":["Bane","Endless Agony","Caltrops+1"],"picked":"Singing Bowl","floor":36.0},{"not_picked":["Backstab","Distraction+1","Cloak And Dagger"],"picked":"Singing Bowl","floor":38.0},{"not_picked":["Expertise","PiercingWail","Poisoned Stab+1"],"picked":"Singing Bowl","floor":39.0},{"not_picked":["PiercingWail","Blade Dance","Dodge and Roll"],"picked":"Singing Bowl","floor":40},{"not_picked":["Underhanded Strike","Footwork"],"picked":"Tactician","floor":42},{"not_picked":["Choke","Flying Knee","Calculated Gamble"],"picked":"Singing Bowl","floor":48}],"player_experience":880667,"relics_obtained":[{"floor":6.0,"key":"Art of War"},{"floor":8.0,"key":"Blue Candle"},{"floor":9.0,"key":"Pantograph"},{"floor":10.0,"key":"Centennial Puzzle"},{"floor":12.0,"key":"Kunai"},{"floor":14.0,"key":"Dream Catcher"},{"floor":23.0,"key":"MawBank"},{"floor":25.0,"key":"Singing Bowl"},{"floor":26.0,"key":"Omamori"},{"floor":27.0,"key":"Red Mask"},{"floor":29.0,"key":"Ninja Scroll"},{"floor":40,"key":"Potion Belt"},{"floor":40,"key":"Bottled Lightning"},{"floor":43,"key":"Sundial"}],"event_choices":[{"damage_healed":0.0,"max_hp_gain":0.0,"max_hp_loss":0.0,"gold_gain":75.0,"event_name":"World of Goop","player_choice":"Gather Gold","floor":2.0,"gold_loss":0.0,"damage_taken":11.0},{"damage_healed":0.0,"max_hp_gain":5.0,"max_hp_loss":0.0,"gold_gain":0.0,"event_name":"Big Fish","player_choice":"Donut","floor":3.0,"gold_loss":0.0,"damage_taken":0.0},{"damage_healed":0.0,"max_hp_gain":0.0,"max_hp_loss":0.0,"gold_gain":0.0,"cards_transformed":["Leg Sweep"],"event_name":"Living Wall","player_choice":"Change","floor":5.0,"gold_loss":0.0,"damage_taken":0.0,"cards_obtained":["Calculated Gamble"]},{"damage_healed":0.0,"max_hp_gain":0.0,"max_hp_loss":0.0,"gold_gain":0.0,"event_name":"FaceTrader","player_choice":"Trade","floor":19.0,"gold_loss":0.0,"damage_taken":0.0,"relics_obtained":["CultistMask"]},{"damage_healed":0.0,"max_hp_gain":0.0,"max_hp_loss":0.0,"gold_gain":0.0,"event_name":"Masked Bandits","player_choice":"Fought Bandits","floor":27.0,"gold_loss":0.0,"damage_taken":0.0},{"damage_healed":0.0,"max_hp_gain":0.0,"max_hp_loss":0.0,"gold_gain":0.0,"event_name":"Accursed Blacksmith","player_choice":"Forge","floor":30.0,"gold_loss":0.0,"damage_taken":0.0,"cards_upgraded":["Acrobatics"]},{"damage_healed":0,"gold_gain":0,"player_choice":"Ignored","damage_taken":0,"max_hp_gain":0,"max_hp_loss":0,"event_name":"OrinTheCat","floor":45,"gold_loss":0},{"damage_healed":0,"gold_gain":0,"player_choice":"Max HP","damage_taken":0,"max_hp_gain":0,"max_hp_loss":5,"event_name":"Winding Halls","floor":46,"gold_loss":0},{"cards_removed":["Survivor"],"damage_healed":0,"gold_gain":0,"player_choice":"Purged","damage_taken":0,"max_hp_gain":0,"max_hp_loss":0,"event_name":"Purifier","floor":47,"gold_loss":0}],"is_beta":false,"boss_relics":[{"not_picked":["WristBlade","SacredBark"],"picked":"HoveringKite"},{"not_picked":["Calling Bell","Velvet Choker"],"picked":"Black Star"}],"items_purged_floors":[21,37,44],"is_endless":false,"potions_floor_spawned":[1,6,10,12,14,18,22,27,29,35,36,42],"ascension_level":16}}