{"host":"91ruqvp7hiryodqd","time":1610561392,"event":{"mods":["AchievementEnabler","BaseMod","Colored Map","Colored Powertips","Filter the Spire","Minty Spire (QoL Compilation)","Relic Stats","StSLib"],"gold_per_floor":[110,124,124,124,124,159,173,173,200,200,229,245,245,265,265,385,448,467,482,501,525,551,551,582,507,507,538,563,563,578,603,603,603,603],"floor_reached":33,"language":"ENG","playtime":1572,"items_purged":[],"score":337,"play_id":"b22f15ad-0c3f-4f2c-af41-7f585d7d150c","local_time":"20210114010952","is_ascension_mode":false,"campfire_choices":[{"data":"Consecrate","floor":8,"key":"SMITH"},{"data":"ClearTheMind","floor":13,"key":"SMITH"},{"data":"WaveOfTheHand","floor":15,"key":"SMITH"},{"data":"Vault","floor":23,"key":"SMITH"},{"data":"Prostrate","floor":32,"key":"SMITH"}],"circlet_count":0,"master_deck":["Strike_P","Strike_P","Defend_P+1","Defend_P","Eruption+1","Vigilance","TalkToTheHand+1","JustLucky+1","Tantrum+1","Consecrate+1","Prostrate+1","ClearTheMind+1","EmptyFist","SashWhip","FearNoEvil","WaveOfTheHand+1","Vault+1","DeceiveReality","FlurryOfBlows","CutThroughFate+1","DeusExMachina","Prostrate+1","SashWhip+1","Meditate"],"relics":["Astrolabe","Golden Idol","Lantern","PreservedInsect","Odd Mushroom","Tiny House","Art of War","Anchor","Vajra","Matryoshka","Happy Flower","Smiling Mask","Pen Nib"],"acts_visited":["Exordium","TheCity"],"potions_floor_usage":[5,6,6,12,16,20,28,33,33],"damage_taken":[{"damage":0,"enemies":"Cultist","floor":1,"turns":2},{"damage":3,"enemies":"Jaw Worm","floor":2,"turns":3},{"damage":3,"enemies":"Lagavulin","floor":6,"turns":3},{"damage":0,"enemies":"2 Louse","floor":7,"turns":1},{"damage":0,"enemies":"The Mushroom Lair","floor":11,"turns":4},{"damage":0,"enemies":"Lots of Slimes","floor":12,"turns":3},{"damage":1,"enemies":"Blue Slaver","floor":14,"turns":3},{"damage":22,"enemies":"The Guardian","floor":16,"turns":9},{"damage":0,"enemies":"3 Byrds","floor":18,"turns":5},{"damage":0,"enemies":"Chosen","floor":19,"turns":3},{"damage":9,"enemies":"3 Cultists","floor":20,"turns":6},{"damage":0,"enemies":"Gremlin Leader","floor":24,"turns":4},{"damage":0,"enemies":"Slavers","floor":27,"turns":2},{"damage":23,"enemies":"Centurion and Healer","floor":28,"turns":4},{"damage":2,"enemies":"Cultist and Chosen","floor":30,"turns":6},{"damage":3,"enemies":"3 Cultists","floor":31,"turns":3},{"damage":67,"enemies":"Automaton","floor":33,"turns":7}],"seed_played":"-3298695669959654992","potions_obtained":[{"floor":2,"key":"EssenceOfSteel"},{"floor":5,"key":"Weak Potion"},{"floor":5,"key":"AttackPotion"},{"floor":5,"key":"Fruit Juice"},{"floor":6,"key":"CultistPotion"},{"floor":11,"key":"DistilledChaos"},{"floor":17,"key":"SkillPotion"},{"floor":18,"key":"DuplicationPotion"},{"floor":27,"key":"ColorlessPotion"},{"floor":30,"key":"FearPotion"}],"is_trial":false,"path_per_floor":["M","M","?","?","?","E","M","R","T","?","?","M","R","M","R","B",null,"M","M","M","T","T","R","E","?","T","E","M","T","M","M","R","B"],"character_chosen":"WATCHER","items_purchased":[],"campfire_rested":0,"item_purchase_floors":[],"current_hp_per_floor":[72,69,69,51,56,53,53,53,53,53,53,53,53,52,52,30,82,82,82,73,73,73,73,73,73,73,73,50,50,48,45,45,0,0],"gold":603,"neow_bonus":"BOSS_RELIC","is_daily":false,"chose_seed":false,"campfire_upgraded":5,"win_rate":0.0,"timestamp":1610561392,"path_taken":["M","?","?","?","?","E","?","R","T","?","?","?","R","M","R","BOSS","M","M","?","?","?","R","E","?","T","E","M","?","M","M","R","BOSS"],"items_purchased_type":[],"build_version":"2020-12-22","purchased_purges":0,"victory":false,"max_hp_per_floor":[72,72,72,72,77,77,77,77,77,77,77,77,77,77,77,77,82,82,82,82,82,82,82,82,82,82,82,82,82,82,82,82,82,82],"relic_stats":{"Happy Flower":[6],"counters":[17,68],"Golden Idol":96,"Astrolabe":["TalkToTheHand","JustLucky","Tantrum"],"PreservedInsect":83,"Pen Nib":[5],"Art of War":[0],"Smiling Mask":0,"obtain_stats":[{"Lantern":6,"Tiny House":17,"Happy Flower":27,"Golden Idol":4,"Astrolabe":0,"Vajra":24,"PreservedInsect":9,"Pen Nib":29,"Odd Mushroom":11,"Smiling Mask":29,"Anchor":22,"Matryoshka":26,"Art of War":21,"PureWater":0},{"Lantern":3,"Tiny House":8,"Happy Flower":13,"Golden Idol":2,"Astrolabe":0,"Vajra":12,"PreservedInsect":4,"Pen Nib":14,"Odd Mushroom":5,"Smiling Mask":14,"Anchor":11,"Matryoshka":12,"Art of War":11,"PureWater":0},{"Lantern":8,"Tiny House":28,"Happy Flower":48,"Golden Idol":5,"Astrolabe":0,"Vajra":46,"PreservedInsect":9,"Pen Nib":52,"Odd Mushroom":13,"Smiling Mask":52,"Anchor":42,"Matryoshka":46,"Art of War":42,"PureWater":0}]},"card_choices":[{"not_picked":["SashWhip","JustLucky"],"picked":"Consecrate","floor":1},{"not_picked":["Evaluate","BattleHymn"],"picked":"Prostrate","floor":2},{"not_picked":["Consecrate","SashWhip"],"picked":"ClearTheMind","floor":6},{"not_picked":["ClearTheMind","EmptyMind"],"picked":"EmptyFist","floor":7},{"not_picked":["WheelKick","CrushJoints"],"picked":"SashWhip","floor":11},{"not_picked":["WreathOfFlame","Consecrate"],"picked":"FearNoEvil","floor":12},{"not_picked":["ClearTheMind","ForeignInfluence"],"picked":"WaveOfTheHand","floor":14},{"not_picked":["Omniscience","Establishment"],"picked":"Vault","floor":16},{"not_picked":["Pray","EmptyFist"],"picked":"DeceiveReality","floor":17},{"not_picked":["DeceiveReality","PathToVictory"],"picked":"FlurryOfBlows","floor":18},{"not_picked":["EmptyFist","FollowUp"],"picked":"CutThroughFate+1","floor":19},{"not_picked":["Halt","InnerPeace","EmptyFist"],"picked":"SKIP","floor":20},{"not_picked":["FlyingSleeves","PathToVictory"],"picked":"DeusExMachina","floor":24},{"not_picked":["EmptyFist","Pray"],"picked":"Prostrate+1","floor":27},{"not_picked":["FollowUp","WaveOfTheHand+1"],"picked":"SashWhip+1","floor":28},{"not_picked":["Crescendo","Worship+1"],"picked":"Meditate","floor":30},{"not_picked":["Crescendo","Omniscience","Evaluate"],"picked":"SKIP","floor":31}],"player_experience":40083,"relics_obtained":[{"floor":6,"key":"Lantern"},{"floor":9,"key":"PreservedInsect"},{"floor":11,"key":"Odd Mushroom"},{"floor":21,"key":"Art of War"},{"floor":22,"key":"Anchor"},{"floor":24,"key":"Vajra"},{"floor":26,"key":"Matryoshka"},{"floor":27,"key":"Happy Flower"},{"floor":29,"key":"Smiling Mask"},{"floor":29,"key":"Pen Nib"}],"event_choices":[{"damage_healed":0,"gold_gain":0,"player_choice":"Ignored","damage_taken":0,"max_hp_gain":0,"max_hp_loss":0,"event_name":"Liars Game","floor":3,"gold_loss":0},{"damage_healed":0,"gold_gain":0,"player_choice":"Take Damage","damage_taken":18,"relics_obtained":["Golden Idol"],"max_hp_gain":0,"max_hp_loss":0,"event_name":"Golden Idol","floor":4,"gold_loss":0},{"damage_healed":0,"gold_gain":0,"player_choice":"Got Potions","damage_taken":0,"max_hp_gain":0,"max_hp_loss":0,"event_name":"Lab","floor":5,"gold_loss":0},{"damage_healed":0,"gold_gain":0,"player_choice":"Grow","damage_taken":0,"max_hp_gain":0,"max_hp_loss":0,"event_name":"Living Wall","floor":10,"gold_loss":0,"cards_upgraded":["Eruption"]},{"damage_healed":0,"gold_gain":0,"player_choice":"Fought Mushrooms","damage_taken":0,"max_hp_gain":0,"max_hp_loss":0,"event_name":"Mushrooms","floor":11,"gold_loss":0},{"cards_removed":["Defend_P"],"damage_healed":0,"gold_gain":0,"player_choice":"Gave Gold","damage_taken":0,"max_hp_gain":0,"max_hp_loss":0,"event_name":"Beggar","floor":25,"gold_loss":75}],"is_beta":false,"boss_relics":[{"not_picked":["Coffee Dripper","Busted Crown"],"picked":"Tiny House"}],"items_purged_floors":[],"is_endless":false,"potions_floor_spawned":[2,6,11,18,27,30],"killed_by":"Automaton","ascension_level":0}}