{"host":"f7ig0n19ugxy95hc","time":1610511342,"event":{"mods":["BaseMod","Minty Spire (QoL Compilation)","StSLib"],"gold_per_floor":[314,314,339,358,19,19,43,66,66,100,100,114,9,9,9,129,129,149,149,149,5,15,15,36,69,69,92,110,37,37,37,37,37,37],"floor_reached":33,"language":"ENG","playtime":3503,"items_purged":[],"score":342,"play_id":"41eaafe2-e4c1-4b22-9e51-bad2ee78d8b1","local_time":"20210113051542","is_ascension_mode":false,"campfire_choices":[{"floor":6,"key":"REST"},{"floor":15,"key":"REST"},{"floor":23,"key":"REST"},{"floor":32,"key":"REST"}],"circlet_count":0,"master_deck":["Zap","Dualcast","Glacier+1","Lockon","Cold Snap","Hello World","Loop","Rip and Tear","Thunder Strike","BootSequence+1","Conserve Battery+1","Stack+1","Static Discharge","Melter","Ball Lightning","Compile Driver","Storm","Hologram","Leap","Amplify","Glacier","Self Repair","Bite","Bite","Bite","Bite","Bite","Fusion+1","Gash+1","Capacitor+1","Scrape","BootSequence+1","Rip and Tear","Impatience","Stack+1"],"relics":["Cracked Core","Old Coin","Golden Idol","Sling","Dream Catcher","Juzu Bracelet","TungstenRod","Pandora\u0027s Box","War Paint","Mummified Hand","Vajra"],"acts_visited":["Exordium","TheCity"],"potions_floor_usage":[10,10,16,25,27,33],"damage_taken":[{"damage":4,"enemies":"Small Slimes","floor":1,"turns":4},{"damage":9,"enemies":"Jaw Worm","floor":3,"turns":7},{"damage":0,"enemies":"Cultist","floor":4,"turns":3},{"damage":9,"enemies":"Large Slime","floor":7,"turns":5},{"damage":3,"enemies":"3 Louse","floor":8,"turns":4},{"damage":0,"enemies":"3 Sentries","floor":10,"turns":5},{"damage":5,"enemies":"Exordium Wildlife","floor":12,"turns":2},{"damage":17,"enemies":"Slime Boss","floor":16,"turns":11},{"damage":13,"enemies":"Chosen","floor":18,"turns":7},{"damage":17,"enemies":"2 Thieves","floor":22,"turns":5},{"damage":5,"enemies":"Centurion and Healer","floor":24,"turns":9},{"damage":37,"enemies":"Slavers","floor":25,"turns":7},{"damage":10,"enemies":"3 Cultists","floor":27,"turns":6},{"damage":9,"enemies":"Snake Plant","floor":28,"turns":4},{"damage":100,"enemies":"Collector","floor":33,"turns":13}],"seed_played":"-6853555061457835391","potions_obtained":[{"floor":4,"key":"DistilledChaos"},{"floor":8,"key":"DistilledChaos"},{"floor":12,"key":"Swift Potion"},{"floor":24,"key":"SkillPotion"},{"floor":25,"key":"PowerPotion"},{"floor":28,"key":"SneckoOil"}],"is_trial":false,"path_per_floor":["M","?","M","M","$","R","M","M","T","E","T","M","$","?","R","B",null,"M","?","?","$","M","R","M","E","T","M","M","$","?","?","R","B"],"character_chosen":"DEFECT","items_purchased":["Sling","Blood Vial","Hello World","Conserve Battery","Stack","War Paint","Rip and Tear"],"campfire_rested":4,"item_purchase_floors":[5,5,5,13,13,21,29],"current_hp_per_floor":[71,53,44,44,44,66,59,58,58,60,60,57,57,43,65,50,75,62,62,62,62,58,75,75,51,51,58,55,55,55,45,67,0,0],"gold":37,"neow_bonus":"ONE_RARE_RELIC","is_daily":false,"chose_seed":false,"campfire_upgraded":0,"win_rate":0.0,"timestamp":1610511342,"path_taken":["M","?","M","M","$","R","M","M","T","E","?","M","$","?","R","BOSS","M","?","?","?","M","R","M","E","T","M","M","$","?","?","R","BOSS"],"items_purchased_type":["Relic","Relic","Card","Card","Card","Relic","Card"],"build_version":"2020-12-22","purchased_purges":0,"victory":false,"max_hp_per_floor":[75,75,75,75,75,75,75,75,75,75,75,75,75,75,75,75,75,75,75,75,75,75,75,75,75,75,75,75,75,75,75,75,75,75],"card_choices":[{"not_picked":["Leap","Chill"],"picked":"Glacier","floor":1},{"not_picked":["Stack","Beam Cell"],"picked":"Lockon","floor":3},{"not_picked":["Coolheaded","Hologram"],"picked":"Cold Snap","floor":4},{"not_picked":["Ball Lightning","Cold Snap"],"picked":"Loop","floor":7},{"not_picked":["Reinforced Body","Beam Cell"],"picked":"Rip and Tear","floor":8},{"not_picked":["Leap","Barrage"],"picked":"Thunder Strike","floor":10},{"not_picked":["Melter","Streamline"],"picked":"BootSequence","floor":12},{"not_picked":["Steam","Blizzard"],"picked":"Static Discharge","floor":15},{"not_picked":["Thunder Strike","Seek"],"picked":"Amplify","floor":16},{"not_picked":["Glacier","Gash"],"picked":"Self Repair","floor":18},{"not_picked":["Barrage","Go for the Eyes+1","Consume"],"picked":"SKIP","floor":22},{"not_picked":["Stack","Streamline"],"picked":"Fusion+1","floor":23},{"not_picked":["Reboot","Ball Lightning"],"picked":"Gash+1","floor":24},{"not_picked":["Machine Learning","Coolheaded"],"picked":"Capacitor+1","floor":25},{"not_picked":["Go for the Eyes","Rebound"],"picked":"Scrape","floor":27},{"not_picked":["Capacitor","Heatsinks"],"picked":"BootSequence+1","floor":28},{"not_picked":["Chill","Coolheaded"],"picked":"Stack+1","floor":32}],"player_experience":148210,"relics_obtained":[{"floor":9,"key":"Dream Catcher"},{"floor":10,"key":"Juzu Bracelet"},{"floor":11,"key":"TungstenRod"},{"floor":25,"key":"Mummified Hand"},{"floor":26,"key":"Vajra"}],"event_choices":[{"damage_healed":0,"gold_gain":0,"player_choice":"Take Damage","damage_taken":18,"relics_obtained":["Golden Idol"],"max_hp_gain":0,"max_hp_loss":0,"event_name":"Golden Idol","floor":2,"gold_loss":0},{"damage_healed":0,"gold_gain":0,"player_choice":"Entered Light","damage_taken":15,"max_hp_gain":0,"max_hp_loss":0,"event_name":"Shining Light","floor":14,"gold_loss":0,"cards_upgraded":["Glacier","Conserve Battery"]},{"cards_removed":["Amplify"],"damage_healed":0,"gold_gain":0,"player_choice":"Elegance","damage_taken":0,"max_hp_gain":0,"max_hp_loss":0,"event_name":"Back to Basics","floor":19,"gold_loss":0},{"damage_healed":0,"gold_gain":0,"player_choice":"Became a vampire (Vial)","damage_taken":0,"max_hp_gain":0,"max_hp_loss":0,"event_name":"Vampires","floor":20,"relics_lost":["Blood Vial"],"gold_loss":0,"cards_obtained":["Bite","Bite","Bite","Bite","Bite"]},{"damage_healed":0,"gold_gain":0,"player_choice":"CARD ","damage_taken":12,"max_hp_gain":0,"max_hp_loss":0,"event_name":"Knowing Skull","floor":31,"potions_obtained":[],"gold_loss":0,"cards_obtained":["Impatience"]},{"damage_healed":0,"gold_gain":0,"player_choice":"CARD ","damage_taken":12,"max_hp_gain":0,"max_hp_loss":0,"event_name":"Knowing Skull","floor":31,"potions_obtained":[],"gold_loss":0,"cards_obtained":["Impatience"]}],"is_beta":false,"boss_relics":[{"not_picked":["Runic Dome","Snecko Eye"],"picked":"Pandora\u0027s Box"}],"items_purged_floors":[],"is_endless":false,"potions_floor_spawned":[4,8,12,24,25,28],"killed_by":"Collector","ascension_level":0}}