{"host":"t7kvkl97w82750ny","time":1610548549,"event":{"mods":["2.2 Compatiblity","BaseMod","Bestiary","Minty Spire (QoL Compilation)","Permanent Neow","Relic Stats","StSLib"],"gold_per_floor":[361,378,397,397,412,438,313,313,368,368,402,402,434,96,96,193,193,213,233,233,158,17,29,49,49,49,63,98,98,131,131,131,230,230,240,258,275,286,286,161,161,11,11,11,11,39,50,84,84,84],"floor_reached":51,"language":"ENG","playtime":795,"items_purged":["Defend_R","Defend_R","Strike_R","Strike_R"],"score":838,"play_id":"85194a8f-e920-4d7a-9989-d9e41d5f0910","local_time":"20210113153549","is_ascension_mode":false,"campfire_choices":[{"data":"Bash","floor":10.0,"key":"SMITH"},{"data":"Flex","floor":12.0,"key":"SMITH"},{"data":"Anger","floor":15.0,"key":"SMITH"},{"data":"Whirlwind","floor":25.0,"key":"SMITH"},{"data":"Offering","floor":32.0,"key":"SMITH"},{"data":"Offering","floor":41.0,"key":"SMITH"},{"data":"Limit Break","floor":45.0,"key":"SMITH"},{"floor":49,"key":"REST"}],"circlet_count":0,"master_deck":["Strike_R+1","Bash+1","Anger+1","Clash","Cleave","Headbutt","Flex+1","Clothesline","Dropkick","Limit Break+1","Disarm","Whirlwind+1","Offering+1","Whirlwind+1","Offering+1","Heavy Blade+1","Flex+1"],"relics":["Burning Blood","Ornamental Fan","Juzu Bracelet","Akabeko","Anchor","Red Skull","ClockworkSouvenir","Runic Dome","Bag of Marbles","Omamori","Happy Flower","StoneCalendar","Dream Catcher","Empty Cage","Regal Pillow","Ancient Tea Set","Orichalcum"],"acts_visited":["Exordium","TheCity","TheBeyond"],"potions_floor_usage":[46,50],"damage_taken":[{"damage":8.0,"enemies":"Small Slimes","floor":1.0,"turns":3.0},{"damage":11.0,"enemies":"Jaw Worm","floor":2.0,"turns":2.0},{"damage":7.0,"enemies":"2 Louse","floor":3.0,"turns":2.0},{"damage":9.0,"enemies":"2 Fungi Beasts","floor":5.0,"turns":3.0},{"damage":8.0,"enemies":"Gremlin Nob","floor":6.0,"turns":3.0},{"damage":11.0,"enemies":"Lagavulin","floor":11.0,"turns":5.0},{"damage":0.0,"enemies":"3 Sentries","floor":13.0,"turns":3.0},{"damage":14.0,"enemies":"Hexaghost","floor":16.0,"turns":4.0},{"damage":6.0,"enemies":"3 Byrds","floor":18.0,"turns":3.0},{"damage":6.0,"enemies":"Spheric Guardian","floor":19.0,"turns":3.0},{"damage":6.0,"enemies":"Snecko","floor":23.0,"turns":2.0},{"damage":0.0,"enemies":"Shelled Parasite and Fungi","floor":24.0,"turns":1.0},{"damage":6.0,"enemies":"Snake Plant","floor":27.0,"turns":2.0},{"damage":0.0,"enemies":"Slavers","floor":28.0,"turns":1.0},{"damage":6.0,"enemies":"Book of Stabbing","floor":30.0,"turns":2.0},{"damage":39.0,"enemies":"Collector","floor":33.0,"turns":4.0},{"damage":0.0,"enemies":"3 Darklings","floor":35.0,"turns":1.0},{"damage":0.0,"enemies":"Orb Walker","floor":36.0,"turns":1.0},{"damage":0.0,"enemies":"4 Shapes","floor":37.0,"turns":1.0},{"damage":28.0,"enemies":"Writhing Mass","floor":38.0,"turns":2.0},{"damage":21,"enemies":"Giant Head","floor":46,"turns":3},{"damage":12,"enemies":"Spire Growth","floor":47,"turns":1},{"damage":9,"enemies":"Nemesis","floor":48,"turns":3},{"damage":22,"enemies":"Donu and Deca","floor":50,"turns":2}],"seed_played":"1428738442641297292","potions_obtained":[{"floor":1.0,"key":"SteroidPotion"},{"floor":5.0,"key":"BlessingOfTheForge"},{"floor":16.0,"key":"PowerPotion"},{"floor":23.0,"key":"SpeedPotion"},{"floor":28.0,"key":"Strength Potion"},{"floor":35.0,"key":"AttackPotion"},{"floor":38.0,"key":"Swift Potion"},{"floor":47,"key":"SpeedPotion"}],"is_trial":false,"path_per_floor":["M","M","M","?","M","E","$","?","T","R","E","R","E","$","R","B",null,"M","M","?","?","$","M","M","R","T","M","E","?","E","?","R","B",null,"M","M","M","M","?","$","R","$","T","?","R","E","M","E","R","B",null],"character_chosen":"IRONCLAD","items_purchased":["FearPotion","ClockworkSouvenir","Dropkick","AttackPotion","Offering"],"campfire_rested":1,"item_purchase_floors":[7,14,14,14,22],"current_hp_per_floor":[70,65,64,50,47,45,45,45,45,45,40,40,46,46,46,38,72,72,72,72,72,72,72,72,72,72,72,72,72,72,72,72,39,72,72,72,72,50,68,68,68,68,68,68,68,53,47,44,72,56],"gold":84,"neow_bonus":"TWO_FIFTY_GOLD","is_daily":false,"chose_seed":false,"campfire_upgraded":7,"win_rate":0.0,"timestamp":1610548549,"path_taken":["M","M","M","?","M","E","$","?","T","R","E","R","E","$","R","BOSS","M","M","?","?","$","M","M","R","T","M","E","?","E","?","R","BOSS","M","M","M","M","?","$","R","$","T","?","R","E","M","E","R","BOSS"],"items_purchased_type":["Potion","Relic","Card","Potion","Card"],"build_version":"2020-12-22","purchased_purges":4,"victory":true,"max_hp_per_floor":[72,72,72,72,72,72,72,72,72,72,72,72,72,72,72,72,72,72,72,72,72,72,72,72,72,72,72,72,72,72,72,72,72,72,72,72,72,72,72,72,72,72,72,72,72,72,72,72,72,72],"relic_stats":{"Dream Catcher":1,"Regal Pillow":7,"Happy Flower":[6],"counters":[24,57],"Ornamental Fan":[112],"StoneCalendar":[0],"Juzu Bracelet":2,"Orichalcum":[0],"obtain_stats":[{"Regal Pillow":43,"Happy Flower":28,"StoneCalendar":30,"Juzu Bracelet":8,"Omamori":26,"Orichalcum":48,"Empty Cage":34,"Ancient Tea Set":46,"Burning Blood":0,"Akabeko":9,"ClockworkSouvenir":14,"Runic Dome":17,"Anchor":11,"Dream Catcher":31,"Ornamental Fan":6,"Bag of Marbles":20,"Red Skull":13},{"Regal Pillow":20,"Happy Flower":14,"StoneCalendar":15,"Juzu Bracelet":5,"Omamori":12,"Orichalcum":23,"Empty Cage":16,"Ancient Tea Set":21,"Burning Blood":0,"Akabeko":5,"ClockworkSouvenir":7,"Runic Dome":8,"Anchor":6,"Dream Catcher":15,"Ornamental Fan":5,"Bag of Marbles":10,"Red Skull":7},{"Regal Pillow":48,"Happy Flower":37,"StoneCalendar":39,"Juzu Bracelet":13,"Omamori":34,"Orichalcum":55,"Empty Cage":43,"Ancient Tea Set":51,"Burning Blood":0,"Akabeko":13,"ClockworkSouvenir":21,"Runic Dome":25,"Anchor":18,"Dream Catcher":39,"Ornamental Fan":13,"Bag of Marbles":31,"Red Skull":21}],"Burning Blood":114},"card_choices":[{"not_picked":["Clothesline","Shrug It Off"],"picked":"Anger","floor":1.0},{"not_picked":["Entrench","Heavy Blade","Intimidate"],"picked":"SKIP","floor":2.0},{"not_picked":["Iron Wave","True Grit"],"picked":"Clash","floor":3.0},{"not_picked":["Perfected Strike","Juggernaut"],"picked":"Cleave","floor":5.0},{"not_picked":["Fire Breathing","Shrug It Off"],"picked":"Headbutt","floor":6.0},{"not_picked":["Seeing Red","Power Through"],"picked":"Flex","floor":11.0},{"not_picked":["Sentinel","Blood for Blood"],"picked":"Clothesline","floor":13.0},{"not_picked":["Barricade","Bludgeon"],"picked":"Limit Break","floor":16.0},{"not_picked":["Havoc","Second Wind"],"picked":"Disarm","floor":18.0},{"not_picked":["Carnage","Thunderclap+1"],"picked":"Whirlwind","floor":19.0},{"not_picked":["Blood for Blood","Flex+1"],"picked":"Whirlwind+1","floor":23.0},{"not_picked":["Perfected Strike","Combust","Dual Wield"],"picked":"SKIP","floor":24.0},{"not_picked":["Rampage+1","Iron Wave","Havoc"],"picked":"SKIP","floor":27.0},{"not_picked":["Thunderclap","Reaper","Feel No Pain"],"picked":"SKIP","floor":28.0},{"not_picked":["Dual Wield","Disarm","Havoc"],"picked":"SKIP","floor":30.0},{"not_picked":["Juggernaut","Exhume"],"picked":"Offering","floor":33.0},{"not_picked":["Ghostly Armor","True Grit","Heavy Blade+1"],"picked":"SKIP","floor":35.0},{"not_picked":["Evolve","Sentinel","Warcry"],"picked":"SKIP","floor":36.0},{"not_picked":["Carnage+1","Wild Strike+1","Iron Wave"],"picked":"SKIP","floor":37.0},{"not_picked":["Heavy Blade+1","Iron Wave","Perfected Strike+1"],"picked":"SKIP","floor":38.0},{"not_picked":["Metallicize+1","Sword Boomerang","Combust"],"picked":"SKIP","floor":46},{"not_picked":["Havoc+1","Iron Wave","Warcry"],"picked":"SKIP","floor":47},{"not_picked":["Heavy Blade+1","Clash","Wild Strike+1"],"picked":"SKIP","floor":48},{"not_picked":["Clash","Wild Strike+1"],"picked":"Heavy Blade+1","floor":48},{"not_picked":["Warcry+1","Seeing Red+1"],"picked":"Flex+1","floor":49}],"player_experience":1238066,"relics_obtained":[{"floor":6.0,"key":"Ornamental Fan"},{"floor":9.0,"key":"Akabeko"},{"floor":11.0,"key":"Anchor"},{"floor":13.0,"key":"Red Skull"},{"floor":26.0,"key":"Omamori"},{"floor":28.0,"key":"Happy Flower"},{"floor":30.0,"key":"StoneCalendar"},{"floor":43.0,"key":"Regal Pillow"},{"floor":46,"key":"Ancient Tea Set"},{"floor":48,"key":"Orichalcum"}],"event_choices":[{"damage_healed":0.0,"max_hp_gain":0.0,"max_hp_loss":0.0,"gold_gain":0.0,"event_name":"Shining Light","player_choice":"Entered Light","floor":4.0,"gold_loss":0.0,"damage_taken":14.0,"cards_upgraded":["Strike_R","Strike_R"]},{"damage_healed":0.0,"max_hp_gain":0.0,"max_hp_loss":0.0,"gold_gain":0.0,"event_name":"Dead Adventurer","player_choice":"Searched \u00271\u0027 times","floor":8.0,"gold_loss":0.0,"damage_taken":0.0,"relics_obtained":["Juzu Bracelet"]},{"damage_healed":0.0,"max_hp_gain":0.0,"max_hp_loss":0.0,"gold_gain":0.0,"event_name":"The Mausoleum","player_choice":"Opened","floor":20.0,"gold_loss":0.0,"damage_taken":0.0,"relics_obtained":["Bag of Marbles"],"cards_obtained":["Writhe"]},{"cards_removed":["Writhe"],"damage_healed":0.0,"max_hp_gain":0.0,"max_hp_loss":0.0,"gold_gain":0.0,"event_name":"Beggar","player_choice":"Gave Gold","floor":21.0,"gold_loss":75.0,"damage_taken":0.0},{"cards_removed":["Defend_R"],"damage_healed":0.0,"max_hp_gain":0.0,"max_hp_loss":0.0,"gold_gain":0.0,"event_name":"Purifier","player_choice":"Purged","floor":29.0,"gold_loss":0.0,"damage_taken":0.0},{"damage_healed":0.0,"max_hp_gain":0.0,"max_hp_loss":0.0,"gold_gain":0.0,"event_name":"Addict","player_choice":"Stole Relic","floor":31.0,"gold_loss":0.0,"damage_taken":0.0,"relics_obtained":["Dream Catcher"],"cards_obtained":["Shame"]},{"damage_healed":18.0,"max_hp_gain":0.0,"max_hp_loss":0.0,"gold_gain":0.0,"event_name":"Winding Halls","player_choice":"Writhe","floor":39.0,"gold_loss":0.0,"damage_taken":0.0,"cards_obtained":["Writhe"]},{"cards_removed":["Strike_R"],"damage_healed":0.0,"max_hp_gain":0.0,"max_hp_loss":0.0,"gold_gain":0.0,"event_name":"Falling","player_choice":"Removed Attack","floor":44.0,"gold_loss":0.0,"damage_taken":0.0}],"is_beta":false,"boss_relics":[{"not_picked":["Busted Crown","Sozu"],"picked":"Runic Dome"},{"not_picked":["Black Blood","Velvet Choker"],"picked":"Empty Cage"}],"items_purged_floors":[7,14,40,42],"is_endless":false,"potions_floor_spawned":[1,5,16,23,27,28,35,38,47],"ascension_level":0}}