{"host":"0cgp910o8339lr91","time":1610554825,"event":{"mods":["BaseMod","Block Reminder","Colored Map","Colored Powertips","Minty Spire (QoL Compilation)","Relic Stats","Slay-I","ojb\u0027s Better Paths Mod","ojb\u0027s Info Mod"],"gold_per_floor":[118,34,51,71,86,121,121,146,228,263,263,263,263,293,293,369,369,380,52,52,52,52,84,84,119,144,144,144],"floor_reached":27,"language":"ENG","playtime":1362,"items_purged":["Regret"],"score":800,"play_id":"445d1e23-d35b-4c52-b766-f94372c79c8d","local_time":"20210113172025","is_ascension_mode":true,"campfire_choices":[{"data":"Eruption","floor":12,"key":"SMITH"},{"data":"Wallop","floor":15,"key":"SMITH"},{"data":"Wallop","floor":24,"key":"SMITH"}],"circlet_count":0,"master_deck":["AscendersBane","Strike_P+1","Strike_P+1","Strike_P","Strike_P","Defend_P","Defend_P","Defend_P","Eruption+1","Vigilance","Consecrate","Wallop+1","CutThroughFate","Wallop+1","Halt","ClearTheMind","Tantrum","Shame","FearNoEvil"],"relics":["PureWater","NeowsBlessing","Juzu Bracelet","Thread and Needle","Bottled Flame","Strawberry","Bag of Preparation","MealTicket","Coffee Dripper","Frozen Eye","Mummified Hand","GremlinMask","Yang","Prayer Wheel","Oddly Smooth Stone"],"acts_visited":["Exordium","TheCity"],"potions_floor_usage":[6,14,25],"damage_taken":[{"damage":0,"enemies":"2 Louse","floor":1,"turns":1},{"damage":0,"enemies":"Jaw Worm","floor":3,"turns":1},{"damage":0,"enemies":"Cultist","floor":4,"turns":1},{"damage":0,"enemies":"2 Fungi Beasts","floor":5,"turns":2},{"damage":0,"enemies":"Gremlin Nob","floor":6,"turns":3},{"damage":3,"enemies":"3 Sentries","floor":8,"turns":7},{"damage":17,"enemies":"Lagavulin","floor":10,"turns":6},{"damage":5,"enemies":"3 Sentries","floor":14,"turns":2},{"damage":6,"enemies":"The Guardian","floor":16,"turns":7},{"damage":2,"enemies":"Chosen","floor":18,"turns":3},{"damage":52,"enemies":"Book of Stabbing","floor":23,"turns":5},{"damage":0,"enemies":"Gremlin Leader","floor":25,"turns":4},{"damage":0,"enemies":"Slavers","floor":27,"turns":1}],"seed_played":"-4390188838688488400","potions_obtained":[{"floor":3,"key":"Strength Potion"},{"floor":4,"key":"SkillPotion"},{"floor":5,"key":"SteroidPotion"},{"floor":6,"key":"SmokeBomb"},{"floor":23,"key":"FearPotion"},{"floor":25,"key":"LiquidBronze"}],"is_trial":false,"path_per_floor":["M","$","M","M","M","E","?","E","T","E","?","R","?","E","R","B",null,"M","$","?","?","?","E","R","E","T","E"],"character_chosen":"WATCHER","items_purchased":["Wallop","Frozen Eye","Tantrum"],"campfire_rested":0,"item_purchase_floors":[2,19,19],"current_hp_per_floor":[61,61,61,61,61,61,41,38,38,28,28,28,28,23,23,17,61,59,74,74,74,53,1,1,1,1,1,1],"gold":144,"neow_bonus":"THREE_ENEMY_KILL","is_daily":false,"chose_seed":false,"campfire_upgraded":3,"win_rate":0.0,"timestamp":1610554825,"path_taken":["M","$","M","M","M","E","?","E","T","E","?","R","?","E","R","BOSS","M","$","?","?","?","E","R","E","T","E"],"items_purchased_type":["Card","Relic","Card"],"build_version":"2020-12-22","purchased_purges":1,"victory":false,"max_hp_per_floor":[68,68,68,68,68,68,68,68,68,75,75,75,75,75,75,75,75,75,75,75,75,80,80,80,80,80,80,80],"relic_stats":{"counters":[13,43],"Mummified Hand":[0],"MealTicket":15,"Yang":[14],"Prayer Wheel":0,"Juzu Bracelet":1,"Bag of Preparation":[12],"obtain_stats":[{"NeowsBlessing":0,"Oddly Smooth Stone":26,"Thread and Needle":8,"GremlinMask":21,"Yang":23,"Juzu Bracelet":6,"Bag of Preparation":11,"Frozen Eye":19,"Bottled Flame":9,"Mummified Hand":20,"Strawberry":10,"MealTicket":14,"Prayer Wheel":25,"Coffee Dripper":17,"PureWater":0},{"NeowsBlessing":0,"Oddly Smooth Stone":12,"Thread and Needle":6,"GremlinMask":10,"Yang":11,"Juzu Bracelet":5,"Bag of Preparation":7,"Frozen Eye":10,"Bottled Flame":6,"Mummified Hand":10,"Strawberry":7,"MealTicket":8,"Prayer Wheel":12,"Coffee Dripper":9,"PureWater":0},{"NeowsBlessing":0,"Oddly Smooth Stone":42,"Thread and Needle":15,"GremlinMask":33,"Yang":38,"Juzu Bracelet":8,"Bag of Preparation":21,"Frozen Eye":33,"Bottled Flame":15,"Mummified Hand":33,"Strawberry":21,"MealTicket":23,"Prayer Wheel":42,"Coffee Dripper":30,"PureWater":0}]},"card_choices":[{"not_picked":["Crescendo","SashWhip"],"picked":"Consecrate","floor":1},{"not_picked":["FearNoEvil","CrushJoints"],"picked":"CutThroughFate","floor":3},{"not_picked":["SignatureMove","ForeignInfluence","Evaluate"],"picked":"SKIP","floor":4},{"not_picked":["SashWhip","SandsOfTime"],"picked":"Wallop","floor":5},{"not_picked":["SpiritShield","Crescendo","Evaluate"],"picked":"SKIP","floor":6},{"not_picked":["ThirdEye","MasterReality","Protect"],"picked":"SKIP","floor":8},{"not_picked":["BowlingBash","Pray"],"picked":"Halt","floor":10},{"not_picked":["FollowUp","PathToVictory","Protect"],"picked":"SKIP","floor":14},{"not_picked":["PathToVictory","JustLucky","FollowUp+1"],"picked":"SKIP","floor":18},{"not_picked":["Consecrate","WreathOfFlame+1","Collect"],"picked":"SKIP","floor":23},{"not_picked":["EmptyMind","Study"],"picked":"FearNoEvil","floor":25}],"player_experience":1402467,"relics_obtained":[{"floor":6,"key":"Juzu Bracelet"},{"floor":8,"key":"Thread and Needle"},{"floor":9,"key":"Bottled Flame"},{"floor":10,"key":"Strawberry"},{"floor":14,"key":"MealTicket"},{"floor":23,"key":"Yang"},{"floor":25,"key":"Prayer Wheel"},{"floor":26,"key":"Oddly Smooth Stone"}],"event_choices":[{"damage_healed":0,"gold_gain":0,"player_choice":"Entered Light","damage_taken":20,"max_hp_gain":0,"max_hp_loss":0,"event_name":"Shining Light","floor":7,"gold_loss":0,"cards_upgraded":["Strike_P","Strike_P"]},{"damage_healed":0,"gold_gain":0,"player_choice":"Box","damage_taken":0,"relics_obtained":["Bag of Preparation"],"max_hp_gain":0,"max_hp_loss":0,"event_name":"Big Fish","floor":11,"gold_loss":0,"cards_obtained":["Regret"]},{"damage_healed":0,"gold_gain":0,"cards_transformed":["Defend_P"],"player_choice":"Change","damage_taken":0,"max_hp_gain":0,"max_hp_loss":0,"event_name":"Living Wall","floor":13,"gold_loss":0,"cards_obtained":["ClearTheMind"]},{"damage_healed":0,"gold_gain":0,"player_choice":"Stole Relic","damage_taken":0,"relics_obtained":["Mummified Hand"],"max_hp_gain":0,"max_hp_loss":0,"event_name":"Addict","floor":20,"gold_loss":0,"cards_obtained":["Shame"]},{"damage_healed":0,"gold_gain":0,"player_choice":"Trade","damage_taken":0,"relics_obtained":["GremlinMask"],"max_hp_gain":0,"max_hp_loss":0,"event_name":"FaceTrader","floor":21,"gold_loss":0},{"damage_healed":0,"gold_gain":0,"player_choice":"Shed Blood","damage_taken":26,"max_hp_gain":5,"max_hp_loss":0,"event_name":"Forgotten Altar","floor":22,"gold_loss":0}],"is_beta":false,"boss_relics":[{"not_picked":["Runic Pyramid","SacredBark"],"picked":"Coffee Dripper"}],"items_purged_floors":[19],"is_endless":false,"potions_floor_spawned":[3,4,5,6,23,25],"killed_by":"Slavers","ascension_level":20}}