{"host":"x21cvmfdo17nyhii","time":1610519433,"event":{"mods":["AchievementEnabler","BaseMod","Colored Map","Colored Powertips","DeckTracker","Highlight Path","Minty Spire (QoL Compilation)","Quick Restart","Rare Cards Sparkle","SuperFastMode"],"gold_per_floor":[110,130,130,146,146,146,146,46,46,62,91,91,107,122,122,223,223,235,150,4,4,4,4,16,28,28,28,62,62,17,29,29,134,134,152,152,205,4,18,18,44,44,70,7,21,21,38,15,15,15,15],"floor_reached":50,"language":"ENG","playtime":6046,"items_purged":["Strike_R","Strike_R+1"],"score":513,"play_id":"03fe0db4-389e-4c75-b15e-09fd07f37756","local_time":"20210112223033","is_ascension_mode":false,"campfire_choices":[{"data":"Bash","floor":6.0,"key":"SMITH"},{"data":"Body Slam","floor":12.0,"key":"SMITH"},{"floor":15.0,"key":"REST"},{"floor":23.0,"key":"REST"},{"data":"Iron Wave","floor":27.0,"key":"SMITH"},{"data":"True Grit","floor":32.0,"key":"SMITH"},{"floor":40.0,"key":"REST"},{"floor":42.0,"key":"REST"},{"floor":49.0,"key":"REST"}],"circlet_count":0,"master_deck":["Strike_R+1","Strike_R+1","Defend_R+1","Defend_R+1","Defend_R+1","Defend_R+1","Bash+1","Headbutt+1","Body Slam+1","Iron Wave+1","True Grit+1","Headbutt","True Grit+1","Warcry+1","Thunderclap"],"relics":["Busted Crown","Oddly Smooth Stone","Pear","Whetstone","SacredBark","Ancient Tea Set","HandDrill","Pantograph","Regal Pillow","Nilry\u0027s Codex","Philosopher\u0027s Stone","Prayer Wheel","Boot","Toy Ornithopter","Darkstone Periapt"],"acts_visited":["Exordium","TheCity","TheBeyond"],"potions_floor_usage":[],"damage_taken":[{"damage":0.0,"enemies":"2 Louse","floor":1.0,"turns":2.0},{"damage":1.0,"enemies":"Cultist","floor":2.0,"turns":3.0},{"damage":7.0,"enemies":"Small Slimes","floor":4.0,"turns":3.0},{"damage":9.0,"enemies":"Exordium Thugs","floor":10.0,"turns":4.0},{"damage":18.0,"enemies":"Lagavulin","floor":11.0,"turns":5.0},{"damage":3.0,"enemies":"2 Fungi Beasts","floor":13.0,"turns":2.0},{"damage":0.0,"enemies":"Exordium Wildlife","floor":14.0,"turns":2.0},{"damage":3.0,"enemies":"Slime Boss","floor":16.0,"turns":7.0},{"damage":30.0,"enemies":"2 Thieves","floor":18.0,"turns":4.0},{"damage":0.0,"enemies":"Spheric Guardian","floor":24.0,"turns":3.0},{"damage":5.0,"enemies":"Centurion and Healer","floor":25.0,"turns":5.0},{"damage":16.0,"enemies":"Slavers","floor":28.0,"turns":6.0},{"damage":5.0,"enemies":"Snecko","floor":31.0,"turns":6.0},{"damage":32.0,"enemies":"Collector","floor":33.0,"turns":10.0},{"damage":8.0,"enemies":"3 Darklings","floor":35.0,"turns":7.0},{"damage":28.0,"enemies":"2 Orb Walkers","floor":37.0,"turns":5.0},{"damage":12.0,"enemies":"3 Shapes","floor":39.0,"turns":7.0},{"damage":65.0,"enemies":"Reptomancer","floor":41.0,"turns":9.0},{"damage":24.0,"enemies":"Sphere and 2 Shapes","floor":45.0,"turns":7.0},{"damage":0.0,"enemies":"Spire Growth","floor":47.0,"turns":5.0},{"damage":103,"enemies":"Donu and Deca","floor":50,"turns":8}],"seed_played":"-5158512222000655010","potions_obtained":[{"floor":1.0,"key":"Dexterity Potion"},{"floor":4.0,"key":"Energy Potion"},{"floor":11.0,"key":"Fire Potion"},{"floor":16.0,"key":"BloodPotion"},{"floor":28.0,"key":"DuplicationPotion"},{"floor":45.0,"key":"Ancient Potion"}],"is_trial":false,"path_per_floor":["M","M","?","M","?","R","?","$","T","M","E","R","M","M","R","B",null,"M","?","$","?","$","R","M","M","T","R","E","?","$","M","R","B",null,"M","?","?","$","M","R","E","R","T","?","M","?","M","$","R","B"],"character_chosen":"IRONCLAD","items_purchased":["Body Slam","HandDrill","True Grit","Fire Potion","SteroidPotion","Thunderclap"],"campfire_rested":5,"item_purchase_floors":[8,20,30,38,38,48],"current_hp_per_floor":[80,79,79,72,65,65,65,65,75,66,48,48,45,45,72,69,90,60,60,60,60,60,87,87,82,82,82,90,74,74,69,69,58,90,82,82,54,54,42,84,19,61,61,61,37,37,42,42,84,0,0],"gold":15,"neow_bonus":"BOSS_RELIC","is_daily":false,"chose_seed":false,"campfire_upgraded":4,"win_rate":0.0,"timestamp":1610519433,"path_taken":["M","M","?","?","?","R","?","$","T","M","E","R","M","M","R","BOSS","M","?","$","?","?","R","M","?","T","R","E","?","$","M","R","BOSS","M","?","?","$","M","R","E","R","T","?","?","?","M","?","R","BOSS"],"items_purchased_type":["Card","Relic","Card","Potion","Potion","Card"],"build_version":"2020-12-22","purchased_purges":2,"victory":false,"max_hp_per_floor":[80,80,80,80,80,80,80,80,90,90,90,90,90,90,90,90,90,90,90,90,90,90,90,90,90,90,90,90,90,90,90,90,90,90,90,90,90,90,90,90,90,90,90,90,90,90,90,90,90,90,90],"card_choices":[{"not_picked":["Power Through"],"picked":"SKIP","floor":1.0},{"not_picked":[],"picked":"Headbutt","floor":2.0},{"not_picked":["Spot Weakness"],"picked":"SKIP","floor":4.0},{"not_picked":["Clothesline"],"picked":"SKIP","floor":10.0},{"not_picked":["Twin Strike"],"picked":"SKIP","floor":11.0},{"not_picked":["Uppercut"],"picked":"SKIP","floor":13.0},{"not_picked":["Anger"],"picked":"SKIP","floor":14.0},{"not_picked":[],"picked":"Iron Wave","floor":18.0},{"not_picked":["Rage"],"picked":"SKIP","floor":24.0},{"not_picked":["Headbutt"],"picked":"SKIP","floor":25.0},{"not_picked":["Bludgeon"],"picked":"SKIP","floor":28.0},{"not_picked":["Dark Embrace"],"picked":"SKIP","floor":31.0},{"not_picked":[],"picked":"Headbutt","floor":35.0},{"not_picked":[],"picked":"True Grit+1","floor":37.0},{"not_picked":[],"picked":"Warcry+1","floor":39.0},{"not_picked":["Cleave+1"],"picked":"SKIP","floor":39.0},{"not_picked":["Thunderclap"],"picked":"SKIP","floor":41.0},{"not_picked":["Anger"],"picked":"SKIP","floor":45.0},{"not_picked":["Seeing Red+1"],"picked":"SKIP","floor":45.0},{"not_picked":["Clothesline"],"picked":"SKIP","floor":47.0},{"not_picked":["Dark Embrace+1"],"picked":"SKIP","floor":47.0}],"player_experience":324367,"relics_obtained":[{"floor":9.0,"key":"Pear"},{"floor":11.0,"key":"Whetstone"},{"floor":26.0,"key":"Pantograph"},{"floor":28.0,"key":"Regal Pillow"},{"floor":29.0,"key":"Nilry\u0027s Codex"},{"floor":37.0,"key":"Prayer Wheel"},{"floor":41.0,"key":"Boot"},{"floor":43.0,"key":"Toy Ornithopter"}],"event_choices":[{"damage_healed":0.0,"max_hp_gain":0.0,"max_hp_loss":0.0,"gold_gain":0.0,"event_name":"Accursed Blacksmith","player_choice":"Forge","floor":3.0,"gold_loss":0.0,"damage_taken":0.0,"cards_upgraded":["Headbutt"]},{"damage_healed":0.0,"max_hp_gain":0.0,"max_hp_loss":0.0,"gold_gain":0.0,"event_name":"Scrap Ooze","player_choice":"Success","floor":5.0,"gold_loss":0.0,"damage_taken":7.0,"relics_obtained":["Oddly Smooth Stone"]},{"cards_removed":["Strike_R"],"damage_healed":0.0,"max_hp_gain":0.0,"max_hp_loss":0.0,"gold_gain":0.0,"event_name":"Bonfire Elementals","player_choice":"Offered Basic","floor":7.0,"gold_loss":0.0,"damage_taken":0.0},{"damage_healed":0.0,"max_hp_gain":0.0,"max_hp_loss":0.0,"gold_gain":0.0,"event_name":"Addict","player_choice":"Obtained Relic","floor":19.0,"gold_loss":85.0,"damage_taken":0.0,"relics_obtained":["Ancient Tea Set"]},{"damage_healed":0.0,"max_hp_gain":0.0,"max_hp_loss":0.0,"gold_gain":0.0,"event_name":"Back to Basics","player_choice":"Simplicity","floor":21.0,"gold_loss":0.0,"damage_taken":0.0,"cards_upgraded":["Strike_R","Defend_R","Defend_R","Defend_R","Defend_R"]},{"damage_healed":0.0,"max_hp_gain":0.0,"max_hp_loss":0.0,"gold_gain":0.0,"event_name":"Cursed Tome","player_choice":"Obtained Book","floor":29.0,"gold_loss":0.0,"damage_taken":16.0},{"damage_healed":0.0,"max_hp_gain":0.0,"max_hp_loss":0.0,"gold_gain":0.0,"event_name":"SensoryStone","player_choice":"Memory 1","floor":36.0,"gold_loss":0.0,"damage_taken":0.0},{"damage_healed":0.0,"max_hp_gain":0.0,"max_hp_loss":0.0,"gold_gain":0.0,"event_name":"Mysterious Sphere","player_choice":"Fight","floor":37.0,"gold_loss":0.0,"damage_taken":0.0},{"damage_healed":0.0,"max_hp_gain":0.0,"max_hp_loss":0.0,"gold_gain":0.0,"event_name":"WeMeetAgain","player_choice":"Paid Gold","floor":44.0,"gold_loss":63.0,"damage_taken":0.0,"relics_obtained":["Darkstone Periapt"]},{"damage_healed":0.0,"max_hp_gain":0.0,"max_hp_loss":0.0,"gold_gain":0.0,"event_name":"NoteForYourself","player_choice":"Ignored","floor":46.0,"gold_loss":0.0,"damage_taken":0.0}],"is_beta":false,"boss_relics":[{"not_picked":["Tiny House","Empty Cage"],"picked":"SacredBark"},{"not_picked":["Snecko Eye","Sozu"],"picked":"Philosopher\u0027s Stone"}],"items_purged_floors":[8,38],"is_endless":false,"potions_floor_spawned":[1,4,11,16,24,28,45],"killed_by":"Donu and Deca","ascension_level":0}}