{"host":"on8rz1ayhhz269sg","time":1610534663,"event":{"mods":["BaseMod","Minty Spire (QoL Compilation)","StSLib","The Administrix","The Cursed","WarShipGirlsR/战舰少女R mod","残留之物"],"gold_per_floor":[110,128,128,22,197,230,230,257,311,311,325,325,358,358,358,458,458,473,572,99,99,117,149,169,194,220,220,220,239,199,105,105,209,209,221,221,240,257,267,267,302,314,314,348,363,394,394,159,159,159],"floor_reached":51,"language":"ZHS","playtime":5189,"items_purged":[],"score":1169,"play_id":"a1b9c452-4254-4fbe-b7a5-e75544913254","local_time":"20210113184423","is_ascension_mode":true,"campfire_choices":[{"floor":7.0,"key":"REST"},{"data":"PlaceholderMod:HardStrike","floor":10.0,"key":"SMITH"},{"floor":12.0,"key":"REST"},{"floor":15.0,"key":"REST"},{"floor":27,"key":"REST"},{"data":"PlaceholderMod:Crystallization","floor":32,"key":"SMITH"},{"data":"PlaceholderMod:QualitativeChange","floor":40,"key":"SMITH"},{"data":"PlaceholderMod:QualitativeChange","floor":47,"key":"SMITH"},{"data":"PlaceholderMod:Crystallization","floor":49,"key":"SMITH"}],"circlet_count":0,"master_deck":["PlaceholderMod:BaseStrike","PlaceholderMod:BaseStrike","PlaceholderMod:BaseStrike","PlaceholderMod:BaseStrike","PlaceholderMod:BaseStrike","PlaceholderMod:BaseDefend","PlaceholderMod:BaseDefend","PlaceholderMod:BaseDefend","PlaceholderMod:BaseDefend","PlaceholderMod:Crystal","PlaceholderMod:PoisonWhip","PlaceholderMod:DissolvingSpikes","PlaceholderMod:HardStinger+1","PlaceholderMod:HardStrike+1","PlaceholderMod:UnpureUse","Doubt","PlaceholderMod:Colorful","PlaceholderMod:ReactionCatalyze","PlaceholderMod:StrongAcid","PlaceholderMod:Crystallization+1","PlaceholderMod:Eat","PlaceholderMod:Stable","PlaceholderMod:PoisonBlast","PlaceholderMod:PoisonBlast","PlaceholderMod:HardStrike+1","PlaceholderMod:DirectingGroup","PlaceholderMod:Stratification","PlaceholderMod:Stratification+1","PlaceholderMod:HealingAttack","PlaceholderMod:Crystallization+1","PlaceholderMod:HardStinger","PlaceholderMod:QualitativeChange+1","PlaceholderMod:ChainPoly+1","PlaceholderMod:SevereHeat","PlaceholderMod:DiffusionChemical","PlaceholderMod:CrystallizationStrike+1","PlaceholderMod:Hard","PlaceholderMod:ParasiteChange","PlaceholderMod:ComplexForm","Doubt","PlaceholderMod:TriggerStrike+1","PlaceholderMod:PoisonBlast+1","PlaceholderMod:QualitativeChange+1","PlaceholderMod:Crystallization+1","PlaceholderMod:Hard","Dark Shackles"],"relics":["PlaceholderMod:Tancle","WingedGreaves","Regal Pillow","Bottled Flame","MealTicket","Mercury Hourglass","PlaceholderMod:LiveLive","PlaceholderMod:SlimeBlood","PlaceholderMod:Abhoth","Ancient Tea Set","Mummified Hand","Centennial Puzzle","MutagenicStrength","Cursed Key","Oddly Smooth Stone","Molten Egg 2","Unceasing Top","Omamori"],"acts_visited":["Exordium","TheCity","TheBeyond"],"potions_floor_usage":[23,24,29,33,38,41,44],"damage_taken":[{"damage":3.0,"enemies":"Jaw Worm","floor":1.0,"turns":4.0},{"damage":2.0,"enemies":"Small Slimes","floor":2.0,"turns":3.0},{"damage":18.0,"enemies":"Lagavulin","floor":6.0,"turns":8.0},{"damage":17.0,"enemies":"3 Sentries","floor":8.0,"turns":9.0},{"damage":0.0,"enemies":"Cultist","floor":11.0,"turns":3.0},{"damage":30.0,"enemies":"Gremlin Nob","floor":13.0,"turns":5.0},{"damage":22.0,"enemies":"Hexaghost","floor":16.0,"turns":9.0},{"damage":9.0,"enemies":"Spheric Guardian","floor":18.0,"turns":6.0},{"damage":0,"enemies":"Shell Parasite","floor":22,"turns":5},{"damage":16,"enemies":"Slavers","floor":23,"turns":4},{"damage":35,"enemies":"Shelled Parasite and Fungi","floor":24,"turns":5},{"damage":8,"enemies":"Gremlin Leader","floor":25,"turns":7},{"damage":0,"enemies":"Snake Plant","floor":29,"turns":4},{"damage":0,"enemies":"Automaton","floor":33,"turns":15},{"damage":13,"enemies":"Orb Walker","floor":35,"turns":4},{"damage":9,"enemies":"3 Darklings","floor":37,"turns":6},{"damage":0,"enemies":"Spire Growth","floor":38,"turns":4},{"damage":0,"enemies":"Transient","floor":39,"turns":5},{"damage":9,"enemies":"Reptomancer","floor":41,"turns":5},{"damage":12,"enemies":"3 Darklings","floor":42,"turns":4},{"damage":0,"enemies":"Giant Head","floor":44,"turns":12},{"damage":0,"enemies":"Writhing Mass","floor":45,"turns":5},{"damage":7,"enemies":"Nemesis","floor":46,"turns":9},{"damage":0,"enemies":"Time Eater","floor":50,"turns":15}],"seed_played":"-5524990518526963417","potions_obtained":[{"floor":8.0,"key":"PlaceholderMod:PlaceholderPotion"},{"floor":13.0,"key":"Strength Potion"},{"floor":22,"key":"DistilledChaos"},{"floor":23,"key":"Strength Potion"},{"floor":25,"key":"SkillPotion"},{"floor":29,"key":"PlaceholderMod:PlaceholderPotion"},{"floor":37,"key":"Ancient Potion"},{"floor":38,"key":"FearPotion"},{"floor":45,"key":"ColorlessPotion"}],"is_trial":false,"path_per_floor":["M","M","?","$","?","E","R","E","T","R","M","R","E","?","R","B",null,"M","?","$","?","M","E","M","E","T","R","?","M","?","$","R","B",null,"M","?","M","M","M","R","E","M","T","E","M","E","R","$","R","B",null],"character_chosen":"THE_PLACEHOLDER","items_purchased":["PlaceholderMod:HardStrike","PlaceholderMod:UnpureUse","PlaceholderMod:SlimeBlood","PlaceholderMod:PoisonBlast","PlaceholderMod:Abhoth","PlaceholderMod:Crystallization","PlaceholderMod:HardStinger","PlaceholderMod:Crystallization","PlaceholderMod:Hard","Dark Shackles"],"campfire_rested":4,"item_purchase_floors":[4,4,20,20,20,31,31,48,48,48],"current_hp_per_floor":[68,66,66,66,66,48,71,54,54,54,54,71,41,41,71,49,71,66,66,71,71,71,55,24,20,20,56,56,60,60,71,71,71,71,71,71,71,71,71,71,71,61,61,71,71,71,71,71,71,71],"gold":159,"neow_bonus":"ONE_RARE_RELIC","is_daily":false,"chose_seed":false,"campfire_upgraded":5,"win_rate":0.0,"timestamp":1610534663,"path_taken":["M","M","?","$","?","E","R","E","T","R","M","R","E","?","R","BOSS","M","?","$","?","M","E","M","E","T","R","?","M","?","$","R","BOSS","M","?","M","M","M","R","E","M","T","E","?","E","R","$","R","BOSS"],"items_purchased_type":["Card","Card","Relic","Card","Relic","Card","Card","Card","Card","Card"],"build_version":"2020-12-22","purchased_purges":0,"victory":true,"max_hp_per_floor":[71,71,71,71,71,71,71,71,71,71,71,71,71,71,71,71,71,71,71,71,71,71,71,71,71,71,71,71,71,71,71,71,71,71,71,71,71,71,71,71,71,71,71,71,71,71,71,71,71,71],"card_choices":[{"not_picked":["PlaceholderMod:Internalization","PlaceholderMod:ConsolidateHit"],"picked":"PlaceholderMod:DissolvingSpikes","floor":1.0},{"not_picked":["PlaceholderMod:Internalization","PlaceholderMod:HornyBlast"],"picked":"PlaceholderMod:HardStinger","floor":2.0},{"not_picked":["PlaceholderMod:Package","PlaceholderMod:NearChange"],"picked":"PlaceholderMod:Colorful","floor":6.0},{"not_picked":["PlaceholderMod:NearChange","PlaceholderMod:Hyperplasia"],"picked":"PlaceholderMod:ReactionCatalyze","floor":8.0},{"not_picked":["PlaceholderMod:DissolvingSpikes","PlaceholderMod:FastReaction"],"picked":"PlaceholderMod:StrongAcid","floor":11.0},{"not_picked":["PlaceholderMod:ParasiteChange","PlaceholderMod:DirectingGroup"],"picked":"PlaceholderMod:Crystallization","floor":13.0},{"not_picked":["PlaceholderMod:ReactionCatalyze","PlaceholderMod:Activation"],"picked":"PlaceholderMod:Eat","floor":16.0},{"not_picked":["PlaceholderMod:MultipleOxi","PlaceholderMod:Polyp+1"],"picked":"PlaceholderMod:Stable","floor":18.0},{"not_picked":["PlaceholderMod:DissolvingSpikes","PlaceholderMod:AngryAttack"],"picked":"PlaceholderMod:HardStrike","floor":22},{"not_picked":["PlaceholderMod:TriggerStrike","PlaceholderMod:HornyBlast"],"picked":"PlaceholderMod:DirectingGroup","floor":23},{"not_picked":["PlaceholderMod:ParasiteChange","PlaceholderMod:Sweep+1"],"picked":"PlaceholderMod:Stratification","floor":24},{"not_picked":["PlaceholderMod:ContinueSpray+1","PlaceholderMod:Assimilation"],"picked":"PlaceholderMod:Stratification+1","floor":25},{"not_picked":["PlaceholderMod:OHStrongAttack+1","PlaceholderMod:SevereHeat+1"],"picked":"PlaceholderMod:HealingAttack","floor":29},{"not_picked":["PlaceholderMod:SelfCoupling","PlaceholderMod:InnerSoften"],"picked":"PlaceholderMod:QualitativeChange","floor":33},{"not_picked":["PlaceholderMod:SprayAttack","PlaceholderMod:TriggerStrike+1"],"picked":"PlaceholderMod:ChainPoly+1","floor":35},{"not_picked":["PlaceholderMod:Polyp","PlaceholderMod:SubstitutionNucleophilic1+1"],"picked":"PlaceholderMod:DiffusionChemical","floor":37},{"not_picked":["PlaceholderMod:Turn","PlaceholderMod:NearChange"],"picked":"PlaceholderMod:CrystallizationStrike+1","floor":38},{"not_picked":["PlaceholderMod:Stable","PlaceholderMod:Sweep+1"],"picked":"PlaceholderMod:Hard","floor":39},{"not_picked":["PlaceholderMod:SprayAttack","PlaceholderMod:HealingAttack+1"],"picked":"PlaceholderMod:ParasiteChange","floor":41},{"not_picked":["PlaceholderMod:SprayAttack","PlaceholderMod:CycleAttack+1"],"picked":"PlaceholderMod:ComplexForm","floor":42},{"not_picked":["PlaceholderMod:ParasiteChange+1","PlaceholderMod:Hyperplasia+1"],"picked":"PlaceholderMod:TriggerStrike+1","floor":44},{"not_picked":["PlaceholderMod:Polyp","PlaceholderMod:Internalization+1"],"picked":"PlaceholderMod:PoisonBlast+1","floor":45},{"not_picked":["PlaceholderMod:PoisonBlast","PlaceholderMod:StrongAcid"],"picked":"PlaceholderMod:QualitativeChange","floor":46}],"player_experience":158264,"relics_obtained":[{"floor":6.0,"key":"Regal Pillow"},{"floor":8.0,"key":"Bottled Flame"},{"floor":9.0,"key":"MealTicket"},{"floor":13.0,"key":"Mercury Hourglass"},{"floor":23,"key":"Ancient Tea Set"},{"floor":25,"key":"Mummified Hand"},{"floor":26,"key":"Centennial Puzzle"},{"floor":41,"key":"Oddly Smooth Stone"},{"floor":43,"key":"Molten Egg 2"},{"floor":44,"key":"Unceasing Top"},{"floor":46,"key":"Omamori"}],"event_choices":[{"damage_healed":0.0,"max_hp_gain":0.0,"max_hp_loss":0.0,"gold_gain":0.0,"event_name":"Living Wall","player_choice":"Grow","floor":3.0,"gold_loss":0.0,"damage_taken":0.0,"cards_upgraded":["PlaceholderMod:HardStinger"]},{"damage_healed":0.0,"max_hp_gain":0.0,"max_hp_loss":0.0,"gold_gain":175.0,"event_name":"Liars Game","player_choice":"AGREE","floor":5.0,"gold_loss":0.0,"damage_taken":0.0,"cards_obtained":["Doubt"]},{"damage_healed":0.0,"max_hp_gain":0.0,"max_hp_loss":0.0,"gold_gain":0.0,"event_name":"Accursed Blacksmith","player_choice":"Forge","floor":14.0,"gold_loss":0.0,"damage_taken":0.0,"cards_upgraded":["PlaceholderMod:Crystallization"]},{"damage_healed":0.0,"max_hp_gain":0.0,"max_hp_loss":0.0,"gold_gain":99.0,"event_name":"Nest","player_choice":"Stole From Cult","floor":19.0,"gold_loss":0.0,"damage_taken":0.0},{"damage_healed":0,"gold_gain":0,"player_choice":"Read","damage_taken":0,"max_hp_gain":0,"max_hp_loss":0,"event_name":"The Library","floor":21,"gold_loss":0,"cards_obtained":["PlaceholderMod:PoisonBlast"]},{"damage_healed":0,"gold_gain":0,"player_choice":"Inject Mutagens","damage_taken":0,"relics_obtained":["MutagenicStrength"],"max_hp_gain":0,"max_hp_loss":0,"event_name":"Drug Dealer","floor":28,"gold_loss":0},{"damage_healed":0,"gold_gain":0,"player_choice":"Upgrade","damage_taken":0,"max_hp_gain":0,"max_hp_loss":0,"event_name":"Designer","floor":30,"gold_loss":40,"cards_upgraded":["PlaceholderMod:HardStrike"]},{"damage_healed":0,"gold_gain":0,"cards_transformed":["PlaceholderMod:BaseDefend"],"player_choice":"Transformed","damage_taken":0,"max_hp_gain":0,"max_hp_loss":0,"event_name":"Transmorgrifier","floor":36,"gold_loss":0,"cards_obtained":["PlaceholderMod:SevereHeat"]}],"is_beta":false,"boss_relics":[{"not_picked":["Tiny House","Velvet Choker"],"picked":"PlaceholderMod:LiveLive"},{"not_picked":["Snecko Eye","Runic Dome"],"picked":"Cursed Key"}],"items_purged_floors":[],"is_endless":false,"potions_floor_spawned":[8,13,22,23,25,29,37,38,39,45],"ascension_level":1}}