{"host":"2yhbarjh4s9lrrzt","time":1610512721,"event":{"mods":["BaseMod","Better Third Choice","Minty Spire (QoL Compilation)","Replay The Spire","StSLib"],"gold_per_floor":[115,39,58,71,91,123,123,138,138,155,155,155,168,188,188,188,188],"floor_reached":16,"language":"ENG","playtime":2036,"items_purged":[],"score":106,"play_id":"28bb8e62-ef3f-4b44-a735-270a96d29255","local_time":"20210112233841","is_ascension_mode":false,"campfire_choices":[{"floor":7,"key":"REST"},{"floor":12,"key":"REST"},{"floor":15,"key":"RECALL"}],"circlet_count":0,"master_deck":["Strike_P","Strike_P","Strike_P","Strike_P","Defend_P","Defend_P","Defend_P","Defend_P","Eruption","Vigilance","Prostrate","FlyingSleeves","Crescendo","Replay:ManipulateFuture","Nirvana","Replay:Hum","Adaptation","Scrawl","CutThroughFate","Parasite","Perseverance","Replay:Anticipation"],"relics":["PureWater","NeowsBlessing","ReplayTheSpireMod:Shallot"],"acts_visited":["Exordium"],"potions_floor_usage":[6,6,16,16],"damage_taken":[{"damage":0,"enemies":"Cultist","floor":1,"turns":1},{"damage":0,"enemies":"Small Slimes","floor":3,"turns":1},{"damage":0,"enemies":"Jaw Worm","floor":4,"turns":1},{"damage":13,"enemies":"2 Fungi Beasts","floor":5,"turns":5},{"damage":47,"enemies":"Replay:BlueRogue","floor":6,"turns":11},{"damage":20,"enemies":"Exordium Wildlife","floor":8,"turns":8},{"damage":4,"enemies":"3 Louse","floor":10,"turns":7},{"damage":22,"enemies":"Large Slime","floor":13,"turns":11},{"damage":18,"enemies":"Red Slaver","floor":14,"turns":4},{"damage":8,"enemies":"Hexaghost","floor":16,"turns":12}],"seed_played":"437588291256059453","potions_obtained":[{"floor":3,"key":"EssenceOfSteel"},{"floor":5,"key":"Explosive Potion"},{"floor":6,"key":"LiquidMemories"},{"floor":8,"key":"Cursed Concoction"}],"is_trial":false,"path_per_floor":["M","$","M","M","M","E","R","M","T","M","?","R","M","M","R","B"],"character_chosen":"WATCHER","items_purchased":["FlyingSleeves","Crescendo"],"campfire_rested":2,"item_purchase_floors":[2,2],"current_hp_per_floor":[72,72,72,72,59,12,33,13,13,9,27,48,26,8,8,0,0],"gold":188,"neow_bonus":"THREE_ENEMY_KILL","is_daily":false,"chose_seed":false,"campfire_upgraded":0,"win_rate":0.0,"timestamp":1610512721,"path_taken":["M","$","M","?","M","E","R","M","T","M","?","R","M","M","R","BOSS"],"items_purchased_type":["Card","Card"],"build_version":"2020-12-22","purchased_purges":0,"victory":false,"max_hp_per_floor":[72,72,72,72,72,72,72,72,72,72,72,72,72,72,72,72,72],"card_choices":[{"not_picked":["BowlingBash","CutThroughFate"],"picked":"Prostrate","floor":1},{"not_picked":["Crescendo","ClearTheMind"],"picked":"Replay:ManipulateFuture","floor":3},{"not_picked":["EmptyFist","Prostrate"],"picked":"Nirvana","floor":4},{"not_picked":["Prostrate","Pray"],"picked":"Replay:Hum","floor":5},{"not_picked":["PathToVictory","BowlingBash"],"picked":"Adaptation","floor":6},{"not_picked":["Replay:Battleflow","ForeignInfluence"],"picked":"Scrawl","floor":8},{"not_picked":["Replay:Hum","Adaptation"],"picked":"CutThroughFate","floor":10},{"not_picked":["CarveReality","SashWhip"],"picked":"Perseverance","floor":13},{"not_picked":["ForeignInfluence","BattleHymn"],"picked":"Replay:Anticipation","floor":14}],"player_experience":179815,"relics_obtained":[{"floor":6,"key":"ReplayTheSpireMod:Shallot"}],"event_choices":[{"damage_healed":18,"gold_gain":0,"player_choice":"Healed and dodged fight","damage_taken":0,"max_hp_gain":0,"max_hp_loss":0,"event_name":"Mushrooms","floor":11,"gold_loss":0,"cards_obtained":["Parasite"]}],"is_beta":false,"boss_relics":[],"items_purged_floors":[],"is_endless":false,"potions_floor_spawned":[3,5,6,8],"killed_by":"Hexaghost","ascension_level":0}}