{"host":"fkig9nrckec4xsh0","time":1610504584,"event":{"mods":["BaseMod","Colored Map","Minty Spire (QoL Compilation)","Quick Restart","Replay The Spire","StSLib"],"gold_per_floor":[119,119,132,132,2,2,33,33,81,112,31,48,48,59,59,163,163,176,176,211,224,40,65,78,78,78],"floor_reached":25,"language":"ENG","playtime":994,"items_purged":[],"score":292,"play_id":"37221112-65c2-4d44-bf5b-2efb3f859add","local_time":"20210112212304","is_ascension_mode":true,"campfire_choices":[{"data":"Noxious Fumes","floor":6,"key":"SMITH"},{"data":"Noxious Fumes","floor":8,"key":"SMITH"},{"data":"Neutralize","floor":13,"key":"SMITH"},{"data":"Corpse Explosion","floor":15,"key":"SMITH"}],"circlet_count":0,"master_deck":["Strike_G","Strike_G","Strike_G","Defend_G","Defend_G","Defend_G","Defend_G","Defend_G","Survivor","Neutralize+1","Noxious Fumes+1","Noxious Fumes+1","Hidden Blade+1","Backstab+1","Replay:Poison Smokescreen","Deadly Poison","Replay:Poison Smokescreen","ReplayTheSpireMod:Necrosis","Crippling Poison","ReplayTheSpireMod:Tripwire","Corpse Explosion+1","Glass Knife","Toxin Wave","Calculated Gamble+1","Backflip+1","Replay:Poison Smokescreen","Sneak Up","Acrobatics+1"],"relics":["Ring of the Snake","NeowsBlessing","Prayer Wheel","Bronze Scales","Pocketwatch","SlaversCollar","Enchiridion","Red Mask","Tiny Chest","Snack Pack"],"acts_visited":["Exordium","TheCity"],"potions_floor_usage":[20,24,25],"damage_taken":[{"damage":0,"enemies":"2 Louse","floor":1,"turns":1},{"damage":0,"enemies":"Jaw Worm","floor":3,"turns":1},{"damage":0,"enemies":"3 Sentries","floor":7,"turns":2},{"damage":12,"enemies":"Replay:BlueRogue","floor":10,"turns":5},{"damage":0,"enemies":"Cultist","floor":12,"turns":3},{"damage":5,"enemies":"3 Louse","floor":14,"turns":2},{"damage":1,"enemies":"The Guardian","floor":16,"turns":6},{"damage":6,"enemies":"3 Byrds","floor":18,"turns":2},{"damage":16,"enemies":"Masked Bandits","floor":20,"turns":3},{"damage":8,"enemies":"Shell Parasite","floor":21,"turns":4},{"damage":13,"enemies":"Gremlin Leader","floor":23,"turns":5},{"damage":28,"enemies":"Shelled Parasite and Fungi","floor":24,"turns":4},{"damage":10,"enemies":"Book of Stabbing","floor":25,"turns":4}],"seed_played":"1426606203354481286","potions_obtained":[{"floor":1,"key":"SkillPotion"},{"floor":16,"key":"Weak Potion"},{"floor":21,"key":"FairyPotion"},{"floor":23,"key":"Cursed Concoction"}],"is_trial":false,"path_per_floor":["M","?","M","?","$","R","E","R","T","E","$","M","R","M","R","B",null,"M","?","?","M","$","E","M","E"],"character_chosen":"THE_SILENT","items_purchased":["Backstab+1","Replay:Poison Smokescreen","ReplayTheSpireMod:Necrosis","Replay:Poison Smokescreen","Tiny Chest"],"campfire_rested":0,"item_purchase_floors":[5,5,11,22,22],"current_hp_per_floor":[70,63,63,63,63,63,63,63,63,51,51,51,51,46,46,45,70,64,48,32,24,24,11,9,0,0],"gold":78,"neow_bonus":"THREE_ENEMY_KILL","is_daily":false,"chose_seed":false,"campfire_upgraded":4,"win_rate":0.0,"timestamp":1610504584,"path_taken":["M","?","M","?","$","R","E","R","T","E","?","M","R","M","R","BOSS","M","?","?","M","?","E","M","E"],"items_purchased_type":["Card","Card","Card","Card","Relic"],"build_version":"2020-12-22","purchased_purges":0,"victory":false,"max_hp_per_floor":[70,70,70,70,70,70,70,70,70,70,70,70,70,70,70,70,70,70,70,70,70,70,70,70,70,70],"card_choices":[{"not_picked":["Dodge and Roll","Masterful Stab"],"picked":"Noxious Fumes","floor":1},{"not_picked":["Flying Knee","Sucker Punch"],"picked":"Noxious Fumes","floor":3},{"not_picked":["Dagger Spray","Outmaneuver"],"picked":"Deadly Poison","floor":7},{"not_picked":["ReplayTheSpireMod:Exploit Weakness","Cloak And Dagger"],"picked":"Replay:Poison Smokescreen","floor":10},{"not_picked":["Deflect","Replay:Poison Smokescreen"],"picked":"Crippling Poison","floor":12},{"not_picked":["Sucker Punch","Quick Slash"],"picked":"ReplayTheSpireMod:Tripwire","floor":12},{"not_picked":["Crippling Poison","Blade Dance"],"picked":"Corpse Explosion","floor":14},{"not_picked":["Outmaneuver","Cloak And Dagger","Quick Slash"],"picked":"SKIP","floor":14},{"not_picked":["A Thousand Cuts","Atom Bomb"],"picked":"Glass Knife","floor":16},{"not_picked":["Cloak And Dagger","Backflip"],"picked":"Toxin Wave","floor":18},{"not_picked":["Dagger Throw","Sneak Up"],"picked":"Calculated Gamble+1","floor":18},{"not_picked":["Dodge and Roll","ReplayTheSpireMod:Tripwire"],"picked":"Backflip+1","floor":20},{"not_picked":["Cloak And Dagger","Dodge and Roll","Escape Plan"],"picked":"SKIP","floor":21},{"not_picked":["Bane","Underhanded Strike+1","Quick Slash"],"picked":"SKIP","floor":21},{"not_picked":["ReplayTheSpireMod:Tripwire","Reflex"],"picked":"Sneak Up","floor":23},{"not_picked":["Deadly Poison","Outmaneuver"],"picked":"Acrobatics+1","floor":24},{"not_picked":["Dagger Throw","Terror","All Out Attack+1"],"picked":"SKIP","floor":24}],"player_experience":299536,"relics_obtained":[{"floor":7,"key":"Prayer Wheel"},{"floor":9,"key":"Bronze Scales"},{"floor":10,"key":"Pocketwatch"},{"floor":19,"key":"Enchiridion"},{"floor":20,"key":"Red Mask"},{"floor":23,"key":"Snack Pack"}],"event_choices":[{"cards_removed":["Strike_G"],"damage_healed":0,"gold_gain":0,"player_choice":"Card Removal","damage_taken":7,"max_hp_gain":0,"max_hp_loss":0,"event_name":"Golden Wing","floor":2,"gold_loss":0},{"damage_healed":0,"gold_gain":0,"player_choice":"Obtained Book","damage_taken":16,"max_hp_gain":0,"max_hp_loss":0,"event_name":"Cursed Tome","floor":19,"gold_loss":0},{"damage_healed":0,"gold_gain":0,"player_choice":"Fought Bandits","damage_taken":0,"max_hp_gain":0,"max_hp_loss":0,"event_name":"Masked Bandits","floor":20,"gold_loss":0}],"is_beta":false,"boss_relics":[{"not_picked":["Honey Jar","Kintsugi"],"picked":"SlaversCollar"}],"items_purged_floors":[],"is_endless":false,"potions_floor_spawned":[1,16,21,23],"killed_by":"Book of Stabbing","ascension_level":3}}