{"host":"r5cycnjhcbwgkpkf","time":1610564416,"event":{"mods":["2.2 Compatiblity","AchievementEnabler","BaseMod","Bestiary","Better Match","Better Note","Better Skull","Better Third Choice","BetterRewards","Colored Map","Colored Powertips","Downfall","Infinite Spire","Minty Spire (QoL Compilation)","Replay The Spire","Spicy Shops","StSLib"],"gold_per_floor":[111,111,121,121,141,181,181,181,181,181,202,202,202,227,227,355,355,369,0,0,0,0,0,24,24,24,124,145,145,145,165,165,284,284,302,320,335,335,83,83,83,83,83],"floor_reached":42,"language":"ENG","playtime":1828,"items_purged":["Parasite","Strike_B"],"score":854,"play_id":"4fc68b2e-d173-433d-a6fd-4f0cea969616","local_time":"20210113110016","is_ascension_mode":true,"campfire_choices":[{"data":"Zap","floor":7.0,"key":"SMITH"},{"floor":12.0,"key":"REST"},{"data":"Defragment","floor":15.0,"key":"SMITH"},{"floor":23.0,"key":"REST"},{"data":"Seek","floor":25.0,"key":"SMITH"},{"floor":29.0,"key":"REST"},{"floor":32.0,"key":"REST"},{"floor":40.0,"key":"REST"}],"circlet_count":0,"master_deck":["AscendersBane","Strike_B","Strike_B","Defend_B","Defend_B","Defend_B","Zap+1","Dualcast","Ball Lightning","Self Repair","Defragment+1","Redo","Compile Driver","Seek+1","Rebound+1","ReplayTheSpireMod:Calculation Training","Time Bomb","Biased Cognition","White Noise+1","Thunder Strike"],"relics":["Cracked Core","DataDisk","Golden Idol","Mango","Counterbalance","White Beast Statue","SacredBark","Ring of Shattering","Quantum Egg","Pocketwatch","Cursed Key"],"acts_visited":["Exordium","TheCity","TheBeyond"],"potions_floor_usage":[],"damage_taken":[{"damage":0.0,"enemies":"Cultist","floor":1.0,"turns":2.0},{"damage":0.0,"enemies":"Small Slimes","floor":3.0,"turns":3.0},{"damage":8.0,"enemies":"Jaw Worm","floor":5.0,"turns":4.0},{"damage":40.0,"enemies":"3 Sentries","floor":6.0,"turns":7.0},{"damage":18.0,"enemies":"Exordium Wildlife","floor":11.0,"turns":3.0},{"damage":0.0,"enemies":"2 Fungi Beasts","floor":14.0,"turns":2.0},{"damage":46.0,"enemies":"Hexaghost","floor":16.0,"turns":9.0},{"damage":29.0,"enemies":"Shell Parasite","floor":18.0,"turns":5.0},{"damage":12.0,"enemies":"Chosen","floor":24.0,"turns":4.0},{"damage":52.0,"enemies":"Centurion and Healer","floor":28.0,"turns":5.0},{"damage":0.0,"enemies":"Snake Plant","floor":31.0,"turns":2.0},{"damage":35.0,"enemies":"Collector","floor":33.0,"turns":6.0},{"damage":16.0,"enemies":"Orb Walker","floor":35.0,"turns":2.0},{"damage":23.0,"enemies":"3 Shapes","floor":36.0,"turns":3.0},{"damage":35.0,"enemies":"Maw","floor":37.0,"turns":6.0},{"damage":45,"enemies":"Nemesis","floor":42,"turns":2}],"seed_played":"-7831928026261622370","potions_obtained":[{"floor":1.0,"key":"PotionOfCapacity"},{"floor":3.0,"key":"Energy Potion"},{"floor":11.0,"key":"BlessingOfTheForge"},{"floor":14.0,"key":"sneckomod:MuddlingPotion"},{"floor":16.0,"key":"Doom Potion"},{"floor":24.0,"key":"DuplicationPotion"},{"floor":28.0,"key":"PotionOfCapacity"},{"floor":31.0,"key":"Fire Potion"},{"floor":33.0,"key":"SteroidPotion"}],"is_trial":false,"path_per_floor":["M","$","M","?","M","E","R","?","T","?","M","R","AVR","M","R","B",null,"M","?","?","?","?","R","M","R","T","?","M","R","AVR","M","R","B",null,"M","M","M","?","$","R","T","E"],"character_chosen":"DEFECT","items_purchased":["DataDisk","Ball Lightning","Thunder Strike"],"campfire_rested":5,"item_purchase_floors":[0,0,39],"current_hp_per_floor":[62,62,62,62,61,42,42,35,35,57,46,72,72,79,79,40,75,46,46,46,46,46,71,66,66,66,66,28,53,53,53,78,50,77,61,45,17,17,17,42,42,0,0],"gold":83,"neow_bonus":"","is_daily":false,"chose_seed":false,"campfire_upgraded":3,"win_rate":0.0,"timestamp":1610564416,"path_taken":["M","$","M","?","M","E","R","?","T","?","M","R","AVR","M","R","BOSS","M","?","?","?","?","R","?","R","T","?","M","R","AVR","?","R","BOSS","M","M","?","?","$","R","?","E"],"items_purchased_type":["Relic","Card","Card"],"build_version":"2020-12-22","purchased_purges":2,"victory":false,"max_hp_per_floor":[75,75,75,75,75,89,89,89,89,89,89,89,86,86,86,86,86,86,86,86,86,86,86,86,86,86,86,86,86,86,86,86,86,86,86,86,86,86,86,86,86,86,86],"card_choices":[{"not_picked":["Barrage","Coolheaded","Reinforced Body"],"picked":"SKIP","floor":1.0},{"not_picked":["Cold Snap","Turbo"],"picked":"Self Repair","floor":3.0},{"not_picked":["Double Energy","FIFO Queue","Darkness"],"picked":"SKIP","floor":5.0},{"not_picked":["Barrage","Streamline","Stack"],"picked":"SKIP","floor":6.0},{"not_picked":["Steam","Go for the Eyes","Ball Lightning"],"picked":"SKIP","floor":11.0},{"not_picked":["BasicCrystalCard","Lockon"],"picked":"Defragment","floor":14.0},{"not_picked":["Ball Lightning","Steam+1"],"picked":"Redo","floor":18.0},{"not_picked":["Barrage","Hologram"],"picked":"Rebound+1","floor":24.0},{"not_picked":["Streamline","Machine Learning"],"picked":"ReplayTheSpireMod:Calculation Training","floor":28.0},{"not_picked":["Glacier+1","ReplayGash+1"],"picked":"Time Bomb","floor":31.0},{"not_picked":["ReplayTheSpireMod:Omega Cannon","Amplify"],"picked":"Biased Cognition","floor":33.0},{"not_picked":["Double Energy","BasicCrystalCard"],"picked":"White Noise+1","floor":35.0},{"not_picked":["Ball Lightning","Hello World+1","BasicCrystalCard+1"],"picked":"SKIP","floor":36.0},{"not_picked":["Rebound+1","Compile Driver+1","Turbo+1"],"picked":"SKIP","floor":37.0}],"player_experience":423243,"relics_obtained":[{"floor":6.0,"key":"Mango"},{"floor":9.0,"key":"Counterbalance"},{"floor":20.0,"key":"Ring of Shattering"},{"floor":26.0,"key":"Quantum Egg"}],"event_choices":[{"damage_healed":0.0,"max_hp_gain":0.0,"max_hp_loss":0.0,"gold_gain":0.0,"event_name":"Golden Idol","player_choice":"Take Wound","floor":4.0,"gold_loss":0.0,"damage_taken":0.0,"relics_obtained":["Golden Idol"],"cards_obtained":["Injury"]},{"cards_removed":["Injury"],"damage_healed":0.0,"max_hp_gain":0.0,"max_hp_loss":0.0,"gold_gain":0.0,"event_name":"Golden Wing","player_choice":"Card Removal","floor":8.0,"gold_loss":0.0,"damage_taken":7.0},{"damage_healed":22.0,"max_hp_gain":0.0,"max_hp_loss":0.0,"gold_gain":0.0,"event_name":"Mushrooms","player_choice":"Healed and dodged fight","floor":10.0,"gold_loss":0.0,"damage_taken":0.0,"cards_obtained":["Parasite"]},{"damage_healed":0.0,"max_hp_gain":0.0,"max_hp_loss":0.0,"gold_gain":0.0,"event_name":"Masked Bandits","player_choice":"Paid Fearfully","floor":19.0,"gold_loss":369.0,"damage_taken":0.0},{"damage_healed":0.0,"max_hp_gain":0.0,"max_hp_loss":0.0,"gold_gain":0.0,"cards_transformed":["Strike_B","Defend_B"],"event_name":"Drug Dealer","player_choice":"Became Test Subject","floor":21.0,"gold_loss":0.0,"damage_taken":0.0,"cards_obtained":["Compile Driver","Seek"]},{"damage_healed":0.0,"max_hp_gain":0.0,"max_hp_loss":0.0,"gold_gain":0.0,"event_name":"Vampires","player_choice":"Ignored","floor":22.0,"gold_loss":0.0,"damage_taken":0.0},{"damage_healed":0.0,"max_hp_gain":0.0,"max_hp_loss":0.0,"gold_gain":100.0,"event_name":"Golden Shrine","player_choice":"Pray","floor":27.0,"gold_loss":0.0,"damage_taken":0.0},{"damage_healed":0.0,"max_hp_gain":0.0,"max_hp_loss":0.0,"gold_gain":0.0,"event_name":"Mysterious Sphere","player_choice":"Ignored","floor":38.0,"gold_loss":0.0,"damage_taken":0.0}],"is_beta":false,"boss_relics":[{"not_picked":["Busted Crown","Replay:Drink Me"],"picked":"SacredBark"},{"not_picked":["Honey Jar","Replay:Grab Bag"],"picked":"Cursed Key"}],"items_purged_floors":[13,30],"is_endless":false,"potions_floor_spawned":[1,3,11,14,16,18,24,28,31,33,35,36,37],"killed_by":"Nemesis","ascension_level":10}}