{"host":"ockkdcgl3b18tfz9","time":1610529778,"event":{"mods":["2.2 Compatiblity","BaseMod","Better Skull","Better Third Choice","BetterRewards","Hermit","Minty Spire (QoL Compilation)","Quick Restart","Replay The Spire","Spicy Shops","StSLib","SuperFastMode","The Jungle"],"gold_per_floor":[117,109,187,187,199,219,246,246,256,256,276,21,21,21,52,52,147,197,217,316,327,344,266,593,593,175,175,175,100,116,116,148,148,148,148,166,166,216,230,28,28,53,53,53,63,15,15,15,15],"floor_reached":47,"language":"ENG","playtime":1363,"items_purged":["hermit:Strike_Hermit","hermit:Strike_Hermit","hermit:Strike_Hermit"],"score":1024,"play_id":"1e7af014-ea7f-4d3c-9041-49fe38005d54","local_time":"20210113162258","is_ascension_mode":true,"campfire_choices":[{"data":"hermit:BodyArmor","floor":12.0,"key":"SMITH"},{"floor":15.0,"key":"REST"},{"floor":24.0,"key":"RECALL"},{"data":"hermit:Coalescence","floor":27.0,"key":"SMITH"},{"data":"hermit:Covet","floor":30.0,"key":"SMITH"},{"floor":32.0,"key":"REST"},{"data":"hermit:Quickdraw","floor":40,"key":"SMITH"},{"data":"hermit:Manifest","floor":42,"key":"SMITH"},{"data":"hermit:HoleUp","floor":46,"key":"SMITH"}],"circlet_count":0,"master_deck":["hermit:Defend_Hermit","hermit:Defend_Hermit","hermit:Defend_Hermit","hermit:Defend_Hermit","hermit:Snapshot","hermit:Covet+1","hermit:Shortfuse+1","hermit:Desperado","Pain","hermit:Quickdraw+1","hermit:Desperado","hermit:Coalescence+1","hermit:BodyArmor+1","hermit:Determination+1","hermit:Glare+1","hermit:LuckOfTheDraw+1","hermit:Misfire+1","hermit:Headshot+1","hermit:RoundhouseKick+1","hermit:HoleUp+1","hermit:FromBeyond+1","Decay","hermit:Virtue+1","hermit:HoleUp+1","hermit:Enervate+1","hermit:Snipe+1","hermit:Coalescence+1","hermit:GoldenBullet+1","hermit:ItchyTrigger+1","hermit:Gestalt+1","hermit:Gestalt+1","hermit:ShadowCloak+1","hermit:Desperado+1","hermit:Snipe+1","hermit:HoleUp+1","hermit:Manifest+1"],"relics":["hermit:ClaspedLocket","Lee\u0027s Waffle","OrangePellets","WarpedTongs","hermit:Horseshoe","Golden Egg","Membership Card","BargainBundle","Orichalcum","Tiny House","ReplayTheSpireMod:CursedCoin","Snack Pack","Old Coin","FossilizedHelix","Matryoshka","Sling","Omamori","Bottled Tornado","Kunai","Durian","Orrery","Guide Book","Simple Rune","Nunchaku","Replay:Rubber Ducky","ReplayTheSpireMod:Lightbulb"],"acts_visited":["Exordium","TheCity","TheBeyond"],"potions_floor_usage":[],"damage_taken":[{"damage":0.0,"enemies":"Small Slimes","floor":1.0,"turns":3.0},{"damage":0.0,"enemies":"2 Louse","floor":4.0,"turns":1.0},{"damage":0.0,"enemies":"Cultist","floor":5.0,"turns":2.0},{"damage":12.0,"enemies":"Gremlin Nob","floor":6.0,"turns":3.0},{"damage":12.0,"enemies":"Large Slime","floor":8.0,"turns":4.0},{"damage":2.0,"enemies":"Gremlin Gang","floor":10.0,"turns":5.0},{"damage":8.0,"enemies":"Lagavulin","floor":14.0,"turns":4.0},{"damage":3.0,"enemies":"Fading Forest","floor":16.0,"turns":11.0},{"damage":5.0,"enemies":"Spheric Guardian","floor":18.0,"turns":3.0},{"damage":12.0,"enemies":"Chosen","floor":20.0,"turns":5.0},{"damage":12.0,"enemies":"Snake Plant","floor":21.0,"turns":4.0},{"damage":0.0,"enemies":"Replay:Snechameleon","floor":23.0,"turns":4.0},{"damage":4.0,"enemies":"Shelled Parasite and Fungi","floor":29.0,"turns":4.0},{"damage":50.0,"enemies":"Gremlin Leader","floor":31.0,"turns":10.0},{"damage":18.0,"enemies":"Collector","floor":33.0,"turns":10.0},{"damage":0,"enemies":"Orb Walker","floor":35,"turns":2},{"damage":0,"enemies":"Mind Bloom Boss Battle","floor":37,"turns":7},{"damage":0,"enemies":"3 Shapes","floor":38,"turns":5},{"damage":0,"enemies":"R_Hoarder","floor":41,"turns":10},{"damage":15,"enemies":"3 Darklings","floor":44,"turns":7},{"damage":184,"enemies":"Nemesis","floor":47,"turns":6}],"seed_played":"514575762104221882","potions_obtained":[{"floor":5.0,"key":"EssenceOfSteel"},{"floor":6.0,"key":"EntropicBrew"},{"floor":7.0,"key":"hermit:Tonic"},{"floor":35,"key":"Swift Potion"},{"floor":37,"key":"LifebloodPotion"},{"floor":44,"key":"SneckoOil"}],"is_trial":false,"path_per_floor":["M","?","?","M","M","E","?","M","T","M","$","R","$","E","R","B",null,"M","?","M","M","$","E","R","$","T","R","?","M","R","E","R","B",null,"M","?","?","M","$","R","E","R","T","M","$","R","E"],"character_chosen":"HERMIT","items_purchased":["Lee\u0027s Waffle","OrangePellets","hermit:Shortfuse","Membership Card","BargainBundle","hermit:Determination","Block Potion","Adrenaline Potion","hermit:Glare","hermit:LuckOfTheDraw","hermit:Misfire","hermit:Headshot","ReplayTheSpireMod:CursedCoin","hermit:Virtue","hermit:HoleUp","Snack Pack","FossilizedHelix","Matryoshka","Sling","Orrery","hermit:HoleUp","Guide Book","Simple Rune","ReplayTheSpireMod:Lightbulb"],"campfire_rested":2,"item_purchase_floors":[0,0,0,11,11,11,11,11,11,11,11,11,22,22,22,22,25,25,25,39,39,39,39,45],"current_hp_per_floor":[31,82,82,82,82,82,70,70,58,58,56,56,56,56,48,72,82,87,82,82,70,58,58,60,60,60,60,60,60,56,56,6,32,14,87,87,87,92,92,92,92,92,92,92,77,77,77,0,0],"gold":15,"neow_bonus":"","is_daily":false,"chose_seed":false,"campfire_upgraded":6,"win_rate":0.0,"timestamp":1610529778,"path_taken":["M","?","?","M","?","E","?","?","T","M","$","R","?","E","R","BOSS","M","?","M","M","$","E","R","$","T","R","?","M","R","E","R","BOSS","M","?","?","M","?","R","E","R","T","M","$","R","E"],"items_purchased_type":["Relic","Relic","Card","Relic","Relic","Card","Potion","Potion","Card","Card","Card","Card","Relic","Card","Card","Relic","Relic","Relic","Relic","Relic","Card","Relic","Relic","Relic"],"build_version":"2020-12-22","purchased_purges":3,"victory":false,"max_hp_per_floor":[75,82,82,82,82,82,82,82,82,82,82,82,82,82,82,82,82,87,87,87,87,87,87,87,87,87,87,87,87,87,87,87,87,87,87,87,87,92,92,92,92,92,92,92,92,92,92,92,92],"card_choices":[{"not_picked":["hermit:CursedWeapon","hermit:GhostlyPresence"],"picked":"hermit:Desperado","floor":1.0},{"not_picked":["hermit:Vantage","hermit:CalledShot"],"picked":"hermit:Quickdraw","floor":4.0},{"not_picked":["hermit:Scavenge","hermit:Headshot"],"picked":"hermit:Desperado","floor":5.0},{"not_picked":["hermit:Dive","hermit:TakeAim"],"picked":"hermit:Coalescence","floor":6.0},{"not_picked":["hermit:BodyArmor","hermit:Spite","hermit:Headshot"],"picked":"SKIP","floor":8.0},{"not_picked":["hermit:Dive","hermit:Glare"],"picked":"hermit:BodyArmor","floor":10.0},{"not_picked":["hermit:Showdown","hermit:Grudge"],"picked":"hermit:RoundhouseKick","floor":14.0},{"not_picked":["hermit:Feint","hermit:Misfire"],"picked":"hermit:HoleUp","floor":17.0},{"not_picked":["hermit:Feint","hermit:Grudge+1","hermit:HighCaliber"],"picked":"SKIP","floor":18.0},{"not_picked":["hermit:Midnight","hermit:TrackingShot"],"picked":"hermit:FromBeyond","floor":20.0},{"not_picked":["hermit:Headshot","hermit:CursedWeapon+1","hermit:Midnight"],"picked":"SKIP","floor":21.0},{"not_picked":["hermit:Dive","hermit:Headshot"],"picked":"hermit:Enervate","floor":23.0},{"not_picked":["hermit:Quickdraw","hermit:Headshot"],"picked":"hermit:Snipe+1","floor":29.0},{"not_picked":["hermit:BigShot+1","hermit:Roulette"],"picked":"hermit:Coalescence+1","floor":31.0},{"not_picked":["hermit:Enervate","hermit:CalledShot"],"picked":"hermit:GoldenBullet","floor":35},{"not_picked":["hermit:DeadMansHand","hermit:BodyArmor+1"],"picked":"hermit:ItchyTrigger+1","floor":37},{"not_picked":["hermit:HoleUp+1","hermit:BodyArmor"],"picked":"hermit:Gestalt+1","floor":38},{"not_picked":["hermit:BodyArmor","hermit:SprayPray+1"],"picked":"hermit:Gestalt","floor":39},{"not_picked":["hermit:Roulette","hermit:Headshot"],"picked":"hermit:ShadowCloak+1","floor":39},{"not_picked":["hermit:CalledShot+1","hermit:PistolWhip"],"picked":"hermit:Desperado+1","floor":39},{"not_picked":["hermit:Scavenge+1","hermit:FromBeyond"],"picked":"hermit:Snipe","floor":39},{"not_picked":["hermit:CalledShot","hermit:Malice"],"picked":"hermit:Manifest","floor":41},{"not_picked":["hermit:LoneWolf+1","hermit:RoundhouseKick","hermit:Headshot+1"],"picked":"SKIP","floor":44}],"player_experience":271786,"relics_obtained":[{"floor":6.0,"key":"hermit:Horseshoe"},{"floor":9.0,"key":"Golden Egg"},{"floor":14.0,"key":"Orichalcum"},{"floor":23.0,"key":"Old Coin"},{"floor":26.0,"key":"Omamori"},{"floor":26.0,"key":"Bottled Tornado"},{"floor":31.0,"key":"Kunai"},{"floor":37,"key":"Durian"},{"floor":41,"key":"Nunchaku"},{"floor":43,"key":"Replay:Rubber Ducky"}],"event_choices":[{"damage_healed":0.0,"max_hp_gain":0.0,"max_hp_loss":0.0,"gold_gain":78.0,"event_name":"Golden Wing","player_choice":"Gained Gold","floor":2.0,"gold_loss":0.0,"damage_taken":0.0},{"damage_healed":0.0,"max_hp_gain":0.0,"max_hp_loss":0.0,"gold_gain":0.0,"event_name":"Accursed Blacksmith","player_choice":"Rummage","floor":3.0,"gold_loss":0.0,"damage_taken":0.0,"relics_obtained":["WarpedTongs"],"cards_obtained":["Pain"]},{"damage_healed":0.0,"max_hp_gain":0.0,"max_hp_loss":0.0,"gold_gain":0.0,"event_name":"Lab","player_choice":"Got Potions","floor":7.0,"gold_loss":0.0,"damage_taken":0.0},{"damage_healed":0.0,"max_hp_gain":0.0,"max_hp_loss":0.0,"gold_gain":99.0,"event_name":"betterThird:BetterNest","player_choice":"Steal","floor":19.0,"gold_loss":0.0,"damage_taken":0.0},{"cards_removed":["hermit:Strike_Hermit"],"damage_healed":0.0,"max_hp_gain":0.0,"max_hp_loss":0.0,"gold_gain":0.0,"event_name":"Beggar","player_choice":"Gave Gold","floor":28.0,"gold_loss":75.0,"damage_taken":0.0},{"damage_healed":0,"gold_gain":0,"player_choice":"Memory 1","damage_taken":0,"max_hp_gain":0,"max_hp_loss":0,"event_name":"SensoryStone","floor":36,"gold_loss":0},{"damage_healed":0,"gold_gain":0,"player_choice":"Fight","damage_taken":0,"max_hp_gain":0,"max_hp_loss":0,"event_name":"MindBloom","floor":37,"gold_loss":0}],"is_beta":false,"boss_relics":[{"not_picked":["ChewingGum","SacredBark"],"picked":"Tiny House"},{"not_picked":["Fusion Hammer","Runic Pyramid"],"picked":"hermit:ClaspedLocket"}],"items_purged_floors":[11,22,25],"is_endless":false,"potions_floor_spawned":[5,6,8,18,23,31,35,37,44],"killed_by":"Nemesis","ascension_level":4}}