{"host":"2brg86hfzr3u5cix","time":1610510736,"event":{"mods":["AchievementEnabler","Ascension Unlocker","BaseMod","CapriCore","DeckTracker","Highlight Path","Keyboard Shortcuts","Minty Spire (QoL Compilation)","Permanent Neow","Relic Stats","StSLib","Twitch Utils","Uncapped","UnlockEverythingMod"],"gold_per_floor":[109,109,124,124,49,88,88,112,139,139,139],"floor_reached":10,"language":"KOR","playtime":360,"items_purged":["Strike_P"],"score":132,"play_id":"a80d7548-600b-4260-ad0b-0efb39ac8abb","local_time":"20210113130536","is_ascension_mode":true,"campfire_choices":[{"data":"Eruption","floor":7,"key":"SMITH"}],"circlet_count":0,"master_deck":["AscendersBane","Strike_P","Strike_P","Strike_P","Defend_P","Defend_P","Defend_P","Defend_P","Eruption+1","Vigilance","Impatience","EmptyFist","Prostrate","EmptyBody","InnerPeace"],"relics":["PureWater","Golden Idol","Potion Belt","Happy Flower"],"acts_visited":["Exordium"],"potions_floor_usage":[10,10],"damage_taken":[{"damage":1,"enemies":"Small Slimes","floor":1,"turns":4},{"damage":2,"enemies":"Jaw Worm","floor":3,"turns":3},{"damage":47,"enemies":"3 Sentries","floor":6,"turns":12},{"damage":0,"enemies":"2 Louse","floor":8,"turns":3},{"damage":13,"enemies":"Lagavulin","floor":10,"turns":4}],"seed_played":"1869565130509021070","potions_obtained":[{"floor":1,"key":"SpeedPotion"},{"floor":6,"key":"Fire Potion"}],"is_trial":false,"path_per_floor":["M","?","M","?","$","E","R","M","T","E"],"character_chosen":"WATCHER","items_purchased":[],"campfire_rested":0,"item_purchase_floors":[],"current_hp_per_floor":[60,60,58,58,58,11,11,11,11,0,0],"gold":139,"neow_bonus":"RANDOM_COLORLESS","is_daily":false,"chose_seed":false,"campfire_upgraded":1,"win_rate":0.0,"timestamp":1610510736,"path_taken":["M","?","M","?","$","E","R","M","T","E"],"items_purchased_type":[],"build_version":"2020-12-22","purchased_purges":1,"victory":false,"max_hp_per_floor":[68,68,68,62,62,62,62,62,62,62,62],"relic_stats":{"Happy Flower":[1],"counters":[5,26],"Golden Idol":13,"obtain_stats":[{"Potion Belt":6,"Happy Flower":9,"Golden Idol":4,"PureWater":0},{"Potion Belt":3,"Happy Flower":4,"Golden Idol":2,"PureWater":0},{"Potion Belt":19,"Happy Flower":22,"Golden Idol":7,"PureWater":0}]},"card_choices":[{"not_picked":["Bandage Up","Purity"],"picked":"Impatience","floor":0},{"not_picked":["FollowUp","Collect"],"picked":"EmptyFist","floor":1},{"not_picked":["FollowUp","Meditate"],"picked":"Prostrate","floor":3},{"not_picked":["ThirdEye","CutThroughFate"],"picked":"EmptyBody","floor":6},{"not_picked":["PathToVictory","EmptyBody"],"picked":"InnerPeace","floor":8}],"player_experience":315614,"relics_obtained":[{"floor":6,"key":"Potion Belt"},{"floor":9,"key":"Happy Flower"}],"event_choices":[{"damage_healed":0,"gold_gain":0,"player_choice":"Ignored","damage_taken":0,"max_hp_gain":0,"max_hp_loss":0,"event_name":"Liars Game","floor":2,"gold_loss":0},{"damage_healed":0,"gold_gain":0,"player_choice":"Lose Max HP","damage_taken":0,"relics_obtained":["Golden Idol"],"max_hp_gain":0,"max_hp_loss":6,"event_name":"Golden Idol","floor":4,"gold_loss":0}],"is_beta":false,"boss_relics":[],"items_purged_floors":[5],"is_endless":false,"potions_floor_spawned":[1,6],"killed_by":"Lagavulin","ascension_level":20}}