{"host":"2ulm0pyp8jok7fk5","time":1610522632,"event":{"mods":["Act Like it!","Arknights The Spire","BaseMod","Decade(Õı–°√˜)","Gensokyo","Koishi","Marisa£®ÏF”Í°°ƒß¿Ì…≥£©","Minty Spire (QoL Compilation)","Reimu£®≤©¿ˆ¡È√Œ£©","Remilia£®¿Ÿ√◊¿Ú—«£©","Replay The Spire","Shop Mod","Spicy Shops","StSLib","The Bug Knight","The Hierophant","The Servant 0.9.4","Waifu the Spire","Youmu£®ªÍ∆«—˝√Œ£©","Yuyuko"],"gold_per_floor":[116,66,66,82,28,28,43,43,69,69,69,102,102,27,27,126,126,138,138,138,63,63,90,122,122,146,146,146],"floor_reached":27,"language":"ZHS","playtime":1054,"items_purged":["ats:Defend"],"score":268,"play_id":"ab8b2627-afb9-4bff-b83a-8186f41c3cc0","local_time":"20210113152352","daily_mods":["Heirloom","Time Dilation","Flight"],"is_ascension_mode":false,"campfire_choices":[{"data":"ats:Burning Ground","floor":6,"key":"SMITH"},{"data":"ats:Ignite","floor":8,"key":"SMITH"},{"floor":10,"key":"REST"},{"floor":13,"key":"REST"},{"data":"ats:Guardian Obelisk","floor":15,"key":"SMITH"},{"floor":25,"key":"REST"}],"circlet_count":0,"master_deck":["ats:Strike C","ats:Strike G+1","ats:Strike S","ats:Armor Crushing Shot+1","ats:Defend","ats:Defend+1","ats:Defend","ats:Emotion Absorption+1","ats:Magnetic Hammer","ats:Burning Ground+1","ats:Ignite+1","ats:Shell Defense","ats:Guardian Obelisk+1","ats:Echo Reverb+1","ats:Sunburst"],"relics":["ats:Sanity","Replay:Kaleidoscope","Gremlin Food","ats:Originium","Chameleon Ring","Anchor","ats:Hidden Killer","ats:Berate"],"acts_visited":["Exordium","TheCity"],"potions_floor_usage":[],"damage_taken":[{"damage":2,"enemies":"2 Louse","floor":1,"turns":4},{"damage":3,"enemies":"Small Slimes","floor":4,"turns":3},{"damage":1,"enemies":"Jaw Worm","floor":7,"turns":3},{"damage":20,"enemies":"3 Sentries","floor":12,"turns":5},{"damage":65,"enemies":"The Guardian","floor":16,"turns":14},{"damage":4,"enemies":"Shell Parasite","floor":18,"turns":5},{"damage":29,"enemies":"Gremlin Leader","floor":23,"turns":6},{"damage":40,"enemies":"Slavers","floor":24,"turns":6},{"damage":52,"enemies":"Book of Stabbing","floor":27,"turns":5}],"seed_played":"-3781049321001791020","potions_obtained":[{"floor":1,"key":"PowerPotion"},{"floor":4,"key":"SpeedPotion"},{"floor":7,"key":"Swift Potion"},{"floor":16,"key":"Fire Potion"}],"is_trial":true,"path_per_floor":["M","?","?","M","$","R","M","R","T","R","?","E","R","$","R","B",null,"M","?","?","?","?","E","E","R","T","E"],"character_chosen":"DOCTOR_CLASS","items_purchased":["ats:Ignite"],"campfire_rested":3,"item_purchase_floors":[5],"current_hp_per_floor":[70,70,56,53,53,53,52,52,52,72,72,53,72,72,72,20,72,70,85,85,85,85,56,22,48,48,0,0],"gold":146,"neow_bonus":"","is_daily":false,"chose_seed":false,"campfire_upgraded":3,"win_rate":0.0,"timestamp":1610522632,"path_taken":["M","?","?","?","$","R","M","R","T","R","?","E","R","$","R","BOSS","M","?","?","?","?","E","E","R","T","E"],"items_purchased_type":["Card"],"build_version":"2020-12-22","purchased_purges":1,"victory":false,"max_hp_per_floor":[72,72,72,72,72,72,72,72,72,72,72,72,72,72,72,72,72,72,87,87,87,87,87,87,87,87,87,87],"card_choices":[{"not_picked":["ats:Shadow Raid","ats:Healing Drone"],"picked":"ats:Magnetic Hammer","floor":1},{"not_picked":["ats:Explosion Area Strengthen","ats:Steam Pump"],"picked":"ats:Burning Ground","floor":4},{"not_picked":["ats:Flexible Camouflage","ats:Cat Scratch"],"picked":"ats:Shell Defense","floor":7},{"not_picked":["ats:Spore Proliferation","ats:Cat Scratch"],"picked":"ats:Guardian Obelisk","floor":12},{"not_picked":["ats:Shadow Assault","ats:Nebulous Foxfire"],"picked":"ats:Echo Reverb","floor":16},{"not_picked":["ats:Poison Spread","ats:Shell Defense","ats:Flexible Camouflage"],"picked":"SKIP","floor":18},{"not_picked":["ats:Song Of Battle","ats:Hammer On"],"picked":"ats:Sunburst","floor":23},{"not_picked":["ats:Leaping Hammer","ats:Cat Scratch","ats:Encircling Forest"],"picked":"SKIP","floor":24}],"player_experience":92165,"relics_obtained":[{"floor":9,"key":"Gremlin Food"},{"floor":12,"key":"ats:Originium"},{"floor":12,"key":"Chameleon Ring"},{"floor":23,"key":"ats:Originium"},{"floor":23,"key":"Anchor"},{"floor":24,"key":"ats:Originium"},{"floor":24,"key":"ats:Hidden Killer"},{"floor":26,"key":"ats:Berate"}],"event_choices":[{"cards_removed":["ats:Strike V"],"damage_healed":0,"gold_gain":0,"player_choice":"Card Removal","damage_taken":0,"max_hp_gain":0,"max_hp_loss":0,"event_name":"The Cleric","floor":2,"gold_loss":50},{"damage_healed":0,"gold_gain":0,"player_choice":"Entered Light","damage_taken":14,"max_hp_gain":0,"max_hp_loss":0,"event_name":"Shining Light","floor":3,"gold_loss":0,"cards_upgraded":["ats:Armor Crushing Shot","ats:Emotion Absorption"]},{"damage_healed":0,"gold_gain":0,"player_choice":"Fled","damage_taken":0,"max_hp_gain":0,"max_hp_loss":0,"event_name":"Scrap Ooze","floor":11,"gold_loss":0},{"damage_healed":0,"gold_gain":0,"player_choice":"Ignored","damage_taken":0,"max_hp_gain":0,"max_hp_loss":0,"event_name":"Ghosts","floor":20,"gold_loss":0},{"cards_removed":["Gluttony_TH"],"damage_healed":0,"gold_gain":0,"player_choice":"Gave Gold","damage_taken":0,"max_hp_gain":0,"max_hp_loss":0,"event_name":"Beggar","floor":21,"gold_loss":75},{"damage_healed":0,"gold_gain":0,"player_choice":"Ignored","damage_taken":0,"max_hp_gain":0,"max_hp_loss":0,"event_name":"Cursed Tome","floor":22,"gold_loss":0}],"is_beta":false,"boss_relics":[{"not_picked":["Pandora\u0027s Box","Replay:Wanted Poster","Sozu"]}],"items_purged_floors":[14],"is_endless":false,"potions_floor_spawned":[1,4,7,16,24],"killed_by":"Book of Stabbing","ascension_level":0}}