{"host":"kiauivt48syq9iz6","time":1610563653,"event":{"mods":["A Magickal Journey","BaseMod","Conspire","Downfall","Hermit","Minty Spire (QoL Compilation)","Replay The Spire","SIMod","Somnambulant","StSLib","The Animator","The Construct","The Cursed","The Disciple","The Forsaken","The Judge","The Marked","The Runesmith","The Servant 0.9.4","The Spell Scribe"],"gold_per_floor":[111,127,25,25,25,52,62,78,78,78,78,91,101,114,114,213,213,229,213,231,52,66,66,86,101,124,124,136,136,147,164,164,267,267,285,297,312,326,97,110,110,110],"floor_reached":41,"language":"ENG","playtime":1771,"items_purged":["Strike_B"],"score":582,"play_id":"04324916-833b-4908-890c-4a95a999fb26","local_time":"20210113114732","is_ascension_mode":false,"campfire_choices":[{"data":"Chaos","floor":10.0,"key":"SMITH"},{"floor":15.0,"key":"REST"},{"floor":23.0,"key":"REST"},{"floor":27.0,"key":"REST"},{"floor":29.0,"key":"REST"},{"floor":32.0,"key":"REST"}],"circlet_count":0,"master_deck":["Strike_B","Strike_B","Defend_B","Defend_B","Defend_B+1","Defend_B","Zap+1","Dualcast","Chaos+1","Sweeping Beam","Conserve Battery","Streamline","Undo","Beam Cell","White Noise","Conserve Battery","Doom and Gloom","Defragment","ReplayRNGCard","Storm+1","Redo","Electrodynamics","Rebound+1","Scrape+1","Aggregate+1","Coolheaded+1","BasicCrystalCard+1","Rip and Tear+1","Creative AI","Storm+1","Reinforced Body+1","White Noise","Self Repair+1"],"relics":["Cracked Core","NeowsBlessing","conspire:DecoderRing","Replay:WaspNest","conspire:SpecialSausage","Chemical X","Nunchaku","Nuclear Battery","Raider\u0027s Mask"],"acts_visited":["Exordium","TheCity","TheBeyond"],"potions_floor_usage":[40],"damage_taken":[{"damage":0.0,"enemies":"2 Louse","floor":1.0,"turns":1.0},{"damage":0.0,"enemies":"Jaw Worm","floor":2.0,"turns":1.0},{"damage":0.0,"enemies":"Gremlin Nob","floor":6.0,"turns":1.0},{"damage":0.0,"enemies":"conspire:RoseBush","floor":7.0,"turns":3.0},{"damage":0.0,"enemies":"2 Fungi Beasts","floor":8.0,"turns":3.0},{"damage":14.0,"enemies":"Lots of Slimes","floor":12.0,"turns":2.0},{"damage":4.0,"enemies":"Gremlin Gang","floor":13.0,"turns":4.0},{"damage":5.0,"enemies":"3 Louse","floor":14.0,"turns":2.0},{"damage":27.0,"enemies":"Fading Forest","floor":16.0,"turns":11.0},{"damage":1.0,"enemies":"3 Byrds","floor":18.0,"turns":4.0},{"damage":32.0,"enemies":"2 Thieves","floor":19.0,"turns":4.0},{"damage":22.0,"enemies":"Snake Plant","floor":20.0,"turns":4.0},{"damage":7.0,"enemies":"Snecko","floor":22.0,"turns":4.0},{"damage":34.0,"enemies":"Shelled Parasite and Fungi","floor":24.0,"turns":3.0},{"damage":0.0,"enemies":"Sentry and Sphere","floor":25.0,"turns":3.0},{"damage":22.0,"enemies":"Snecko","floor":28.0,"turns":4.0},{"damage":0.0,"enemies":"Centurion and Healer","floor":30.0,"turns":3.0},{"damage":0.0,"enemies":"3 Cultists","floor":31.0,"turns":2.0},{"damage":56.0,"enemies":"Pondfish","floor":33.0,"turns":6.0},{"damage":8.0,"enemies":"3 Shapes","floor":35.0,"turns":5.0},{"damage":27.0,"enemies":"Orb Walker","floor":36.0,"turns":4.0},{"damage":16.0,"enemies":"3 Darklings","floor":37.0,"turns":5.0},{"damage":11.0,"enemies":"Maw","floor":38.0,"turns":6.0},{"damage":9,"enemies":"Sphere and 2 Shapes","floor":40,"turns":4},{"damage":5,"enemies":"Reptomancer","floor":41,"turns":1}],"seed_played":"631684388215457864","potions_obtained":[{"floor":1.0,"key":"Fire Potion"},{"floor":2.0,"key":"LifebloodPotion"},{"floor":6.0,"key":"conspire:TimeTravelPotion"},{"floor":14.0,"key":"Block Potion"},{"floor":18.0,"key":"PotionOfCapacity"},{"floor":20.0,"key":"Strength Potion"},{"floor":25.0,"key":"EntropicBrew"},{"floor":28.0,"key":"PotionOfCapacity"},{"floor":31.0,"key":"Elixir"},{"floor":36.0,"key":"Weak Potion"}],"is_trial":false,"path_per_floor":["M","M","$","?","?","E","M","M","T","R","?","M","M","M","R","B",null,"M","M","M","$","M","R","M","M","T","R","M","R","M","M","R","B",null,"M","M","M","M","$","M","E"],"character_chosen":"DEFECT","items_purchased":["Conserve Battery","Streamline","Chemical X","Rebound+1","Raider\u0027s Mask"],"campfire_rested":5,"item_purchase_floors":[3,3,21,21,39],"current_hp_per_floor":[75,75,75,60,60,60,60,60,60,60,60,46,42,37,59,52,75,74,57,35,35,28,50,16,16,16,38,16,38,38,38,60,4,75,67,40,24,13,13,4,0,0],"gold":110,"neow_bonus":"THREE_ENEMY_KILL","is_daily":false,"chose_seed":false,"campfire_upgraded":1,"win_rate":0.0,"timestamp":1610563652,"path_taken":["M","M","$","?","?","E","?","M","T","R","?","M","M","M","R","BOSS","M","M","M","$","M","R","M","M","T","R","?","R","M","M","R","BOSS","M","M","M","?","$","M","E"],"items_purchased_type":["Card","Card","Relic","Card","Relic"],"build_version":"2020-12-22","purchased_purges":1,"victory":false,"max_hp_per_floor":[75,75,75,75,75,75,75,75,75,75,75,75,75,75,75,75,75,75,75,75,75,75,75,75,75,75,75,75,75,75,75,75,75,75,75,75,75,75,75,75,75,75],"card_choices":[{"not_picked":["Genetic Algorithm","Compile Driver"],"picked":"Chaos","floor":1.0},{"not_picked":["Rip and Tear","Chill"],"picked":"Sweeping Beam","floor":2.0},{"not_picked":["Go for the Eyes","Steam Power"],"picked":"Undo","floor":6.0},{"not_picked":["ReplayTheSpireMod:Reroute Power","Steam"],"picked":"Beam Cell","floor":7.0},{"not_picked":["Go for the Eyes","Steam"],"picked":"White Noise","floor":8.0},{"not_picked":["Rebound","Auto Shields"],"picked":"Conserve Battery","floor":12.0},{"not_picked":["Panic Button","Stack"],"picked":"Doom and Gloom","floor":13.0},{"not_picked":["Rainbow","Compile Driver"],"picked":"Defragment","floor":14.0},{"not_picked":["Seek","Amplify"],"picked":"ReplayRNGCard","floor":16.0},{"not_picked":["Heatsinks+1","Hologram+1"],"picked":"Storm+1","floor":18.0},{"not_picked":["Storm","Beam Cell"],"picked":"Redo","floor":19.0},{"not_picked":["Doom and Gloom","Cold Snap"],"picked":"Electrodynamics","floor":20.0},{"not_picked":["Redo+1","Leap"],"picked":"Scrape+1","floor":22.0},{"not_picked":["ReplaySolidLightProjector","Cold Snap+1"],"picked":"Aggregate+1","floor":24.0},{"not_picked":["Scrape","Rebound","Steam"],"picked":"SKIP","floor":25.0},{"not_picked":["Buffer","conspire:SharedLibrary"],"picked":"Coolheaded+1","floor":28.0},{"not_picked":["Steam","Cold Snap"],"picked":"BasicCrystalCard+1","floor":30.0},{"not_picked":["Stack","Coolheaded"],"picked":"Rip and Tear+1","floor":31.0},{"not_picked":["Biased Cognition","ReplayTheSpireMod:Fabricate Wheel"],"picked":"Creative AI","floor":33.0},{"not_picked":["Streamline+1","Cold Snap+1"],"picked":"Storm+1","floor":35.0},{"not_picked":["Scrape","Stack+1"],"picked":"Reinforced Body+1","floor":36.0},{"not_picked":["Gash","FTL","Panic Button"],"picked":"SKIP","floor":37.0},{"not_picked":["Storm+1","Rebound+1"],"picked":"White Noise","floor":38.0},{"not_picked":["Storm+1","Steam Power"],"picked":"Self Repair+1","floor":40}],"player_experience":149683,"relics_obtained":[{"floor":6.0,"key":"conspire:DecoderRing"},{"floor":9.0,"key":"Replay:WaspNest"},{"floor":26.0,"key":"Nunchaku"}],"event_choices":[{"damage_healed":0.0,"max_hp_gain":0.0,"max_hp_loss":0.0,"gold_gain":0.0,"event_name":"Shining Light","player_choice":"Entered Light","floor":4.0,"gold_loss":0.0,"damage_taken":15.0,"cards_upgraded":["Zap","Defend_B"]},{"cards_removed":["Strike_B"],"damage_healed":0.0,"max_hp_gain":0.0,"max_hp_loss":0.0,"gold_gain":0.0,"event_name":"Bonfire Elementals","player_choice":"Offered Basic","floor":5.0,"gold_loss":0.0,"damage_taken":0.0},{"damage_healed":0.0,"max_hp_gain":0.0,"max_hp_loss":0.0,"gold_gain":0.0,"event_name":"NoteForYourself","player_choice":"Ignored","floor":11.0,"gold_loss":0.0,"damage_taken":0.0}],"is_beta":false,"boss_relics":[{"not_picked":["Busted Crown","Black Star"],"picked":"conspire:SpecialSausage"},{"not_picked":["Replay:Wanted Poster","Replay:Drink Me"],"picked":"Nuclear Battery"}],"items_purged_floors":[39],"is_endless":false,"potions_floor_spawned":[1,2,6,14,18,20,25,28,31,36],"killed_by":"Reptomancer","ascension_level":0}}