{"host":"4a0aa7b2d8dxohwr","time":1610543623,"event":{"mods":["ATMod(∞¢Ë™Mod)","Act Like it!","BaseMod","Dota2Spire","GifTheSpireLib","Lobotomy","LobotomyExtend","Marisa£®ÏF”Í°°ƒß¿Ì…≥£©","Minty Spire (QoL Compilation)","Reimu£®≤©¿ˆ¡È√Œ£©","Remilia£®¿Ÿ√◊¿Ú—«£©","Shop Mod","StSLib","The Servant 0.9.4","Youmu£®ªÍ∆«—˝√Œ£©"],"gold_per_floor":[112,37,37,48,48,77,93,125,205,222,222,249,249,280,280,352,352,352,272,272,272,272,272,272,272,272,272,272,272,272,272,272,272,272,272,272,272,272,272,272,272,272,272,272,272,272,272,272,272,272,272,272,8,8,8],"floor_reached":56,"language":"ZHS","playtime":3218,"items_purged":[],"score":2728,"play_id":"0bf57832-aee8-4ef9-bb6c-337515400779","local_time":"20210113211343","is_ascension_mode":true,"campfire_choices":[{"data":"AT_FamilyPortrait","floor":11.0,"key":"SMITH"},{"data":"ScarletImprint","floor":13.0,"key":"SMITH"},{"data":"BombardNight","floor":15.0,"key":"SMITH"},{"data":"DemonKingCradle","floor":28.0,"key":"SMITH"},{"data":"QueenOfMidnight","floor":32.0,"key":"SMITH"},{"data":"Stigmanizer","floor":45,"key":"SMITH"},{"data":"BloodyHallows","floor":47,"key":"SMITH"},{"floor":49,"key":"RECALL"},{"data":"ZunPunch:ReiMu","floor":52,"key":"SMITH"}],"circlet_count":0,"master_deck":["AscendersBane","Strike_RM","Strike_RM","Defend_RM","Defend_RM","Defend_RM+1","RedMoon","ScarletShoot","AT_FamilyPortrait+1","DiffusionOfMisfortune","ScarletImprint+1","BombardNight+1","Wellcheers","HunterOfTheNight","VampireFantasy","MillenniumVampire","NightDance","DemonKingCradle+1","Stigmanizer+1","ZunPunch:ReiMu+1","J.A.X.","ScarletSymphony","QueenOfMidnight+1","StarOfDavid","TricksterDevil","BloodyHallows+1","DemonKingCradle+1","MastersStateliness+1","RedMagic+1","ChainGang+1"],"relics":["ScarletHat","AT_ATBox","CogitoBucket","LetterFromLob","Pocketwatch","Dota2Spire:EchoSabre","Tea:ReiMu","Shuriken","AT_SunfireAegis","Ectoplasm","AdjustmentMirror","Dota2Spire:MagicBottle","Dota2Spire:MantaStyle","AT_BellDemon","TungstenRod","Smiling Mask","AtMidnight","ChangeAnything","StrikeDummy","Gungnir","Dota2Spire:Bloodstone","Frozen Egg 2","Oddly Smooth Stone","Potion Belt","Nunchaku","Dota2Spire:MonkeyKingBar","AT_RedTearstoneRing"],"acts_visited":["Exordium","TheCity","TheBeyond","TheEnding"],"potions_floor_usage":[55,55],"damage_taken":[{"damage":0.0,"enemies":"Jaw Worm","floor":1.0,"turns":5.0},{"damage":0.0,"enemies":"2 Louse","floor":4.0,"turns":5.0},{"damage":6.0,"enemies":"3 Sentries","floor":6.0,"turns":10.0},{"damage":0.0,"enemies":"Small Slimes","floor":7.0,"turns":2.0},{"damage":1.0,"enemies":"Gremlin Nob","floor":8.0,"turns":3.0},{"damage":8.0,"enemies":"Blue Slaver","floor":10.0,"turns":4.0},{"damage":1.0,"enemies":"3 Sentries","floor":12.0,"turns":4.0},{"damage":5.0,"enemies":"3 Louse","floor":14.0,"turns":2.0},{"damage":10.0,"enemies":"Slime Boss","floor":16.0,"turns":4.0},{"damage":0.0,"enemies":"Spheric Guardian","floor":18.0,"turns":3.0},{"damage":16.0,"enemies":"2 Thieves","floor":22.0,"turns":2.0},{"damage":13.0,"enemies":"Gremlin Leader","floor":23.0,"turns":5.0},{"damage":0.0,"enemies":"Chosen and Byrds","floor":24.0,"turns":3.0},{"damage":0.0,"enemies":"Slavers","floor":25.0,"turns":3.0},{"damage":19.0,"enemies":"Snake Plant","floor":27.0,"turns":4.0},{"damage":0.0,"enemies":"Shelled Parasite and Fungi","floor":29.0,"turns":9.0},{"damage":20.0,"enemies":"Gremlin Leader","floor":30.0,"turns":5.0},{"damage":21.0,"enemies":"Centurion and Healer","floor":31.0,"turns":2.0},{"damage":2.0,"enemies":"Champ","floor":33.0,"turns":4.0},{"damage":8.0,"enemies":"3 Darklings","floor":35.0,"turns":3.0},{"damage":13.0,"enemies":"Orb Walker","floor":37.0,"turns":3.0},{"damage":47.0,"enemies":"Writhing Mass","floor":38.0,"turns":4.0},{"damage":9.0,"enemies":"Maw","floor":39.0,"turns":4.0},{"damage":10.0,"enemies":"Reptomancer","floor":40.0,"turns":3.0},{"damage":23,"enemies":"4 Shapes","floor":41,"turns":6},{"damage":9,"enemies":"Giant Head","floor":42,"turns":5},{"damage":34,"enemies":"Reptomancer","floor":44,"turns":3},{"damage":16,"enemies":"3 Darklings","floor":46,"turns":3},{"damage":30,"enemies":"Nemesis","floor":48,"turns":3},{"damage":32,"enemies":"Time Eater","floor":50,"turns":4},{"damage":13,"enemies":"Shield and Spear","floor":54,"turns":4},{"damage":63,"enemies":"The Heart","floor":55,"turns":6}],"seed_played":"2008627921115377456","potions_obtained":[{"floor":4.0,"key":"AttackPotion"},{"floor":8.0,"key":"Strength Potion"},{"floor":10.0,"key":"SkillPotion"},{"floor":16.0,"key":"FearPotion"},{"floor":22.0,"key":"Fire Potion"},{"floor":24.0,"key":"Energy Potion"},{"floor":25.0,"key":"Explosive Potion"},{"floor":29.0,"key":"GamblersBrew"},{"floor":31.0,"key":"Dexterity Potion"},{"floor":38.0,"key":"AttackPotion"},{"floor":39.0,"key":"DistilledChaos"},{"floor":44,"key":"LiquidMemories"},{"floor":46,"key":"Ancient Potion"},{"floor":48,"key":"GamblersBrew"},{"floor":54,"key":"Dota2Spire:HealingSalve"}],"is_trial":false,"path_per_floor":["M","?","?","M","?","E","M","E","T","M","R","E","R","M","R","B",null,"M","?","?","?","M","E","M","E","T","M","R","M","E","M","R","B",null,"M","?","M","M","M","E","M","E","T","E","R","M","R","E","R","B",null,"R","$","E","B",null],"character_chosen":"REMILIA","items_purchased":["Dota2Spire:MonkeyKingBar"],"campfire_rested":0,"item_purchase_floors":[53],"current_hp_per_floor":[63,63,52,56,56,66,66,65,65,60,60,59,59,59,59,55,66,68,68,68,68,54,44,52,52,52,36,36,70,55,46,46,70,70,68,68,62,29,37,39,45,64,64,46,46,49,49,49,49,70,70,70,70,70,70],"gold":8,"neow_bonus":"","is_daily":false,"chose_seed":false,"campfire_upgraded":8,"win_rate":0.0,"timestamp":1610543623,"path_taken":["M","?","?","M","?","E","M","E","T","M","R","E","R","M","R","BOSS","M","?","?","?","M","E","M","E","T","M","R","M","E","M","R","BOSS","M","?","M","?","M","E","M","E","T","E","R","M","R","E","R","BOSS","R","$","E","BOSS"],"items_purchased_type":["Relic"],"build_version":"2020-12-22","purchased_purges":0,"victory":true,"max_hp_per_floor":[70,70,70,70,70,70,70,70,70,70,70,70,70,70,70,70,70,70,70,70,70,70,70,70,70,70,70,70,70,70,70,70,70,70,70,70,70,70,70,70,70,70,70,70,70,70,70,70,70,70,70,70,70,70,70],"card_choices":[{"not_picked":["UnderTheZenith","ScarletImprint"],"picked":"DiffusionOfMisfortune","floor":1.0},{"not_picked":["UnderTheZenith","RedRainbow"],"picked":"ScarletImprint","floor":4.0},{"not_picked":["ScarletGensokyo","BloodyTrap"],"picked":"BombardNight","floor":6.0},{"not_picked":["EndlessAdversity","VampireClaw","BlasphemousPunishment"],"picked":"SKIP","floor":7.0},{"not_picked":["OldLady","Woodsman"],"picked":"Wellcheers","floor":8.0},{"not_picked":["VampireKiss","VampirishNight"],"picked":"HunterOfTheNight","floor":8.0},{"not_picked":["BloodyTrap","BloodHunter"],"picked":"VampireFantasy","floor":10.0},{"not_picked":["GlobalNightmare","FavorOfDestiny"],"picked":"MillenniumVampire","floor":12.0},{"not_picked":["BlasphemousPunishment","StarOfDavid"],"picked":"NightDance","floor":14.0},{"not_picked":["BloodySeventeenLaser","BloodyHallows"],"picked":"DemonKingCradle","floor":16.0},{"not_picked":["BlasphemousPunishment","FitfulNightmare"],"picked":"Stigmanizer","floor":18.0},{"not_picked":["BlasphemousPunishment+1","ScarletImprint+1","EndlessAdversity"],"picked":"SKIP","floor":22.0},{"not_picked":["RedRainbow+1","DemonKingCradle","CharismaGuard"],"picked":"SKIP","floor":23.0},{"not_picked":["UnderTheZenith","VampireKiss"],"picked":"ScarletSymphony","floor":24.0},{"not_picked":["Septette","DiffusionOfMisfortune","CharismaGuard"],"picked":"SKIP","floor":25.0},{"not_picked":["BlasphemousPunishment+1","RedMagic","VampireKiss"],"picked":"SKIP","floor":27.0},{"not_picked":["VampirishNight","RedMagic"],"picked":"QueenOfMidnight","floor":29.0},{"not_picked":["UltimateOffering","ScarletImprint","AfternoonTea"],"picked":"SKIP","floor":29.0},{"not_picked":["VampireKiss","NightDance+1","DiffusionOfMisfortune"],"picked":"SKIP","floor":30.0},{"not_picked":["RedRainbow","ScarletDream"],"picked":"StarOfDavid","floor":31.0},{"not_picked":["HeartBreak","BloodySeventeenLaser"],"picked":"TricksterDevil","floor":33.0},{"not_picked":["FavorOfDestiny","TricksterDevil","Stigmanizer"],"picked":"SKIP","floor":35.0},{"not_picked":["DiffusionOfMisfortune","NightDance","GlobalNightmare"],"picked":"SKIP","floor":37.0},{"not_picked":["RedRainbow+1","ScarletDevil","VampireFantasy"],"picked":"SKIP","floor":38.0},{"not_picked":["Septette","TransientEternity","EndlessAdversity"],"picked":"SKIP","floor":39.0},{"not_picked":["FavorOfDestiny","VampireKiss+1"],"picked":"BloodyHallows","floor":40.0},{"not_picked":["BlasphemousPunishment","VampireKiss","BloodyMagicSquare"],"picked":"SKIP","floor":41},{"not_picked":["AfternoonTea","Maim"],"picked":"DemonKingCradle+1","floor":42},{"not_picked":["UnstableMagic","DiffusionOfMisfortune"],"picked":"MastersStateliness+1","floor":44},{"not_picked":["BloodyMagicSquare","DevilSight"],"picked":"RedMagic+1","floor":46},{"not_picked":["BombardNight","MastersStateliness+1"],"picked":"ChainGang+1","floor":48},{"not_picked":["MillenniumVampire","ForbiddenFruit","Maim+1"],"picked":"SKIP","floor":54}],"player_experience":446913,"relics_obtained":[{"floor":1.0,"key":"LetterFromLob"},{"floor":6.0,"key":"Dota2Spire:EchoSabre"},{"floor":8.0,"key":"Tea:ReiMu"},{"floor":9.0,"key":"Shuriken"},{"floor":12.0,"key":"AT_SunfireAegis"},{"floor":23.0,"key":"Dota2Spire:MagicBottle"},{"floor":25.0,"key":"Dota2Spire:MantaStyle"},{"floor":26.0,"key":"AT_BellDemon"},{"floor":27.0,"key":"TungstenRod"},{"floor":29.0,"key":"Smiling Mask"},{"floor":29.0,"key":"AtMidnight"},{"floor":30.0,"key":"StrikeDummy"},{"floor":31.0,"key":"Gungnir"},{"floor":40.0,"key":"Frozen Egg 2"},{"floor":42,"key":"Oddly Smooth Stone"},{"floor":44,"key":"Potion Belt"},{"floor":48,"key":"Nunchaku"},{"floor":54,"key":"AT_RedTearstoneRing"}],"event_choices":[{"cards_removed":["Strike_RM"],"damage_healed":0.0,"max_hp_gain":0.0,"max_hp_loss":0.0,"gold_gain":0.0,"event_name":"The Cleric","player_choice":"Card Removal","floor":2.0,"gold_loss":75.0,"damage_taken":0.0},{"damage_healed":0.0,"max_hp_gain":0.0,"max_hp_loss":0.0,"gold_gain":0.0,"event_name":"Scrap Ooze","player_choice":"Success","floor":3.0,"gold_loss":0.0,"damage_taken":11.0,"relics_obtained":["Pocketwatch"]},{"damage_healed":0.0,"max_hp_gain":0.0,"max_hp_loss":0.0,"gold_gain":0.0,"event_name":"ZunEvent","player_choice":"Ωª≥ˆ…Òæ∆","floor":19.0,"relics_lost":["ZunR:ReiMu"],"gold_loss":0.0,"damage_taken":0.0,"cards_obtained":["ZunPunch:ReiMu"]},{"damage_healed":0.0,"max_hp_gain":0.0,"max_hp_loss":0.0,"gold_gain":0.0,"event_name":"Ghosts","player_choice":"Ignored","floor":20.0,"gold_loss":0.0,"damage_taken":0.0},{"damage_healed":0.0,"max_hp_gain":0.0,"max_hp_loss":0.0,"gold_gain":0.0,"event_name":"Drug Dealer","player_choice":"Obtain J.A.X.","floor":21.0,"gold_loss":0.0,"damage_taken":0.0,"cards_obtained":["J.A.X."]},{"damage_healed":0.0,"max_hp_gain":0.0,"max_hp_loss":0.0,"gold_gain":0.0,"event_name":"SecretPortal","player_choice":"Ignored","floor":36.0,"gold_loss":0.0,"damage_taken":0.0}],"is_beta":false,"boss_relics":[{"not_picked":["Empty Cage","Velvet Choker"],"picked":"Ectoplasm"},{"not_picked":["Runic Pyramid","Runic Dome"],"picked":"Dota2Spire:Bloodstone"}],"items_purged_floors":[],"is_endless":false,"potions_floor_spawned":[4,8,10,16,22,24,25,31,33,38,39,44,48,54],"ascension_level":17}}