{"host":"dlyy4wv9zatha4f7","time":1610558274,"event":{"mods":["BaseMod","Better Third Choice","Colored Map","GifTheSpireLib","Minty Spire (QoL Compilation)","Spicy Shops","StSLib","SuperFastMode","Unceasing Turn Reminder"],"gold_per_floor":[113,130,130,146,146,146,178,190,190,190,190,207,226,253,253,351,351,364,381,381,394,414,414,447,447,471,491,21,21,33,70,82,192,204,232,1243,1255,1280,66,66,95,112,138,138,151,170,170,204,204,204],"floor_reached":51,"language":"ENG","playtime":1986,"items_purged":["Strike_R","Writhe"],"score":1203,"play_id":"e0ff4711-5152-4c5e-b39a-28985f29b8a1","local_time":"20210113191754","is_ascension_mode":true,"campfire_choices":[{"data":"Wild Strike","floor":6.0,"key":"SMITH"},{"data":"Bash","floor":10.0,"key":"SMITH"},{"data":"Flame Barrier","floor":15.0,"key":"SMITH"},{"data":"Uppercut","floor":23.0,"key":"SMITH"},{"data":"Inflame","floor":25.0,"key":"SMITH"},{"data":"Flex","floor":30.0,"key":"SMITH"},{"data":"Sword Boomerang","floor":32.0,"key":"SMITH"},{"data":"Juggernaut","floor":40.0,"key":"SMITH"},{"floor":47.0,"key":"DIG"},{"floor":49,"key":"DIG"}],"circlet_count":0,"master_deck":["Strike_R+1","Strike_R","Strike_R","Strike_R+1","Defend_R","Defend_R+1","Defend_R","Defend_R","Bash+1","Clothesline","Inflame+1","Power Through+1","Flame Barrier+1","Spot Weakness","Sword Boomerang+1","Twin Strike+1","Uppercut+1","Flex+1","Limit Break","Armaments+1","Battle Trance","Juggernaut+1","Whirlwind"],"relics":["Burning Blood","Torii","Happy Flower","Darkstone Periapt","Singing Bowl","Omamori","Bag of Preparation","Velvet Choker","Spirit Poop","Letter Opener","Regal Pillow","Lantern","ClockworkSouvenir","MawBank","Self Forming Clay","Black Star","Bag of Marbles","Ancient Tea Set","OrangePellets","Shovel","Whetstone","Nunchaku","War Paint","StrikeDummy","Meat on the Bone","Kunai"],"acts_visited":["Exordium","TheCity","TheBeyond"],"potions_floor_usage":[50,50],"damage_taken":[{"damage":0.0,"enemies":"Small Slimes","floor":1.0,"turns":3.0},{"damage":1.0,"enemies":"Cultist","floor":2.0,"turns":3.0},{"damage":1.0,"enemies":"2 Louse","floor":4.0,"turns":3.0},{"damage":1.0,"enemies":"Gremlin Nob","floor":7.0,"turns":3.0},{"damage":9.0,"enemies":"Exordium Wildlife","floor":8.0,"turns":5.0},{"damage":8.0,"enemies":"Gremlin Gang","floor":12.0,"turns":7.0},{"damage":13.0,"enemies":"Blue Slaver","floor":13.0,"turns":4.0},{"damage":13.0,"enemies":"Lagavulin","floor":14.0,"turns":6.0},{"damage":27.0,"enemies":"Hexaghost","floor":16.0,"turns":10.0},{"damage":2.0,"enemies":"3 Byrds","floor":18.0,"turns":3.0},{"damage":12.0,"enemies":"Shell Parasite","floor":19.0,"turns":4.0},{"damage":1.0,"enemies":"Snake Plant","floor":21.0,"turns":3.0},{"damage":7.0,"enemies":"Shelled Parasite and Fungi","floor":22.0,"turns":4.0},{"damage":13.0,"enemies":"Gremlin Leader","floor":24.0,"turns":5.0},{"damage":19.0,"enemies":"Sentry and Sphere","floor":27.0,"turns":5.0},{"damage":2.0,"enemies":"Book of Stabbing","floor":31.0,"turns":2.0},{"damage":45.0,"enemies":"Automaton","floor":33.0,"turns":8.0},{"damage":15.0,"enemies":"3 Shapes","floor":35.0,"turns":7.0},{"damage":6.0,"enemies":"Orb Walker","floor":38.0,"turns":2.0},{"damage":2.0,"enemies":"Giant Head","floor":41.0,"turns":6.0},{"damage":9.0,"enemies":"Sphere and 2 Shapes","floor":42.0,"turns":3.0},{"damage":16.0,"enemies":"4 Shapes","floor":45.0,"turns":1.0},{"damage":29.0,"enemies":"Writhing Mass","floor":46.0,"turns":5.0},{"damage":3,"enemies":"Nemesis","floor":48,"turns":3},{"damage":55,"enemies":"Awakened One","floor":50,"turns":7}],"seed_played":"-5029604440518174538","potions_obtained":[{"floor":1.0,"key":"BloodPotion"},{"floor":3.0,"key":"DistilledChaos"},{"floor":3.0,"key":"DuplicationPotion"},{"floor":3.0,"key":"Fire Potion"},{"floor":8.0,"key":"Block Potion"},{"floor":13.0,"key":"Swift Potion"},{"floor":16.0,"key":"PowerPotion"},{"floor":18.0,"key":"Ancient Potion"},{"floor":19.0,"key":"ColorlessPotion"},{"floor":27.0,"key":"Block Potion"},{"floor":31.0,"key":"Swift Potion"},{"floor":33.0,"key":"SteroidPotion"},{"floor":41.0,"key":"Dexterity Potion"}],"is_trial":false,"path_per_floor":["M","M","?","M","?","R","E","M","T","R","T","M","M","E","R","B",null,"M","M","?","M","M","R","E","R","T","M","$","?","R","E","R","B",null,"M","?","?","M","$","R","E","M","T","?","M","M","R","E","R","B",null],"character_chosen":"IRONCLAD","items_purchased":["Lantern","Flex","ClockworkSouvenir","Bag of Marbles","Battle Trance","Juggernaut","Whirlwind","FairyPotion","Ancient Tea Set","OrangePellets"],"campfire_rested":0,"item_purchase_floors":[28,28,28,39,39,39,39,39,39,39],"current_hp_per_floor":[72,72,72,72,72,72,72,69,69,69,69,69,62,57,57,38,68,72,66,66,73,72,72,67,67,67,56,56,56,56,62,62,23,70,61,61,89,91,91,91,96,95,95,95,87,66,66,71,71,34],"gold":204,"neow_bonus":"ONE_RARE_RELIC","is_daily":false,"chose_seed":false,"campfire_upgraded":8,"win_rate":0.0,"timestamp":1610558274,"path_taken":["M","M","?","?","?","R","E","M","T","R","?","M","?","E","R","BOSS","M","M","?","?","M","R","E","R","T","M","$","?","R","E","R","BOSS","M","?","?","M","$","R","E","M","T","?","M","M","R","E","R","BOSS"],"items_purchased_type":["Relic","Card","Relic","Relic","Card","Card","Card","Potion","Relic","Relic"],"build_version":"2020-12-22","purchased_purges":2,"victory":true,"max_hp_per_floor":[72,72,72,72,72,72,72,72,72,72,72,74,74,76,76,78,78,78,78,78,80,80,80,82,82,82,84,84,84,84,86,86,86,86,86,86,92,94,94,94,96,98,98,98,100,102,102,104,104,104],"card_choices":[{"not_picked":["Pommel Strike","Warcry"],"picked":"Clothesline","floor":1.0},{"not_picked":["Clash","Heavy Blade"],"picked":"Inflame","floor":2.0},{"not_picked":["Double Tap","Headbutt"],"picked":"Wild Strike","floor":4.0},{"not_picked":["Shrug It Off","Burning Pact"],"picked":"Power Through","floor":7.0},{"not_picked":["Dark Embrace","Burning Pact"],"picked":"Flame Barrier","floor":8.0},{"not_picked":["Sentinel","Sever Soul","Flex"],"picked":"Singing Bowl","floor":12.0},{"not_picked":["Reckless Charge","Bloodletting"],"picked":"Spot Weakness","floor":13.0},{"not_picked":["Dual Wield","Rampage","Armaments"],"picked":"Singing Bowl","floor":14.0},{"not_picked":["Barricade","Exhume","Juggernaut"],"picked":"Singing Bowl","floor":16.0},{"not_picked":["Wild Strike","Shrug It Off"],"picked":"Sword Boomerang","floor":18.0},{"not_picked":["Clash+1","Headbutt"],"picked":"Twin Strike+1","floor":19.0},{"not_picked":["Havoc","True Grit","Wild Strike"],"picked":"Singing Bowl","floor":21.0},{"not_picked":["Wild Strike","Body Slam"],"picked":"Uppercut","floor":22.0},{"not_picked":["Burning Pact","Bludgeon","Clothesline"],"picked":"Singing Bowl","floor":24.0},{"not_picked":["Burning Pact","Sword Boomerang","Cleave"],"picked":"Singing Bowl","floor":27.0},{"not_picked":["Fiend Fire","Hemokinesis","Sever Soul"],"picked":"Singing Bowl","floor":31.0},{"not_picked":["Impervious","Corruption"],"picked":"Limit Break","floor":33.0},{"not_picked":["Warcry+1","Rupture+1"],"picked":"Armaments+1","floor":35.0},{"not_picked":["Warcry","Second Wind+1","Sever Soul"],"picked":"Singing Bowl","floor":38.0},{"not_picked":["Dual Wield+1","Headbutt+1","Shrug It Off+1"],"picked":"Singing Bowl","floor":41.0},{"not_picked":["Searing Blow+1","Rampage","Spot Weakness"],"picked":"Singing Bowl","floor":42.0},{"not_picked":["Blood for Blood+1","Infernal Blade","Warcry+1"],"picked":"Singing Bowl","floor":45.0},{"not_picked":["Havoc","Perfected Strike+1","Spot Weakness+1"],"picked":"Singing Bowl","floor":46.0},{"not_picked":["Clash","Corruption","Second Wind+1"],"picked":"Singing Bowl","floor":48}],"player_experience":2243170,"relics_obtained":[{"floor":7.0,"key":"Darkstone Periapt"},{"floor":9.0,"key":"Singing Bowl"},{"floor":11.0,"key":"Omamori"},{"floor":14.0,"key":"Bag of Preparation"},{"floor":24.0,"key":"Letter Opener"},{"floor":26.0,"key":"Regal Pillow"},{"floor":31.0,"key":"Self Forming Clay"},{"floor":41.0,"key":"Shovel"},{"floor":41.0,"key":"Whetstone"},{"floor":43.0,"key":"Nunchaku"},{"floor":47.0,"key":"War Paint"},{"floor":48,"key":"StrikeDummy"},{"floor":48,"key":"Meat on the Bone"},{"floor":49,"key":"Kunai"}],"event_choices":[{"damage_healed":0.0,"max_hp_gain":0.0,"max_hp_loss":0.0,"gold_gain":0.0,"event_name":"Lab","player_choice":"Got Potions","floor":3.0,"gold_loss":0.0,"damage_taken":0.0},{"damage_healed":0.0,"max_hp_gain":0.0,"max_hp_loss":0.0,"gold_gain":0.0,"event_name":"Big Fish","player_choice":"Box","floor":5.0,"gold_loss":0.0,"damage_taken":0.0,"relics_obtained":["Happy Flower"],"cards_obtained":["Regret"]},{"cards_removed":["Regret"],"damage_healed":0.0,"max_hp_gain":0.0,"max_hp_loss":0.0,"gold_gain":0.0,"event_name":"Bonfire Elementals","player_choice":"Offered Curse","floor":20.0,"gold_loss":0.0,"damage_taken":0.0,"relics_obtained":["Spirit Poop"]},{"damage_healed":0.0,"max_hp_gain":0.0,"max_hp_loss":0.0,"gold_gain":0.0,"event_name":"The Mausoleum","player_choice":"Opened","floor":29.0,"gold_loss":0.0,"damage_taken":0.0,"relics_obtained":["MawBank"]},{"damage_healed":0.0,"max_hp_gain":0.0,"max_hp_loss":0.0,"gold_gain":999.0,"event_name":"MindBloom","player_choice":"Gold","floor":36.0,"gold_loss":0.0,"damage_taken":0.0,"cards_obtained":["Normality","Normality"]},{"damage_healed":22.0,"max_hp_gain":0.0,"max_hp_loss":0.0,"gold_gain":0.0,"event_name":"Winding Halls","player_choice":"Writhe","floor":37.0,"gold_loss":0.0,"damage_taken":0.0,"cards_obtained":["Writhe"]},{"cards_removed":["Wild Strike"],"damage_healed":0.0,"max_hp_gain":0.0,"max_hp_loss":0.0,"gold_gain":0.0,"event_name":"Falling","player_choice":"Removed Attack","floor":44.0,"gold_loss":0.0,"damage_taken":0.0}],"is_beta":false,"boss_relics":[{"not_picked":["Coffee Dripper","Tiny House"],"picked":"Velvet Choker"},{"not_picked":["Astrolabe","Empty Cage"],"picked":"Black Star"}],"items_purged_floors":[28,39],"is_endless":false,"potions_floor_spawned":[1,8,13,16,18,19,27,31,33,41,42,46,48],"ascension_level":7}}