{"host":"kg61lsvem4dxoat8","time":1610556176,"event":{"mods":["BaseMod","Colored Powertips","Minty Spire (QoL Compilation)","Quick Restart","Rare Cards Sparkle","Relic Stats","slay the spire mod where everything is the same but ironclad has a cowboy hat"],"gold_per_floor":[117,132,132,132,82,115,142,164,222,247,259,345,376,388,400,512,524,552,489,451,463,490,528,540,565,577,589,617,629,641,668,680,692,692],"floor_reached":33,"language":"ENG","playtime":1163,"items_purged":[],"score":428,"play_id":"f9295904-f6c8-442a-a561-da566f69a41d","local_time":"20210114004256","is_ascension_mode":true,"campfire_choices":[{"data":"Whirlwind","floor":11,"key":"SMITH"},{"data":"Bash","floor":15,"key":"SMITH"},{"data":"Shrug It Off","floor":24,"key":"SMITH"},{"floor":27,"key":"REST"},{"data":"Inflame","floor":30,"key":"SMITH"},{"data":"Anger","floor":32,"key":"SMITH"}],"circlet_count":0,"master_deck":["Strike_R","Strike_R","Defend_R","Defend_R","Defend_R","Defend_R","Bash+1","Twin Strike","Dropkick","Ghostly Armor+1","Whirlwind+1","Shrug It Off+1","CurseOfTheBell","Inflame+1","Anger+1","Dropkick"],"relics":["Burning Blood","White Beast Statue","MawBank","Pen Nib","Kunai","Calling Bell","Regal Pillow","Ornamental Fan","Unceasing Top","Potion Belt","WingedGreaves","Orichalcum"],"acts_visited":["Exordium","TheCity"],"potions_floor_usage":[8,13,23,25,28,31,31,33,33,33,33],"damage_taken":[{"damage":19,"enemies":"Jaw Worm","floor":1,"turns":5},{"damage":1,"enemies":"Small Slimes","floor":2,"turns":4},{"damage":60,"enemies":"3 Sentries","floor":6,"turns":12},{"damage":1,"enemies":"2 Louse","floor":7,"turns":3},{"damage":21,"enemies":"Looter","floor":8,"turns":4},{"damage":0,"enemies":"Large Slime","floor":10,"turns":4},{"damage":0,"enemies":"Red Slaver","floor":13,"turns":3},{"damage":0,"enemies":"Slime Boss","floor":16,"turns":6},{"damage":5,"enemies":"3 Byrds","floor":18,"turns":4},{"damage":0,"enemies":"Chosen","floor":22,"turns":4},{"damage":36,"enemies":"Book of Stabbing","floor":23,"turns":5},{"damage":34,"enemies":"Centurion and Healer","floor":25,"turns":6},{"damage":8,"enemies":"Snecko","floor":28,"turns":5},{"damage":20,"enemies":"Snake Plant","floor":31,"turns":4},{"damage":58,"enemies":"Champ","floor":33,"turns":10}],"seed_played":"6288536763078533687","potions_obtained":[{"floor":1,"key":"GamblersBrew"},{"floor":6,"key":"BloodPotion"},{"floor":7,"key":"Ancient Potion"},{"floor":8,"key":"Block Potion"},{"floor":10,"key":"EntropicBrew"},{"floor":13,"key":"Weak Potion"},{"floor":16,"key":"DistilledChaos"},{"floor":23,"key":"Swift Potion"},{"floor":25,"key":"ElixirPotion"},{"floor":28,"key":"ColorlessPotion"}],"is_trial":false,"path_per_floor":["M","M","?","?","?","E","M","M","T","M","R","T","M","?","R","B",null,"M","?","?","$","M","E","R","M","T","R","M","?","R","M","R","B"],"character_chosen":"IRONCLAD","items_purchased":[],"campfire_rested":1,"item_purchase_floors":[],"current_hp_per_floor":[67,72,65,62,62,8,13,15,15,21,21,21,27,27,27,33,74,75,75,75,75,81,51,51,23,23,64,62,62,62,48,48,0,0],"gold":692,"neow_bonus":"TEN_PERCENT_HP_BONUS","is_daily":false,"chose_seed":false,"campfire_upgraded":5,"win_rate":0.0,"timestamp":1610556176,"path_taken":["M","M","?","?","?","E","M","M","T","M","R","?","M","?","R","BOSS","M","?","?","$","M","E","R","M","T","R","?","?","R","M","R","BOSS"],"items_purchased_type":[],"build_version":"2020-12-22","purchased_purges":0,"victory":false,"max_hp_per_floor":[88,88,88,88,88,88,88,88,88,88,88,88,88,88,88,88,88,88,88,88,88,88,88,88,88,88,88,88,88,88,88,88,88,88],"relic_stats":{"Regal Pillow":15,"counters":[15,79],"Ornamental Fan":[44],"Pen Nib":[9],"Kunai":[12],"Orichalcum":[24],"MawBank":324,"obtain_stats":[{"Calling Bell":17,"Potion Belt":23,"Regal Pillow":17,"Ornamental Fan":17,"Pen Nib":9,"WingedGreaves":26,"Kunai":12,"Orichalcum":29,"MawBank":6,"Burning Blood":0,"White Beast Statue":4,"Unceasing Top":17},{"Calling Bell":8,"Potion Belt":11,"Regal Pillow":8,"Ornamental Fan":8,"Pen Nib":5,"WingedGreaves":12,"Kunai":6,"Orichalcum":13,"MawBank":3,"Burning Blood":0,"White Beast Statue":2,"Unceasing Top":8},{"Calling Bell":41,"Potion Belt":54,"Regal Pillow":41,"Ornamental Fan":41,"Pen Nib":28,"WingedGreaves":60,"Kunai":32,"Orichalcum":65,"MawBank":21,"Burning Blood":0,"White Beast Statue":9,"Unceasing Top":41}],"Burning Blood":84,"Unceasing Top":[0]},"card_choices":[{"not_picked":["Burning Pact","Dark Embrace","Iron Wave"],"picked":"SKIP","floor":1},{"not_picked":["Havoc","Pommel Strike"],"picked":"Twin Strike","floor":2},{"not_picked":["Iron Wave","Flex","Dark Embrace"],"picked":"SKIP","floor":6},{"not_picked":["Clash","Armaments"],"picked":"Dropkick","floor":7},{"not_picked":["Dark Embrace","Sword Boomerang"],"picked":"Ghostly Armor","floor":8},{"not_picked":["Pommel Strike","Heavy Blade"],"picked":"Whirlwind","floor":10},{"not_picked":["Havoc","Sword Boomerang"],"picked":"Shrug It Off","floor":13},{"not_picked":["Rupture","Cleave+1"],"picked":"Inflame","floor":18},{"not_picked":["Perfected Strike","Havoc"],"picked":"Anger","floor":22},{"not_picked":["Bludgeon","Inflame","Metallicize"],"picked":"SKIP","floor":23},{"not_picked":["Wild Strike+1","Feel No Pain"],"picked":"Dropkick","floor":25},{"not_picked":["Pommel Strike+1","Clash+1","Infernal Blade"],"picked":"SKIP","floor":28},{"not_picked":["Perfected Strike","Clash","Pommel Strike"],"picked":"SKIP","floor":31}],"player_experience":1326502,"relics_obtained":[{"floor":6,"key":"MawBank"},{"floor":9,"key":"Pen Nib"},{"floor":12,"key":"Kunai"},{"floor":17,"key":"Regal Pillow"},{"floor":17,"key":"Ornamental Fan"},{"floor":17,"key":"Unceasing Top"},{"floor":23,"key":"Potion Belt"},{"floor":26,"key":"WingedGreaves"}],"event_choices":[{"cards_removed":["Strike_R"],"damage_healed":0,"gold_gain":0,"player_choice":"Card Removal","damage_taken":7,"max_hp_gain":0,"max_hp_loss":0,"event_name":"Golden Wing","floor":3,"gold_loss":0},{"damage_healed":0,"gold_gain":0,"player_choice":"Success","damage_taken":3,"relics_obtained":["White Beast Statue"],"max_hp_gain":0,"max_hp_loss":0,"event_name":"Scrap Ooze","floor":4,"gold_loss":0},{"cards_removed":["Strike_R"],"damage_healed":0,"gold_gain":0,"player_choice":"Card Removal","damage_taken":0,"max_hp_gain":0,"max_hp_loss":0,"event_name":"The Cleric","floor":5,"gold_loss":50},{"damage_healed":0,"gold_gain":0,"player_choice":"Upgraded","damage_taken":0,"max_hp_gain":0,"max_hp_loss":0,"event_name":"Upgrade Shrine","floor":14,"gold_loss":0,"cards_upgraded":["Ghostly Armor"]},{"cards_removed":["Strike_R"],"damage_healed":0,"gold_gain":0,"player_choice":"Gave Gold","damage_taken":0,"max_hp_gain":0,"max_hp_loss":0,"event_name":"Beggar","floor":19,"gold_loss":75},{"damage_healed":0,"gold_gain":0,"player_choice":"Bet on Owner","damage_taken":0,"max_hp_gain":0,"max_hp_loss":0,"event_name":"The Joust","floor":20,"gold_loss":50},{"damage_healed":0,"gold_gain":0,"player_choice":"Opened","damage_taken":0,"relics_obtained":["Orichalcum"],"max_hp_gain":0,"max_hp_loss":0,"event_name":"The Mausoleum","floor":29,"gold_loss":0}],"is_beta":false,"boss_relics":[{"not_picked":["Black Blood","Ectoplasm"],"picked":"Calling Bell"}],"items_purged_floors":[],"is_endless":false,"potions_floor_spawned":[1,6,7,8,10,13,16,18,22,23,25,28,31],"killed_by":"Champ","ascension_level":7}}