{"host":"j4g6ia6asvpyu2b0","time":1610542923,"event":{"mods":["BaseMod","Colored Map","Minty Spire (QoL Compilation)","Permanent Neow","Quick Restart","Relic Stats","StSLib","Unceasing Turn Reminder"],"gold_per_floor":[115,115,134,144,159,159,176,209,209,209,240,240,240,271,271,371,371,385,484,497,178,178,178,207,227,227,227,277,287,304,304,304],"floor_reached":31,"language":"ENG","playtime":925,"items_purged":["Strike_B"],"score":504,"play_id":"2193be16-ebe0-4753-80bb-de53ce3f5549","local_time":"20210113060203","is_ascension_mode":true,"campfire_choices":[{"data":"Creative AI","floor":6,"key":"SMITH"},{"data":"Buffer","floor":15,"key":"SMITH"},{"data":"Storm","floor":23,"key":"SMITH"},{"floor":27,"key":"REST"}],"circlet_count":0,"master_deck":["AscendersBane","Strike_B","Strike_B","Defend_B","Defend_B","Defend_B","Zap","Dualcast","Creative AI+1","BootSequence","Buffer+1","Darkness","White Noise+1","Conserve Battery","Hologram","Gash","Electrodynamics","Amplify","Reinforced Body","Ball Lightning+1","Storm+1","Coolheaded","Consume+1","Tempest","White Noise","Hologram+1"],"relics":["Cracked Core","Symbiotic Virus","Blood Vial","Bottled Flame","Inserter","Omamori","Regal Pillow","Darkstone Periapt"],"acts_visited":["Exordium","TheCity"],"potions_floor_usage":[11,11,24,30,31],"damage_taken":[{"damage":3,"enemies":"2 Louse","floor":1,"turns":3},{"damage":1,"enemies":"Cultist","floor":3,"turns":3},{"damage":9,"enemies":"Small Slimes","floor":4,"turns":5},{"damage":10,"enemies":"2 Fungi Beasts","floor":5,"turns":4},{"damage":6,"enemies":"3 Louse","floor":7,"turns":4},{"damage":23,"enemies":"Gremlin Nob","floor":8,"turns":5},{"damage":2,"enemies":"3 Sentries","floor":11,"turns":6},{"damage":5,"enemies":"Lagavulin","floor":14,"turns":6},{"damage":0,"enemies":"Slime Boss","floor":16,"turns":7},{"damage":26,"enemies":"2 Thieves","floor":18,"turns":4},{"damage":11,"enemies":"Spheric Guardian","floor":20,"turns":4},{"damage":24,"enemies":"Book of Stabbing","floor":24,"turns":4},{"damage":9,"enemies":"Centurion and Healer","floor":25,"turns":6},{"damage":35,"enemies":"Shelled Parasite and Fungi","floor":29,"turns":6},{"damage":2,"enemies":"3 Cultists","floor":30,"turns":3},{"damage":38,"enemies":"Slavers","floor":31,"turns":3}],"seed_played":"734361206690428329","potions_obtained":[{"floor":1,"key":"Energy Potion"},{"floor":5,"key":"Explosive Potion"},{"floor":11,"key":"Weak Potion"},{"floor":16,"key":"Dexterity Potion"},{"floor":18,"key":"BlessingOfTheForge"},{"floor":29,"key":"AttackPotion"}],"is_trial":false,"path_per_floor":["M","?","M","M","M","R","M","E","T","?","E","?","?","E","R","B",null,"M","?","M","$","?","R","E","M","T","R","?","M","M","E"],"character_chosen":"DEFECT","items_purchased":["Storm","Omamori","Coolheaded"],"campfire_rested":1,"item_purchase_floors":[21,21,21],"current_hp_per_floor":[65,65,64,55,45,45,39,16,16,16,14,7,85,80,80,82,84,59,59,50,50,50,50,28,21,21,61,61,28,28,0,0],"gold":304,"neow_bonus":"ONE_RANDOM_RARE_CARD","is_daily":false,"chose_seed":false,"campfire_upgraded":3,"win_rate":0.0,"timestamp":1610542923,"path_taken":["M","?","M","?","M","R","M","E","T","?","E","?","?","E","R","BOSS","M","?","M","$","?","R","E","M","T","R","?","M","M","E"],"items_purchased_type":["Card","Relic","Card"],"build_version":"2020-12-22","purchased_purges":1,"victory":false,"max_hp_per_floor":[75,75,75,75,75,75,75,75,75,75,75,75,85,85,85,85,85,85,85,85,85,85,85,85,85,85,85,85,85,85,85,85],"relic_stats":{"Blood Vial":15,"Darkstone Periapt":0,"Regal Pillow":15,"Inserter":[15],"counters":[16,73],"obtain_stats":[{"Blood Vial":11,"Darkstone Periapt":26,"Bottled Flame":14,"Regal Pillow":24,"Inserter":17,"Omamori":21,"Cracked Core":0,"Symbiotic Virus":8},{"Blood Vial":7,"Darkstone Periapt":13,"Bottled Flame":8,"Regal Pillow":12,"Inserter":9,"Omamori":11,"Cracked Core":0,"Symbiotic Virus":6},{"Blood Vial":30,"Darkstone Periapt":61,"Bottled Flame":36,"Regal Pillow":55,"Inserter":43,"Omamori":51,"Cracked Core":0,"Symbiotic Virus":24}]},"card_choices":[{"not_picked":["Steam","Stack"],"picked":"BootSequence","floor":1},{"not_picked":["Coolheaded","Sweeping Beam"],"picked":"Darkness","floor":3},{"not_picked":["Compile Driver","Scrape"],"picked":"White Noise","floor":4},{"not_picked":["Go for the Eyes","Turbo"],"picked":"Conserve Battery","floor":5},{"not_picked":["Steam","Stack"],"picked":"Hologram","floor":7},{"not_picked":["Sweeping Beam","Beam Cell"],"picked":"Creative AI","floor":8},{"not_picked":["Rebound","Go for the Eyes"],"picked":"Gash","floor":11},{"not_picked":["Streamline","Rebound"],"picked":"Electrodynamics","floor":14},{"not_picked":["Reboot","Biased Cognition"],"picked":"Amplify","floor":16},{"not_picked":["Rebound","Blizzard+1"],"picked":"Reinforced Body","floor":18},{"not_picked":["Stack","Chill"],"picked":"Ball Lightning+1","floor":20},{"not_picked":["Genetic Algorithm+1","Amplify"],"picked":"Consume+1","floor":24},{"not_picked":["Gash+1","Steam"],"picked":"Tempest","floor":25},{"not_picked":["Steam","Coolheaded"],"picked":"White Noise","floor":29},{"not_picked":["Beam Cell","Turbo"],"picked":"Hologram+1","floor":30}],"player_experience":830943,"relics_obtained":[{"floor":8,"key":"Symbiotic Virus"},{"floor":11,"key":"Blood Vial"},{"floor":14,"key":"Bottled Flame"},{"floor":24,"key":"Regal Pillow"},{"floor":26,"key":"Darkstone Periapt"}],"event_choices":[{"damage_healed":0,"gold_gain":0,"cards_transformed":["Defend_B"],"player_choice":"Transformed","damage_taken":0,"max_hp_gain":0,"max_hp_loss":0,"event_name":"Transmorgrifier","floor":2,"gold_loss":0,"cards_obtained":["Buffer"]},{"damage_healed":0,"gold_gain":0,"player_choice":"Grow","damage_taken":0,"max_hp_gain":0,"max_hp_loss":0,"event_name":"Living Wall","floor":10,"gold_loss":0,"cards_upgraded":["White Noise"]},{"cards_removed":["Strike_B"],"damage_healed":0,"gold_gain":0,"player_choice":"Card Removal","damage_taken":7,"max_hp_gain":0,"max_hp_loss":0,"event_name":"Golden Wing","floor":12,"gold_loss":0},{"cards_removed":["Creative AI"],"damage_healed":68,"gold_gain":0,"player_choice":"Offered Rare","damage_taken":0,"max_hp_gain":10,"max_hp_loss":0,"event_name":"Bonfire Elementals","floor":13,"gold_loss":0},{"damage_healed":0,"gold_gain":99,"player_choice":"Stole From Cult","damage_taken":0,"max_hp_gain":0,"max_hp_loss":0,"event_name":"Nest","floor":19,"gold_loss":0},{"damage_healed":0,"gold_gain":0,"player_choice":"Ignored","damage_taken":0,"max_hp_gain":0,"max_hp_loss":0,"event_name":"Ghosts","floor":22,"gold_loss":0},{"damage_healed":0,"gold_gain":100,"player_choice":"Bet on Murderer","damage_taken":0,"max_hp_gain":0,"max_hp_loss":0,"event_name":"The Joust","floor":28,"gold_loss":50}],"is_beta":false,"boss_relics":[{"not_picked":["Astrolabe","SacredBark"],"picked":"Inserter"}],"items_purged_floors":[21],"is_endless":false,"potions_floor_spawned":[1,5,11,16,18,20,29],"killed_by":"Slavers","ascension_level":11}}