{"host":"dftyqn972q7tuon4","time":1610582266,"event":{"mods":["AchievementEnabler","BaseMod","Better Altar","Better Match","Better Note","Better Sensory Stone","Better Skull","Better Third Choice","Colored Powertips","Highlight Path","Minty Spire (QoL Compilation)","Permanent Neow","Quick Restart","StSLib"],"gold_per_floor":[110,60,9,29,46,46,72,92,92,392,408,437,437,469,469,568,568,587,587,458,458,347,382,342,342,413,426,438,456,456,58,58,157,157,167,167,167],"floor_reached":36,"language":"ENG","playtime":2014,"items_purged":["Wild Strike","Wild Strike","Anger"],"score":560,"play_id":"40b3e384-ea02-4323-b809-4f3d3bccda21","local_time":"20210114005746","is_ascension_mode":true,"campfire_choices":[{"data":"Rage","floor":6.0,"key":"SMITH"},{"data":"Body Slam","floor":15.0,"key":"SMITH"},{"data":"Entrench","floor":25.0,"key":"SMITH"},{"data":"Rupture","floor":30.0,"key":"SMITH"},{"data":"Infernal Blade","floor":32.0,"key":"SMITH"}],"circlet_count":0,"master_deck":["Bash","Heavy Blade","Rage+1","Cleave","Rampage","Warcry+1","Body Slam+1","Body Slam+1","Infernal Blade+1","Inflame","Reaper","Double Tap","Cleave","Rupture+1","Blood for Blood","Juggernaut","Flex","Flash of Steel","Spot Weakness","Ghostly Armor","Entrench+1","Sword Boomerang","Bloodletting","Metallicize","Inflame","Combust","Limit Break"],"relics":["Burning Blood","War Paint","The Courier","Old Coin","MealTicket","Dream Catcher","Pandora\u0027s Box","Paper Frog","Mercury Hourglass","Meat on the Bone","Medical Kit","SlaversCollar"],"acts_visited":["Exordium","TheCity","TheBeyond"],"potions_floor_usage":[],"damage_taken":[{"damage":6.0,"enemies":"2 Louse","floor":1.0,"turns":3.0},{"damage":6.0,"enemies":"Cultist","floor":4.0,"turns":3.0},{"damage":5.0,"enemies":"Small Slimes","floor":5.0,"turns":4.0},{"damage":20.0,"enemies":"Lagavulin","floor":7.0,"turns":6.0},{"damage":6.0,"enemies":"Gremlin Gang","floor":8.0,"turns":5.0},{"damage":7.0,"enemies":"3 Louse","floor":11.0,"turns":2.0},{"damage":8.0,"enemies":"Gremlin Nob","floor":12.0,"turns":3.0},{"damage":17.0,"enemies":"3 Sentries","floor":14.0,"turns":5.0},{"damage":15.0,"enemies":"Slime Boss","floor":16.0,"turns":8.0},{"damage":7.0,"enemies":"3 Byrds","floor":18.0,"turns":4.0},{"damage":29.0,"enemies":"Gremlin Leader","floor":23.0,"turns":5.0},{"damage":12.0,"enemies":"Chosen","floor":27.0,"turns":3.0},{"damage":18.0,"enemies":"Snecko","floor":28.0,"turns":3.0},{"damage":26.0,"enemies":"Sentry and Sphere","floor":29.0,"turns":4.0},{"damage":57.0,"enemies":"Champ","floor":33.0,"turns":8.0},{"damage":18,"enemies":"Orb Walker","floor":35,"turns":3},{"damage":64,"enemies":"3 Darklings","floor":36,"turns":3}],"seed_played":"-7712571392459126533","potions_obtained":[{"floor":1.0,"key":"Block Potion"},{"floor":5.0,"key":"PowerPotion"},{"floor":7.0,"key":"BloodPotion"},{"floor":11.0,"key":"Fire Potion"},{"floor":12.0,"key":"FearPotion"},{"floor":24.0,"key":"DistilledChaos"},{"floor":24.0,"key":"GamblersBrew"},{"floor":24.0,"key":"Regen Potion"},{"floor":28.0,"key":"LiquidBronze"},{"floor":29.0,"key":"GamblersBrew"},{"floor":33.0,"key":"DuplicationPotion"}],"is_trial":false,"path_per_floor":["M","?","$","M","M","R","E","M","T","?","M","E","?","E","R","B",null,"M","T","$","?","$","E","?","R","T","M","M","M","R","$","R","B",null,"M","M"],"character_chosen":"IRONCLAD","items_purchased":["Cleave","Flash of Steel","Ghostly Armor","Medical Kit","Metallicize","Inflame","Combust"],"campfire_rested":0,"item_purchase_floors":[3,20,22,31,31,31,31],"current_hp_per_floor":[72,72,72,72,73,73,59,59,59,59,74,72,72,61,61,64,76,80,80,80,80,80,57,57,57,57,51,50,46,46,61,61,80,80,80,16,16],"gold":167,"neow_bonus":"THREE_CARDS","is_daily":false,"chose_seed":false,"campfire_upgraded":5,"win_rate":0.0,"timestamp":1610582266,"path_taken":["M","?","$","M","M","R","E","M","T","?","M","E","?","E","R","BOSS","M","?","$","?","$","E","?","R","T","M","M","?","R","$","R","BOSS","M","M"],"items_purchased_type":["Card","Card","Card","Relic","Card","Card","Card"],"build_version":"2020-12-22","purchased_purges":3,"victory":false,"max_hp_per_floor":[80,80,80,80,80,80,80,80,80,80,80,80,80,80,80,80,80,80,80,80,80,80,80,80,80,80,80,80,80,80,80,80,80,80,80,80,80],"card_choices":[{"not_picked":["Armaments","Pummel"],"picked":"Heavy Blade","floor":0.0},{"not_picked":["Evolve","Pommel Strike"],"picked":"Rage","floor":1.0},{"not_picked":["Disarm","Entrench"],"picked":"Rampage","floor":4.0},{"not_picked":["Sword Boomerang","Twin Strike"],"picked":"Warcry","floor":5.0},{"not_picked":["Sentinel","Sword Boomerang"],"picked":"Body Slam","floor":7.0},{"not_picked":["Searing Blow","Clash"],"picked":"Body Slam","floor":8.0},{"not_picked":["Flex","Dark Embrace"],"picked":"Infernal Blade","floor":11.0},{"not_picked":["Body Slam","Evolve"],"picked":"Inflame","floor":12.0},{"not_picked":["Heavy Blade","Iron Wave"],"picked":"Reaper","floor":14.0},{"not_picked":["Brutality","Berserk"],"picked":"Double Tap","floor":16.0},{"not_picked":["Pommel Strike","Headbutt","Flex"],"picked":"SKIP","floor":18.0},{"not_picked":["Armaments","Warcry"],"picked":"Entrench","floor":23.0},{"not_picked":["Shrug It Off","Thunderclap"],"picked":"Sword Boomerang","floor":27.0},{"not_picked":["Twin Strike","Sword Boomerang","Evolve"],"picked":"SKIP","floor":28.0},{"not_picked":["Body Slam","Havoc"],"picked":"Bloodletting","floor":29.0},{"not_picked":["Bludgeon","Juggernaut"],"picked":"Limit Break","floor":33.0},{"not_picked":["Dark Embrace","Wild Strike","Pommel Strike"],"picked":"SKIP","floor":35}],"player_experience":636258,"relics_obtained":[{"floor":7.0,"key":"War Paint"},{"floor":9.0,"key":"The Courier"},{"floor":12.0,"key":"MealTicket"},{"floor":14.0,"key":"Dream Catcher"},{"floor":19.0,"key":"Paper Frog"},{"floor":23.0,"key":"Mercury Hourglass"},{"floor":26.0,"key":"Meat on the Bone"}],"event_choices":[{"cards_removed":["Strike_R"],"damage_healed":0.0,"max_hp_gain":0.0,"max_hp_loss":0.0,"gold_gain":0.0,"event_name":"The Cleric","player_choice":"Card Removal","floor":2.0,"gold_loss":50.0,"damage_taken":0.0},{"damage_healed":0.0,"max_hp_gain":0.0,"max_hp_loss":0.0,"gold_gain":0.0,"event_name":"Dead Adventurer","player_choice":"Searched \u00271\u0027 times","floor":10.0,"gold_loss":0.0,"damage_taken":0.0,"relics_obtained":["Old Coin"]},{"damage_healed":0.0,"max_hp_gain":0.0,"max_hp_loss":0.0,"gold_gain":0.0,"event_name":"Upgrade Shrine","player_choice":"Upgraded","floor":13.0,"gold_loss":0.0,"damage_taken":0.0,"cards_upgraded":["Body Slam"]},{"damage_healed":0.0,"max_hp_gain":0.0,"max_hp_loss":0.0,"gold_gain":0.0,"event_name":"The Library","player_choice":"Read","floor":21.0,"gold_loss":0.0,"damage_taken":0.0,"cards_obtained":["Spot Weakness"]},{"damage_healed":0.0,"max_hp_gain":0.0,"max_hp_loss":0.0,"gold_gain":0.0,"event_name":"The Woman in Blue","player_choice":"Bought 3 Potions","floor":24.0,"gold_loss":0.0,"damage_taken":0.0}],"is_beta":false,"boss_relics":[{"not_picked":["Cursed Key","Tiny House"],"picked":"Pandora\u0027s Box"},{"not_picked":["Velvet Choker","Astrolabe"],"picked":"SlaversCollar"}],"items_purged_floors":[20,22,31],"is_endless":false,"potions_floor_spawned":[1,5,7,11,12,27,28,29,33],"killed_by":"3 Darklings","ascension_level":8}}