{"host":"xrbxyo513dr24h85","time":1610533122,"event":{"mods":["BaseMod","Better Third Choice","Colored Map","Downfall","Googly Eyes","Halation","Hubris","Lobotomy","Minty Spire (QoL Compilation)","Random Character Button","Relic Stats","Replay The Spire","Retaliation","StSLib","The Blue Laboratory"],"gold_per_floor":[114,114,134,134,134,168,168,186,231,251,290,290,290,46,46,177,177,200,200,225,225,249,249,249,287,287,235,279,279,279,302,302,422,422,387,406,328,341,354,354,368,411,435,280,300,314,314,314],"floor_reached":47,"language":"ENG","playtime":2022,"items_purged":[],"score":505,"play_id":"1a2a4539-2805-47cd-8b66-200351169b01","local_time":"20210113021842","is_ascension_mode":false,"campfire_choices":[{"floor":7,"key":"REST"},{"floor":12,"key":"REST"},{"data":"Apotheosis","floor":15,"key":"SMITH"},{"data":"Defragment","floor":23,"key":"SMITH"},{"floor":29,"key":"REST"},{"floor":32,"key":"REST"},{"floor":40,"key":"REST"}],"circlet_count":0,"master_deck":["Strike_B+1","Strike_B","Strike_B","Strike_B","Defend_B","Defend_B","Defend_B+1","Defend_B+1","Zap","Dualcast","Glacier+1","Cold Snap","White Noise","Apotheosis+1","Capacitor","Coolheaded+1","Defragment+1","White Noise","Loop","Loop","Seek","Barrage+1","hubris:PowerSurge","ReplayRNGCard","Self Repair","White Noise","hubris:NaturalOne"],"relics":["Cracked Core","Golden Idol","Regal Pillow","War Paint","Simple Rune","hubris:Icosahedron","Geode","Toy Ornithopter","Thread and Needle","Anchor","ClockworkSouvenir"],"acts_visited":["Exordium","TheCity","TheBeyond"],"potions_floor_usage":[6,6,6,10,25,33,33,38,42,42,42,45],"damage_taken":[{"damage":2,"enemies":"Small Slimes","floor":1,"turns":3},{"damage":0,"enemies":"2 Louse","floor":3,"turns":4},{"damage":64,"enemies":"Lagavulin","floor":6,"turns":15},{"damage":0,"enemies":"Cultist","floor":8,"turns":3},{"damage":7,"enemies":"2 Fungi Beasts","floor":10,"turns":3},{"damage":14,"enemies":"Gremlin Nob","floor":11,"turns":6},{"damage":26,"enemies":"Hexaghost","floor":16,"turns":14},{"damage":6,"enemies":"3 Byrds","floor":18,"turns":7},{"damage":3,"enemies":"Spheric Guardian","floor":20,"turns":7},{"damage":4,"enemies":"Shelled Parasite and Fungi","floor":22,"turns":8},{"damage":6,"enemies":"Book of Stabbing","floor":25,"turns":11},{"damage":42,"enemies":"Gremlin Leader","floor":28,"turns":11},{"damage":0,"enemies":"Cultist and Chosen","floor":31,"turns":5},{"damage":33,"enemies":"hubris:MusketHawk","floor":33,"turns":10},{"damage":0,"enemies":"Orb Walker","floor":35,"turns":7},{"damage":36,"enemies":"3 Darklings","floor":36,"turns":8},{"damage":0,"enemies":"Spire Growth","floor":38,"turns":7},{"damage":22,"enemies":"Sphere and 2 Shapes","floor":39,"turns":7},{"damage":9,"enemies":"4 Shapes","floor":41,"turns":6},{"damage":56,"enemies":"Nemesis","floor":42,"turns":9},{"damage":10,"enemies":"Jaw Worm Horde","floor":45,"turns":7},{"damage":1,"enemies":"Transient","floor":46,"turns":5},{"damage":48,"enemies":"Giant Head","floor":47,"turns":13}],"seed_played":"4703524607542124430","potions_obtained":[{"floor":0,"key":"Toxic Potion"},{"floor":0,"key":"blueLaboratory:LouseDecoction"},{"floor":0,"key":"Slimebound:ThreeZeroPotion"},{"floor":6,"key":"blueLaboratory:PhilterOfMotion"},{"floor":8,"key":"Energy Potion"},{"floor":19,"key":"blueLaboratory:PlasmaFuel"},{"floor":19,"key":"LifebloodPotion"},{"floor":25,"key":"blueLaboratory:TeslaPotion"},{"floor":33,"key":"Strength Potion"},{"floor":36,"key":"LiquidMemories"},{"floor":42,"key":"Adrenaline Potion"}],"is_trial":false,"path_per_floor":["M","?","M","?","?","E","R","M","T","M","E","R","?","$","R","B",null,"M","?","M","?","M","R","?","E","T","$","E","R","?","M","R","B",null,"M","M","$","M","M","R","M","E","T","$","M","M","E"],"character_chosen":"DEFECT","items_purchased":["Apotheosis","Capacitor","Loop","hubris:PowerSurge","ClockworkSouvenir"],"campfire_rested":5,"item_purchase_floors":[14,14,27,37,44],"current_hp_per_floor":[73,73,73,73,73,9,46,46,46,39,25,62,62,62,62,36,75,69,69,66,66,62,62,62,56,56,56,14,51,51,51,75,47,75,75,39,39,44,22,59,50,29,29,29,34,43,0,0],"gold":314,"neow_bonus":"THREE_SMALL_POTIONS","is_daily":false,"chose_seed":false,"campfire_upgraded":2,"win_rate":0.0,"timestamp":1610533122,"path_taken":["M","?","M","?","?","E","R","?","T","M","E","R","?","$","R","BOSS","M","?","?","?","M","R","?","E","T","$","E","R","?","M","R","BOSS","M","M","$","M","M","R","M","E","T","$","M","M","E"],"items_purchased_type":["Card","Card","Card","Card","Relic"],"build_version":"2020-12-22","purchased_purges":0,"victory":false,"max_hp_per_floor":[75,75,75,75,75,75,75,75,75,75,75,75,75,75,75,75,75,75,75,75,75,75,75,75,75,75,75,75,75,75,75,75,75,75,75,75,75,75,75,75,75,75,75,75,75,75,75,75],"relic_stats":{"Regal Pillow":62,"counters":[23,173],"Golden Idol":146,"War Paint":["Glacier","Defend_B"],"obtain_stats":[{"Regal Pillow":6,"Anchor":43,"hubris:Icosahedron":24,"Golden Idol":2,"Simple Rune":11,"Thread and Needle":42,"Geode":25,"War Paint":9,"Cracked Core":0,"Toy Ornithopter":28,"ClockworkSouvenir":44},{"Regal Pillow":3,"Anchor":20,"hubris:Icosahedron":10,"Golden Idol":1,"Simple Rune":6,"Thread and Needle":20,"Geode":11,"War Paint":4,"Cracked Core":0,"Toy Ornithopter":12,"ClockworkSouvenir":20},{"Regal Pillow":22,"Anchor":148,"hubris:Icosahedron":70,"Golden Idol":3,"Simple Rune":34,"Thread and Needle":148,"Geode":81,"War Paint":25,"Cracked Core":0,"Toy Ornithopter":92,"ClockworkSouvenir":148}],"Toy Ornithopter":25},"card_choices":[{"not_picked":["Force Field","Go for the Eyes"],"picked":"Glacier","floor":1},{"not_picked":["Sunder","hubris:Ukulele","FIFO Queue"],"picked":"SKIP","floor":3},{"not_picked":["Hello World","Gash"],"picked":"Cold Snap","floor":6},{"not_picked":["Force Field","Beam Cell","Barrage"],"picked":"SKIP","floor":8},{"not_picked":["Double Energy","Genetic Algorithm","Melter"],"picked":"SKIP","floor":10},{"not_picked":["Sweeping Beam","Rainbow"],"picked":"White Noise","floor":11},{"not_picked":["Steam Power","Streamline"],"picked":"Coolheaded+1","floor":18},{"not_picked":["Leap","Undo","Rebound"],"picked":"SKIP","floor":20},{"not_picked":["Ball Lightning","BootSequence"],"picked":"Defragment","floor":22},{"not_picked":["Coolheaded+1","hubris:Ukulele"],"picked":"White Noise","floor":25},{"not_picked":["Compile Driver+1","Melter","Streamline"],"picked":"SKIP","floor":28},{"not_picked":["Reprogram","Steam Power","Turbo"],"picked":"SKIP","floor":31},{"not_picked":["Hyperbeam","Meteor Strike"],"picked":"Seek","floor":33},{"not_picked":["Leap","Conserve Battery+1"],"picked":"Barrage+1","floor":35},{"not_picked":["FIFO Queue+1","Turbo+1","hubris:Ukulele"],"picked":"SKIP","floor":36},{"not_picked":["BasicCrystalCard","Go for the Eyes","Leap"],"picked":"SKIP","floor":38},{"not_picked":["Go for the Eyes+1","Leap"],"picked":"ReplayRNGCard","floor":39},{"not_picked":["ReplayTheSpireMod:Reroute Power","Scrape+1"],"picked":"Self Repair","floor":41},{"not_picked":["Sweeping Beam+1","Darkness+1"],"picked":"White Noise","floor":42},{"not_picked":["Heatsinks","Steam+1","Scrape"],"picked":"SKIP","floor":45},{"not_picked":["Blizzard","hubris:SpecializedCircuitry","Panic Button+1"],"picked":"SKIP","floor":46}],"player_experience":1173834,"relics_obtained":[{"floor":6,"key":"Regal Pillow"},{"floor":9,"key":"War Paint"},{"floor":11,"key":"Simple Rune"},{"floor":25,"key":"Geode"},{"floor":28,"key":"Toy Ornithopter"},{"floor":42,"key":"Thread and Needle"},{"floor":43,"key":"Anchor"}],"event_choices":[{"damage_healed":0,"gold_gain":0,"player_choice":"Take Wound","damage_taken":0,"relics_obtained":["Golden Idol"],"max_hp_gain":0,"max_hp_loss":0,"event_name":"Golden Idol","floor":2,"gold_loss":0,"cards_obtained":["Injury"]},{"cards_removed":["Injury"],"damage_healed":0,"gold_gain":0,"player_choice":"Purged","damage_taken":0,"max_hp_gain":0,"max_hp_loss":0,"event_name":"Purifier","floor":5,"gold_loss":0},{"damage_healed":0,"gold_gain":0,"player_choice":"Got Potions","damage_taken":0,"max_hp_gain":0,"max_hp_loss":0,"event_name":"Lab","floor":19,"gold_loss":0}],"is_beta":false,"boss_relics":[{"not_picked":["Snecko Eye","Replay:Wanted Poster","hubris:TerracottaHorce"]},{"not_picked":["hubris:CrackedHourglass","Kintsugi","hubris:RunicObelisk"]}],"items_purged_floors":[],"is_endless":false,"potions_floor_spawned":[6,8,20,22,25,33,36,41,42],"killed_by":"Giant Head","ascension_level":0}}