{"host":"d61fcf2p3sjwe6yo","time":1610542025,"event":{"mods":["AchievementEnabler","BaseMod","Colored Map","Minty Spire (QoL Compilation)","StSLib","SuperFastMode"],"gold_per_floor":[110,110,174,224,236,268,285,285,363,393,413,194,257,307,307,307,307],"floor_reached":16,"language":"ENG","playtime":642,"items_purged":["Strike_G"],"score":190,"play_id":"35abc47b-e188-419b-b4ec-ceed37f0b276","local_time":"20210113154705","is_ascension_mode":true,"campfire_choices":[{"data":"Neutralize","floor":8,"key":"SMITH"},{"data":"Bane","floor":15,"key":"SMITH"}],"circlet_count":0,"master_deck":["AscendersBane","Strike_G+1","Strike_G","Strike_G","Defend_G","Defend_G","Defend_G","Survivor","Neutralize+1","Blur","Poisoned Stab+1","All Out Attack","Bane+1"],"relics":["Ring of the Snake","SsserpentHead","Lizard Tail","Letter Opener","Boot","Snake Skull"],"acts_visited":["Exordium"],"potions_floor_usage":[6,10,11,16,16],"damage_taken":[{"damage":5,"enemies":"Cultist","floor":1,"turns":4},{"damage":1,"enemies":"Small Slimes","floor":3,"turns":4},{"damage":0,"enemies":"Jaw Worm","floor":5,"turns":4},{"damage":22,"enemies":"3 Sentries","floor":6,"turns":9},{"damage":12,"enemies":"Exordium Wildlife","floor":7,"turns":5},{"damage":17,"enemies":"Lagavulin","floor":10,"turns":8},{"damage":14,"enemies":"Exordium Thugs","floor":11,"turns":3},{"damage":0,"enemies":"Large Slime","floor":13,"turns":3},{"damage":22,"enemies":"Hexaghost","floor":16,"turns":11}],"seed_played":"-497108159660197207","potions_obtained":[{"floor":5,"key":"SneckoOil"},{"floor":7,"key":"Energy Potion"},{"floor":10,"key":"PowerPotion"},{"floor":11,"key":"SpeedPotion"},{"floor":13,"key":"Fire Potion"}],"is_trial":false,"path_per_floor":["M","?","M","?","M","E","M","R","T","E","M","$","M","?","R","B"],"character_chosen":"THE_SILENT","items_purchased":["Snake Skull"],"campfire_rested":0,"item_purchase_floors":[12],"current_hp_per_floor":[54,54,53,53,53,31,19,19,19,2,30,30,30,18,18,0,0],"gold":307,"neow_bonus":"REMOVE_TWO","is_daily":false,"chose_seed":false,"campfire_upgraded":2,"win_rate":0.0,"timestamp":1610542025,"path_taken":["M","?","?","?","M","E","M","R","T","E","M","$","?","?","R","BOSS"],"items_purchased_type":["Relic"],"build_version":"2020-12-22","purchased_purges":1,"victory":false,"max_hp_per_floor":[60,60,60,60,60,60,60,60,60,60,60,60,60,60,60,60,60],"card_choices":[{"not_picked":["Sucker Punch","PiercingWail"],"picked":"Blur","floor":1},{"not_picked":["Concentrate","Accuracy"],"picked":"Poisoned Stab","floor":3},{"not_picked":["Outmaneuver","Heel Hook"],"picked":"All Out Attack","floor":5},{"not_picked":["Burst","Bullet Time","Slice"],"picked":"SKIP","floor":6},{"not_picked":["Outmaneuver","Deadly Poison"],"picked":"Bane","floor":7},{"not_picked":["Prepared","Finisher","Infinite Blades"],"picked":"SKIP","floor":10},{"not_picked":["Flying Knee","Setup","Deflect"],"picked":"SKIP","floor":11},{"not_picked":["Tactician","Eviscerate","PiercingWail"],"picked":"SKIP","floor":13}],"player_experience":203379,"relics_obtained":[{"floor":6,"key":"Lizard Tail"},{"floor":9,"key":"Letter Opener"},{"floor":10,"key":"Boot"}],"event_choices":[{"damage_healed":0,"gold_gain":0,"player_choice":"Trade","damage_taken":0,"relics_obtained":["SsserpentHead"],"max_hp_gain":0,"max_hp_loss":0,"event_name":"FaceTrader","floor":2,"gold_loss":0},{"cards_removed":["Strike_G"],"damage_healed":0,"gold_gain":0,"player_choice":"Offered Basic","damage_taken":0,"max_hp_gain":0,"max_hp_loss":0,"event_name":"Bonfire Elementals","floor":4,"gold_loss":0},{"damage_healed":0,"gold_gain":0,"player_choice":"Entered Light","damage_taken":12,"max_hp_gain":0,"max_hp_loss":0,"event_name":"Shining Light","floor":14,"gold_loss":0,"cards_upgraded":["Strike_G","Poisoned Stab"]}],"is_beta":false,"boss_relics":[],"items_purged_floors":[12],"is_endless":false,"potions_floor_spawned":[5,7,10,11,13],"killed_by":"Hexaghost","ascension_level":14}}