{"host":"0xtpc43j5kblke7u","time":1610509388,"event":{"mods":["AchievementEnabler","BaseMod","Colored Map","Highlight Path","Minty Spire (QoL Compilation)"],"gold_per_floor":[117,117,117,127,139,139,166,166,215,232,263,36,111,111,111,215,215,233,233,233,244,263,263,292,292,373,389,419,419,431,42,42,138,138,158,58,158,158,83,83,94,0,26,45,45,45,45,45,45,45,45],"floor_reached":50,"language":"ENG","playtime":3447,"items_purged":["Strike_B","Strike_B"],"score":653,"play_id":"65ffca91-24da-4152-a98b-bf80d767f597","local_time":"20210112224308","is_ascension_mode":true,"campfire_choices":[{"data":"Dualcast","floor":6.0,"key":"SMITH"},{"floor":8.0,"key":"REST"},{"floor":15.0,"key":"REST"},{"floor":23.0,"key":"REST"},{"floor":25.0,"key":"REST"},{"data":"Zap","floor":29.0,"key":"SMITH"},{"data":"Sweeping Beam","floor":32.0,"key":"SMITH"},{"data":"Consume","floor":40.0,"key":"SMITH"},{"data":"Tempest","floor":46.0,"key":"SMITH"},{"data":"Coolheaded","floor":49.0,"key":"SMITH"}],"circlet_count":0,"master_deck":["Defend_B","Defend_B","Defend_B","Defend_B","Zap+1","Dualcast+1","Ball Lightning","Tempest+1","Cold Snap","Steam","Sweeping Beam+1","Glacier","Compile Driver","Ball Lightning","Conserve Battery","Go for the Eyes+1","Coolheaded+1","Leap","Gash","Consume+1","Auto Shields+1","Master of Strategy","Dark Shackles","Good Instincts"],"relics":["Cracked Core","WingedGreaves","Toy Ornithopter","Dream Catcher","Anchor","Unceasing Top","ClockworkSouvenir","Sozu","Lantern","Eternal Feather","MealTicket","Incense Burner","Red Mask","DataDisk","Lizard Tail"],"acts_visited":["Exordium","TheCity","TheBeyond"],"potions_floor_usage":[],"damage_taken":[{"damage":2.0,"enemies":"Jaw Worm","floor":1.0,"turns":3.0},{"damage":6.0,"enemies":"Cultist","floor":4.0,"turns":3.0},{"damage":0.0,"enemies":"Small Slimes","floor":5.0,"turns":2.0},{"damage":19.0,"enemies":"3 Sentries","floor":7.0,"turns":7.0},{"damage":0.0,"enemies":"2 Fungi Beasts","floor":10.0,"turns":3.0},{"damage":14.0,"enemies":"Gremlin Nob","floor":11.0,"turns":4.0},{"damage":32.0,"enemies":"The Guardian","floor":16.0,"turns":15.0},{"damage":0.0,"enemies":"Chosen","floor":18.0,"turns":3.0},{"damage":12.0,"enemies":"Shell Parasite","floor":21.0,"turns":6.0},{"damage":4.0,"enemies":"Shelled Parasite and Fungi","floor":22.0,"turns":6.0},{"damage":19.0,"enemies":"Slavers","floor":24.0,"turns":6.0},{"damage":7.0,"enemies":"Centurion and Healer","floor":27.0,"turns":7.0},{"damage":11.0,"enemies":"Book of Stabbing","floor":28.0,"turns":6.0},{"damage":1.0,"enemies":"Snecko","floor":30.0,"turns":5.0},{"damage":24.0,"enemies":"Collector","floor":33.0,"turns":10.0},{"damage":0.0,"enemies":"Orb Walker","floor":35.0,"turns":3.0},{"damage":0.0,"enemies":"3 Shapes","floor":41.0,"turns":4.0},{"damage":5.0,"enemies":"Sphere and 2 Shapes","floor":44.0,"turns":5.0},{"damage":140,"enemies":"Donu and Deca","floor":50,"turns":12}],"seed_played":"419518389431684567","potions_obtained":[{"floor":7.0,"key":"EssenceOfSteel"},{"floor":16.0,"key":"Ancient Potion"}],"is_trial":false,"path_per_floor":["M","?","?","M","M","R","E","R","T","M","E","$","?","?","R","B",null,"M","?","?","M","M","R","E","R","T","M","E","R","M","$","R","B",null,"M","$","?","$","$","R","M","?","T","M","$","R","?","T","R","B"],"character_chosen":"DEFECT","items_purchased":["ClockworkSouvenir","Incense Burner","Leap","Gash","Consume"],"campfire_rested":4,"item_purchase_floors":[12,31,31,31,39],"current_hp_per_floor":[66,59,59,53,53,53,34,54,54,54,45,45,34,27,47,15,55,55,43,43,31,27,48,29,50,50,43,32,41,40,55,67,48,67,67,73,73,73,73,73,73,73,73,68,73,73,63,63,73,0,0],"gold":45,"neow_bonus":"ONE_RARE_RELIC","is_daily":false,"chose_seed":false,"campfire_upgraded":6,"win_rate":0.0,"timestamp":1610509388,"path_taken":["M","?","?","M","M","R","E","R","T","?","E","$","?","?","R","BOSS","M","?","?","M","?","R","E","R","T","M","E","R","M","$","R","BOSS","M","$","?","?","$","R","M","?","T","M","$","R","?","?","R","BOSS"],"items_purchased_type":["Relic","Relic","Card","Card","Card"],"build_version":"2020-12-22","purchased_purges":2,"victory":false,"max_hp_per_floor":[68,68,68,68,68,68,68,68,68,68,68,68,68,68,68,68,68,68,73,73,73,73,73,73,73,73,73,73,73,73,73,73,73,73,73,73,73,73,73,73,73,73,73,73,73,73,73,73,73,73,73],"card_choices":[{"not_picked":["Barrage","Beam Cell"],"picked":"Ball Lightning","floor":1.0},{"not_picked":["Beam Cell","Redo"],"picked":"Cold Snap","floor":4.0},{"not_picked":["Hologram","Cold Snap"],"picked":"Steam","floor":5.0},{"not_picked":["Recycle","Chill"],"picked":"Sweeping Beam","floor":7.0},{"not_picked":["Fusion","Recycle"],"picked":"Glacier","floor":8.0},{"not_picked":["Ball Lightning","Double Energy"],"picked":"Compile Driver","floor":10.0},{"not_picked":["Beam Cell","Hologram","Turbo"],"picked":"SKIP","floor":11.0},{"not_picked":["Redo+1","Beam Cell","Tempest+1"],"picked":"SKIP","floor":18.0},{"not_picked":["Sweeping Beam+1","Coolheaded+1"],"picked":"Conserve Battery","floor":21.0},{"not_picked":["Scrape","Ball Lightning","Go for the Eyes"],"picked":"SKIP","floor":22.0},{"not_picked":["Steam Power","Gash","Fusion+1"],"picked":"SKIP","floor":24.0},{"not_picked":["Capacitor+1","Force Field+1"],"picked":"Go for the Eyes+1","floor":27.0},{"not_picked":["Steam","Darkness+1"],"picked":"Coolheaded","floor":28.0},{"not_picked":["Compile Driver","Melter","Undo"],"picked":"SKIP","floor":30.0},{"not_picked":["Fusion+1","Streamline+1","Go for the Eyes+1"],"picked":"SKIP","floor":35.0},{"not_picked":["Redo+1","Stack+1","Turbo+1"],"picked":"SKIP","floor":41.0},{"not_picked":["Heatsinks","Storm+1"],"picked":"Auto Shields+1","floor":44.0},{"not_picked":["Good Instincts","Bandage Up"],"picked":"Master of Strategy","floor":47.0},{"not_picked":["Panache","Metamorphosis"],"picked":"Dark Shackles","floor":47.0},{"not_picked":["Bandage Up","Forethought"],"picked":"Good Instincts","floor":47.0}],"player_experience":625600,"relics_obtained":[{"floor":7.0,"key":"Dream Catcher"},{"floor":9.0,"key":"Anchor"},{"floor":11.0,"key":"Unceasing Top"},{"floor":24.0,"key":"Lantern"},{"floor":26.0,"key":"Eternal Feather"},{"floor":28.0,"key":"MealTicket"},{"floor":43.0,"key":"DataDisk"},{"floor":48.0,"key":"Lizard Tail"}],"event_choices":[{"damage_healed":0.0,"max_hp_gain":0.0,"max_hp_loss":0.0,"gold_gain":0.0,"event_name":"Scrap Ooze","player_choice":"Success","floor":2.0,"gold_loss":0.0,"damage_taken":7.0,"relics_obtained":["Toy Ornithopter"]},{"damage_healed":0.0,"max_hp_gain":0.0,"max_hp_loss":0.0,"gold_gain":0.0,"cards_transformed":["Strike_B"],"event_name":"Transmorgrifier","player_choice":"Transformed","floor":3.0,"gold_loss":0.0,"damage_taken":0.0,"cards_obtained":["Tempest"]},{"damage_healed":0.0,"max_hp_gain":0.0,"max_hp_loss":0.0,"gold_gain":75.0,"event_name":"World of Goop","player_choice":"Gather Gold","floor":13.0,"gold_loss":0.0,"damage_taken":11.0},{"cards_removed":["Strike_B"],"damage_healed":0.0,"max_hp_gain":0.0,"max_hp_loss":0.0,"gold_gain":0.0,"event_name":"Golden Wing","player_choice":"Card Removal","floor":14.0,"gold_loss":0.0,"damage_taken":7.0},{"damage_healed":0.0,"max_hp_gain":5.0,"max_hp_loss":0.0,"gold_gain":0.0,"event_name":"Forgotten Altar","player_choice":"Shed Blood","floor":19.0,"gold_loss":0.0,"damage_taken":17.0},{"damage_healed":0.0,"max_hp_gain":0.0,"max_hp_loss":0.0,"gold_gain":0.0,"event_name":"Duplicator","player_choice":"Copied","floor":20.0,"gold_loss":0.0,"damage_taken":0.0,"cards_obtained":["Ball Lightning"]},{"damage_healed":0.0,"max_hp_gain":0.0,"max_hp_loss":0.0,"gold_gain":100.0,"event_name":"Golden Shrine","player_choice":"Pray","floor":37.0,"gold_loss":0.0,"damage_taken":0.0},{"damage_healed":0.0,"max_hp_gain":0.0,"max_hp_loss":0.0,"gold_gain":0.0,"event_name":"Tomb of Lord Red Mask","player_choice":"Paid","floor":42.0,"gold_loss":94.0,"damage_taken":0.0,"relics_obtained":["Red Mask"]},{"damage_healed":0.0,"max_hp_gain":0.0,"max_hp_loss":0.0,"gold_gain":0.0,"event_name":"SensoryStone","player_choice":"Memory 3","floor":47.0,"gold_loss":0.0,"damage_taken":10.0}],"is_beta":false,"boss_relics":[{"not_picked":["Black Star","Fusion Hammer"],"picked":"Sozu"},{"not_picked":["Velvet Choker","Snecko Eye","Inserter"]}],"items_purged_floors":[12,36],"is_endless":false,"potions_floor_spawned":[7,16,21,24,30,35,44],"killed_by":"Donu and Deca","ascension_level":7}}