{"host":"igi9xpgoc000gxf5","time":1610577312,"event":{"mods":["BaseMod","Colored Powertips","Downfall","Googly Eyes","Minty Spire (QoL Compilation)","StSLib"],"gold_per_floor":[99,99,49,68,8,23,23,23,39,139,154,23,23,37,49,148,148,148,148,148,162,162,162,185,203,219,233,233,233,262,262,280,280,280],"floor_reached":33,"language":"ENG","playtime":1826,"items_purged":[],"score":307,"play_id":"d6649e38-82ff-4f0d-aa43-83794c3cf362","local_time":"20210113233512","is_ascension_mode":false,"campfire_choices":[{"data":"sneckomod:Unknown","floor":1,"key":"SMITH"},{"data":"sneckomod:UnknownStrike","floor":8,"key":"SMITH"},{"data":"sneckomod:UnknownColorless","floor":18,"key":"SMITH"},{"floor":29,"key":"REST"}],"circlet_count":0,"master_deck":["sneckomod:TailWhip","sneckomod:SnekBite","sneckomod:Unknown+1","sneckomod:Unknown+1","Regret","sneckomod:UnknownCommonAttack","sneckomod:Unknown0Cost+1","sneckomod:UnknownBlock","sneckomod:UnknownStrike+1","sneckomod:UnknownVulnerable","sneckomod:UnknownVulnerable","sneckomod:UnknownExhaust","sneckomod:QuickMove","sneckomod:UnknownRareSkill","sneckomod:UnknownUncommonPower","expansioncontent:AwakenDeath","sneckomod:UnknownUncommonSkill+1","sneckomod:UnknownCommonAttack","sneckomod:UnknownColorless+1","sneckomod:UnknownStrike","sneckomod:UnknownCommonSkill","sneckomod:UnknownEthereal","sneckomod:UnknownVulnerable","sneckomod:Unknown0Cost","sneckomod:UnknownStrike","sneckomod:UnknownUncommonAttack","sneckomod:UnknownClassGREEN","Pain","sneckomod:Unknown2Cost+1","sneckomod:UnknownCommonAttack","sneckomod:Nope+1","sneckomod:Restock","Slimebound:Tackle+1","Slimebound:Tackle+1","Slimebound:Tackle+1","sneckomod:PureSnecko"],"relics":["sneckomod:SneckoSoul","Anchor","Meat on the Bone","Black Star","WarpedTongs","Toy Ornithopter","Enchiridion","Juzu Bracelet","War Paint"],"acts_visited":["Exordium","TheCity"],"potions_floor_usage":[16,26,26,26,30,32,33,33],"damage_taken":[{"damage":7,"enemies":"downfall:FleeingMerchant","floor":3,"turns":4},{"damage":2,"enemies":"2 Louse","floor":4,"turns":3},{"damage":16,"enemies":"downfall:FleeingMerchant","floor":5,"turns":4},{"damage":0,"enemies":"Jaw Worm","floor":6,"turns":2},{"damage":1,"enemies":"Cultist","floor":9,"turns":2},{"damage":4,"enemies":"Large Slime","floor":11,"turns":4},{"damage":15,"enemies":"downfall:FleeingMerchant","floor":12,"turns":4},{"damage":22,"enemies":"Exordium Wildlife","floor":14,"turns":4},{"damage":13,"enemies":"Exordium Thugs","floor":15,"turns":6},{"damage":48,"enemies":"downfall:Watcher","floor":16,"turns":11},{"damage":0,"enemies":"Chosen","floor":19,"turns":1},{"damage":7,"enemies":"Spheric Guardian","floor":21,"turns":3},{"damage":21,"enemies":"Snecko","floor":25,"turns":5},{"damage":16,"enemies":"Snake Plant","floor":26,"turns":3},{"damage":21,"enemies":"Shelled Parasite and Fungi","floor":27,"turns":4},{"damage":66,"enemies":"Book of Stabbing","floor":30,"turns":5},{"damage":22,"enemies":"Centurion and Healer","floor":32,"turns":5},{"damage":85,"enemies":"downfall:Silent","floor":33,"turns":6}],"seed_played":"-9167486320005116047","potions_obtained":[{"floor":4,"key":"FearPotion"},{"floor":15,"key":"sneckomod:DiceRollPotion"},{"floor":16,"key":"SpeedPotion"},{"floor":25,"key":"EntropicBrew"},{"floor":27,"key":"AttackPotion"}],"is_trial":false,"path_per_floor":["R","?","$","M","$","M","T","R","M","?","M","$","?","M","M","B",null,"R","M","?","M","?","?","T","M","M","M","?","R","E","?","M","B"],"character_chosen":"THE_SNECKO","items_purchased":["sneckomod:Unknown0Cost","sneckomod:UnknownVulnerable","sneckomod:UnknownUncommonPower","expansioncontent:AwakenDeath"],"campfire_rested":1,"item_purchase_floors":[3,5,12,12],"current_hp_per_floor":[90,90,85,84,70,71,71,71,71,71,71,58,58,61,61,26,102,102,103,103,97,103,103,103,87,87,66,50,83,56,56,53,0,0],"gold":280,"neow_bonus":"UPGRADE_CARD","is_daily":false,"chose_seed":false,"campfire_upgraded":3,"win_rate":0.0,"timestamp":1610577312,"path_taken":["R","?","$","M","$","M","T","R","M","?","M","?","?","M","M","BOSS","R","M","?","M","?","?","T","M","M","?","?","R","E","?","M","BOSS"],"items_purchased_type":["Card","Card","Card","Card"],"build_version":"2020-12-22","purchased_purges":0,"victory":false,"max_hp_per_floor":[90,90,92,93,95,96,96,96,97,97,97,99,99,100,101,102,102,102,103,103,104,110,110,110,111,112,112,112,112,112,112,112,112,112],"card_choices":[{"not_picked":["sneckomod:Nope","sneckomod:Unknown1Cost"],"picked":"sneckomod:UnknownCommonAttack","floor":3},{"not_picked":["sneckomod:UnknownCommonAttack","sneckomod:UnknownCommonSkill"],"picked":"sneckomod:UnknownBlock","floor":4},{"not_picked":["sneckomod:RainOfDice","sneckomod:DiceCrush"],"picked":"sneckomod:UnknownStrike","floor":5},{"not_picked":["sneckomod:RainOfDice","sneckomod:QuickBite"],"picked":"sneckomod:UnknownVulnerable","floor":6},{"not_picked":["sneckomod:MixItUp","sneckomod:UnknownUncommonAttack"],"picked":"sneckomod:UnknownExhaust","floor":9},{"not_picked":["sneckomod:TrashToTreasure","sneckomod:Nope"],"picked":"sneckomod:QuickMove","floor":11},{"not_picked":["sneckomod:Unknown1Cost","sneckomod:DiceBoulder"],"picked":"sneckomod:UnknownRareSkill","floor":12},{"not_picked":["sneckomod:QuickBite","sneckomod:QuickMove"],"picked":"sneckomod:UnknownUncommonSkill","floor":14},{"not_picked":["sneckomod:DefensiveFlair","sneckomod:RainOfDice"],"picked":"sneckomod:UnknownCommonAttack","floor":15},{"not_picked":["sneckomod:Mudshield","sneckomod:SoulExchange"],"picked":"sneckomod:UnknownColorless","floor":16},{"not_picked":["sneckomod:QuickBite+1","sneckomod:QuickMove+1"],"picked":"sneckomod:UnknownStrike","floor":19},{"not_picked":["sneckomod:IronFang","sneckomod:MixItUp+1"],"picked":"sneckomod:UnknownCommonSkill","floor":21},{"not_picked":["sneckomod:UnknownVulnerable","sneckomod:Unknown1Cost"],"picked":"sneckomod:Unknown2Cost+1","floor":25},{"not_picked":["sneckomod:ImprovisedAttack","sneckomod:QuickBite+1"],"picked":"sneckomod:UnknownCommonAttack","floor":26},{"not_picked":["sneckomod:SnakeSap","sneckomod:RainOfDice"],"picked":"sneckomod:Nope+1","floor":27},{"not_picked":["sneckomod:MasterEye+1","sneckomod:RainOfDice"],"picked":"sneckomod:Restock","floor":30},{"not_picked":["sneckomod:RainOfDice","sneckomod:QuickMove"],"picked":"sneckomod:PureSnecko","floor":32}],"player_experience":938172,"relics_obtained":[{"floor":7,"key":"Meat on the Bone"},{"floor":24,"key":"Toy Ornithopter"},{"floor":28,"key":"Enchiridion"},{"floor":30,"key":"Juzu Bracelet"},{"floor":30,"key":"War Paint"}],"event_choices":[{"damage_healed":0,"gold_gain":0,"player_choice":"Box","damage_taken":0,"relics_obtained":["Anchor"],"max_hp_gain":0,"max_hp_loss":0,"event_name":"Big Fish","floor":2,"gold_loss":0,"cards_obtained":["Regret"]},{"damage_healed":0,"gold_gain":0,"player_choice":"Rummage","damage_taken":0,"relics_obtained":["WarpedTongs"],"max_hp_gain":0,"max_hp_loss":0,"event_name":"Accursed Blacksmith","floor":23,"gold_loss":0,"cards_obtained":["Pain"]}],"is_beta":false,"boss_relics":[{"not_picked":["Busted Crown","Fusion Hammer"],"picked":"Black Star"}],"items_purged_floors":[],"is_endless":false,"potions_floor_spawned":[4,15,16,25,27,32],"killed_by":"downfall:Silent","ascension_level":0}}