{"host":"rolltorest","time":1610506077,"event":{"mods":["BaseMod","Minty Spire (QoL Compilation)","Relic Stats","Slay the Relics Exporter","StSLib","The Bladedancer"],"gold_per_floor":[119,137,137,154,154,154,154,154],"floor_reached":7,"language":"ENG","playtime":90,"items_purged":[],"score":78,"play_id":"9ac384d5-3db7-4839-90ed-d565c6b5f925","local_time":"20210112184757","is_ascension_mode":true,"campfire_choices":[{"data":"blademaster:FuriousStrike","floor":6,"key":"SMITH"}],"circlet_count":0,"master_deck":["AscendersBane","blademaster:Strike","blademaster:Strike","blademaster:Strike","blademaster:Strike","blademaster:Defend","blademaster:Defend+1","blademaster:Defend","blademaster:Defend+1","blademaster:RagingBlow","blademaster:HighVoltage","blademaster:Slice","blademaster:FuriousStrike+1"],"relics":["blademaster:DancersAmulet","NeowsBlessing","War Paint","Anchor"],"acts_visited":["Exordium"],"potions_floor_usage":[7],"damage_taken":[{"damage":0,"enemies":"Cultist","floor":1,"turns":1},{"damage":0,"enemies":"Small Slimes","floor":2,"turns":1},{"damage":0,"enemies":"2 Louse","floor":4,"turns":1},{"damage":45,"enemies":"Gremlin Nob","floor":7,"turns":5}],"seed_played":"-1987383194808346277","potions_obtained":[{"floor":1,"key":"SkillPotion"}],"is_trial":false,"path_per_floor":["M","M","T","M","?","R","E"],"character_chosen":"THE_BLADEMASTER","items_purchased":[],"campfire_rested":0,"item_purchase_floors":[],"current_hp_per_floor":[64,64,64,64,46,46,1,1],"gold":154,"neow_bonus":"THREE_ENEMY_KILL","is_daily":false,"chose_seed":false,"campfire_upgraded":1,"win_rate":0.0,"timestamp":1610506077,"path_taken":["M","?","?","M","?","R","E"],"items_purchased_type":[],"build_version":"2020-12-18","purchased_purges":0,"victory":false,"max_hp_per_floor":[71,71,71,71,71,71,71,71],"relic_stats":{"counters":[4,8],"War Paint":["blademaster:Defend","blademaster:Defend"],"obtain_stats":[{"Anchor":5,"NeowsBlessing":0,"blademaster:DancersAmulet":0,"War Paint":3},{"Anchor":3,"NeowsBlessing":0,"blademaster:DancersAmulet":0,"War Paint":2},{"Anchor":3,"NeowsBlessing":0,"blademaster:DancersAmulet":0,"War Paint":2}]},"card_choices":[{"not_picked":["blademaster:Hailwind","blademaster:Flurry"],"picked":"blademaster:Slice","floor":1},{"not_picked":["blademaster:BladeMastery","blademaster:Momentum","blademaster:Rupture"],"picked":"SKIP","floor":2},{"not_picked":["blademaster:Reversal","blademaster:ParryingStrike"],"picked":"blademaster:FuriousStrike","floor":4}],"player_experience":1768202,"relics_obtained":[{"floor":3,"key":"War Paint"}],"event_choices":[{"damage_healed":0,"gold_gain":0,"player_choice":"Success","damage_taken":18,"relics_obtained":["Anchor"],"max_hp_gain":0,"max_hp_loss":0,"event_name":"Scrap Ooze","floor":5,"gold_loss":0}],"is_beta":true,"boss_relics":[],"items_purged_floors":[],"is_endless":false,"potions_floor_spawned":[1],"killed_by":"Gremlin Nob","ascension_level":18}}