{"host":"dftyqn972q7tuon4","time":1610507161,"event":{"mods":["AchievementEnabler","BaseMod","Better Altar","Better Match","Better Note","Better Sensory Stone","Better Skull","Better Third Choice","Colored Powertips","Highlight Path","Minty Spire (QoL Compilation)","Permanent Neow","Quick Restart","StSLib"],"gold_per_floor":[115,84,99,99,114,146,146,172,172,20,20,20,34,53,53,158,158,175,29,45,57,57,57,89,89,89,89,89,0,0,10,10,106,106,118,129,179,179,179,179,208,208,208,237,57,57,68,81,81,81],"floor_reached":51,"language":"ENG","playtime":3726,"items_purged":["Strike_G"],"score":1058,"play_id":"d3903eba-7683-4a03-9e61-519ea6aa14d5","local_time":"20210113040601","is_ascension_mode":true,"campfire_choices":[{"floor":7.0,"key":"REST"},{"floor":12.0,"key":"REST"},{"floor":15.0,"key":"REST"},{"floor":23,"key":"REST"},{"data":"Infinite Blades","floor":25,"key":"SMITH"},{"floor":27,"key":"REST"},{"floor":32,"key":"REST"},{"data":"Burst","floor":40,"key":"SMITH"},{"data":"1","floor":46,"key":"LIFT"},{"data":"2","floor":49,"key":"LIFT"}],"circlet_count":0,"master_deck":["Strike_G","Strike_G","Strike_G","Strike_G","Defend_G","Defend_G","Defend_G","Defend_G+1","Defend_G","Survivor","Neutralize","Footwork+1","Accuracy","Good Instincts","Underhanded Strike","Quick Slash","PiercingWail","Infinite Blades+1","Storm of Steel+1","Prepared","Prepared+1","Blade Dance","Burst+1","PiercingWail+1","Blade Dance+1","Setup+1","Backflip+1","Blade Dance+1","Well Laid Plans+1","Backstab+1","Prepared+1"],"relics":["Black Star","betterThird:SlimedRelic","Boot","Dead Branch","Darkstone Periapt","Potion Belt","Molten Egg 2","Nunchaku","WristBlade","Vajra","betterThird:NestCultRelic","Omamori","War Paint","Sundial","Bloody Idol","Cursed Key","TungstenRod","MealTicket","Frozen Egg 2","Oddly Smooth Stone","CaptainsWheel","Girya","Question Card"],"acts_visited":["Exordium","TheCity","TheBeyond"],"potions_floor_usage":[20,33,33,35,44,50,50],"damage_taken":[{"damage":0.0,"enemies":"Small Slimes","floor":1.0,"turns":5.0},{"damage":1.0,"enemies":"2 Louse","floor":3.0,"turns":3.0},{"damage":2.0,"enemies":"Jaw Worm","floor":5.0,"turns":6.0},{"damage":13.0,"enemies":"Lagavulin","floor":6.0,"turns":14.0},{"damage":43.0,"enemies":"Gremlin Nob","floor":8.0,"turns":7.0},{"damage":18.0,"enemies":"Exordium Thugs","floor":13.0,"turns":7.0},{"damage":0.0,"enemies":"2 Fungi Beasts","floor":14.0,"turns":4.0},{"damage":14.0,"enemies":"The Guardian","floor":16.0,"turns":8.0},{"damage":9.0,"enemies":"Spheric Guardian","floor":18.0,"turns":4.0},{"damage":24,"enemies":"3 Byrds","floor":20,"turns":4},{"damage":13,"enemies":"Snecko","floor":21,"turns":4},{"damage":0,"enemies":"Book of Stabbing","floor":24,"turns":4},{"damage":5,"enemies":"Shelled Parasite and Fungi","floor":31,"turns":4},{"damage":25,"enemies":"Automaton","floor":33,"turns":5},{"damage":0,"enemies":"Orb Walker","floor":35,"turns":1},{"damage":12,"enemies":"3 Shapes","floor":36,"turns":3},{"damage":0,"enemies":"Mind Bloom Boss Battle","floor":37,"turns":4},{"damage":0,"enemies":"Giant Head","floor":41,"turns":4},{"damage":3,"enemies":"Nemesis","floor":44,"turns":4},{"damage":0,"enemies":"Spire Growth","floor":47,"turns":2},{"damage":0,"enemies":"Sphere and 2 Shapes","floor":48,"turns":2},{"damage":17,"enemies":"Awakened One","floor":50,"turns":6}],"seed_played":"4232834761540028935","potions_obtained":[{"floor":1.0,"key":"GhostInAJar"},{"floor":13.0,"key":"LiquidBronze"},{"floor":14.0,"key":"DuplicationPotion"},{"floor":16.0,"key":"SteroidPotion"},{"floor":20,"key":"SpeedPotion"},{"floor":21,"key":"Swift Potion"},{"floor":33,"key":"SteroidPotion"},{"floor":35,"key":"Fire Potion"},{"floor":36,"key":"DistilledChaos"},{"floor":41,"key":"Explosive Potion"},{"floor":48,"key":"FearPotion"}],"is_trial":false,"path_per_floor":["M","?","M","?","M","E","R","E","T","$","$","R","M","M","R","B",null,"M","$","M","M","?","R","E","R","T","R","?","?","?","M","R","B",null,"M","M","?","?","?","R","E","?","T","E","$","R","M","M","R","B",null],"character_chosen":"THE_SILENT","items_purchased":["Nunchaku","Vajra","Well Laid Plans+1","Backstab+1"],"campfire_rested":6,"item_purchase_floors":[10,19,45,45],"current_hp_per_floor":[63,52,51,51,49,36,57,14,14,14,14,35,17,17,38,24,59,50,50,26,13,13,34,34,34,34,55,20,20,20,20,41,21,58,63,56,61,61,61,61,66,66,66,68,70,70,70,70,70,53],"gold":81,"neow_bonus":"BOSS_RELIC","is_daily":false,"chose_seed":false,"campfire_upgraded":2,"win_rate":0.0,"timestamp":1610507161,"path_taken":["M","?","M","?","?","E","R","E","T","?","$","R","M","M","R","BOSS","M","$","M","M","?","R","E","R","T","R","?","?","?","M","R","BOSS","M","M","?","?","?","R","E","?","T","E","$","R","M","M","R","BOSS"],"items_purchased_type":["Relic","Relic","Card","Card"],"build_version":"2020-12-22","purchased_purges":1,"victory":true,"max_hp_per_floor":[70,70,70,70,70,70,70,70,70,70,70,70,70,70,70,70,70,70,70,70,70,70,70,70,70,70,70,70,70,70,70,70,70,70,70,70,70,70,70,70,70,70,70,70,70,70,70,70,70,70],"card_choices":[{"not_picked":["Masterful Stab","Dagger Throw"],"picked":"Footwork","floor":1.0},{"not_picked":["Footwork","Deadly Poison"],"picked":"Accuracy","floor":3.0},{"not_picked":["Chrysalis","Secret Weapon"],"picked":"Good Instincts","floor":4.0},{"not_picked":["Skewer","Masterful Stab"],"picked":"Underhanded Strike","floor":5.0},{"not_picked":["Underhanded Strike","Slice"],"picked":"Quick Slash","floor":6.0},{"not_picked":["Eviscerate","Flechettes"],"picked":"Quick Slash","floor":8.0},{"not_picked":["Reflex","All Out Attack+1"],"picked":"PiercingWail","floor":13.0},{"not_picked":["Dagger Spray+1","Footwork"],"picked":"Infinite Blades","floor":14.0},{"not_picked":["Wraith Form v2","Night Terror"],"picked":"Storm of Steel","floor":16.0},{"not_picked":["Dodge and Roll","All Out Attack+1","Eviscerate+1"],"picked":"SKIP","floor":18.0},{"not_picked":["Flying Knee+1","Sucker Punch+1"],"picked":"Prepared","floor":20},{"not_picked":["Finisher+1","Quick Slash+1"],"picked":"Prepared+1","floor":21},{"not_picked":["Quick Slash+1","Dodge and Roll+1"],"picked":"Blade Dance","floor":24},{"not_picked":["Distraction","Quick Slash+1","Leg Sweep"],"picked":"SKIP","floor":31},{"not_picked":["Die Die Die+1","Envenom"],"picked":"Burst","floor":33},{"not_picked":["Leg Sweep+1","Dodge and Roll"],"picked":"PiercingWail+1","floor":35},{"not_picked":["Flying Knee+1","Poisoned Stab+1"],"picked":"Blade Dance+1","floor":36},{"not_picked":["Dodge and Roll+1","Expertise+1"],"picked":"Setup+1","floor":37},{"not_picked":["Sucker Punch+1","Crippling Poison+1"],"picked":"Backflip+1","floor":41},{"not_picked":["Leg Sweep+1","Eviscerate+1"],"picked":"Blade Dance+1","floor":44},{"not_picked":["Leg Sweep","Poisoned Stab+1","Flying Knee+1","Acrobatics"],"picked":"SKIP","floor":47},{"not_picked":["Cloak And Dagger","Sucker Punch+1","Poisoned Stab+1"],"picked":"Prepared+1","floor":48}],"player_experience":611507,"relics_obtained":[{"floor":6.0,"key":"Boot"},{"floor":6.0,"key":"Dead Branch"},{"floor":8.0,"key":"Darkstone Periapt"},{"floor":8.0,"key":"Potion Belt"},{"floor":9.0,"key":"Molten Egg 2"},{"floor":24,"key":"Omamori"},{"floor":24,"key":"War Paint"},{"floor":26,"key":"Sundial"},{"floor":37,"key":"TungstenRod"},{"floor":41,"key":"MealTicket"},{"floor":41,"key":"Frozen Egg 2"},{"floor":43,"key":"CaptainsWheel"},{"floor":44,"key":"Girya"},{"floor":44,"key":"Question Card"}],"event_choices":[{"damage_healed":0.0,"max_hp_gain":0.0,"max_hp_loss":0.0,"gold_gain":0.0,"event_name":"betterThird:BetterGoop","player_choice":"Slimed","floor":2.0,"gold_loss":31.0,"damage_taken":11.0},{"damage_healed":0.0,"max_hp_gain":0.0,"max_hp_loss":0.0,"gold_gain":1.0,"event_name":"betterStone:BetterStone","player_choice":"1","floor":4.0,"gold_loss":0.0,"damage_taken":0.0},{"damage_healed":0,"gold_gain":0,"player_choice":"Madness","damage_taken":0,"relics_obtained":["betterThird:NestCultRelic"],"max_hp_gain":0,"max_hp_loss":0,"event_name":"betterThird:BetterNest","floor":22,"gold_loss":0},{"damage_healed":0,"gold_gain":0,"player_choice":" Idol ","damage_taken":35,"relics_obtained":["Bloody Idol"],"max_hp_gain":55,"max_hp_loss":20,"event_name":"betterAltar:BetterAltar","floor":28,"potions_obtained":[],"relics_lost":[],"gold_loss":0},{"damage_healed":0,"gold_gain":0,"player_choice":"Paid Fearfully","damage_taken":0,"max_hp_gain":0,"max_hp_loss":0,"event_name":"Masked Bandits","floor":29,"gold_loss":89},{"damage_healed":0,"gold_gain":0,"player_choice":"Upgraded","damage_taken":0,"max_hp_gain":0,"max_hp_loss":0,"event_name":"Upgrade Shrine","floor":30,"gold_loss":0,"cards_upgraded":["Footwork"]},{"damage_healed":0,"gold_gain":0,"player_choice":"Fight","damage_taken":0,"max_hp_gain":0,"max_hp_loss":0,"event_name":"MindBloom","floor":37,"gold_loss":0},{"cards_removed":["Quick Slash"],"damage_healed":0,"gold_gain":0,"player_choice":"Removed Attack","damage_taken":0,"max_hp_gain":0,"max_hp_loss":0,"event_name":"Falling","floor":38,"gold_loss":0},{"damage_healed":0,"gold_gain":0,"player_choice":"Ignored","damage_taken":0,"max_hp_gain":0,"max_hp_loss":0,"event_name":"Tomb of Lord Red Mask","floor":39,"gold_loss":0},{"damage_healed":0,"gold_gain":0,"player_choice":"Gave Potion","damage_taken":0,"relics_obtained":["Oddly Smooth Stone"],"max_hp_gain":0,"max_hp_loss":0,"event_name":"WeMeetAgain","floor":42,"gold_loss":0}],"is_beta":false,"boss_relics":[{"not_picked":["Pandora\u0027s Box","SlaversCollar"],"picked":"WristBlade"},{"not_picked":["Philosopher\u0027s Stone","Empty Cage"],"picked":"Cursed Key"}],"items_purged_floors":[45],"is_endless":false,"potions_floor_spawned":[1,13,14,16,20,21,33,35,36,41,48],"ascension_level":8}}