{"host":"uflv0e3ja7hvnij7","time":1610512425,"event":{"mods":["BaseMod","Better Altar","Better Match","Better Note","Better Sensory Stone","Better Skull","Better Third Choice","Infinite Spire","Marisa????????","Minty Spire (QoL Compilation)","Permanent Neow","Replay The Spire","StSLib"],"gold_per_floor":[113,113,131,131,148,148,158,189,189,189,189,215,140,158,158,255,255,267,282,302,302,302,328,328,328,328,243,97,97,115,15,15,115,115,127,127,127,137,137,171,182,193,217,237,80,180,215,228,228,327,327,334,343,368,370,370,370,394,394,394,399,407,407,507,508,508,601,601,612,687,562,565,565],"floor_reached":72,"language":"ENG","playtime":3749,"items_purged":["Strike_MRS","Strike_MRS","Defend_MRS","UpSweep+1","AsteroidBelt+1","MasterSpark+1"],"score":1401,"play_id":"9eb0a918-0952-45af-b0a8-27d837562248","local_time":"20210112233345","is_ascension_mode":true,"campfire_choices":[{"data":"GalacticHalo","floor":6.0,"key":"SMITH"},{"data":"MasterSpark","floor":11.0,"key":"SMITH"},{"floor":15.0,"key":"DIG"},{"data":"GalacticHalo","floor":24.0,"key":"SMITH"},{"data":"GalacticHalo","floor":29.0,"key":"SMITH"},{"data":"EnergyRecoil","floor":29.0,"key":"SMITH"},{"floor":32.0,"key":"DIG"},{"data":"Defend_MRS+1","floor":49,"key":"PURGE"},{"floor":57,"key":"DIG"},{"data":"AbsoluteMagnitude","floor":59,"key":"SMITH"},{"data":"ChargingUp","floor":59,"key":"SMITH"},{"floor":63,"key":"DIG"},{"floor":66,"key":"DIG"}],"circlet_count":0,"master_deck":["GalacticHalo+1","SporeBomb","Blind","MillisecondPulsars","GalacticHalo+1","infinitespire:Collect","EnergyRecoil+1","GalacticHalo+1","infinitespire:Collect","ChargingUp+1","AbsoluteMagnitude+1","infinitespire:TheBestDefense","AbsoluteMagnitude"],"relics":["MiniHakkero","Tiny Chest","Onion Ring","Whetstone","infinitespire:CursedDice","Replay:Grab Bag","Philosopher\u0027s Stone","SlaversCollar","TungstenRod","Pondfish Scales","Replay:Bottled Steam","Replay:Arrowhead","Regal Pillow","Orrery","Darkstone Periapt","Empty Cage","DollysMirror","Sozu","Quantum Egg","Counterbalance","Ancient Tea Set","Shovel","infinitespire:Satchel","Centennial Puzzle","Ginger","Strawberry","Iron Hammer","StrikeDummy","Matryoshka","Replay:Mystery Machine","Replay:Wanted Poster","Pet Ghost"],"acts_visited":["Exordium","TheCity","TheBeyond","Exordium","TheCity"],"potions_floor_usage":[],"damage_taken":[{"damage":0.0,"enemies":"Small Slimes","floor":1.0,"turns":3.0},{"damage":0.0,"enemies":"Jaw Worm","floor":3.0,"turns":2.0},{"damage":0.0,"enemies":"Cultist","floor":5.0,"turns":2.0},{"damage":1.0,"enemies":"Exordium Thugs","floor":7.0,"turns":4.0},{"damage":14.0,"enemies":"Gremlin Nob","floor":8.0,"turns":4.0},{"damage":0.0,"enemies":"Large Slime","floor":14.0,"turns":4.0},{"damage":12.0,"enemies":"Hexaghost","floor":16.0,"turns":8.0},{"damage":11.0,"enemies":"2 Thieves","floor":18.0,"turns":3.0},{"damage":1.0,"enemies":"Shell Parasite","floor":19.0,"turns":4.0},{"damage":8.0,"enemies":"Snake Plant","floor":20.0,"turns":3.0},{"damage":4.0,"enemies":"Gremlin Leader","floor":23.0,"turns":5.0},{"damage":0.0,"enemies":"Cultist and Chosen","floor":30.0,"turns":5.0},{"damage":14.0,"enemies":"Champ","floor":33.0,"turns":6.0},{"damage":3.0,"enemies":"3 Darklings","floor":35.0,"turns":6.0},{"damage":0.0,"enemies":"Orb Walker","floor":38.0,"turns":2.0},{"damage":0.0,"enemies":"Nightmare","floor":40.0,"turns":3.0},{"damage":0.0,"enemies":"Maw","floor":41.0,"turns":4.0},{"damage":0.0,"enemies":"Transient","floor":42.0,"turns":5.0},{"damage":0.0,"enemies":"Sphere and 2 Shapes","floor":44.0,"turns":3.0},{"damage":8.0,"enemies":"infinitespire:Three Voidlings","floor":46.0,"turns":4.0},{"damage":0.0,"enemies":"Nightmare_Alpha","floor":46.0,"turns":4.0},{"damage":0,"enemies":"Giant Head","floor":47,"turns":3},{"damage":0,"enemies":"Spire Growth","floor":48,"turns":2},{"damage":0,"enemies":"Awakened One","floor":50,"turns":4},{"damage":0,"enemies":"Jaw Worm","floor":52,"turns":2},{"damage":0,"enemies":"2 Louse","floor":53,"turns":1},{"damage":0,"enemies":"infinitespire:Voidling","floor":55,"turns":2},{"damage":0,"enemies":"Lagavulin","floor":58,"turns":3},{"damage":0,"enemies":"3 Sentries","floor":61,"turns":3},{"damage":0,"enemies":"2 Fungi Beasts","floor":62,"turns":2},{"damage":0,"enemies":"Exordium Thugs","floor":65,"turns":1},{"damage":0,"enemies":"Hexaghost","floor":67,"turns":1},{"damage":0,"enemies":"Shell Parasite","floor":69,"turns":1},{"damage":0,"enemies":"Chosen","floor":72,"turns":1}],"seed_played":"-1897033349599784138","potions_obtained":[{"floor":8.0,"key":"Swift Potion"},{"floor":14.0,"key":"LiquidMemories"},{"floor":18.0,"key":"Energy Potion"},{"floor":19.0,"key":"Languid Potion"},{"floor":23.0,"key":"Strength Potion"},{"floor":33.0,"key":"Venom Potion"}],"is_trial":false,"path_per_floor":["M","?","M","?","M","R","M","E","T","?","R","T","$","M","R","B",null,"M","M","M","?","AVR","E","R","T","T","?","$","R","M","$","R","B",null,"M","AVR","?","M","T","NM","M","M","T","M","$","?","E","M","R","B",null,"M","M","T","M","?","R","E","R","T","E","M","R","AVR","M","R","B",null,"M","?","$","M"],"character_chosen":"MARISA","items_purchased":["Orrery","AbsoluteMagnitude"],"campfire_rested":0,"item_purchase_floors":[28,45],"current_hp_per_floor":[75,60,60,60,60,60,59,45,45,45,45,45,45,45,45,33,75,64,63,55,55,55,51,51,51,51,51,51,51,51,51,51,37,75,72,72,72,72,72,72,72,72,72,72,72,75,75,75,75,75,75,75,75,75,75,75,75,82,82,82,82,82,82,82,82,82,82,82,82,75,75,75,75],"gold":565,"neow_bonus":"THREE_CARDS","is_daily":false,"chose_seed":false,"campfire_upgraded":7,"win_rate":0.0,"timestamp":1610512425,"path_taken":["M","?","M","?","M","R","M","E","T","?","R","?","$","M","R","BOSS","M","M","M","?","AVR","E","R","?","T","?","$","R","M","?","R","BOSS","M","AVR","?","M","?","NM","M","M","T","M","?","?","E","M","R","BOSS","M","M","?","M","?","R","E","R","T","E","M","R","AVR","?","R","BOSS","M","?","$","M"],"items_purchased_type":["Relic","Card"],"build_version":"2020-12-22","purchased_purges":6,"victory":false,"max_hp_per_floor":[75,75,75,75,75,75,75,75,75,75,75,75,75,75,75,75,75,75,75,75,75,75,75,75,75,75,75,75,75,75,75,75,75,75,75,75,75,75,75,75,75,75,75,75,75,75,75,75,75,75,75,75,75,75,75,75,75,82,82,82,82,82,82,82,82,82,82,82,82,82,82,82,82],"card_choices":[{"not_picked":["OortCloud","6A"],"picked":"GalacticHalo","floor":0.0},{"not_picked":["UnstableBomb","LuminesStrike"],"picked":"SporeBomb","floor":1.0},{"not_picked":["Singularity","DarkMatter","WitchOfGreed"],"picked":"SKIP","floor":3.0},{"not_picked":["OpenUniverse","SporeBomb","FairyDestructionRay"],"picked":"SKIP","floor":5.0},{"not_picked":["WitchLeyline","DoubleSpark","ShootTheMoon"],"picked":"SKIP","floor":7.0},{"not_picked":["DragonMeteor","PulseMagic","ShootingEcho"],"picked":"SKIP","floor":8.0},{"not_picked":["Jack Of All Trades","Replay:Sssssssssstrike"],"picked":"Blind","floor":10.0},{"not_picked":["6A","WitchLeyline","WitchOfGreed"],"picked":"SKIP","floor":14.0},{"not_picked":["BlazingStar","SuperNova"],"picked":"MillisecondPulsars","floor":16.0},{"not_picked":["WitchOfGreed","PowerUp","ShootTheMoon"],"picked":"SKIP","floor":18.0},{"not_picked":["LuminesStrike","OneTimeOff","IllusionStar"],"picked":"SKIP","floor":19.0},{"not_picked":["WitchOfGreed","ManaConvection"],"picked":"GalacticHalo","floor":20.0},{"not_picked":["MachineGunSpark","MilkyWay+1","SuperPerseids"],"picked":"SKIP","floor":23.0},{"not_picked":["MilkyWay","GravityBeat"],"picked":"EnergyRecoil","floor":28.0},{"not_picked":["ShootingEcho+1","OpenUniverse"],"picked":"GalacticHalo","floor":28.0},{"not_picked":["AsteroidBelt","GrandCross","MilkyWay"],"picked":"SKIP","floor":30.0},{"not_picked":["GrandCross+1","WitchLeyline"],"picked":"AsteroidBelt+1","floor":35.0},{"not_picked":["Occultation+1","WitchOfGreed","6A"],"picked":"SKIP","floor":38.0},{"not_picked":["GalacticHalo+1","GravityBeat","SporeBomb+1"],"picked":"SKIP","floor":40.0},{"not_picked":["DarkSpark","EarthLightRay+1","OortCloud+1"],"picked":"SKIP","floor":41.0},{"not_picked":["FairyDestructionRay+1","GalacticHalo+1","OneTimeOff"],"picked":"SKIP","floor":42.0},{"not_picked":["EarthLightRay","StarBarrage+1"],"picked":"ChargingUp","floor":44.0},{"not_picked":["infinitespire:Menacing","infinitespire:Punishment"],"picked":"infinitespire:TheBestDefense","floor":46},{"not_picked":["OpenUniverse","GrandCross+1","OrrerysSun"],"picked":"SKIP","floor":47},{"not_picked":["ChargeUpSpray+1","DC+1","6A+1"],"picked":"SKIP","floor":48},{"not_picked":["DC","MachineGunSpark","NonDirectionalLaser"],"picked":"SKIP","floor":52},{"not_picked":["DragonMeteor","DC","SporeBomb"],"picked":"SKIP","floor":53},{"not_picked":["Orbital","PropBag","ShootingEcho"],"picked":"SKIP","floor":55},{"not_picked":["DC","ManaConvection","JA"],"picked":"SKIP","floor":58},{"not_picked":["MysteriousBeam","Acceleration","MilkyWay"],"picked":"SKIP","floor":61},{"not_picked":["BlazeAway","6A","WitchOfGreed"],"picked":"SKIP","floor":62},{"not_picked":["NonDirectionalLaser","Acceleration","DragonMeteor"],"picked":"SKIP","floor":65},{"not_picked":["FinalSpark","CasketOfStar"],"picked":"AbsoluteMagnitude","floor":67},{"not_picked":["FairyDestructionRay","DragonMeteor","DarkMatter"],"picked":"SKIP","floor":69}],"player_experience":572596,"relics_obtained":[{"floor":8.0,"key":"Tiny Chest"},{"floor":9.0,"key":"Onion Ring"},{"floor":12.0,"key":"Whetstone"},{"floor":15.0,"key":"infinitespire:CursedDice"},{"floor":23.0,"key":"Pondfish Scales"},{"floor":25.0,"key":"Replay:Bottled Steam"},{"floor":26.0,"key":"Replay:Arrowhead"},{"floor":32.0,"key":"Darkstone Periapt"},{"floor":39.0,"key":"Quantum Egg"},{"floor":40.0,"key":"Counterbalance"},{"floor":43.0,"key":"Ancient Tea Set"},{"floor":46,"key":"Shovel"},{"floor":47,"key":"infinitespire:Satchel"},{"floor":54,"key":"Centennial Puzzle"},{"floor":57,"key":"Ginger"},{"floor":58,"key":"Strawberry"},{"floor":60,"key":"Iron Hammer"},{"floor":61,"key":"StrikeDummy"},{"floor":63,"key":"Matryoshka"},{"floor":66,"key":"Pet Ghost"}],"event_choices":[{"damage_healed":75.0,"max_hp_gain":0.0,"max_hp_loss":75.0,"gold_gain":0.0,"event_name":"betterThird:BetterShining","player_choice":"Upgrade","floor":2.0,"gold_loss":0.0,"damage_taken":15.0,"cards_upgraded":["Defend_MRS","UpSweep"]},{"damage_healed":0.0,"max_hp_gain":0.0,"max_hp_loss":0.0,"gold_gain":1.0,"event_name":"betterStone:BetterStone","player_choice":"1","floor":10.0,"gold_loss":0.0,"damage_taken":0.0},{"damage_healed":0.0,"max_hp_gain":0.0,"max_hp_loss":0.0,"gold_gain":0.0,"event_name":"betterNote:BetterNote","player_choice":"Ignored","floor":21.0,"gold_loss":0.0,"damage_taken":0.0,"cards_obtained":["ReplayTheSpireMod:Strike From Hell"]},{"damage_healed":0.0,"max_hp_gain":0.0,"max_hp_loss":0.0,"gold_gain":0.0,"event_name":"Addict","player_choice":"Obtained Relic","floor":27.0,"gold_loss":85.0,"damage_taken":0.0,"relics_obtained":["Regal Pillow"]},{"cards_removed":["Strike_MRS"],"damage_healed":0,"gold_gain":0,"player_choice":"Forget","damage_taken":0,"max_hp_gain":0,"max_hp_loss":0,"event_name":"Living Wall","floor":56,"gold_loss":0},{"damage_healed":0,"gold_gain":75,"player_choice":"Touch","damage_taken":8,"max_hp_gain":0,"max_hp_loss":0,"event_name":"FaceTrader","floor":70,"gold_loss":0}],"is_beta":false,"boss_relics":[{"not_picked":["Ectoplasm","RampagingMagicTools"],"picked":"Replay:Grab Bag"},{"not_picked":["Coffee Dripper","Busted Crown"],"picked":"Philosopher\u0027s Stone"},{"not_picked":["SacredBark","ExperimentalFamiliar"],"picked":"SlaversCollar"},{"not_picked":["Velvet Choker","Pandora\u0027s Box"],"picked":"Empty Cage"},{"not_picked":["Runic Pyramid","Ring of Chaos","Abe\u0027s Treasure"]},{"not_picked":["Painkiller Herb","Abe\u0027s Treasure","ReplayTheSpireMod:SealedPack"]}],"items_purged_floors":[13,22,31,36,64,71],"is_endless":true,"potions_floor_spawned":[8,14,18,19,23,33,38,42,47,50,53,61,62],"killed_by":"Chosen","ascension_level":1}}