{"host":"dftyqn972q7tuon4","time":1610554284,"event":{"mods":["AchievementEnabler","BaseMod","Better Altar","Better Match","Better Note","Better Sensory Stone","Better Skull","Better Third Choice","Colored Powertips","Highlight Path","Minty Spire (QoL Compilation)","Permanent Neow","Quick Restart","StSLib"],"gold_per_floor":[114,114,114,114,2,2,17,32,32,47,47,47,62,77,77,177,177,192,192,207,7,7,37,37,67,67,67,82,97,127,142,142,260,260,275,284,299,314,1331,759,774,789,848,152,186,201,201,228,228,237],"floor_reached":51,"language":"ENG","playtime":2573,"items_purged":["Strike_P","Strike_P","Strike_P","Defend_P"],"score":999,"play_id":"a923fe2b-4420-415d-b281-adecfc4adeb5","local_time":"20210113171124","daily_mods":["Cursed Run","Vintage","Lethality"],"is_ascension_mode":false,"campfire_choices":[{"data":"BattleHymn","floor":6.0,"key":"SMITH"},{"data":"Eruption","floor":11.0,"key":"SMITH"},{"data":"Wallop","floor":15.0,"key":"SMITH"},{"data":"Vigilance","floor":24.0,"key":"SMITH"},{"data":"Study","floor":27.0,"key":"SMITH"},{"floor":32.0,"key":"REST"},{"data":"BattleHymn","floor":49,"key":"SMITH"}],"circlet_count":0,"master_deck":["Defend_P","Defend_P","Defend_P+1","Eruption+1","Vigilance+1","Limit Break+1","Bandage Up+1","Wallop+1","BattleHymn+1","Doubt","Apotheosis+1","Decay","Blasphemy+1","Study+1","Doubt","Normality","MasterReality","Writhe","Normality","Normality","BattleHymn+1","Shame","Wireheading","Prostrate+1","InnerPeace+1","Shame","ThirdEye+1","Regret"],"relics":["Cursed Key","Darkstone Periapt","Du-Vu Doll","Pen Nib","Happy Flower","PreservedInsect","Potion Belt","Meat on the Bone","White Beast Statue","Orichalcum","Bottled Flame","SacredBark","Smiling Mask","Nilry\u0027s Codex","War Paint","Oddly Smooth Stone","Blue Candle","Pantograph","Gremlin Horn","Blood Vial","CeramicFish","Centennial Puzzle","Bronze Scales","Black Star","Juzu Bracelet","Dream Catcher","Bag of Marbles","FossilizedHelix","Strawberry","InkBottle","Toxic Egg 2","Akabeko","TeardropLocket","Question Card","Vajra","Ginger"],"acts_visited":["Exordium","TheCity","TheBeyond"],"potions_floor_usage":[33,33,37,38,41,42,48,50,50,50,50,50],"damage_taken":[{"damage":0.0,"enemies":"Cultist","floor":1.0,"turns":2.0},{"damage":4.0,"enemies":"Jaw Worm","floor":7.0,"turns":2.0},{"damage":0.0,"enemies":"2 Louse","floor":8.0,"turns":2.0},{"damage":0.0,"enemies":"Exordium Thugs","floor":10.0,"turns":3.0},{"damage":0.0,"enemies":"Exordium Wildlife","floor":13.0,"turns":3.0},{"damage":0.0,"enemies":"Looter","floor":14.0,"turns":3.0},{"damage":0.0,"enemies":"Slime Boss","floor":16.0,"turns":4.0},{"damage":0.0,"enemies":"Shell Parasite","floor":18.0,"turns":2.0},{"damage":0.0,"enemies":"Spheric Guardian","floor":20.0,"turns":2.0},{"damage":6.0,"enemies":"Slavers","floor":23.0,"turns":3.0},{"damage":5.0,"enemies":"Gremlin Leader","floor":25.0,"turns":4.0},{"damage":23.0,"enemies":"Snecko","floor":28.0,"turns":4.0},{"damage":8.0,"enemies":"Snake Plant","floor":29.0,"turns":2.0},{"damage":3.0,"enemies":"Book of Stabbing","floor":30.0,"turns":3.0},{"damage":2.0,"enemies":"Centurion and Healer","floor":31.0,"turns":4.0},{"damage":12,"enemies":"Collector","floor":33,"turns":3},{"damage":27,"enemies":"Orb Walker","floor":35,"turns":4},{"damage":3,"enemies":"3 Darklings","floor":37,"turns":2},{"damage":46,"enemies":"Writhing Mass","floor":38,"turns":5},{"damage":0,"enemies":"Jaw Worm Horde","floor":41,"turns":3},{"damage":5,"enemies":"Maw","floor":42,"turns":5},{"damage":0,"enemies":"3 Darklings","floor":46,"turns":3},{"damage":1,"enemies":"2 Orb Walkers","floor":48,"turns":3},{"damage":29,"enemies":"Donu and Deca","floor":50,"turns":5}],"seed_played":"-4624312993155624390","potions_obtained":[{"floor":7.0,"key":"LiquidBronze"},{"floor":10.0,"key":"ColorlessPotion"},{"floor":13.0,"key":"SteroidPotion"},{"floor":14.0,"key":"EssenceOfSteel"},{"floor":16.0,"key":"AttackPotion"},{"floor":18.0,"key":"BlessingOfTheForge"},{"floor":20.0,"key":"SpeedPotion"},{"floor":23.0,"key":"Block Potion"},{"floor":25.0,"key":"StancePotion"},{"floor":28.0,"key":"PowerPotion"},{"floor":29.0,"key":"Strength Potion"},{"floor":30.0,"key":"Dexterity Potion"},{"floor":31.0,"key":"Dexterity Potion"},{"floor":33,"key":"AttackPotion"},{"floor":35,"key":"Explosive Potion"},{"floor":37,"key":"BottledMiracle"},{"floor":38,"key":"Explosive Potion"},{"floor":41,"key":"SkillPotion"},{"floor":42,"key":"GamblersBrew"},{"floor":46,"key":"EssenceOfSteel"},{"floor":48,"key":"CultistPotion"}],"is_trial":false,"path_per_floor":["M","?","?","?","$","R","M","M","T","M","R","?","M","M","R","B",null,"M","?","M","$","?","E","R","E","T","R","M","M","E","M","R","B",null,"M","?","M","M","?","$","M","M","T","$","T","M","?","?","R","B",null],"character_chosen":"WATCHER","items_purchased":["BattleHymn","Oddly Smooth Stone","FossilizedHelix","Strawberry","BattleHymn","TeardropLocket","Wireheading","Prostrate+1","InnerPeace+1","Question Card"],"campfire_rested":1,"item_purchase_floors":[5,21,40,40,40,44,44,44,44,44],"current_hp_per_floor":[72,56,56,56,56,56,56,56,62,66,66,66,72,78,78,84,84,84,68,68,68,68,68,68,69,75,75,58,52,57,63,90,90,96,70,100,102,62,74,81,89,92,98,98,104,112,112,119,119,110],"gold":237,"neow_bonus":"","is_daily":true,"chose_seed":false,"campfire_upgraded":6,"win_rate":0.0,"timestamp":1610554284,"path_taken":["M","?","?","?","$","R","M","M","T","?","R","?","M","M","R","BOSS","M","?","M","$","?","E","R","E","T","R","M","M","E","?","R","BOSS","M","?","M","M","?","$","M","M","T","$","?","M","?","?","R","BOSS"],"items_purchased_type":["Card","Relic","Relic","Relic","Card","Relic","Card","Card","Card","Relic"],"build_version":"2020-12-22","purchased_purges":4,"victory":true,"max_hp_per_floor":[72,72,72,72,72,72,72,72,78,78,78,78,78,78,78,84,84,84,84,84,84,84,84,84,84,90,90,90,90,90,90,90,96,96,96,102,102,102,114,121,121,121,127,127,133,133,133,133,133,139],"card_choices":[{"not_picked":["Metamorphosis","Good Instincts"],"picked":"Bandage Up","floor":3.0},{"not_picked":["Judgement","LessonLearned"],"picked":"Blasphemy","floor":16.0},{"not_picked":["Protect","JustLucky","EmptyFist+1"],"picked":"SKIP","floor":23.0},{"not_picked":["Wish","CutThroughFate"],"picked":"Study","floor":25.0},{"not_picked":["Collect","EmptyFist","Sanctity"],"picked":"SKIP","floor":30.0},{"not_picked":["Judgement","Vault"],"picked":"MasterReality","floor":33},{"not_picked":["EmptyFist","FlurryOfBlows","ForeignInfluence+1"],"picked":"ThirdEye+1","floor":48}],"player_experience":619430,"relics_obtained":[{"floor":1.0,"key":"Pen Nib"},{"floor":7.0,"key":"PreservedInsect"},{"floor":8.0,"key":"Potion Belt"},{"floor":9.0,"key":"Meat on the Bone"},{"floor":10.0,"key":"White Beast Statue"},{"floor":13.0,"key":"Orichalcum"},{"floor":14.0,"key":"Bottled Flame"},{"floor":18.0,"key":"Smiling Mask"},{"floor":19.0,"key":"Nilry\u0027s Codex"},{"floor":20.0,"key":"War Paint"},{"floor":23.0,"key":"Blue Candle"},{"floor":25.0,"key":"Pantograph"},{"floor":26.0,"key":"Gremlin Horn"},{"floor":28.0,"key":"Blood Vial"},{"floor":29.0,"key":"CeramicFish"},{"floor":30.0,"key":"Centennial Puzzle"},{"floor":31.0,"key":"Bronze Scales"},{"floor":35,"key":"Juzu Bracelet"},{"floor":37,"key":"Dream Catcher"},{"floor":38,"key":"Bag of Marbles"},{"floor":41,"key":"InkBottle"},{"floor":42,"key":"Toxic Egg 2"},{"floor":43,"key":"Akabeko"},{"floor":45,"key":"Vajra"},{"floor":46,"key":"Ginger"}],"event_choices":[{"damage_healed":0.0,"max_hp_gain":0.0,"max_hp_loss":0.0,"gold_gain":1.0,"event_name":"betterStone:BetterStone","player_choice":"1","floor":3.0,"gold_loss":0.0,"damage_taken":0.0},{"damage_healed":0.0,"max_hp_gain":0.0,"max_hp_loss":0.0,"gold_gain":0.0,"cards_transformed":["Strike_P"],"event_name":"Transmorgrifier","player_choice":"Transformed","floor":4.0,"gold_loss":0.0,"damage_taken":0.0,"cards_obtained":["Wallop"]},{"damage_healed":66.0,"max_hp_gain":0.0,"max_hp_loss":78.0,"gold_gain":0.0,"event_name":"betterThird:BetterShining","player_choice":"Embrace","floor":12.0,"gold_loss":0.0,"damage_taken":0.0},{"damage_healed":0.0,"max_hp_gain":0.0,"max_hp_loss":0.0,"gold_gain":0.0,"event_name":"Cursed Tome","player_choice":"Obtained Book","floor":19.0,"gold_loss":0.0,"damage_taken":16.0},{"damage_healed":0.0,"max_hp_gain":0.0,"max_hp_loss":0.0,"gold_gain":0.0,"event_name":"Upgrade Shrine","player_choice":"Upgraded","floor":22.0,"gold_loss":0.0,"damage_taken":0.0,"cards_upgraded":["Bandage Up"]},{"damage_healed":24,"gold_gain":0,"player_choice":"Writhe","damage_taken":0,"max_hp_gain":0,"max_hp_loss":0,"event_name":"Winding Halls","floor":36,"gold_loss":0,"cards_obtained":["Writhe"]},{"damage_healed":0,"gold_gain":999,"player_choice":"Gold","damage_taken":0,"max_hp_gain":0,"max_hp_loss":0,"event_name":"MindBloom","floor":39,"gold_loss":0,"cards_obtained":["Normality","Normality"]},{"damage_healed":0,"gold_gain":0,"player_choice":"Ignored","damage_taken":0,"max_hp_gain":0,"max_hp_loss":0,"event_name":"Tomb of Lord Red Mask","floor":47,"gold_loss":0},{"damage_healed":0,"gold_gain":0,"player_choice":"Fight","damage_taken":0,"max_hp_gain":0,"max_hp_loss":0,"event_name":"Mysterious Sphere","floor":48,"gold_loss":0}],"is_beta":false,"boss_relics":[{"not_picked":["Ectoplasm","Empty Cage"],"picked":"SacredBark"},{"not_picked":["Tiny House","Velvet Choker"],"picked":"Black Star"}],"items_purged_floors":[5,21,40,44],"is_endless":false,"potions_floor_spawned":[7,10,13,14,16,18,20,23,25,28,29,30,31,33,35,37,38,41,42,46,48],"ascension_level":0}}