{"host":"4g8vayc9pwrwu92h","time":1610516417,"event":{"mods":["Act Like it!","BaseMod","Downfall","Friendly Minions","Minty Spire (QoL Compilation)","Pale of the Ancients","StSLib","The Jungle"],"gold_per_floor":[9999,9999,9999,9999,9999,9999,10022,9872,9890,9890,9923,9923,9936,9946,9965,10061,10061,10061,10071,10084,9707,9717,9717,9717,9717],"floor_reached":23,"language":"ZHS","playtime":1949,"items_purged":["Normality"],"score":239,"play_id":"7141cc15-9736-44f6-9ab9-4f9679cb20d4","local_time":"20210113134017","is_ascension_mode":false,"campfire_choices":[{"floor":1,"key":"RECALL"},{"data":"hexamod:Float","floor":8,"key":"SMITH"},{"data":"hexamod:Sear","floor":10,"key":"SMITH"},{"data":"hexamod:TimeOfNeed","floor":18,"key":"SMITH"}],"circlet_count":0,"master_deck":["hexamod:Strike","hexamod:Strike","hexamod:Strike","hexamod:Strike","hexamod:Defend","hexamod:Defend","hexamod:Defend","hexamod:Defend","hexamod:Sear+1","hexamod:Float+1","hexamod:GhostOfSpirePresent","hexamod:InspiringFlames","hexamod:FirstSeal","hexamod:SpectralAdrenaline","hexamod:DynamicBlow","hexamod:SpectersWail","hexamod:HexaLevel","hexamod:NightmareStrike","hexamod:PhantomFireball","hexamod:TimeOfNeed+1","CurseOfTheBell","hexamod:FastForward","hexamod:NightmareGuise+1","hexamod:SoulSteal+1"],"relics":["hexamod:SpiritBrand","Ginger","downfall:HeartsMalice","downfall:HeartBlessingRed","downfall:HeartBlessingBlue","Lantern","Calling Bell","MealTicket","Frozen Egg 2","Dead Branch","ClockworkSouvenir","Regal Pillow"],"acts_visited":["TheCity"],"potions_floor_usage":[16,16,16,22],"damage_taken":[{"damage":0,"enemies":"Jaw Worm","floor":2,"turns":1},{"damage":0,"enemies":"Small Slimes","floor":4,"turns":1},{"damage":0,"enemies":"Cultist","floor":5,"turns":1},{"damage":7,"enemies":"Red Slaver","floor":9,"turns":4},{"damage":21,"enemies":"Lagavulin","floor":11,"turns":8},{"damage":23,"enemies":"Gremlin Gang","floor":13,"turns":3},{"damage":21,"enemies":"Large Slime","floor":14,"turns":3},{"damage":9,"enemies":"Exordium Wildlife","floor":15,"turns":3},{"damage":51,"enemies":"downfall:Silent","floor":16,"turns":10},{"damage":17,"enemies":"Shell Parasite","floor":19,"turns":6},{"damage":46,"enemies":"Spheric Guardian","floor":20,"turns":6},{"damage":4,"enemies":"downfall:FleeingMerchant","floor":21,"turns":4},{"damage":15,"enemies":"Snake Plant","floor":22,"turns":3},{"damage":70,"enemies":"Slavers","floor":23,"turns":3}],"seed_played":"5180109915722835968","potions_obtained":[{"floor":13,"key":"Fire Potion"},{"floor":14,"key":"Block Potion"},{"floor":15,"key":"PowerPotion"},{"floor":20,"key":"champ:CounterPotion"}],"is_trial":false,"path_per_floor":["R","M","?","M","M","?","T","R","M","R","E","?","M","M","M","B",null,"R","M","M","$","M","E"],"character_chosen":"THE_SPIRIT","items_purchased":["ClockworkSouvenir","Regal Pillow"],"campfire_rested":0,"item_purchase_floors":[21,21],"current_hp_per_floor":[100,100,100,100,100,100,100,110,110,110,96,96,80,59,57,6,110,110,100,61,79,64,0,0,0],"gold":9717,"neow_bonus":"THREE_ENEMY_KILL","is_daily":false,"chose_seed":false,"campfire_upgraded":3,"win_rate":0.0,"timestamp":1610516417,"path_taken":["R","?","?","?","M","?","T","R","M","R","E","?","?","M","M","BOSS","R","M","M","$","?","E"],"items_purchased_type":["Relic","Relic"],"build_version":"2020-12-22","purchased_purges":1,"victory":false,"max_hp_per_floor":[100,100,100,100,100,100,100,110,110,110,110,110,110,110,110,110,110,110,110,110,110,110,110,110,110],"card_choices":[{"not_picked":["hexamod:BurningTouch","hexamod:BacktrackSmack"],"picked":"hexamod:GhostOfSpirePresent","floor":2},{"not_picked":["hexamod:ThirdSeal","hexamod:Hexaguard"],"picked":"hexamod:InspiringFlames","floor":4},{"not_picked":["hexamod:SecondSeal","hexamod:ShieldOfDarkness"],"picked":"hexamod:FirstSeal","floor":5},{"not_picked":["hexamod:RainOfEmbers","hexamod:HauntingEcho"],"picked":"hexamod:SpectralAdrenaline","floor":9},{"not_picked":["hexamod:ThirdSeal","hexamod:ThermalTransfer"],"picked":"hexamod:DynamicBlow","floor":11},{"not_picked":["hexamod:Haunt","hexamod:InspiringFlames"],"picked":"hexamod:NightmareStrike","floor":13},{"not_picked":["hexamod:ThermalTransfer","hexamod:NightmareStrike","hexamod:Haunt"],"picked":"SKIP","floor":14},{"not_picked":["hexamod:PhantomCloak","hexamod:NightmareGuise"],"picked":"hexamod:PhantomFireball","floor":15},{"not_picked":["hexamod:HexaLevel","hexamod:FifthSeal"],"picked":"hexamod:TimeOfNeed","floor":16},{"not_picked":["hexamod:BurningTouch+1","hexamod:SpectersWail"],"picked":"hexamod:FastForward","floor":19},{"not_picked":["hexamod:Again","hexamod:Incineration","hexamod:SpectersWail+1"],"picked":"SKIP","floor":20},{"not_picked":["hexamod:Firestarter","hexamod:BacktrackSmack"],"picked":"hexamod:NightmareGuise+1","floor":21},{"not_picked":["hexamod:ChargedBarrage","hexamod:Incineration"],"picked":"hexamod:SoulSteal+1","floor":22}],"player_experience":404001,"relics_obtained":[{"floor":11,"key":"Lantern"},{"floor":17,"key":"MealTicket"},{"floor":17,"key":"Frozen Egg 2"},{"floor":17,"key":"Dead Branch"}],"event_choices":[{"damage_healed":0,"gold_gain":0,"player_choice":"Ignored","damage_taken":0,"max_hp_gain":0,"max_hp_loss":0,"event_name":"NoteForYourself","floor":3,"gold_loss":0}],"is_beta":false,"boss_relics":[{"not_picked":["downfall:Hecktoplasm","Tiny House"],"picked":"Calling Bell"}],"items_purged_floors":[21],"is_endless":false,"potions_floor_spawned":[13,14,15,20],"killed_by":"Slavers","ascension_level":0}}