{"host":"ue3qa4y58fiwdsvn","time":1610534679,"event":{"mods":["BaseMod","BetterRewards","Colored Map","Colored Powertips","Downfall","Friendly Minions","Hubris","Infinite Spire","Minty Spire (QoL Compilation)","MostiFishMod","Replay The Spire","Shop Mod","Spicy Shops","StSLib","The Bug Knight","The Construct","The Cursed","The Gatherer","UnlockEverythingMod","[地精首领爬塔]The Maniac","vexMod"],"gold_per_floor":[112,132,132,147,161,174,174,200,200,225,225,225,248,267,267,392,392,392,392],"floor_reached":18,"language":"ZHS","playtime":7407,"items_purged":["Doubt"],"score":274,"play_id":"e175ba31-724d-4a28-8711-502a2f7413c2","local_time":"20210113184439","is_ascension_mode":false,"campfire_choices":[{"floor":7,"key":"REST"},{"floor":15,"key":"REST"}],"circlet_count":0,"master_deck":["maniac:Strike","maniac:Strike","maniac:Defend","maniac:BurnBlood","maniac:AbyssShackle+1","Crow Ritual+1","maniac:ReconstructWounds","maniac:HammerDown","Decay","Delirium"],"relics":["maniac:DamagedAnvil","maniac:BrokenHorn","DaveBox","SentryEyes","Bronze Scales","Medical Kit","vexMod:PaidLearning","SynthV:TestCard","Centennial Puzzle","ArrowTower","Bottled Lightning","Golden Idol","Kintsugi"],"acts_visited":["Exordium","TheCity"],"potions_floor_usage":[8],"damage_taken":[{"damage":9,"enemies":"Jaw Worm","floor":1,"turns":2},{"damage":0,"enemies":"Cultist","floor":2,"turns":2},{"damage":0,"enemies":"Small Slimes","floor":4,"turns":1},{"damage":5,"enemies":"Gremlin Gang","floor":5,"turns":2},{"damage":3,"enemies":"2 Fungi Beasts","floor":6,"turns":1},{"damage":24,"enemies":"Lagavulin","floor":8,"turns":4},{"damage":33,"enemies":"Gremlin Nob","floor":10,"turns":4},{"damage":12,"enemies":"Looter","floor":13,"turns":2},{"damage":0,"enemies":"Gremlin Gang","floor":14,"turns":2},{"damage":8,"enemies":"Fading Forest","floor":16,"turns":11},{"damage":0,"enemies":"3 Byrds","floor":18,"turns":1}],"seed_played":"1702539431653834609","potions_obtained":[{"floor":2,"key":"SpeedPotion"},{"floor":4,"key":"Fire Potion"},{"floor":8,"key":"Block Potion"},{"floor":10,"key":"SpeedPotion"}],"is_trial":false,"path_per_floor":["M","M","?","M","M","M","R","E","T","E","?","?","M","M","R","B",null,"M"],"character_chosen":"THE_MANIAC","items_purchased":["SentryEyes","Crow Ritual","Bronze Scales","Medical Kit","vexMod:PaidLearning"],"campfire_rested":2,"item_purchase_floors":[0,0,0,0,0],"current_hp_per_floor":[37,37,37,37,32,29,53,29,29,11,11,11,11,15,39,46,80,80,80],"gold":392,"neow_bonus":"","is_daily":false,"chose_seed":false,"campfire_upgraded":0,"win_rate":0.0,"timestamp":1610534679,"path_taken":["M","M","?","?","M","M","R","E","T","E","?","?","M","M","R","BOSS","M"],"items_purchased_type":["Relic","Card","Relic","Relic","Relic"],"build_version":"2020-12-22","purchased_purges":1,"victory":false,"max_hp_per_floor":[80,80,80,80,80,80,80,80,80,80,80,80,80,80,80,80,80,80,80],"card_choices":[{"not_picked":["maniac:SpectralKnives","maniac:Refine","maniac:PerceiveDanger"],"picked":"SKIP","floor":1},{"not_picked":["maniac:Assassinate","maniac:FindAShortcut","maniac:UntravelledPath","maniac:ShelteringEdge","maniac:MortalSteel"],"picked":"SKIP","floor":2},{"not_picked":["maniac:SpectralKnives","maniac:UndyingDesire","maniac:Traceback","maniac:UntravelledPath","maniac:PanickyParry"],"picked":"SKIP","floor":4},{"not_picked":["maniac:SpectralKnives","maniac:ShelteringEdge","maniac:UntravelledPath","maniac:Retrospect","maniac:TorturousScreams"],"picked":"SKIP","floor":5},{"not_picked":["maniac:UntravelledPath","maniac:ReconstructWounds","maniac:ShelteringEdge","maniac:PerceiveDanger","maniac:ExceedEnchantment"],"picked":"SKIP","floor":6},{"not_picked":["maniac:BladeShoot","maniac:Quickdraw","maniac:FindAShortcut","maniac:ShelteringEdge","maniac:Recollect"],"picked":"SKIP","floor":8},{"not_picked":["maniac:Confront","maniac:AlleviatingSorcery","maniac:ShiftingShadows","maniac:ShatteredShield","maniac:SeekerKnife"],"picked":"SKIP","floor":10},{"not_picked":["maniac:FindAShortcut","maniac:HammerStrike","maniac:ReconstructWounds","maniac:Reforge","maniac:DashForward"],"picked":"SKIP","floor":13},{"not_picked":["maniac:ManipulatedFaith","maniac:Trap","maniac:Refine","maniac:ExpectedMoves","maniac:ListenToNone"],"picked":"SKIP","floor":14},{"not_picked":["maniac:UnseenTerror","maniac:Trap","maniac:TwistedEddies","maniac:ExceedEnchantment"],"picked":"maniac:HammerDown","floor":16}],"player_experience":17926,"relics_obtained":[{"floor":1,"key":"SynthV:TestCard"},{"floor":8,"key":"Centennial Puzzle"},{"floor":9,"key":"ArrowTower"},{"floor":10,"key":"Bottled Lightning"}],"event_choices":[{"damage_healed":0,"gold_gain":0,"cards_transformed":["maniac:Strike"],"player_choice":"Transformed","damage_taken":0,"max_hp_gain":0,"max_hp_loss":0,"event_name":"Transmorgrifier","floor":3,"gold_loss":0,"cards_obtained":["maniac:ReconstructWounds"]},{"damage_healed":0,"gold_gain":0,"player_choice":"Take Wound","damage_taken":0,"relics_obtained":["Golden Idol"],"max_hp_gain":0,"max_hp_loss":0,"event_name":"Golden Idol","floor":11,"gold_loss":0,"cards_obtained":["Injury"]},{"cards_removed":["Injury"],"damage_healed":0,"gold_gain":0,"player_choice":"Removed Curses","damage_taken":0,"max_hp_gain":0,"max_hp_loss":0,"event_name":"Fountain of Cleansing","floor":12,"gold_loss":0}],"is_beta":false,"boss_relics":[{"not_picked":["Replay:Wanted Poster","Busted Crown"],"picked":"Kintsugi"}],"items_purged_floors":[0],"is_endless":false,"potions_floor_spawned":[2,4,8,10],"killed_by":"3 Byrds","ascension_level":0}}