{"host":"s35zr3gblm7slh1q","time":1610512229,"event":{"mods":["BaseMod","Colored Map","Colored Powertips","Downfall","Hermit","Marisa????????","Minty Spire (QoL Compilation)","Permanent Neow","StSLib"],"gold_per_floor":[119,194,274,284,295,295,314,328,409,420,433,7,7,18,18,121,171,187,7,7,7,24,24,44,44,90,90,90,110,110,130,130,130,130],"floor_reached":33,"language":"ENG","playtime":1519,"items_purged":[],"score":268,"play_id":"1555525e-ea69-4c5d-a0b3-7e5f341c1e27","local_time":"20210112233029","is_ascension_mode":false,"campfire_choices":[{"data":"BlazingStar","floor":6,"key":"SMITH"},{"floor":15,"key":"REST"},{"data":"Enlightenment","floor":23,"key":"SMITH"},{"floor":25,"key":"REST"},{"floor":30,"key":"REST"},{"floor":32,"key":"REST"}],"circlet_count":0,"master_deck":["Strike_MRS+1","Strike_MRS","Strike_MRS","Strike_MRS","Defend_MRS","Defend_MRS","Defend_MRS","Defend_MRS","MasterSpark","UpSweep","BlazingStar","ChargingUp","BlazingStar+1","ShootingEcho","SporeBomb","FairyDestructionRay+1","DC","OrrerysSun","BinaryStars","EnergyFlow","Enlightenment+1","GalacticHalo","Singularity","GalacticHalo+1","ChargingUp+1","PowerUp","PropBag"],"relics":["MiniHakkero","Sundial","Orichalcum","Singing Bowl","Tiny House","Bronze Scales","AmplifyWand"],"acts_visited":["Exordium","TheCity"],"potions_floor_usage":[14,16,16,18,28],"damage_taken":[{"damage":11,"enemies":"Jaw Worm","floor":1,"turns":2},{"damage":0,"enemies":"Small Slimes","floor":4,"turns":2},{"damage":2,"enemies":"2 Louse","floor":5,"turns":2},{"damage":10,"enemies":"Looter","floor":7,"turns":2},{"damage":15,"enemies":"Lots of Slimes","floor":8,"turns":3},{"damage":0,"enemies":"2 Fungi Beasts","floor":10,"turns":2},{"damage":5,"enemies":"Looter","floor":11,"turns":3},{"damage":0,"enemies":"Red Slaver","floor":14,"turns":1},{"damage":23,"enemies":"The Guardian","floor":16,"turns":6},{"damage":16,"enemies":"2 Thieves","floor":18,"turns":3},{"damage":5,"enemies":"Chosen","floor":22,"turns":4},{"damage":18,"enemies":"Shelled Parasite and Fungi","floor":24,"turns":7},{"damage":0,"enemies":"Snake Plant","floor":28,"turns":1},{"damage":21,"enemies":"Cultist and Chosen","floor":29,"turns":8},{"damage":12,"enemies":"Snecko","floor":31,"turns":4},{"damage":88,"enemies":"Champ","floor":33,"turns":10}],"seed_played":"3929831410832512045","potions_obtained":[{"floor":1,"key":"BlessingOfTheForge"},{"floor":7,"key":"Strength Potion"},{"floor":11,"key":"DistilledChaos"},{"floor":17,"key":"Fire Potion"},{"floor":22,"key":"SmokeBomb"},{"floor":29,"key":"SpeedPotion"}],"is_trial":false,"path_per_floor":["M","?","?","M","M","R","M","M","T","M","M","$","?","M","R","B",null,"M","$","?","?","M","R","M","R","T","?","M","M","R","M","R","B"],"character_chosen":"MARISA","items_purchased":["Orichalcum","OrrerysSun","Singing Bowl","Enlightenment","GalacticHalo","Singularity"],"campfire_rested":4,"item_purchase_floors":[12,12,12,19,19,19],"current_hp_per_floor":[57,46,46,46,44,44,34,19,19,19,14,14,14,16,37,14,75,61,61,61,61,56,56,38,61,61,61,61,40,63,51,74,0,0],"gold":130,"neow_bonus":"THREE_RARE_CARDS","is_daily":false,"chose_seed":false,"campfire_upgraded":2,"win_rate":0.0,"timestamp":1610512229,"path_taken":["M","?","?","M","M","R","M","M","T","?","M","$","?","M","R","BOSS","M","$","?","?","?","R","M","R","T","?","M","M","R","M","R","BOSS"],"items_purchased_type":["Relic","Card","Relic","Card","Card","Card"],"build_version":"2020-12-22","purchased_purges":0,"victory":false,"max_hp_per_floor":[68,68,68,68,68,68,68,68,68,68,68,68,68,70,70,70,75,77,77,77,77,77,77,77,77,77,77,77,77,77,77,77,77,77],"card_choices":[{"not_picked":["TreasureHunter","StarDustReverie"],"picked":"BlazingStar","floor":0},{"not_picked":["6A","PowerUp"],"picked":"ChargingUp","floor":1},{"not_picked":["ShootingEcho","WitchOfGreed"],"picked":"WitchLeyline","floor":4},{"not_picked":["Acceleration","SporeBomb"],"picked":"BlazingStar","floor":5},{"not_picked":["Robbery","Acceleration"],"picked":"ShootingEcho","floor":7},{"not_picked":["GravityBeat","NonDirectionalLaser"],"picked":"SporeBomb","floor":8},{"not_picked":["MysteriousBeam","Singularity"],"picked":"FairyDestructionRay","floor":10},{"not_picked":["GravityBeat","BlazeAway"],"picked":"DC","floor":11},{"not_picked":["UnstableBomb","EnergyRecoil","GrandCross"],"picked":"Singing Bowl","floor":14},{"not_picked":["FinalSpark","TreasureHunter"],"picked":"BinaryStars","floor":16},{"not_picked":["Acceleration","EnergyRecoil"],"picked":"EnergyFlow","floor":17},{"not_picked":["ChargingUp","WitchLeyline","SporeBomb"],"picked":"Singing Bowl","floor":18},{"not_picked":["ShootingEcho","GravityBeat+1"],"picked":"GalacticHalo+1","floor":22},{"not_picked":["ShootingEcho","FairyDestructionRay+1"],"picked":"ChargingUp+1","floor":24},{"not_picked":["IllusionStar","SporeBomb"],"picked":"PowerUp","floor":29},{"not_picked":["GravityBeat","MysteriousBeam"],"picked":"PropBag","floor":31}],"player_experience":332363,"relics_obtained":[{"floor":9,"key":"Sundial"},{"floor":26,"key":"Bronze Scales"}],"event_choices":[{"damage_healed":0,"gold_gain":75,"player_choice":"Gather Gold","damage_taken":11,"max_hp_gain":0,"max_hp_loss":0,"event_name":"World of Goop","floor":2,"gold_loss":0},{"damage_healed":0,"gold_gain":80,"player_choice":"Gained Gold","damage_taken":0,"max_hp_gain":0,"max_hp_loss":0,"event_name":"Golden Wing","floor":3,"gold_loss":0},{"damage_healed":0,"gold_gain":0,"player_choice":"Grow","damage_taken":0,"max_hp_gain":0,"max_hp_loss":0,"event_name":"Living Wall","floor":13,"gold_loss":0,"cards_upgraded":["FairyDestructionRay"]},{"damage_healed":0,"gold_gain":0,"player_choice":"Ignored","damage_taken":0,"max_hp_gain":0,"max_hp_loss":0,"event_name":"Ghosts","floor":20,"gold_loss":0},{"cards_removed":["WitchLeyline"],"damage_healed":0,"gold_gain":0,"player_choice":"Purged","damage_taken":0,"max_hp_gain":0,"max_hp_loss":0,"event_name":"Purifier","floor":21,"gold_loss":0},{"damage_healed":0,"gold_gain":0,"player_choice":"Ignored","damage_taken":0,"max_hp_gain":0,"max_hp_loss":0,"event_name":"Vampires","floor":27,"gold_loss":0}],"is_beta":false,"boss_relics":[{"not_picked":["RampagingMagicTools","Ectoplasm"],"picked":"Tiny House"}],"items_purged_floors":[],"is_endless":false,"potions_floor_spawned":[1,7,11,22,29],"killed_by":"Champ","ascension_level":0}}