{"host":"mn5kbj4x7gv3jr0o","time":1610499589,"event":{"mods":["AchievementEnabler","Ascension Reborn","Ascension Unlocker","Aspiration","BaseMod","Better Note","CCEM","Conjunction","Conspire","Curses Come First","Downfall","HololiveMod","Hubris","Infinite Spire","Jess\u0027s Bottle","Minty Spire (QoL Compilation)","Quarter Circle Forward PUNCH!","Quick Restart","Relic Sorter","Relic Stats","Replay The Spire","Reworked Bosses","SCP261 Mod","SacredBarkPlus","Shedinja","Small Relic Pack","Spicy Shops","Spikes Relics","StSLib","Thrall Mod","Trackpad","Uncapped","Unceasing Turn Reminder","Virulent Crown","vexMod"],"gold_per_floor":[112,112,112,112,112,145,165,190,216,231,245,245,245,260,260,362,362,372,372,386,386,399,428,428,194,194,194,194,210,222,235,235,339,339,359,372,372,372,383,383,383,383,358,358,358,411,29,40,56,74,74,74],"floor_reached":53,"language":"ENG","playtime":4090,"items_purged":["Injury"],"score":739,"play_id":"f962f608-b746-4bb7-9eb0-d36a247c4f0d","local_time":"20210112195949","is_ascension_mode":true,"campfire_choices":[{"floor":12.0,"key":"REST"},{"data":"Thecoin","floor":15.0,"key":"SMITH"},{"data":"Lavaburst","floor":27.0,"key":"SMITH"},{"data":"Earthshock","floor":32.0,"key":"SMITH"},{"data":"ReplayTheSpireMod:Black Plague","floor":42.0,"key":"SMITH"},{"data":"Eternalsentinel","floor":44.0,"key":"SMITH"},{"data":"expansioncontent:SuperHexaguard","floor":51.0,"key":"SMITH"}],"circlet_count":0,"master_deck":["Strike_Thrall","Strike_Thrall","Strike_Thrall","Strike_Thrall","Defend_Thrall","Defend_Thrall","Defend_Thrall","Lightningbolt","Thecoin+1","Forkedlightning","Calculated Gamble","Hidden Blade","Bane","Tunneltrogg+1","Witchsapprentice","BlessedFruit","BlessedFruit","Earthshock+1","Lightningbolt","Menacingnimbus","Lavaburst+1","Zap+1","Drakkaridefender+1","Manatidetotem+1","Zap+1","Vitalitytotem+1","Totemicsmash","Eternalsentinel+1","ReplayTheSpireMod:Black Plague+1","vexMod:StairwayStrike","expansioncontent:SuperHexaguard+1","Zap+1","Therunespear+1"],"relics":["Totem","Frozen Egg 2","hubris:Reverence","SnailShell","Sundial","HeavenlyBonsai","vexMod:MemoryStick","HornCleat","conspire:SeveredTorchhead","ClockworkSouvenir","trackpad:CultistFigurine","Rawhide","relicPack:DSword","hubris:Backtick","Hololive_LightStick","Frozen Eye","hubris:Towel","hubris:PeanutButter","Bird Faced Urn","Lee\u0027s Waffle"],"acts_visited":["Exordium","TheCity","TheBeyond"],"potions_floor_usage":[],"damage_taken":[{"damage":0.0,"enemies":"Small Slimes","floor":1.0,"turns":3.0},{"damage":24.0,"enemies":"Lagavulin","floor":6.0,"turns":6.0},{"damage":4.0,"enemies":"2 Louse","floor":7.0,"turns":3.0},{"damage":7.0,"enemies":"3 Sentries","floor":8.0,"turns":5.0},{"damage":8.0,"enemies":"infinitespire:Voidling","floor":10.0,"turns":3.0},{"damage":5.0,"enemies":"2 Fungi Beasts","floor":11.0,"turns":3.0},{"damage":0.0,"enemies":"Looter","floor":14.0,"turns":2.0},{"damage":16.0,"enemies":"Hexaghost","floor":16.0,"turns":8.0},{"damage":10.0,"enemies":"3 Byrds","floor":18.0,"turns":5.0},{"damage":0.0,"enemies":"Shell Parasite","floor":20.0,"turns":4.0},{"damage":18.0,"enemies":"Sentry and Sphere","floor":22.0,"turns":4.0},{"damage":0.0,"enemies":"conspire:Head Lice","floor":23.0,"turns":5.0},{"damage":0.0,"enemies":"Snecko","floor":29.0,"turns":3.0},{"damage":7.0,"enemies":"Shelled Parasite and Fungi","floor":30.0,"turns":3.0},{"damage":15.0,"enemies":"Centurion and Healer","floor":31.0,"turns":4.0},{"damage":12.0,"enemies":"bossMod:newCollector","floor":33.0,"turns":5.0},{"damage":0.0,"enemies":"3 Shapes","floor":35.0,"turns":4.0},{"damage":22.0,"enemies":"3 Darklings","floor":36.0,"turns":4.0},{"damage":3.0,"enemies":"4 Shapes","floor":39.0,"turns":4.0},{"damage":1.0,"enemies":"2 Orb Walkers","floor":46.0,"turns":4.0},{"damage":0.0,"enemies":"Spire Growth","floor":48.0,"turns":3.0},{"damage":0.0,"enemies":"Jaw Worm Horde","floor":49.0,"turns":3.0},{"damage":0.0,"enemies":"Maw","floor":50.0,"turns":5.0},{"damage":118,"enemies":"conspire:OrnateMirror","floor":52,"turns":7}],"seed_played":"1384783353713625411","potions_obtained":[{"floor":6.0,"key":"Fruit Juice"},{"floor":7.0,"key":"Elixir"},{"floor":8.0,"key":"BlessingOfTheForge"},{"floor":16.0,"key":"GamblersBrew"},{"floor":18.0,"key":"champ:CounterPotion"},{"floor":22.0,"key":"Keypotion"},{"floor":23.0,"key":"AttackPotion"},{"floor":33.0,"key":"Milkshake"},{"floor":36.0,"key":"FearPotion"}],"is_trial":false,"path_per_floor":["M","?","?","?","$","E","M","E","T","M","M","R","?","M","R","B",null,"M","?","M","AVR","M","E","?","$","T","R","?","M","M","M","R","B",null,"M","M","AVR","?","M","PTL","PTL","R","?","R","T","?","$","M","M","M","R","B",null],"character_chosen":"THRALL","items_purchased":["SnailShell","Vitalitytotem+1","vexMod:StairwayStrike","Lee\u0027s Waffle","expansioncontent:SuperHexaguard"],"campfire_rested":1,"item_purchase_floors":[5,25,47,47,47],"current_hp_per_floor":[77,77,77,77,62,42,40,40,40,38,35,60,60,61,61,51,89,90,90,92,92,76,78,78,78,78,78,43,54,69,74,74,76,101,103,99,99,99,103,103,103,103,103,103,103,103,114,115,115,117,117,31],"gold":74,"neow_bonus":"TEN_PERCENT_HP_BONUS","is_daily":false,"chose_seed":false,"campfire_upgraded":6,"win_rate":0.0,"timestamp":1610499589,"path_taken":["M","?","?","?","?","E","M","E","T","M","M","R","?","M","R","BOSS","M","?","M","AVR","M","E","?","?","T","R","?","?","M","M","R","BOSS","M","?","AVR","?","M","PTL","PTL","R","?","R","T","?","$","?","M","M","R","BOSS"],"items_purchased_type":["Relic","Card","Card","Relic","Card"],"build_version":"2020-12-22","purchased_purges":1,"victory":true,"max_hp_per_floor":[77,77,77,77,77,77,77,82,82,84,86,86,86,87,87,89,89,91,91,93,93,94,96,96,96,96,96,96,97,99,101,101,101,101,103,105,105,105,106,106,106,106,106,106,106,107,114,115,115,117,117,119],"relic_stats":{"Lee\u0027s Waffle":11,"counters":[24,100],"Sundial":[8],"Bird Faced Urn":[0],"obtain_stats":[{"SnailShell":5,"vexMod:MemoryStick":9,"Lee\u0027s Waffle":47,"relicPack:DSword":28,"Rawhide":26,"Frozen Egg 2":2,"HeavenlyBonsai":8,"hubris:Towel":38,"ClockworkSouvenir":21,"conspire:SeveredTorchhead":17,"Frozen Eye":37,"Totem":0,"Hololive_LightStick":34,"HornCleat":13,"hubris:Backtick":34,"Sundial":6,"Bird Faced Urn":46,"hubris:PeanutButter":45,"trackpad:CultistFigurine":23,"hubris:Reverence":3},{"SnailShell":1,"vexMod:MemoryStick":4,"Lee\u0027s Waffle":20,"relicPack:DSword":12,"Rawhide":12,"Frozen Egg 2":1,"HeavenlyBonsai":4,"hubris:Towel":18,"ClockworkSouvenir":10,"conspire:SeveredTorchhead":8,"Frozen Eye":18,"Totem":0,"Hololive_LightStick":16,"HornCleat":6,"hubris:Backtick":16,"Sundial":2,"Bird Faced Urn":20,"hubris:PeanutButter":19,"trackpad:CultistFigurine":12,"hubris:Reverence":1},{"SnailShell":3,"vexMod:MemoryStick":17,"Lee\u0027s Waffle":82,"relicPack:DSword":51,"Rawhide":51,"Frozen Egg 2":3,"HeavenlyBonsai":17,"hubris:Towel":74,"ClockworkSouvenir":42,"conspire:SeveredTorchhead":33,"Frozen Eye":74,"Totem":0,"Hololive_LightStick":66,"HornCleat":23,"hubris:Backtick":66,"Sundial":9,"Bird Faced Urn":82,"hubris:PeanutButter":78,"trackpad:CultistFigurine":51,"hubris:Reverence":3}]},"card_choices":[{"not_picked":["Devolve","Murksparkeel"],"picked":"Forkedlightning","floor":1.0},{"not_picked":["Jinyu","Frostshock"],"picked":"Tunneltrogg+1","floor":6.0},{"not_picked":["Jadelightning","Hagatha+1"],"picked":"Witchsapprentice","floor":7.0},{"not_picked":["Rockbiter","Airelemental"],"picked":"Earthshock","floor":8.0},{"not_picked":["Jadecheiftain","Hex"],"picked":"Lightningbolt","floor":10.0},{"not_picked":["Dustdevil","Murksparkeel"],"picked":"Menacingnimbus","floor":11.0},{"not_picked":["Blazing","Wartbringer","Forkedlightning"],"picked":"SKIP","floor":14.0},{"not_picked":["Thestormbringer","Hagatha+1"],"picked":"Lavaburst","floor":16.0},{"not_picked":["Lightningstorm+1","Healingrain"],"picked":"Zap+1","floor":18.0},{"not_picked":["Jinyu","Witchsapprentice+1"],"picked":"Drakkaridefender+1","floor":20.0},{"not_picked":["Eureka","Maelstromportal+1"],"picked":"Manatidetotem+1","floor":22.0},{"not_picked":["Lavaburst","Crackle"],"picked":"Zap+1","floor":23.0},{"not_picked":["Frostshock","Volcano","Jadecheiftain"],"picked":"SKIP","floor":29.0},{"not_picked":["Farsight","Zap"],"picked":"Totemicsmash","floor":30.0},{"not_picked":["Jadecheiftain","Devolve","Drakkaridefender"],"picked":"SKIP","floor":31.0},{"not_picked":["Thralldeathseer+1","Whiteeyes"],"picked":"Eternalsentinel","floor":33.0},{"not_picked":["Jadelightning","Frostshock","Wartbringer+1"],"picked":"SKIP","floor":35.0},{"not_picked":["Rockbiter","Jadecheiftain+1","Lightningstorm+1"],"picked":"SKIP","floor":36.0},{"not_picked":["Beakeredlightning","Thralldeathseer+1","Thingfrombelow"],"picked":"SKIP","floor":39.0},{"not_picked":["Drakkaridefender+1","Farsight"],"picked":"Zap+1","floor":48.0},{"not_picked":["Cryostasis","Farsight","Volcano+1"],"picked":"SKIP","floor":49.0},{"not_picked":["Rockbiter","Elementaryreaction+1"],"picked":"Therunespear+1","floor":50.0}],"player_experience":135566,"relics_obtained":[{"floor":6.0,"key":"Sundial"},{"floor":8.0,"key":"HeavenlyBonsai"},{"floor":9.0,"key":"vexMod:MemoryStick"},{"floor":23.0,"key":"trackpad:CultistFigurine"},{"floor":26.0,"key":"Rawhide"},{"floor":45.0,"key":"hubris:PeanutButter"},{"floor":46.0,"key":"Bird Faced Urn"}],"event_choices":[{"cards_removed":["Thecoin"],"damage_healed":0.0,"max_hp_gain":0.0,"max_hp_loss":0.0,"gold_gain":0.0,"event_name":"betterNote:BetterNote","player_choice":"Give","floor":19.0,"gold_loss":0.0,"damage_taken":0.0,"cards_obtained":["None"]},{"damage_healed":0.0,"max_hp_gain":0.0,"max_hp_loss":0.0,"gold_gain":0.0,"event_name":"Mysterious Sphere","player_choice":"Fight","floor":46.0,"gold_loss":0.0,"damage_taken":0.0}],"is_beta":false,"boss_relics":[{"not_picked":["Hololive_ChaosS","vexMod:ImprovementManual"],"picked":"conspire:SeveredTorchhead"},{"not_picked":["conspire:SlowCooker","Totemicslam"],"picked":"hubris:Backtick"}],"items_purged_floors":[5],"is_endless":false,"potions_floor_spawned":[6,7,8,16,18,22,23,30,33,36,46],"ascension_level":0}}