{"host":"pf47v7h0307523iy","time":1610551722,"event":{"mods":["BaseMod","Minty Spire (QoL Compilation)"],"gold_per_floor":[119,119,137,137,5,34,34,61,84,96,96,112,112,123,123,123,123],"floor_reached":16,"language":"ENG","playtime":723,"items_purged":[],"score":220,"play_id":"341040e2-bf6b-41e5-b4d6-c474e455466b","local_time":"20210113172842","is_ascension_mode":true,"campfire_choices":[{"floor":7,"key":"REST"},{"data":"Noxious Fumes","floor":13,"key":"SMITH"},{"data":"Catalyst","floor":15,"key":"SMITH"}],"circlet_count":0,"master_deck":["AscendersBane","Strike_G","Strike_G","Strike_G","Strike_G","Strike_G","Defend_G","Defend_G","Defend_G","Defend_G","Defend_G","Survivor","Neutralize","Backflip","Calculated Gamble","Dash","Catalyst+1","Dagger Throw","Noxious Fumes+1","Dagger Throw","Poisoned Stab"],"relics":["Busted Crown","PreservedInsect","Bottled Flame","Nunchaku"],"acts_visited":["Exordium"],"potions_floor_usage":[6,11,12,14,16],"damage_taken":[{"damage":4,"enemies":"Small Slimes","floor":1,"turns":5},{"damage":0,"enemies":"Jaw Worm","floor":3,"turns":5},{"damage":48,"enemies":"Lagavulin","floor":6,"turns":11},{"damage":5,"enemies":"3 Sentries","floor":8,"turns":9},{"damage":0,"enemies":"Cultist","floor":10,"turns":3},{"damage":0,"enemies":"Looter","floor":12,"turns":3},{"damage":0,"enemies":"Lots of Slimes","floor":14,"turns":3},{"damage":45,"enemies":"Slime Boss","floor":16,"turns":6}],"seed_played":"-5599868525996947830","potions_obtained":[{"floor":3,"key":"AttackPotion"},{"floor":8,"key":"Fruit Juice"},{"floor":11,"key":"Regen Potion"},{"floor":11,"key":"ColorlessPotion"},{"floor":12,"key":"BlessingOfTheForge"}],"is_trial":false,"path_per_floor":["M","?","M","?","$","E","R","E","T","M","?","M","R","M","R","B"],"character_chosen":"THE_SILENT","items_purchased":["Dash","Catalyst"],"campfire_rested":1,"item_purchase_floors":[5,5],"current_hp_per_floor":[55,60,60,60,60,12,33,28,28,28,33,42,42,42,42,0,0],"gold":123,"neow_bonus":"BOSS_RELIC","is_daily":false,"chose_seed":false,"campfire_upgraded":2,"win_rate":0.0,"timestamp":1610551722,"path_taken":["M","?","M","?","?","E","R","E","T","M","?","M","R","?","R","BOSS"],"items_purchased_type":["Card","Card"],"build_version":"2020-12-22","purchased_purges":0,"victory":false,"max_hp_per_floor":[66,71,71,71,71,71,71,71,71,71,76,76,76,76,76,76,76],"card_choices":[{"not_picked":[],"picked":"Backflip","floor":1},{"not_picked":[],"picked":"Calculated Gamble","floor":3},{"not_picked":[],"picked":"Dagger Throw","floor":6},{"not_picked":["Outmaneuver"],"picked":"SKIP","floor":8},{"not_picked":[],"picked":"Noxious Fumes","floor":10},{"not_picked":[],"picked":"Dagger Throw","floor":12},{"not_picked":[],"picked":"Poisoned Stab","floor":14}],"player_experience":1632745,"relics_obtained":[{"floor":6,"key":"PreservedInsect"},{"floor":8,"key":"Bottled Flame"},{"floor":9,"key":"Nunchaku"}],"event_choices":[{"damage_healed":0,"gold_gain":0,"player_choice":"Donut","damage_taken":0,"max_hp_gain":5,"max_hp_loss":0,"event_name":"Big Fish","floor":2,"gold_loss":0},{"damage_healed":0,"gold_gain":0,"player_choice":"Ignored","damage_taken":0,"max_hp_gain":0,"max_hp_loss":0,"event_name":"Liars Game","floor":4,"gold_loss":0},{"damage_healed":0,"gold_gain":0,"player_choice":"Got Potions","damage_taken":0,"max_hp_gain":0,"max_hp_loss":0,"event_name":"Lab","floor":11,"gold_loss":0}],"is_beta":false,"boss_relics":[],"items_purged_floors":[],"is_endless":false,"potions_floor_spawned":[3,8,12],"killed_by":"Slime Boss","ascension_level":20}}