{"host":"ueef25wtkg2eer3h","time":1610577119,"event":{"mods":["AchievementEnabler","BaseMod","Colored Map","Colored Powertips","DeckTracker","Displayed Cursed Tome","Googly Eyes","Highlight Path","Minty Spire (QoL Compilation)","Slay the Relics Exporter","StSLib"],"gold_per_floor":[136,166,218,254,254,285,285,316,316,364,22,0,0,20,20,20,20],"floor_reached":16,"language":"ENG","playtime":683,"items_purged":[],"score":179,"play_id":"72dcc5ee-74c7-4a04-a28e-649d6d3dca0b","local_time":"20210113233159","is_ascension_mode":true,"campfire_choices":[{"floor":7,"key":"REST"},{"floor":15,"key":"REST"}],"circlet_count":0,"master_deck":["AscendersBane","Strike_B","Strike_B","Strike_B","Defend_B","Defend_B","Defend_B","Defend_B","Zap","Dualcast","HandOfGreed","Coolheaded","Redo","Ball Lightning","Leap","Cold Snap","Self Repair","Defragment","Static Discharge","Sweeping Beam","Static Discharge+1"],"relics":["Cracked Core","Bronze Scales","Kunai","Incense Burner","Frozen Egg 2"],"acts_visited":["Exordium"],"potions_floor_usage":[4,4,6,6],"damage_taken":[{"damage":11,"enemies":"Jaw Worm","floor":1,"turns":4},{"damage":1,"enemies":"2 Louse","floor":2,"turns":2},{"damage":16,"enemies":"Small Slimes","floor":3,"turns":7},{"damage":12,"enemies":"Exordium Wildlife","floor":4,"turns":4},{"damage":20,"enemies":"Gremlin Nob","floor":6,"turns":4},{"damage":0,"enemies":"Looter","floor":8,"turns":3},{"damage":6,"enemies":"Lagavulin","floor":10,"turns":7},{"damage":12,"enemies":"2 Fungi Beasts","floor":14,"turns":3},{"damage":41,"enemies":"The Guardian","floor":16,"turns":6}],"seed_played":"976829334423788029","potions_obtained":[{"floor":2,"key":"Explosive Potion"},{"floor":4,"key":"EntropicBrew"}],"is_trial":false,"path_per_floor":["M","M","M","M","?","E","R","M","T","E","$","?","?","M","R","B"],"character_chosen":"DEFECT","items_purchased":["Static Discharge","Sweeping Beam","Frozen Egg 2"],"campfire_rested":2,"item_purchase_floors":[11,11,11],"current_hp_per_floor":[57,56,40,28,21,1,21,21,21,22,22,22,22,17,37,0,0],"gold":20,"neow_bonus":"RANDOM_COLORLESS_2","is_daily":false,"chose_seed":false,"campfire_upgraded":0,"win_rate":0.0,"timestamp":1610577119,"path_taken":["M","M","M","M","?","E","R","M","T","E","$","?","?","?","R","BOSS"],"items_purchased_type":["Card","Card","Relic"],"build_version":"2020-12-22","purchased_purges":0,"victory":false,"max_hp_per_floor":[68,68,68,68,68,68,68,68,68,68,68,68,68,68,68,68,68],"card_choices":[{"not_picked":["Apotheosis","Metamorphosis"],"picked":"HandOfGreed","floor":0},{"not_picked":["Chaos","Compile Driver"],"picked":"Coolheaded","floor":1},{"not_picked":["Ball Lightning","Stack"],"picked":"Redo","floor":2},{"not_picked":["Coolheaded","Stack"],"picked":"Ball Lightning","floor":3},{"not_picked":["Cold Snap","Fission"],"picked":"Leap","floor":4},{"not_picked":["Rebound","Sweeping Beam"],"picked":"Cold Snap","floor":6},{"not_picked":["Leap","Lockon"],"picked":"Self Repair","floor":8},{"not_picked":["Coolheaded","Streamline"],"picked":"Defragment","floor":10},{"not_picked":["Go for the Eyes","Reinforced Body"],"picked":"Static Discharge+1","floor":14}],"player_experience":278054,"relics_obtained":[{"floor":6,"key":"Bronze Scales"},{"floor":9,"key":"Kunai"},{"floor":10,"key":"Incense Burner"}],"event_choices":[{"cards_removed":["Strike_B"],"damage_healed":0,"gold_gain":0,"player_choice":"Card Removal","damage_taken":7,"max_hp_gain":0,"max_hp_loss":0,"event_name":"Golden Wing","floor":5,"gold_loss":0},{"damage_healed":0,"gold_gain":0,"player_choice":"Left Gold","damage_taken":0,"max_hp_gain":0,"max_hp_loss":0,"event_name":"World of Goop","floor":12,"gold_loss":22},{"damage_healed":0,"gold_gain":0,"player_choice":"Fled","damage_taken":0,"max_hp_gain":0,"max_hp_loss":0,"event_name":"Scrap Ooze","floor":13,"gold_loss":0}],"is_beta":false,"boss_relics":[],"items_purged_floors":[],"is_endless":false,"potions_floor_spawned":[2,4],"killed_by":"The Guardian","ascension_level":12}}