{"host":"x21cvmfdo17nyhii","time":1610496988,"event":{"mods":["AchievementEnabler","BaseMod","Colored Map","Colored Powertips","DeckTracker","Highlight Path","Minty Spire (QoL Compilation)","Quick Restart","Rare Cards Sparkle","SuperFastMode"],"gold_per_floor":[115,290,310,329,5,39,39,72,146,146,165,165,165,178,178,281,281,299,299,43,53,53,53,83,83,110,110,110,110,125,0,0,0,0],"floor_reached":33,"language":"ENG","playtime":1220,"items_purged":["Doubt","Strike_R","Bite"],"score":364,"play_id":"35aee743-5709-4322-b257-02a029fd2a8d","local_time":"20210112161628","is_ascension_mode":true,"campfire_choices":[{"data":"Shrug It Off","floor":7.0,"key":"SMITH"},{"floor":10.0,"key":"REST"},{"data":"Shrug It Off","floor":15.0,"key":"SMITH"},{"floor":23.0,"key":"REST"},{"data":"Shrug It Off","floor":25.0,"key":"SMITH"},{"data":"Bash","floor":27.0,"key":"SMITH"},{"data":"Warcry","floor":29.0,"key":"SMITH"},{"data":"Clothesline","floor":32.0,"key":"SMITH"}],"circlet_count":0,"master_deck":["Defend_R+1","Defend_R","Defend_R","Defend_R+1","Bash+1","Shrug It Off+1","Shrug It Off+1","Warcry+1","Shrug It Off+1","Iron Wave+1","Bite","Bite","Bite","Bite","Clothesline+1"],"relics":["Burning Blood","PreservedInsect","Orichalcum","Ginger","War Paint","Paper Frog","Busted Crown","Regal Pillow","Meat on the Bone","Bag of Preparation","Dream Catcher"],"acts_visited":["Exordium","TheCity"],"potions_floor_usage":[33,33],"damage_taken":[{"damage":6.0,"enemies":"Cultist","floor":1.0,"turns":3.0},{"damage":9.0,"enemies":"2 Louse","floor":3.0,"turns":4.0},{"damage":1.0,"enemies":"Small Slimes","floor":4.0,"turns":6.0},{"damage":24.0,"enemies":"Gremlin Nob","floor":6.0,"turns":4.0},{"damage":16.0,"enemies":"3 Sentries","floor":8.0,"turns":9.0},{"damage":11.0,"enemies":"Gremlin Gang","floor":11.0,"turns":8.0},{"damage":4.0,"enemies":"3 Louse","floor":14.0,"turns":4.0},{"damage":48.0,"enemies":"Slime Boss","floor":16.0,"turns":20.0},{"damage":16.0,"enemies":"Chosen","floor":18.0,"turns":7.0},{"damage":0.0,"enemies":"Shell Parasite","floor":21.0,"turns":8.0},{"damage":19.0,"enemies":"Slavers","floor":24.0,"turns":7.0},{"damage":23.0,"enemies":"Centurion and Healer","floor":30.0,"turns":8.0},{"damage":90,"enemies":"Automaton","floor":33,"turns":16}],"seed_played":"-2850819402785740405","potions_obtained":[{"floor":1.0,"key":"Swift Potion"},{"floor":8.0,"key":"Block Potion"},{"floor":11.0,"key":"Strength Potion"},{"floor":14.0,"key":"LiquidMemories"},{"floor":24.0,"key":"Dexterity Potion"},{"floor":30.0,"key":"LiquidBronze"}],"is_trial":false,"path_per_floor":["M","?","M","M","$","E","R","E","T","R","M","?","?","M","R","B",null,"M","?","$","M","?","R","E","R","T","R","T","R","M","$","R","B"],"character_chosen":"IRONCLAD","items_purchased":["Orichalcum","Energy Potion","Warcry","Regal Pillow"],"campfire_rested":2,"item_purchase_floors":[5,5,5,20],"current_hp_per_floor":[80,80,77,80,80,62,62,52,52,76,71,64,64,66,66,24,66,56,41,41,47,47,59,59,59,59,59,59,59,52,52,52,0,0],"gold":0,"neow_bonus":"RANDOM_COMMON_RELIC","is_daily":false,"chose_seed":false,"campfire_upgraded":6,"win_rate":0.0,"timestamp":1610496988,"path_taken":["M","?","M","M","$","E","R","E","T","R","M","?","?","?","R","BOSS","M","?","$","M","?","R","E","R","T","R","?","R","M","$","R","BOSS"],"items_purchased_type":["Relic","Potion","Card","Relic"],"build_version":"2020-12-22","purchased_purges":3,"victory":false,"max_hp_per_floor":[80,80,80,80,80,80,80,80,80,80,80,80,80,80,80,80,80,80,85,85,85,59,59,59,59,59,59,59,59,59,59,59,59,59],"card_choices":[{"not_picked":["Inflame","Dark Embrace"],"picked":"Shrug It Off","floor":1.0},{"not_picked":["True Grit","Pummel"],"picked":"Shrug It Off","floor":3.0},{"not_picked":["Thunderclap","Clothesline","Sword Boomerang"],"picked":"SKIP","floor":4.0},{"not_picked":["Uppercut","Pommel Strike","Reckless Charge"],"picked":"SKIP","floor":6.0},{"not_picked":["Clash","Havoc","Heavy Blade"],"picked":"SKIP","floor":8.0},{"not_picked":["Bludgeon","Inflame","Combust"],"picked":"SKIP","floor":11.0},{"not_picked":["True Grit","Sword Boomerang"],"picked":"Shrug It Off","floor":14.0},{"not_picked":[],"picked":"Iron Wave+1","floor":18.0},{"not_picked":["Wild Strike+1"],"picked":"SKIP","floor":21.0},{"not_picked":["Berserk"],"picked":"SKIP","floor":24.0},{"not_picked":[],"picked":"Clothesline","floor":30.0}],"player_experience":317614,"relics_obtained":[{"floor":6.0,"key":"Ginger"},{"floor":8.0,"key":"War Paint"},{"floor":9.0,"key":"Paper Frog"},{"floor":24.0,"key":"Meat on the Bone"},{"floor":26.0,"key":"Bag of Preparation"},{"floor":28.0,"key":"Dream Catcher"}],"event_choices":[{"damage_healed":0.0,"max_hp_gain":0.0,"max_hp_loss":0.0,"gold_gain":175.0,"event_name":"Liars Game","player_choice":"AGREE","floor":2.0,"gold_loss":0.0,"damage_taken":0.0,"cards_obtained":["Doubt"]},{"cards_removed":["Strike_R"],"damage_healed":0.0,"max_hp_gain":0.0,"max_hp_loss":0.0,"gold_gain":0.0,"event_name":"Golden Wing","player_choice":"Card Removal","floor":12.0,"gold_loss":0.0,"damage_taken":7.0},{"damage_healed":0.0,"max_hp_gain":0.0,"max_hp_loss":0.0,"gold_gain":0.0,"event_name":"Match and Keep!","player_choice":"0 cards matched","floor":13.0,"gold_loss":0.0,"damage_taken":0.0,"cards_obtained":[]},{"damage_healed":0.0,"max_hp_gain":5.0,"max_hp_loss":0.0,"gold_gain":0.0,"event_name":"Forgotten Altar","player_choice":"Shed Blood","floor":19.0,"gold_loss":0.0,"damage_taken":20.0},{"damage_healed":0.0,"max_hp_gain":0.0,"max_hp_loss":26.0,"gold_gain":0.0,"event_name":"Vampires","player_choice":"Became a vampire","floor":22.0,"gold_loss":0.0,"damage_taken":0.0,"cards_obtained":["Bite","Bite","Bite","Bite","Bite"]}],"is_beta":false,"boss_relics":[{"not_picked":["Calling Bell","SlaversCollar"],"picked":"Busted Crown"}],"items_purged_floors":[5,20,31],"is_endless":false,"potions_floor_spawned":[1,8,11,14,24,30],"killed_by":"Automaton","ascension_level":5}}