{"host":"79pwvnyrdes6uj7k","time":1610506329,"event":{"mods":["2.2 Compatiblity","Astrologer","BaseMod","Beaked The Cultist","Colored Powertips","Downfall","Exacting","Friendly Minions","HexUI Lib","Highlight Path","Hubris","Infinite Spire","JesterMod","Mad Scientist","Mimic Mod","Minty Spire (QoL Compilation)","Random Character Button","Replay The Spire","Reworked Bosses","Shop Mod","Somnambulant","StSLib","The Cursed","The Disciple","The Factory","The Judge","The Jungle","The Marked","The Poker Player","The Runesmith","TheHeartMod"],"gold_per_floor":[99,117,117,217,217,271,294,294,320,333,258,258,258,258,276,276,276],"floor_reached":16,"language":"ENG","playtime":600,"items_purged":[],"score":98,"play_id":"ebfe14cb-9733-419b-bd2e-a454c97cbec4","local_time":"20210112205209","is_ascension_mode":false,"campfire_choices":[{"floor":1,"key":"RECALL"},{"data":"somnambulantmod: PrimingPunch","floor":11,"key":"SMITH"},{"data":"somnambulantmod: RacingThoughts","floor":13,"key":"SMITH"}],"circlet_count":0,"master_deck":["somnambulantmod: SomnambulantStrike","somnambulantmod: SomnambulantStrike","somnambulantmod: SomnambulantStrike","somnambulantmod: SomnambulantStrike","somnambulantmod: SomnambulantStrike","somnambulantmod: Defend_Somnambulant","somnambulantmod: Defend_Somnambulant","somnambulantmod: Defend_Somnambulant","somnambulantmod: Defend_Somnambulant","somnambulantmod: Defend_Somnambulant","somnambulantmod: QuickNap","somnambulantmod: PrimingPunch+1","somnambulantmod: NightmareFuel+1","somnambulantmod: LayeredDefense","somnambulantmod: LeechFears","somnambulantmod: RacingThoughts+1","ReplayTheSpireMod:Book of Names","somnambulantmod: Stimulus"],"relics":["ChewingGum","Replay:Bottled Flurry","hubris:Towel","Art of War","Juzu Bracelet","downfall:HeartBlessingRed"],"acts_visited":["Exordium"],"potions_floor_usage":[16],"damage_taken":[{"damage":6,"enemies":"Jaw Worm","floor":2,"turns":3},{"damage":44,"enemies":"Gremlin Nob","floor":6,"turns":6},{"damage":0,"enemies":"Small Slimes","floor":9,"turns":3},{"damage":0,"enemies":"2 Louse","floor":10,"turns":2},{"damage":8,"enemies":"Red Slaver","floor":15,"turns":2},{"damage":48,"enemies":"downfall:Defect","floor":16,"turns":5}],"seed_played":"-598917885740679871","potions_obtained":[{"floor":6,"key":"Elixir"},{"floor":15,"key":"GamblersBrew"}],"is_trial":false,"path_per_floor":["R","M","?","?","?","E","T","?","M","M","R","?","R","?","M","B"],"character_chosen":"THE_SOMNAMBULANT","items_purchased":[],"campfire_rested":0,"item_purchase_floors":[],"current_hp_per_floor":[70,64,46,46,46,2,2,70,70,70,70,53,53,53,45,0,0],"gold":276,"neow_bonus":"BOSS_RELIC","is_daily":false,"chose_seed":false,"campfire_upgraded":2,"win_rate":0.0,"timestamp":1610506329,"path_taken":["R","M","?","?","?","E","T","?","M","M","R","?","R","?","M","BOSS"],"items_purchased_type":[],"build_version":"2020-12-22","purchased_purges":0,"victory":false,"max_hp_per_floor":[70,70,70,70,70,70,70,70,70,70,70,70,70,70,70,70,70],"card_choices":[{"not_picked":["somnambulantmod: Cower","somnambulantmod: HeadSmack"],"picked":"somnambulantmod: NightmareFuel","floor":2},{"not_picked":["somnambulantmod: BadIdea","somnambulantmod: RuthlessStudy"],"picked":"somnambulantmod: LayeredDefense","floor":6},{"not_picked":["somnambulantmod: Cower","somnambulantmod: HeavyLids"],"picked":"somnambulantmod: LeechFears","floor":9},{"not_picked":["somnambulantmod: Pinch","somnambulantmod: NightmareFuel"],"picked":"somnambulantmod: RacingThoughts","floor":10},{"not_picked":["hubris:Fate","ReplayTheSpireMod:Black Plague"],"picked":"ReplayTheSpireMod:Book of Names","floor":12},{"not_picked":["somnambulantmod: Pinch","somnambulantmod: PillowFort"],"picked":"somnambulantmod: Stimulus","floor":15}],"player_experience":371760,"relics_obtained":[{"floor":6,"key":"Art of War"},{"floor":7,"key":"Juzu Bracelet"}],"event_choices":[{"damage_healed":0,"gold_gain":0,"player_choice":"Success","damage_taken":18,"relics_obtained":["Replay:Bottled Flurry"],"max_hp_gain":0,"max_hp_loss":0,"event_name":"Scrap Ooze","floor":3,"gold_loss":0},{"damage_healed":68,"gold_gain":0,"player_choice":"Full Heal","damage_taken":0,"max_hp_gain":0,"max_hp_loss":0,"event_name":"Wheel of Change","floor":8,"gold_loss":0}],"is_beta":false,"boss_relics":[],"items_purged_floors":[],"is_endless":false,"potions_floor_spawned":[6,15],"killed_by":"downfall:Defect","ascension_level":0}}