{"host":"jggt5i9rbuoqvque","time":1610564622,"event":{"mods":["BaseMod","Colored Map","Minty Spire (QoL Compilation)","StSLib"],"gold_per_floor":[110,110,126,145,145,186,186,206,206,16,16,16,16],"floor_reached":12,"language":"KOR","playtime":201,"items_purged":["Strike_R"],"score":105,"play_id":"3c1bb344-13d8-4761-95c8-c680e78b4876","local_time":"20210114040342","is_ascension_mode":true,"campfire_choices":[{"floor":7,"key":"REST"},{"data":"Wild Strike","floor":11,"key":"SMITH"}],"circlet_count":0,"master_deck":["Strike_R","Strike_R","Strike_R","Defend_R","Defend_R","Defend_R","Defend_R","Bash","Cleave","Wild Strike+1","Ghostly Armor+1"],"relics":["Burning Blood","NeowsBlessing","Golden Idol","Toxic Egg 2","Darkstone Periapt","Membership Card"],"acts_visited":["Exordium"],"potions_floor_usage":[6],"damage_taken":[{"damage":0,"enemies":"2 Louse","floor":1,"turns":1},{"damage":0,"enemies":"Cultist","floor":3,"turns":1},{"damage":0,"enemies":"Jaw Worm","floor":4,"turns":1},{"damage":55,"enemies":"Lagavulin","floor":6,"turns":7},{"damage":8,"enemies":"Gremlin Gang","floor":8,"turns":8},{"damage":48,"enemies":"Gremlin Nob","floor":12,"turns":4}],"seed_played":"-4976245826826192209","potions_obtained":[{"floor":1,"key":"Ancient Potion"}],"is_trial":false,"path_per_floor":["M","?","M","M","?","E","R","M","T","$","R","E"],"character_chosen":"IRONCLAD","items_purchased":["Membership Card"],"campfire_rested":1,"item_purchase_floors":[10],"current_hp_per_floor":[78,78,80,80,60,11,35,33,33,33,33,0,0],"gold":16,"neow_bonus":"THREE_ENEMY_KILL","is_daily":false,"chose_seed":false,"campfire_upgraded":1,"win_rate":0.0,"timestamp":1610564622,"path_taken":["M","?","M","?","?","E","R","M","T","$","R","E"],"items_purchased_type":["Relic"],"build_version":"2020-12-22","purchased_purges":1,"victory":false,"max_hp_per_floor":[80,80,80,80,80,80,80,80,80,80,80,80,80],"card_choices":[{"not_picked":["Second Wind","Combust"],"picked":"Cleave","floor":1},{"not_picked":["Reckless Charge","Wild Strike","Clash"],"picked":"SKIP","floor":3},{"not_picked":["Reckless Charge","Wild Strike","Clash"],"picked":"SKIP","floor":3},{"not_picked":["Entrench","Uppercut","Clash"],"picked":"SKIP","floor":4},{"not_picked":["Blood for Blood","Second Wind+1"],"picked":"Ghostly Armor+1","floor":6},{"not_picked":["Body Slam","Clothesline","Dark Embrace"],"picked":"SKIP","floor":8}],"player_experience":329539,"relics_obtained":[{"floor":6,"key":"Toxic Egg 2"},{"floor":9,"key":"Darkstone Periapt"}],"event_choices":[{"damage_healed":0,"gold_gain":0,"cards_transformed":["Strike_R"],"player_choice":"Transformed","damage_taken":0,"max_hp_gain":0,"max_hp_loss":0,"event_name":"Transmorgrifier","floor":2,"gold_loss":0,"cards_obtained":["Wild Strike"]},{"damage_healed":0,"gold_gain":0,"player_choice":"Take Damage","damage_taken":20,"relics_obtained":["Golden Idol"],"max_hp_gain":0,"max_hp_loss":0,"event_name":"Golden Idol","floor":5,"gold_loss":0}],"is_beta":false,"boss_relics":[],"items_purged_floors":[10],"is_endless":false,"potions_floor_spawned":[1],"killed_by":"Gremlin Nob","ascension_level":7}}