{"host":"jrabe6kr1404ya9q","time":1610518745,"event":{"mods":["BaseMod","Colored Map","Minty Spire (QoL Compilation)","StSLib"],"gold_per_floor":[110,125,142,156,156,156,489,503,503,519,20,54,54,83,83,157,157,172,186,186,200,125,125,160,160,160,170,184,184,194,28,28,100,100,114,114,164,164,7,7,38,38,114,114,114,124,151,167,167,167,167],"floor_reached":50,"playtime":29868,"items_purged":["Strike_G"],"score":1280,"play_id":"304ef3a3-0d4e-446d-b83a-3558ba2c8935","local_time":"20210113001905","is_ascension_mode":true,"campfire_choices":[{"data":"Poisoned Stab","floor":6.0,"key":"SMITH"},{"floor":13.0,"key":"REST"},{"data":"Catalyst","floor":15.0,"key":"SMITH"},{"floor":23.0,"key":"REST"},{"data":"After Image","floor":25.0,"key":"SMITH"},{"data":"Well Laid Plans","floor":29.0,"key":"SMITH"},{"data":"Noxious Fumes","floor":32.0,"key":"SMITH"},{"data":"Corpse Explosion","floor":40,"key":"SMITH"},{"floor":42,"key":"REST"},{"floor":44,"key":"RECALL"},{"floor":49,"key":"REST"}],"circlet_count":0,"master_deck":["AscendersBane","Survivor","Neutralize","After Image+1","Deadly Poison","Poisoned Stab+1","Bouncing Flask","Deflect","Catalyst+1","Venomology","Corpse Explosion+1","PiercingWail","Endless Agony","Dodge and Roll","Dodge and Roll","Noxious Fumes+1","Caltrops","Backflip","Dagger Spray+1","PiercingWail","Well Laid Plans+1","Tools of the Trade","Catalyst+1","After Image","Outmaneuver+1","Dodge and Roll+1","Concentrate+1","Reflex+1","PiercingWail","Cloak And Dagger","Prepared+1"],"relics":["Ring of the Snake","Old Coin","Lantern","Kunai","Sling","MealTicket","Mummified Hand","Pandora\u0027s Box","Strawberry","Letter Opener","DollysMirror","Astrolabe","Torii","Potion Belt","The Courier","White Beast Statue"],"acts_visited":["Exordium","TheCity","TheBeyond"],"potions_floor_usage":[37,37,37,41,41,46,47,47,47,48,50,50,50,50],"damage_taken":[{"damage":1.0,"enemies":"Cultist","floor":1.0,"turns":5.0},{"damage":0.0,"enemies":"2 Louse","floor":2.0,"turns":4.0},{"damage":7.0,"enemies":"Small Slimes","floor":3.0,"turns":3.0},{"damage":0.0,"enemies":"2 Fungi Beasts","floor":4.0,"turns":4.0},{"damage":27.0,"enemies":"3 Sentries","floor":7.0,"turns":13.0},{"damage":7.0,"enemies":"Exordium Wildlife","floor":8.0,"turns":5.0},{"damage":2.0,"enemies":"3 Louse","floor":10.0,"turns":3.0},{"damage":8.0,"enemies":"Gremlin Nob","floor":12.0,"turns":3.0},{"damage":1.0,"enemies":"Lagavulin","floor":14.0,"turns":4.0},{"damage":0.0,"enemies":"The Guardian","floor":16.0,"turns":6.0},{"damage":0.0,"enemies":"Spheric Guardian","floor":18.0,"turns":3.0},{"damage":12.0,"enemies":"Shell Parasite","floor":19.0,"turns":4.0},{"damage":2.0,"enemies":"Snake Plant","floor":21.0,"turns":3.0},{"damage":0.0,"enemies":"Gremlin Leader","floor":24.0,"turns":6.0},{"damage":0.0,"enemies":"Centurion and Healer","floor":27.0,"turns":5.0},{"damage":0.0,"enemies":"Snecko","floor":28.0,"turns":5.0},{"damage":26.0,"enemies":"Chosen and Byrds","floor":30.0,"turns":7.0},{"damage":15.0,"enemies":"Champ","floor":33.0,"turns":6.0},{"damage":7.0,"enemies":"3 Darklings","floor":35.0,"turns":4.0},{"damage":30,"enemies":"2 Orb Walkers","floor":37,"turns":3},{"damage":24,"enemies":"Nemesis","floor":41,"turns":5},{"damage":0,"enemies":"3 Shapes","floor":46,"turns":4},{"damage":8,"enemies":"Giant Head","floor":47,"turns":6},{"damage":0,"enemies":"Transient","floor":48,"turns":6},{"damage":46,"enemies":"Awakened One","floor":50,"turns":9}],"seed_played":"7908413493738527924","potions_obtained":[{"floor":1.0,"key":"ColorlessPotion"},{"floor":2.0,"key":"Dexterity Potion"},{"floor":8.0,"key":"Poison Potion"},{"floor":18.0,"key":"Block Potion"},{"floor":27.0,"key":"GhostInAJar"},{"floor":28.0,"key":"Dexterity Potion"},{"floor":33.0,"key":"SkillPotion"},{"floor":35.0,"key":"GamblersBrew"},{"floor":37,"key":"SkillPotion"},{"floor":48,"key":"GhostInAJar"}],"is_trial":false,"path_per_floor":["M","M","M","M","?","R","E","M","T","M","$","E","R","E","R","B",null,"M","M","?","M","?","R","E","R","T","M","M","R","M","$","R","B",null,"M","?","?","?","$","R","E","R","T","R","?","M","E","M","R","B"],"character_chosen":"THE_SILENT","items_purchased":["Kunai","Sling","DollysMirror","Potion Belt"],"campfire_rested":4,"item_purchase_floors":[11,11,31,39],"current_hp_per_floor":[58,58,51,51,51,51,24,17,17,15,15,7,26,25,25,25,56,56,44,26,24,24,45,52,52,52,52,52,52,26,41,41,26,65,58,58,28,28,43,43,19,42,42,42,42,42,34,34,57,11,11],"gold":167,"neow_bonus":"ONE_RANDOM_RARE_CARD","is_daily":false,"chose_seed":false,"campfire_upgraded":6,"win_rate":0.0,"timestamp":1610518745,"path_taken":["M","?","M","M","?","R","E","?","T","M","$","E","R","E","R","BOSS","M","M","?","M","?","R","E","R","T","M","M","R","M","$","R","BOSS","M","?","?","?","$","R","E","R","T","R","?","M","E","?","R","BOSS"],"items_purchased_type":["Relic","Relic","Relic","Relic"],"build_version":"2020-12-22","purchased_purges":1,"victory":false,"max_hp_per_floor":[66,66,66,66,66,66,66,66,66,66,66,66,66,66,66,66,66,66,66,71,71,71,71,78,78,78,78,78,78,78,78,78,78,78,78,78,78,78,78,78,78,78,78,78,78,78,78,78,78,78,78],"card_choices":[{"not_picked":["Terror","Blade Dance"],"picked":"Flechettes","floor":1.0},{"not_picked":["Deflect","Blade Dance"],"picked":"Deadly Poison","floor":2.0},{"not_picked":["Underhanded Strike","Backflip"],"picked":"Skewer","floor":3.0},{"not_picked":["Deflect","Dagger Throw"],"picked":"Poisoned Stab","floor":4.0},{"not_picked":["Blade Dance","Concentrate","Acrobatics"],"picked":"SKIP","floor":7.0},{"not_picked":["All Out Attack","Flying Knee"],"picked":"Bouncing Flask","floor":8.0},{"not_picked":["Reflex","Acrobatics"],"picked":"Deflect","floor":10.0},{"not_picked":["Acrobatics","Terror"],"picked":"Catalyst","floor":12.0},{"not_picked":["Expertise","Deadly Poison"],"picked":"Venomology","floor":14.0},{"not_picked":["Storm of Steel","Die Die Die"],"picked":"Corpse Explosion","floor":16.0},{"not_picked":["Outmaneuver","Expertise"],"picked":"Backflip","floor":18.0},{"not_picked":["Dodge and Roll","Reflex"],"picked":"Dagger Spray+1","floor":19.0},{"not_picked":["Sucker Punch","Deadly Poison+1","Slice"],"picked":"SKIP","floor":21.0},{"not_picked":["Blade Dance","Setup"],"picked":"PiercingWail","floor":24.0},{"not_picked":["Dash","Noxious Fumes"],"picked":"Well Laid Plans","floor":27.0},{"not_picked":["Finisher","Bane+1"],"picked":"Tools of the Trade","floor":28.0},{"not_picked":["Blade Dance","Quick Slash","Sucker Punch"],"picked":"SKIP","floor":30.0},{"not_picked":["Corpse Explosion","Unload"],"picked":"After Image","floor":33.0},{"not_picked":["Eviscerate","Well Laid Plans"],"picked":"Reflex+1","floor":35.0},{"not_picked":["Bouncing Flask","Backflip"],"picked":"PiercingWail","floor":37},{"not_picked":["Blade Dance","Phantasmal Killer"],"picked":"Cloak And Dagger","floor":41},{"not_picked":["Underhanded Strike","Sucker Punch+1"],"picked":"Prepared+1","floor":46},{"not_picked":["Slice+1","Flying Knee","Outmaneuver"],"picked":"SKIP","floor":47},{"not_picked":["Noxious Fumes","Dagger Throw","Cloak And Dagger"],"picked":"SKIP","floor":48}],"player_experience":1266405,"relics_obtained":[{"floor":7.0,"key":"Old Coin"},{"floor":9.0,"key":"Lantern"},{"floor":12.0,"key":"MealTicket"},{"floor":14.0,"key":"Mummified Hand"},{"floor":24.0,"key":"Strawberry"},{"floor":26.0,"key":"Letter Opener"},{"floor":37,"key":"Torii"},{"floor":41,"key":"The Courier"},{"floor":47,"key":"White Beast Statue"}],"event_choices":[{"cards_removed":["Strike_G"],"damage_healed":0.0,"max_hp_gain":0.0,"max_hp_loss":0.0,"gold_gain":0.0,"event_name":"Wheel of Change","player_choice":"Card Removal","floor":5.0,"gold_loss":0.0,"damage_taken":0.0},{"damage_healed":0.0,"max_hp_gain":5.0,"max_hp_loss":0.0,"gold_gain":0.0,"event_name":"Forgotten Altar","player_choice":"Shed Blood","floor":20.0,"gold_loss":0.0,"damage_taken":23.0},{"cards_removed":["Reflex"],"damage_healed":0.0,"max_hp_gain":0.0,"max_hp_loss":0.0,"gold_gain":0.0,"event_name":"Beggar","player_choice":"Gave Gold","floor":22.0,"gold_loss":75.0,"damage_taken":0.0},{"damage_healed":0.0,"max_hp_gain":0.0,"max_hp_loss":0.0,"gold_gain":0.0,"event_name":"SensoryStone","player_choice":"Memory 1","floor":36.0,"gold_loss":0.0,"damage_taken":0.0},{"damage_healed":0,"gold_gain":0,"player_choice":"Fight","damage_taken":0,"max_hp_gain":0,"max_hp_loss":0,"event_name":"Mysterious Sphere","floor":37,"gold_loss":0},{"damage_healed":0,"gold_gain":0,"player_choice":"Ignored","damage_taken":0,"max_hp_gain":0,"max_hp_loss":0,"event_name":"Tomb of Lord Red Mask","floor":38,"gold_loss":0},{"damage_healed":0,"gold_gain":0,"player_choice":"Ignored","damage_taken":0,"max_hp_gain":0,"max_hp_loss":0,"event_name":"SecretPortal","floor":45,"gold_loss":0}],"is_beta":false,"boss_relics":[{"not_picked":["HoveringKite","Busted Crown"],"picked":"Pandora\u0027s Box"},{"not_picked":["Tiny House","Calling Bell"],"picked":"Astrolabe"}],"items_purged_floors":[11],"is_endless":false,"potions_floor_spawned":[1,2,8,10,18,27,28,33,35,37,48],"killed_by":"Awakened One","ascension_level":20}}