{"host":"3l94tha3a4jgu0q4","time":1610512643,"event":{"mods":["2.2 Compatiblity","AchievementEnabler","BaseMod","Colored Map","Colored Powertips","Highlight Path","Minty Spire (QoL Compilation)","Permanent Neow","StSLib","SuperFastMode","The IronCluck","slay the spire mod where everything is the same but ironclad has a cowboy hat"],"gold_per_floor":[99,99,99,99,99,99,99,99,99,99,99,99,99],"floor_reached":12,"language":"ENG","playtime":1750,"items_purged":[],"score":140,"play_id":"8c422782-6f13-4664-a338-bae12cd56f8c","local_time":"20210112203723","is_ascension_mode":true,"campfire_choices":[{"data":"Eruption","floor":6,"key":"SMITH"},{"data":"MentalFortress","floor":10,"key":"SMITH"}],"circlet_count":0,"master_deck":["AscendersBane","Strike_P","Strike_P","Strike_P","Defend_P","Defend_P","Defend_P","Defend_P","Eruption+1","Vigilance","MentalFortress+1","Crescendo","EmptyBody","LikeWater","FlurryOfBlows"],"relics":["Ectoplasm","Akabeko","Blood Vial","Lantern"],"acts_visited":["Exordium"],"potions_floor_usage":[5,7],"damage_taken":[{"damage":0,"enemies":"Jaw Worm","floor":1,"turns":5},{"damage":4,"enemies":"Small Slimes","floor":2,"turns":4},{"damage":0,"enemies":"Cultist","floor":5,"turns":2},{"damage":24,"enemies":"Lagavulin","floor":7,"turns":8},{"damage":0,"enemies":"Large Slime","floor":11,"turns":5},{"damage":30,"enemies":"Gremlin Nob","floor":12,"turns":3}],"seed_played":"-3281176626226745160","potions_obtained":[{"floor":2,"key":"Swift Potion"},{"floor":4,"key":"AttackPotion"},{"floor":5,"key":"Weak Potion"}],"is_trial":false,"path_per_floor":["M","M","?","?","M","R","E","?","T","R","M","E"],"character_chosen":"WATCHER","items_purchased":[],"campfire_rested":0,"item_purchase_floors":[],"current_hp_per_floor":[61,57,50,50,50,50,26,26,26,26,28,0,0],"gold":99,"neow_bonus":"BOSS_RELIC","is_daily":false,"chose_seed":false,"campfire_upgraded":2,"win_rate":0.0,"timestamp":1610512643,"path_taken":["M","M","?","?","?","R","E","?","T","R","?","E"],"items_purchased_type":[],"build_version":"2020-12-22","purchased_purges":0,"victory":false,"max_hp_per_floor":[68,68,68,68,68,68,68,68,68,68,68,68,68],"card_choices":[{"not_picked":["FlurryOfBlows","Worship"],"picked":"MentalFortress","floor":1},{"not_picked":["ReachHeaven","SashWhip"],"picked":"Crescendo","floor":2},{"not_picked":["BowlingBash","Halt"],"picked":"EmptyBody","floor":5},{"not_picked":["EmptyBody","ThirdEye"],"picked":"LikeWater","floor":7},{"not_picked":["JustLucky","Crescendo"],"picked":"FlurryOfBlows","floor":11}],"player_experience":1941711,"relics_obtained":[{"floor":7,"key":"Akabeko"},{"floor":9,"key":"Lantern"}],"event_choices":[{"cards_removed":["Strike_P"],"damage_healed":0,"gold_gain":0,"player_choice":"Card Removal","damage_taken":7,"max_hp_gain":0,"max_hp_loss":0,"event_name":"Golden Wing","floor":3,"gold_loss":0},{"damage_healed":0,"gold_gain":0,"player_choice":"Got Potions","damage_taken":0,"max_hp_gain":0,"max_hp_loss":0,"event_name":"Lab","floor":4,"gold_loss":0},{"damage_healed":0,"gold_gain":0,"player_choice":"Gave Potion","damage_taken":0,"relics_obtained":["Blood Vial"],"max_hp_gain":0,"max_hp_loss":0,"event_name":"WeMeetAgain","floor":8,"gold_loss":0}],"is_beta":false,"boss_relics":[],"items_purged_floors":[],"is_endless":false,"potions_floor_spawned":[2,5],"killed_by":"Gremlin Nob","ascension_level":16}}