{"host":"3qkmyeoym75lj4wn","time":1610565439,"event":{"mods":["2.2 Compatiblity","BaseMod","Block Reminder","Colored Powertips","Highlight Path","Minty Spire (QoL Compilation)","Permanent Neow","Potion Indicator Mod","Rare Cards Sparkle","Relic Stats","StSLib","Unceasing Turn Reminder"],"gold_per_floor":[114,189,189,18,18,18,37,56,56,56,7,26,26,64,64,189,189,208,50,69,69,69,107,107,145,195,195,145,170,189,198,198,332,395,414,423,442,242,242,42,42,103,112,131,150,150,169,188,188,197],"floor_reached":51,"language":"ENG","playtime":882,"items_purged":["Injury","Pain","Pain","Regret"],"score":1031,"play_id":"ee57f9f8-2b5f-4efb-9436-2bca44f1dd0f","local_time":"20210113191719","daily_mods":["Cursed Run","Vintage","Lethality"],"is_ascension_mode":false,"campfire_choices":[{"data":"Eruption","floor":6,"key":"SMITH"},{"data":"BowlingBash","floor":10,"key":"SMITH"},{"data":"FlyingSleeves","floor":15,"key":"SMITH"},{"floor":24,"key":"REST"},{"data":"TalkToTheHand","floor":27,"key":"SMITH"},{"data":"Adaptation","floor":32,"key":"SMITH"},{"data":"Consecrate","floor":41,"key":"SMITH"},{"data":"Strike_P","floor":46,"key":"SMITH"},{"floor":49,"key":"REST"}],"circlet_count":0,"master_deck":["Strike_P","Strike_P+1","Strike_P","Strike_P+1","Defend_P","Defend_P","Defend_P","Defend_P+1","Eruption+1","Vigilance+1","BowlingBash+1","FlyingSleeves+1","Injury","Consecrate+1","Prostrate+1","Doubt","LessonLearned","Ragnarok+1","LikeWater","TalkToTheHand+1","Regret","Adaptation+1","Decay","Injury","Normality"],"relics":["Cursed Key","Darkstone Periapt","Du-Vu Doll","Pen Nib","Golden Idol","Happy Flower","PreservedInsect","Meat on the Bone","Potion Belt","White Beast Statue","Bottled Flame","SacredBark","Orichalcum","Blue Candle","Smiling Mask","War Paint","Blood Vial","CeramicFish","Pantograph","Tiny House","Gremlin Horn","Centennial Puzzle","PrismaticShard","Lantern","Ginger","InkBottle","Bronze Scales","Juzu Bracelet","Dream Catcher","Bag of Marbles"],"acts_visited":["Exordium","TheCity","TheBeyond"],"potions_floor_usage":[33,42,50,50,50,50,50],"damage_taken":[{"damage":0,"enemies":"Cultist","floor":1,"turns":2},{"damage":0,"enemies":"Jaw Worm","floor":7,"turns":2},{"damage":0,"enemies":"2 Louse","floor":8,"turns":1},{"damage":16,"enemies":"Exordium Thugs","floor":12,"turns":2},{"damage":0,"enemies":"Gremlin Nob","floor":14,"turns":1},{"damage":3,"enemies":"Slime Boss","floor":16,"turns":3},{"damage":16,"enemies":"Shell Parasite","floor":18,"turns":2},{"damage":0,"enemies":"Spheric Guardian","floor":20,"turns":1},{"damage":19,"enemies":"Slavers","floor":23,"turns":2},{"damage":0,"enemies":"Gremlin Leader","floor":25,"turns":1},{"damage":3,"enemies":"Snecko","floor":30,"turns":2},{"damage":1,"enemies":"Collector","floor":33,"turns":2},{"damage":21,"enemies":"Orb Walker","floor":35,"turns":2},{"damage":1,"enemies":"3 Darklings","floor":37,"turns":1},{"damage":0,"enemies":"2 Orb Walkers","floor":42,"turns":1},{"damage":12,"enemies":"Writhing Mass","floor":44,"turns":2},{"damage":2,"enemies":"Jaw Worm Horde","floor":45,"turns":1},{"damage":37,"enemies":"Maw","floor":47,"turns":3},{"damage":4,"enemies":"3 Darklings","floor":48,"turns":2},{"damage":36,"enemies":"Donu and Deca","floor":50,"turns":4}],"seed_played":"-4624312993155624390","potions_obtained":[{"floor":7,"key":"FearPotion"},{"floor":8,"key":"StancePotion"},{"floor":14,"key":"Ancient Potion"},{"floor":16,"key":"Weak Potion"},{"floor":18,"key":"GamblersBrew"},{"floor":20,"key":"PowerPotion"},{"floor":33,"key":"ColorlessPotion"},{"floor":37,"key":"ColorlessPotion"},{"floor":42,"key":"Block Potion"}],"is_trial":false,"path_per_floor":["M","?","?","$","$","R","M","M","T","R","$","M","T","E","R","B",null,"M","$","M","$","?","E","R","E","T","R","$","T","M","?","R","B",null,"M","?","M","$","?","$","R","?","T","M","M","R","M","M","R","B",null],"character_chosen":"WATCHER","items_purchased":["BowlingBash","FlyingSleeves","Consecrate","Ragnarok","PrismaticShard","Lantern"],"campfire_rested":2,"item_purchase_floors":[4,4,11,19,38,40],"current_hp_per_floor":[72,61,67,67,67,67,67,67,73,73,73,57,63,63,63,66,96,80,80,80,80,80,61,89,89,95,95,95,101,100,100,100,113,119,98,104,105,105,105,105,105,107,113,103,103,103,68,66,105,101],"gold":197,"neow_bonus":"","is_daily":true,"chose_seed":false,"campfire_upgraded":7,"win_rate":0.0,"timestamp":1610565439,"path_taken":["M","?","?","?","$","R","M","M","T","R","$","M","?","E","R","BOSS","M","$","M","$","?","E","R","E","T","R","?","?","M","?","R","BOSS","M","?","?","$","?","$","R","?","T","M","M","R","M","M","R","BOSS"],"items_purchased_type":["Card","Card","Card","Card","Relic","Relic"],"build_version":"2020-12-22","purchased_purges":4,"victory":true,"max_hp_per_floor":[72,72,78,78,78,78,78,78,84,84,84,84,90,90,90,96,96,96,96,96,96,96,96,96,96,102,102,102,108,108,108,108,114,119,119,125,125,125,125,125,125,125,131,131,131,131,131,131,131,137],"relic_stats":{"Darkstone Periapt":60,"Happy Flower":[11],"Gremlin Horn":[7,7],"counters":[20,37],"Golden Idol":172,"Blue Candle":[23],"CeramicFish":45,"Pen Nib":[8],"PreservedInsect":106,"Juzu Bracelet":0,"Ginger":[5],"Orichalcum":[12],"War Paint":["Defend_P","Vigilance"],"Cursed Key":5,"Smiling Mask":225,"Blood Vial":15,"Centennial Puzzle":[15],"Dream Catcher":1,"Pantograph":33,"Bronze Scales":[15],"obtain_stats":[{"Darkstone Periapt":0,"Lantern":40,"Tiny House":34,"Gremlin Horn":35,"SacredBark":17,"CeramicFish":29,"Juzu Bracelet":45,"Ginger":42,"Cursed Key":0,"Smiling Mask":23,"PrismaticShard":38,"Blood Vial":26,"Centennial Puzzle":37,"Dream Catcher":47,"Pantograph":30,"InkBottle":43,"Potion Belt":12,"Happy Flower":7,"Golden Idol":3,"Blue Candle":20,"Pen Nib":1,"PreservedInsect":8,"Orichalcum":18,"War Paint":25,"White Beast Statue":13,"Du-Vu Doll":0,"Bottled Flame":14,"Bronze Scales":44,"Bag of Marbles":48,"Meat on the Bone":9},{"Darkstone Periapt":0,"Lantern":14,"Tiny House":12,"Gremlin Horn":13,"SacredBark":6,"CeramicFish":10,"Juzu Bracelet":17,"Ginger":15,"Cursed Key":0,"Smiling Mask":9,"PrismaticShard":14,"Blood Vial":10,"Centennial Puzzle":14,"Dream Catcher":18,"Pantograph":11,"InkBottle":15,"Potion Belt":4,"Happy Flower":2,"Golden Idol":1,"Blue Candle":8,"Pen Nib":1,"PreservedInsect":3,"Orichalcum":7,"War Paint":10,"White Beast Statue":4,"Du-Vu Doll":0,"Bottled Flame":5,"Bronze Scales":16,"Bag of Marbles":19,"Meat on the Bone":3},{"Darkstone Periapt":0,"Lantern":24,"Tiny House":21,"Gremlin Horn":23,"SacredBark":11,"CeramicFish":17,"Juzu Bracelet":28,"Ginger":25,"Cursed Key":0,"Smiling Mask":16,"PrismaticShard":24,"Blood Vial":17,"Centennial Puzzle":24,"Dream Catcher":31,"Pantograph":19,"InkBottle":25,"Potion Belt":7,"Happy Flower":4,"Golden Idol":2,"Blue Candle":14,"Pen Nib":2,"PreservedInsect":5,"Orichalcum":13,"War Paint":17,"White Beast Statue":7,"Du-Vu Doll":0,"Bottled Flame":8,"Bronze Scales":27,"Bag of Marbles":33,"Meat on the Bone":5}],"InkBottle":[6],"Meat on the Bone":0},"card_choices":[{"not_picked":["SashWhip","Meditate"],"picked":"Prostrate","floor":14},{"not_picked":["Wish","MasterReality"],"picked":"LessonLearned","floor":16},{"not_picked":["EmptyMind","SashWhip"],"picked":"LikeWater","floor":23},{"not_picked":["Meditate","JustLucky+1"],"picked":"TalkToTheHand","floor":25}],"player_experience":1674511,"relics_obtained":[{"floor":1,"key":"Pen Nib"},{"floor":7,"key":"Happy Flower"},{"floor":8,"key":"PreservedInsect"},{"floor":9,"key":"Meat on the Bone"},{"floor":12,"key":"Potion Belt"},{"floor":13,"key":"White Beast Statue"},{"floor":14,"key":"Bottled Flame"},{"floor":18,"key":"Orichalcum"},{"floor":20,"key":"Blue Candle"},{"floor":23,"key":"Smiling Mask"},{"floor":25,"key":"War Paint"},{"floor":26,"key":"Blood Vial"},{"floor":29,"key":"CeramicFish"},{"floor":30,"key":"Pantograph"},{"floor":35,"key":"Gremlin Horn"},{"floor":37,"key":"Centennial Puzzle"},{"floor":42,"key":"Ginger"},{"floor":43,"key":"InkBottle"},{"floor":44,"key":"Bronze Scales"},{"floor":45,"key":"Juzu Bracelet"},{"floor":47,"key":"Dream Catcher"},{"floor":48,"key":"Bag of Marbles"}],"event_choices":[{"damage_healed":0,"gold_gain":75,"player_choice":"Gather Gold","damage_taken":11,"max_hp_gain":0,"max_hp_loss":0,"event_name":"World of Goop","floor":2,"gold_loss":0},{"damage_healed":0,"gold_gain":0,"player_choice":"Take Wound","damage_taken":0,"relics_obtained":["Golden Idol"],"max_hp_gain":0,"max_hp_loss":0,"event_name":"Golden Idol","floor":3,"gold_loss":0,"cards_obtained":["Injury"]},{"damage_healed":0,"gold_gain":0,"player_choice":"Forge","damage_taken":0,"max_hp_gain":0,"max_hp_loss":0,"event_name":"Accursed Blacksmith","floor":22,"gold_loss":0,"cards_upgraded":["Ragnarok"]},{"damage_healed":0,"gold_gain":0,"player_choice":"Read","damage_taken":0,"max_hp_gain":0,"max_hp_loss":0,"event_name":"The Library","floor":31,"gold_loss":0,"cards_obtained":["Adaptation"]},{"damage_healed":0,"gold_gain":0,"player_choice":"Cursed","damage_taken":0,"max_hp_gain":0,"max_hp_loss":0,"event_name":"Wheel of Change","floor":36,"gold_loss":0,"cards_obtained":["Decay"]},{"damage_healed":0,"gold_gain":0,"player_choice":"Memory 1","damage_taken":0,"max_hp_gain":0,"max_hp_loss":0,"event_name":"SensoryStone","floor":39,"gold_loss":0},{"damage_healed":0,"gold_gain":0,"player_choice":"Fight","damage_taken":0,"max_hp_gain":0,"max_hp_loss":0,"event_name":"Mysterious Sphere","floor":42,"gold_loss":0}],"is_beta":false,"boss_relics":[{"not_picked":["Ectoplasm","Empty Cage"],"picked":"SacredBark"},{"not_picked":["Black Star","Velvet Choker"],"picked":"Tiny House"}],"items_purged_floors":[4,28,38,40],"is_endless":false,"potions_floor_spawned":[7,8,14,16,18,20,23,25,30,33,35,37,42,44,45,47,48],"ascension_level":0}}