{"host":"67w4bo1ws77yotej","time":1610509214,"event":{"mods":["AchievementEnabler","Arknights The Spire","Aspiration","BaseMod","Beaked The Cultist","BetterRewards","Conspire","Downfall","Ekko","Energized Spire","Friendly Minions","Gremlin Mod","Halation","Hero for Fun","Hubris","Infinite Spire","Kiyohime????","Minty Spire (QoL Compilation)","READ ME - Guardian Mod","READ ME - Snecko Mod","Spicy Shops","StSLib","The Forsaken","The Jungle","The Wild Card","TheHero","vexMod"],"gold_per_floor":[99,110,110,110,110,110,110,120,120,150,150,165,183,208,224,224,224],"floor_reached":16,"language":"ENG","playtime":1112,"items_purged":[],"score":110,"play_id":"6840b36f-6335-4ba0-a01f-af005e936fa5","local_time":"20210113044014","is_ascension_mode":false,"campfire_choices":[{"data":"KiyohimeMod:Shapeshift","floor":1,"key":"SMITH"},{"data":"hubris:InfiniteBlow","floor":11,"key":"SMITH"}],"circlet_count":0,"master_deck":["KiyohimeMod:Strike","KiyohimeMod:Strike","KiyohimeMod:Strike+1","KiyohimeMod:Defend","KiyohimeMod:Defend+1","KiyohimeMod:Defend","KiyohimeMod:Defend","KiyohimeMod:Track","KiyohimeMod:FlameKiss+1","KiyohimeMod:Shapeshift+1","KiyohimeMod:BeastOfBillows","hubris:InfiniteBlow+1","Regret","KiyohimeMod:AndSoTheShipConquers","KiyohimeMod:BlueBlackKey","KiyohimeMod:ExSpicyMapoTofu","KiyohimeMod:BeElegant","KiyohimeMod:Grimoire","KiyohimeMod:RedBlackKey"],"relics":["KiyohimeMod:FireDragon","vexMod:InvisibilityCloak","aspiration:Lifesprig","Eternal Feather","hubris:OldNail"],"acts_visited":["Exordium"],"potions_floor_usage":[16,16,16,16,16,16],"damage_taken":[{"damage":0,"enemies":"Cultist","floor":2,"turns":3},{"damage":2,"enemies":"2 Louse","floor":8,"turns":3},{"damage":15,"enemies":"3 Sentries","floor":10,"turns":12},{"damage":4,"enemies":"Small Slimes","floor":12,"turns":2},{"damage":1,"enemies":"3 Louse","floor":13,"turns":4},{"damage":21,"enemies":"Lagavulin","floor":14,"turns":5},{"damage":8,"enemies":"Large Slime","floor":15,"turns":7},{"damage":17,"enemies":"downfall:Defect","floor":16,"turns":5}],"seed_played":"6346234648258123431","potions_obtained":[{"floor":12,"key":"Dexterity Potion"},{"floor":14,"key":"LiquidBronze"},{"floor":15,"key":"EntropicBrew"}],"is_trial":false,"path_per_floor":["R","M","?","?","?","?","T","M","T","E","R","M","M","E","M","B"],"character_chosen":"Kiyohime","items_purchased":[],"campfire_rested":0,"item_purchase_floors":[],"current_hp_per_floor":[60,60,46,46,46,46,46,44,44,29,38,34,36,18,13,0,0],"gold":224,"neow_bonus":"THREE_CARDS","is_daily":false,"chose_seed":false,"campfire_upgraded":2,"win_rate":0.0,"timestamp":1610509214,"path_taken":["R","M","?","?","?","?","T","M","?","E","R","M","M","E","M","BOSS"],"items_purchased_type":[],"build_version":"2020-12-22","purchased_purges":0,"victory":false,"max_hp_per_floor":[60,60,60,60,60,60,60,60,60,60,60,60,60,60,60,60,60],"card_choices":[{"not_picked":["KiyohimeMod:WaterTurn","KiyohimeMod:EatSoul"],"picked":"KiyohimeMod:BeastOfBillows","floor":2},{"not_picked":["infinitespire:Punishment","infinitespire:UltimateForm"],"picked":"hubris:InfiniteBlow","floor":3},{"not_picked":["KiyohimeMod:AgainstMagic","KiyohimeMod:EatSoul"],"picked":"KiyohimeMod:AndSoTheShipConquers","floor":8},{"not_picked":["KiyohimeMod:MagicCrystal","KiyohimeMod:WaterTurn"],"picked":"KiyohimeMod:BlueBlackKey","floor":10},{"not_picked":["KiyohimeMod:Berserker","KiyohimeMod:WaterTurn"],"picked":"KiyohimeMod:ExSpicyMapoTofu","floor":12},{"not_picked":["KiyohimeMod:BlueBlackKey","KiyohimeMod:RedBlackKey"],"picked":"KiyohimeMod:BeElegant","floor":13},{"not_picked":["KiyohimeMod:WaterTurn","KiyohimeMod:FormalCraft"],"picked":"KiyohimeMod:Grimoire","floor":14},{"not_picked":["KiyohimeMod:HydraDagger","KiyohimeMod:SteelTraining"],"picked":"KiyohimeMod:RedBlackKey","floor":15}],"player_experience":175200,"relics_obtained":[{"floor":7,"key":"vexMod:InvisibilityCloak"},{"floor":9,"key":"aspiration:Lifesprig"},{"floor":10,"key":"Eternal Feather"},{"floor":14,"key":"hubris:OldNail"}],"event_choices":[],"is_beta":false,"boss_relics":[],"items_purged_floors":[],"is_endless":false,"potions_floor_spawned":[12,14,15],"killed_by":"downfall:Defect","ascension_level":0}}