{"host":"r53pw7z744tg3fxg","time":1610505490,"event":{"mods":["AchievementEnabler","BaseMod","Colored Map","Colored Powertips","Highlight Path","Minty Spire (QoL Compilation)","Quick Restart","Transform Curses"],"gold_per_floor":[116,34,34,34,34,69,69,99,145,162,162,16,35,46,46,123,123,134,134,149,168,186,186,215,215,262,295,309,323,323,333,333,410,410,426,5,5,5,5,5,5],"floor_reached":40,"language":"ENG","playtime":1764,"items_purged":[],"score":840,"play_id":"b353a76d-0c82-47eb-b11a-6c4baafe0c28","local_time":"20210112193810","is_ascension_mode":true,"campfire_choices":[{"floor":7.0,"key":"REST"},{"data":"Eruption","floor":11.0,"key":"SMITH"},{"data":"Bandage Up","floor":15.0,"key":"SMITH"},{"floor":23.0,"key":"REST"},{"data":"ForeignInfluence","floor":25.0,"key":"SMITH"},{"floor":30.0,"key":"REST"},{"floor":32.0,"key":"REST"}],"circlet_count":0,"master_deck":["AscendersBane","Strike_P","Strike_P","Strike_P+1","Strike_P","Defend_P","Defend_P+1","Defend_P","Defend_P+1","Eruption+1","Vigilance","Perseverance+1","Bandage Up+1","SandsOfTime","FlurryOfBlows","WheelKick","Consecrate","Protect","Devotion+1","Crescendo+1","Evaluate+1","ForeignInfluence+1","CutThroughFate","LessonLearned","Swivel+1","EmptyBody+1","Sanctity","ConjureBlade+1","ClearTheMind+1"],"relics":["PureWater","NeowsBlessing","Frozen Egg 2","Oddly Smooth Stone","Akabeko","Bag of Marbles","TheAbacus","Black Star","CultistMask","GoldenEye","Unceasing Top","Lantern","Anchor","InkBottle","Busted Crown","StrikeDummy","Nunchaku"],"acts_visited":["Exordium","TheCity","TheBeyond"],"potions_floor_usage":[],"damage_taken":[{"damage":0.0,"enemies":"2 Louse","floor":1.0,"turns":1.0},{"damage":0.0,"enemies":"Lagavulin","floor":6.0,"turns":1.0},{"damage":0.0,"enemies":"Gremlin Nob","floor":8.0,"turns":1.0},{"damage":1.0,"enemies":"Small Slimes","floor":10.0,"turns":3.0},{"damage":0.0,"enemies":"Cultist","floor":13.0,"turns":2.0},{"damage":3.0,"enemies":"Lots of Slimes","floor":14.0,"turns":4.0},{"damage":37.0,"enemies":"Hexaghost","floor":16.0,"turns":8.0},{"damage":16.0,"enemies":"2 Thieves","floor":18.0,"turns":4.0},{"damage":13.0,"enemies":"Shell Parasite","floor":20.0,"turns":7.0},{"damage":3.0,"enemies":"3 Cultists","floor":21.0,"turns":5.0},{"damage":15.0,"enemies":"Chosen and Byrds","floor":22.0,"turns":8.0},{"damage":0.0,"enemies":"Gremlin Leader","floor":24.0,"turns":5.0},{"damage":41.0,"enemies":"Slavers","floor":27.0,"turns":7.0},{"damage":0.0,"enemies":"Shelled Parasite and Fungi","floor":28.0,"turns":1.0},{"damage":5.0,"enemies":"Centurion and Healer","floor":29.0,"turns":3.0},{"damage":9.0,"enemies":"Cultist and Chosen","floor":31.0,"turns":6.0},{"damage":63.0,"enemies":"Champ","floor":33.0,"turns":11.0},{"damage":4.0,"enemies":"3 Darklings","floor":35.0,"turns":7.0},{"damage":67,"enemies":"Giant Head","floor":40,"turns":7}],"seed_played":"-6967771023413515013","potions_obtained":[{"floor":10.0,"key":"Fire Potion"},{"floor":13.0,"key":"Dexterity Potion"},{"floor":18.0,"key":"SteroidPotion"},{"floor":20.0,"key":"Block Potion"},{"floor":27.0,"key":"DistilledChaos"},{"floor":28.0,"key":"CultistPotion"},{"floor":31.0,"key":"FearPotion"},{"floor":35.0,"key":"FearPotion"}],"is_trial":false,"path_per_floor":["M","$","?","?","?","E","R","E","T","M","R","$","M","M","R","B",null,"M","?","M","M","M","R","E","R","T","E","M","M","R","M","R","B",null,"M","$","?","$","?","E"],"character_chosen":"WATCHER","items_purchased":["Bandage Up","TheAbacus","StrikeDummy","Nunchaku","ClearTheMind"],"campfire_rested":4,"item_purchase_floors":[2,12,36,36,36],"current_hp_per_floor":[65,65,51,39,39,39,60,60,60,63,63,63,67,68,68,37,63,53,53,46,49,40,61,67,67,67,31,31,26,47,44,65,8,56,58,58,58,58,58,0,0],"gold":5,"neow_bonus":"THREE_ENEMY_KILL","is_daily":false,"chose_seed":false,"campfire_upgraded":3,"win_rate":0.0,"timestamp":1610505490,"path_taken":["M","$","?","?","?","E","R","E","T","M","R","$","M","M","R","BOSS","M","?","?","M","M","R","E","R","T","E","M","M","R","?","R","BOSS","M","$","?","?","?","E"],"items_purchased_type":["Card","Relic","Relic","Relic","Card"],"build_version":"2020-12-22","purchased_purges":0,"victory":false,"max_hp_per_floor":[72,72,72,72,72,72,72,72,72,72,72,72,72,72,72,72,72,72,72,72,72,72,72,72,72,72,72,72,72,72,72,72,72,72,72,72,72,72,72,72,72],"card_choices":[{"not_picked":["CrushJoints","Vengeance"],"picked":"Perseverance","floor":1.0},{"not_picked":["FlurryOfBlows","Crescendo"],"picked":"SandsOfTime","floor":6.0},{"not_picked":["Worship","EmptyFist"],"picked":"FlurryOfBlows","floor":8.0},{"not_picked":["InnerPeace","Nirvana+1"],"picked":"WheelKick","floor":10.0},{"not_picked":["ThirdEye","FlyingSleeves"],"picked":"Consecrate","floor":13.0},{"not_picked":["SandsOfTime","Meditate"],"picked":"Protect","floor":14.0},{"not_picked":["Ragnarok","Wish"],"picked":"Devotion+1","floor":16.0},{"not_picked":["WheelKick","BowlingBash"],"picked":"Crescendo+1","floor":18.0},{"not_picked":["TalkToTheHand","JustLucky"],"picked":"Evaluate","floor":20.0},{"not_picked":["JustLucky","Conclude+1"],"picked":"ForeignInfluence","floor":21.0},{"not_picked":["EmptyMind","Crescendo"],"picked":"CutThroughFate","floor":22.0},{"not_picked":["CutThroughFate","Worship+1"],"picked":"LessonLearned","floor":24.0},{"not_picked":["WaveOfTheHand","Protect","LikeWater+1"],"picked":"SKIP","floor":27.0},{"not_picked":["CrushJoints","Consecrate"],"picked":"Swivel","floor":28.0},{"not_picked":["CutThroughFate","Evaluate"],"picked":"EmptyBody+1","floor":29.0},{"not_picked":["JustLucky","CutThroughFate"],"picked":"Sanctity","floor":31.0},{"not_picked":["LessonLearned","Vault"],"picked":"ConjureBlade","floor":33.0},{"not_picked":["JustLucky"],"picked":"SKIP","floor":35.0}],"player_experience":1243959,"relics_obtained":[{"floor":6.0,"key":"Oddly Smooth Stone"},{"floor":8.0,"key":"Akabeko"},{"floor":9.0,"key":"Bag of Marbles"},{"floor":24.0,"key":"GoldenEye"},{"floor":24.0,"key":"Unceasing Top"},{"floor":26.0,"key":"Lantern"},{"floor":27.0,"key":"Anchor"},{"floor":27.0,"key":"InkBottle"}],"event_choices":[{"damage_healed":0.0,"max_hp_gain":0.0,"max_hp_loss":0.0,"gold_gain":0.0,"event_name":"Shining Light","player_choice":"Entered Light","floor":3.0,"gold_loss":0.0,"damage_taken":14.0,"cards_upgraded":["Defend_P","Defend_P"]},{"damage_healed":0.0,"max_hp_gain":0.0,"max_hp_loss":0.0,"gold_gain":0.0,"event_name":"Scrap Ooze","player_choice":"Success","floor":4.0,"gold_loss":0.0,"damage_taken":12.0,"relics_obtained":["Frozen Egg 2"]},{"damage_healed":0.0,"max_hp_gain":0.0,"max_hp_loss":0.0,"gold_gain":0.0,"event_name":"Golden Wing","player_choice":"Ignored","floor":5.0,"gold_loss":0.0,"damage_taken":0.0},{"damage_healed":0.0,"max_hp_gain":0.0,"max_hp_loss":0.0,"gold_gain":0.0,"event_name":"FaceTrader","player_choice":"Trade","floor":19.0,"gold_loss":0.0,"damage_taken":0.0,"relics_obtained":["CultistMask"]},{"damage_healed":0.0,"max_hp_gain":0.0,"max_hp_loss":0.0,"gold_gain":0.0,"event_name":"Upgrade Shrine","player_choice":"Upgraded","floor":37.0,"gold_loss":0.0,"damage_taken":0.0,"cards_upgraded":["ClearTheMind"]},{"damage_healed":0.0,"max_hp_gain":0.0,"max_hp_loss":0.0,"gold_gain":0.0,"event_name":"Accursed Blacksmith","player_choice":"Forge","floor":39.0,"gold_loss":0.0,"damage_taken":0.0,"cards_upgraded":["ConjureBlade"]}],"is_beta":false,"boss_relics":[{"not_picked":["Cursed Key","SlaversCollar"],"picked":"Black Star"},{"not_picked":["Runic Pyramid","Empty Cage"],"picked":"Busted Crown"}],"items_purged_floors":[],"is_endless":false,"potions_floor_spawned":[1,10,13,14,16,18,20,27,28,31,35],"killed_by":"Giant Head","ascension_level":13}}