{"host":"okvjmyid3epuw4k5","time":1610565584,"event":{"mods":["AchievementEnabler","BaseMod","BetterRewards","Chen","Colored Map","Colored Powertips","Hubris","Koishi","KomeijiMod","Marisa????????","Minty Spire (QoL Compilation)","Remilia??????","Replay The Spire","Shop Mod","StSLib"],"gold_per_floor":[116,133,151,167,80,80,80,31,31,31,45,45,80,97,97,194,194,205,205,220,220,34,62,62,77,77,77,88,101,101,119,119,119,119],"floor_reached":33,"language":"ENG","playtime":4018,"items_purged":[],"score":294,"play_id":"25d50ac1-4a96-49fc-adf5-53c89be2841e","local_time":"20210113141944","is_ascension_mode":false,"campfire_choices":[{"data":"Chen:GlitterPoke","floor":6,"key":"SMITH"},{"data":"Chen:ResistTemptation","floor":10,"key":"SMITH"},{"data":"Chen:Adaptability","floor":12,"key":"SMITH"},{"data":"Chen:Salvo","floor":15,"key":"SMITH"},{"data":"Chen:BlueOniRedOni","floor":24,"key":"SMITH"},{"floor":27,"key":"REST"},{"floor":30,"key":"REST"},{"data":"Chen:Lacerate","floor":32,"key":"SMITH"}],"circlet_count":0,"master_deck":["Chen:Strike","Chen:Strike","Chen:Strike","Chen:Strike","Chen:Strike","Chen:Defend","Chen:Defend","Chen:Defend","Chen:Defend","Chen:PounceTurnTail","Chen:GlitterPoke+1","Chen:Barrier","Chen:Sneak","Chen:Sweep","Chen:Scratch","Chen:Adaptability+1","Chen:Spray","Chen:Spray","Chen:ResistTemptation+1","Chen:FollowUp+1","Chen:BlueOniRedOni+1","Chen:Salvo+1","Chen:Kimontonkou","Chen:Unpredictable","Chen:TauntHiss","ReplayTheSpireMod:Brewmster+1","Chen:Rush+1","Chen:Spray+1","Chen:Sweep+1","Chen:Lacerate+1"],"relics":["Chen:Catnip","NeowsBlessing","Frozen Egg 2","Oddly Smooth Stone","hubris:HollowSoul","Shuriken","Thread and Needle"],"acts_visited":["Exordium","TheCity"],"potions_floor_usage":[16,23,23,23,23,25,25,25,29,29,29,31,31,33,33,33],"damage_taken":[{"damage":0,"enemies":"Cultist","floor":1,"turns":1},{"damage":0,"enemies":"Jaw Worm","floor":2,"turns":1},{"damage":0,"enemies":"2 Louse","floor":3,"turns":1},{"damage":10,"enemies":"2 Fungi Beasts","floor":4,"turns":5},{"damage":4,"enemies":"Blue Slaver","floor":11,"turns":4},{"damage":17,"enemies":"3 Sentries","floor":13,"turns":7},{"damage":5,"enemies":"Exordium Wildlife","floor":14,"turns":4},{"damage":38,"enemies":"The Guardian","floor":16,"turns":14},{"damage":35,"enemies":"3 Byrds","floor":18,"turns":5},{"damage":16,"enemies":"Spheric Guardian","floor":20,"turns":5},{"damage":0,"enemies":"Gremlin Leader","floor":23,"turns":8},{"damage":18,"enemies":"Snecko","floor":25,"turns":5},{"damage":0,"enemies":"Snake Plant","floor":28,"turns":5},{"damage":21,"enemies":"Sentry and Sphere","floor":29,"turns":7},{"damage":7,"enemies":"Snecko","floor":31,"turns":5},{"damage":19,"enemies":"hubris:MusketHawk","floor":33,"turns":4}],"seed_played":"-352487237675630575","potions_obtained":[{"floor":3,"key":"Weak Potion"},{"floor":4,"key":"CalmPotion"},{"floor":16,"key":"EssenceOfSteel"},{"floor":18,"key":"EssenceOfSteel"},{"floor":20,"key":"Fire Potion"},{"floor":29,"key":"AttackPotion"}],"is_trial":false,"path_per_floor":["M","M","M","M","$","R","?","$","T","R","M","R","E","M","R","B",null,"M","?","M","?","$","E","R","M","T","R","M","M","R","M","R","B"],"character_chosen":"CHEN","items_purchased":["Chen:Adaptability","Chen:Spray","Chen:ResistTemptation","ReplayTheSpireMod:Brewmster+1"],"campfire_rested":2,"item_purchase_floors":[5,5,8,22],"current_hp_per_floor":[70,70,70,60,60,60,65,65,65,65,61,61,44,39,39,1,75,40,40,24,24,24,24,24,6,6,28,28,7,29,22,22,0,0],"gold":119,"neow_bonus":"THREE_ENEMY_KILL","is_daily":false,"chose_seed":false,"campfire_upgraded":6,"win_rate":0.0,"timestamp":1610565584,"path_taken":["M","?","M","M","$","R","?","?","T","R","M","R","E","M","R","BOSS","M","?","M","?","$","E","R","M","T","R","M","M","R","?","R","BOSS"],"items_purchased_type":["Card","Card","Card","Card"],"build_version":"2020-12-22","purchased_purges":0,"victory":false,"max_hp_per_floor":[70,70,70,70,70,70,75,75,75,75,75,75,75,75,75,75,75,75,75,75,75,75,75,75,75,75,75,75,75,75,75,75,75,75],"card_choices":[{"not_picked":["Chen:Fadeout","Chen:Tear"],"picked":"Chen:Barrier","floor":1},{"not_picked":["Chen:Sidestep","Chen:Frivolous"],"picked":"Chen:Sneak","floor":2},{"not_picked":["Chen:EvasiveFireShift","Chen:FinalSpellCard"],"picked":"Chen:Sweep","floor":3},{"not_picked":["Chen:Unpredictable","Chen:Panic"],"picked":"Chen:Scratch","floor":4},{"not_picked":["Chen:EvasiveFireShift","Chen:EmergencyEscape"],"picked":"Chen:FollowUp+1","floor":11},{"not_picked":["Chen:Knockout","Chen:PentagramFlight"],"picked":"Chen:BlueOniRedOni","floor":13},{"not_picked":["Chen:Deceitful+1","Chen:MeditateFrenzy"],"picked":"Chen:Salvo","floor":14},{"not_picked":["Chen:Clarity","Chen:Shapeshift"],"picked":"Chen:Kimontonkou","floor":16},{"not_picked":["Chen:Spray","Chen:Adaptability"],"picked":"Chen:Unpredictable","floor":18},{"not_picked":["Chen:Spray","Chen:Scratch"],"picked":"Chen:TauntHiss","floor":20},{"not_picked":["Chen:PentagramFlight+1","Chen:FlankingStrike"],"picked":"Chen:Rush+1","floor":23},{"not_picked":["Chen:PentagramFlight","Chen:Tear+1"],"picked":"Chen:Spray+1","floor":25},{"not_picked":["Chen:Adaptability","Chen:Panic","Chen:PentagramFlight"],"picked":"SKIP","floor":28},{"not_picked":["Chen:UpperHand","Chen:Panic"],"picked":"Chen:Sweep+1","floor":29},{"not_picked":["Chen:Shot","Chen:Panic"],"picked":"Chen:Lacerate","floor":31}],"player_experience":44916,"relics_obtained":[{"floor":9,"key":"Frozen Egg 2"},{"floor":13,"key":"Oddly Smooth Stone"},{"floor":23,"key":"Shuriken"},{"floor":26,"key":"Thread and Needle"}],"event_choices":[{"damage_healed":0,"gold_gain":0,"player_choice":"Donut","damage_taken":0,"max_hp_gain":5,"max_hp_loss":0,"event_name":"Big Fish","floor":7,"gold_loss":0},{"damage_healed":0,"gold_gain":0,"player_choice":"Ignored","damage_taken":0,"max_hp_gain":0,"max_hp_loss":0,"event_name":"Cursed Tome","floor":19,"gold_loss":0}],"is_beta":false,"boss_relics":[{"not_picked":["Calling Bell","Runic Pyramid"],"picked":"hubris:HollowSoul"}],"items_purged_floors":[],"is_endless":false,"potions_floor_spawned":[3,4,16,18,20,29],"killed_by":"hubris:MusketHawk","ascension_level":0}}