{"host":"x4erd3wfzxpbg443","time":1610568686,"event":{"mods":["BaseMod","Lobotomy","Minty Spire (QoL Compilation)","Prisma Mod","StSLib"],"gold_per_floor":[109,64,84,84,104,104,104],"floor_reached":6,"language":"KOR","playtime":401,"items_purged":[],"score":41,"play_id":"1bbbd49c-1336-4030-a3e3-6206c806acb4","local_time":"20210114051126","is_ascension_mode":true,"campfire_choices":[],"circlet_count":0,"master_deck":["Strike_G","Strike_G","Strike_G","Strike_G","Strike_G","Defend_G","Defend_G","Defend_G","Defend_G","Defend_G","Survivor","Neutralize","Laetitia","Flying Knee","Cloak And Dagger","Night Terror","SpiderBud","NakedNest","Cloak And Dagger"],"relics":["Ring of the Snake","CogitoBucket","Tiny Chest"],"acts_visited":["Exordium"],"potions_floor_usage":[2],"damage_taken":[{"damage":0,"enemies":"Jaw Worm","floor":1,"turns":5},{"damage":0,"enemies":"Cultist","floor":3,"turns":4},{"damage":0,"enemies":"Small Slimes","floor":5,"turns":5},{"damage":72,"enemies":"Gremlin Nob","floor":6,"turns":6}],"seed_played":"-2139281977604916599","potions_obtained":[{"floor":1,"key":"Fruit Juice"}],"is_trial":false,"path_per_floor":["M","$","M","?","M","E"],"character_chosen":"THE_SILENT","items_purchased":["Cloak And Dagger"],"campfire_rested":0,"item_purchase_floors":[2],"current_hp_per_floor":[70,75,75,72,72,0,0],"gold":104,"neow_bonus":"","is_daily":false,"chose_seed":false,"campfire_upgraded":0,"win_rate":0.0,"timestamp":1610568686,"path_taken":["M","$","M","?","M","E"],"items_purchased_type":["Card"],"build_version":"2020-12-22","purchased_purges":0,"victory":false,"max_hp_per_floor":[70,75,75,75,75,75,75],"card_choices":[{"not_picked":["Rudolta","MeatLantern"],"picked":"Laetitia","floor":1},{"not_picked":["Deflect","Expertise"],"picked":"Flying Knee","floor":1},{"not_picked":["PiercingWail","Skewer"],"picked":"Night Terror","floor":3},{"not_picked":["Scarecrow","BlackSwan"],"picked":"SpiderBud","floor":3},{"not_picked":["OldLady","CrumblingArmor","Murderer"],"picked":"Singing Bowl","floor":5},{"not_picked":["MeatLantern","PunishingBird"],"picked":"NakedNest","floor":5},{"not_picked":["Slice","Dodge and Roll"],"picked":"Cloak And Dagger","floor":5}],"player_experience":129432,"relics_obtained":[],"event_choices":[{"damage_healed":0,"gold_gain":0,"player_choice":"Success","damage_taken":3,"relics_obtained":["Tiny Chest"],"max_hp_gain":0,"max_hp_loss":0,"event_name":"Scrap Ooze","floor":4,"gold_loss":0}],"is_beta":false,"boss_relics":[],"items_purged_floors":[],"is_endless":false,"potions_floor_spawned":[1],"killed_by":"Gremlin Nob","ascension_level":3}}