{"host":"xnqz5xrogo3hmjp9","time":1610556895,"event":{"mods":["ATMod(阿瑾Mod)","AchievementEnabler","BaseMod","Better Third Choice","BetterRewards","Colored Map","Colored Powertips","Conspire","Dota2Spire","GifTheSpireLib","Hermit","Infinite Spire","KinomotoSakuraMod(木之本樱)","Marisa（F雨　魔理沙）","Marked Mod","Minty Spire (QoL Compilation)","Quick Restart","Relic Stats","Remilia（蕾米莉亚）","Replay The Spire","Shop Mod","Spicy Shops","StSLib","SuperFastMode","The Bladedancer","The Mystic","Yuri Mod","[功能]商店购物价格优惠80%"],"gold_per_floor":[110,110,110,31,31,59,91,120,120,153,153,153,188,188,188,263,263,277,32,32,51,51,86,86,121,144,173,93,127,127,181,248,347,347,362,275,275,275,275,315,356,388,388,432,482,438,438,471,471,471,471],"floor_reached":52,"language":"ZHS","playtime":2397,"items_purged":["yuri:ThrowingKnives","yuri:WickedSlash+1"],"score":2546,"play_id":"6679168a-84f3-4ce7-bbb9-e9fef3c892a8","local_time":"20210114005455","daily_mods":["Draft","Vintage","Heirloom","Flight","DeadlyEvents","Elite Swarm"],"is_ascension_mode":true,"campfire_choices":[{"data":"yuri:NoEscape","floor":15,"key":"SMITH"},{"floor":49,"key":"DIG"}],"circlet_count":0,"master_deck":["AscendersBane","AT_FamilyPortrait","yuri:SelfHarm","yuri:BookGreen","yuri:GreenTea","yuri:BookBlue","yuri:ThrowingKnives","yuri:TPose","yuri:SturdyUniform","yuri:NerfBat","yuri:Stalk","yuri:BookGreen","yuri:DebugCard","yuri:NerfBat","yuri:RepairCode+1","yuri:ThornRemove","yuri:Stalk","yuri:ThrowingKnives","yuri:BookBlue","yuri:GlitchRemove","yuri:NoEscape+1","yuri:DuplicateCode","yuri:DuplicateCode+1","yuri:GreenTea","yuri:NoEscape","yuri:MirrorInsanity","yuri:BookPurple","yuri:DeepBreathing","yuri:UntestedCode+1","yuri:ExploitStrike","yuri:DuplicateCode","yuri:DuplicateCode+1","AT_LightSaberMaster+1","yuri:BookRed+1","yuri:TPose","yuri:RemoveSafetyChecks+1","yuri:BlackTea","yuri:ExploitStrike+1","AT_EmpoweredMortalDraw+1","yuri:UnstableStrike+1","AT_TearsDenial+1","yuri:DisableStrike+1","yuri:DistillInsanity+1","yuri:ConsumeGlitch+1","yuri:DisableStrike+1"],"relics":["yuri:yuriKnife","AT_ATBox","Ring of Chaos","replay:Trail_Library","Dota2Spire:EyeOfSkadi","AT_DeathDance","Replay:Mystery Machine","NeowsBlessing","infinitespire:Midas Blood","Iron Hammer","Dota2Spire:PowerTreads","ReplayTheSpireMod:Ninjato","infinitespire:Lucky Rock","NeowsBlessing","Shuriken","AT_TrinityForce","Replay:Multitool","Frozen Egg 2","Strawberry","Bottled Tornado","conspire:TopHat","Onion Ring","Dota2Spire:BladeMail","Membership Card","AT_ArchangelStaff","Dota2Spire:Butterfly","Molten Egg 2","Replay:PocketPolymizer","AT_MortalBlade","Mummified Hand","Toxic Egg 2","Dota2Spire:OctarineCore","Gremlin Food","ReplayTheSpireMod:Lightbulb","infinitespire:WardingShard","Prayer Wheel","Vajra","Guide Book","Frozen Eye","War Paint","NeowsBlessing","Dota2Spire:ShivaGuard","Bronze Scales"],"acts_visited":["Exordium","TheCity","TheBeyond"],"potions_floor_usage":[42,42],"damage_taken":[{"damage":10,"enemies":"2 Louse","floor":1,"turns":3},{"damage":0,"enemies":"Gremlin Nob","floor":6,"turns":1},{"damage":0,"enemies":"Lagavulin","floor":7,"turns":1},{"damage":0,"enemies":"Gremlin Nob","floor":8,"turns":1},{"damage":15,"enemies":"Lagavulin","floor":10,"turns":4},{"damage":0,"enemies":"Gremlin Nob","floor":13,"turns":1},{"damage":0,"enemies":"Slime Boss","floor":16,"turns":1},{"damage":0,"enemies":"Chosen","floor":18,"turns":1},{"damage":0,"enemies":"2 Thieves","floor":21,"turns":2},{"damage":0,"enemies":"conspire:Head Lice","floor":23,"turns":1},{"damage":6,"enemies":"Book of Stabbing","floor":25,"turns":3},{"damage":2,"enemies":"Gremlin Leader","floor":27,"turns":4},{"damage":0,"enemies":"Replay:Snechameleon","floor":29,"turns":3},{"damage":61,"enemies":"Gremlin Leader","floor":31,"turns":5},{"damage":21,"enemies":"Pondfish","floor":33,"turns":7},{"damage":2,"enemies":"Orb Walker","floor":35,"turns":2},{"damage":8,"enemies":"R_Hoarder","floor":40,"turns":6},{"damage":34,"enemies":"Nemesis","floor":41,"turns":5},{"damage":12,"enemies":"Giant Head","floor":42,"turns":6},{"damage":19,"enemies":"Nemesis","floor":44,"turns":5},{"damage":36,"enemies":"Giant Head","floor":45,"turns":5},{"damage":0,"enemies":"Reptomancer","floor":48,"turns":1},{"damage":0,"enemies":"Donu and Deca","floor":50,"turns":1},{"damage":0,"enemies":"Replay:Hell Engine","floor":51,"turns":1}],"seed_played":"-3098591226694122003","potions_obtained":[{"floor":1,"key":"Energy Potion"},{"floor":7,"key":"EssenceOfSteel"}],"is_trial":true,"path_per_floor":["M","WH","WH","$","WH","E","E","E","T","E","WH","?","E","WH","R","B",null,"M","$","WH","M","WH","E","WH","E","T","E","$","E","AVR","E","R","B",null,"M","$","WH","WH","WH","E","E","E","T","E","E","$","WH","E","R","B","B",null],"character_chosen":"YURI","items_purchased":["yuri:ThrowingKnives","yuri:BookBlue","Replay:Mystery Machine","yuri:BookPurple","yuri:DeepBreathing","yuri:UntestedCode","yuri:ExploitStrike","Frozen Egg 2","Strawberry","Bottled Tornado","Membership Card","AT_ArchangelStaff","AT_LightSaberMaster+1","yuri:BookRed+1","yuri:TPose","Toxic Egg 2","Dota2Spire:OctarineCore","yuri:UnstableStrike+1","AT_TearsDenial+1","Guide Book","Frozen Eye","War Paint"],"campfire_rested":0,"item_purchase_floors":[4,4,4,19,19,19,19,19,19,19,28,28,28,28,28,36,36,36,36,46,46,46],"current_hp_per_floor":[69,77,85,85,85,91,91,91,91,81,81,81,87,96,96,96,103,105,112,123,123,135,135,148,142,142,140,140,148,148,93,93,81,131,135,135,149,165,182,183,163,160,160,147,114,114,114,114,114,114,114],"gold":471,"neow_bonus":"THREE_ENEMY_KILL","is_daily":false,"chose_seed":false,"campfire_upgraded":1,"win_rate":0.0,"timestamp":1610556895,"path_taken":["M","WH","WH","$","WH","E","E","E","T","E","WH","?","E","WH","R","BOSS","M","$","WH","M","WH","E","WH","E","T","E","$","E","AVR","E","R","BOSS","M","$","WH","WH","WH","E","E","E","T","E","E","$","WH","E","R","BOSS","BOSS"],"items_purchased_type":["Card","Card","Relic","Card","Card","Card","Card","Relic","Relic","Relic","Relic","Relic","Card","Card","Card","Relic","Relic","Card","Card","Relic","Relic","Relic"],"build_version":"2020-12-22","purchased_purges":2,"victory":true,"max_hp_per_floor":[80,88,96,96,96,96,96,96,96,96,96,96,96,105,105,105,105,105,112,123,123,135,135,148,148,148,148,148,148,148,148,148,148,148,148,148,162,178,195,195,195,195,195,195,195,195,195,195,195,195,195],"relic_stats":{"counters":[24,70],"Shuriken":[10],"Mummified Hand":[47],"Bronze Scales":[1],"Prayer Wheel":0,"War Paint":["yuri:UntestedCode","yuri:RepairCode"],"obtain_stats":[{"Dota2Spire:PowerTreads":8,"AT_ATBox":0,"Replay:PocketPolymizer":31,"Vajra":45,"Replay:Multitool":18,"Replay:Mystery Machine":4,"Bottled Tornado":19,"AT_ArchangelStaff":28,"conspire:TopHat":21,"Frozen Eye":46,"Dota2Spire:EyeOfSkadi":0,"Mummified Hand":35,"Strawberry":19,"AT_TrinityForce":17,"Dota2Spire:BladeMail":25,"Prayer Wheel":44,"Iron Hammer":7,"Toxic Egg 2":36,"replay:Trail_Library":0,"Gremlin Food":40,"ReplayTheSpireMod:Ninjato":9,"NeowsBlessing":5,"Guide Book":46,"yuri:yuriKnife":0,"AT_MortalBlade":34,"Dota2Spire:ShivaGuard":48,"Ring of Chaos":0,"infinitespire:Lucky Rock":10,"Frozen Egg 2":19,"War Paint":46,"Dota2Spire:Butterfly":29,"infinitespire:WardingShard":43,"Shuriken":13,"Bronze Scales":49,"Onion Ring":23,"Molten Egg 2":30,"Dota2Spire:OctarineCore":36,"Membership Card":28,"AT_DeathDance":1,"ReplayTheSpireMod:Lightbulb":42,"infinitespire:Midas Blood":6},{"Dota2Spire:PowerTreads":4,"AT_ATBox":0,"Replay:PocketPolymizer":14,"Vajra":21,"Replay:Multitool":8,"Replay:Mystery Machine":1,"Bottled Tornado":8,"AT_ArchangelStaff":12,"conspire:TopHat":9,"Frozen Eye":21,"Dota2Spire:EyeOfSkadi":0,"Mummified Hand":16,"Strawberry":8,"AT_TrinityForce":7,"Dota2Spire:BladeMail":11,"Prayer Wheel":20,"Iron Hammer":3,"Toxic Egg 2":16,"replay:Trail_Library":0,"Gremlin Food":17,"ReplayTheSpireMod:Ninjato":4,"NeowsBlessing":1,"Guide Book":21,"yuri:yuriKnife":0,"AT_MortalBlade":15,"Dota2Spire:ShivaGuard":22,"Ring of Chaos":0,"infinitespire:Lucky Rock":5,"Frozen Egg 2":8,"War Paint":21,"Dota2Spire:Butterfly":13,"infinitespire:WardingShard":19,"Shuriken":6,"Bronze Scales":22,"Onion Ring":10,"Molten Egg 2":13,"Dota2Spire:OctarineCore":16,"Membership Card":12,"AT_DeathDance":1,"ReplayTheSpireMod:Lightbulb":19,"infinitespire:Midas Blood":2},{"Dota2Spire:PowerTreads":6,"AT_ATBox":0,"Replay:PocketPolymizer":31,"Vajra":67,"Replay:Multitool":13,"Replay:Mystery Machine":3,"Bottled Tornado":13,"AT_ArchangelStaff":23,"conspire:TopHat":15,"Frozen Eye":67,"Dota2Spire:EyeOfSkadi":0,"Mummified Hand":40,"Strawberry":13,"AT_TrinityForce":12,"Dota2Spire:BladeMail":19,"Prayer Wheel":62,"Iron Hammer":5,"Toxic Egg 2":40,"replay:Trail_Library":0,"Gremlin Food":46,"ReplayTheSpireMod:Ninjato":6,"NeowsBlessing":3,"Guide Book":67,"yuri:yuriKnife":0,"AT_MortalBlade":38,"Dota2Spire:ShivaGuard":68,"Ring of Chaos":0,"infinitespire:Lucky Rock":10,"Frozen Egg 2":13,"War Paint":67,"Dota2Spire:Butterfly":26,"infinitespire:WardingShard":57,"Shuriken":11,"Bronze Scales":68,"Onion Ring":16,"Molten Egg 2":26,"Dota2Spire:OctarineCore":40,"Membership Card":23,"AT_DeathDance":3,"ReplayTheSpireMod:Lightbulb":57,"infinitespire:Midas Blood":4}]},"card_choices":[{"not_picked":["yuri:GreenTea","yuri:yuriQuickStrike"],"picked":"yuri:SelfHarm","floor":0},{"not_picked":["yuri:InduceGlitch","yuri:DebugCard"],"picked":"yuri:BookGreen","floor":0},{"not_picked":["yuri:MPose","yuri:yuriHeavyStrike"],"picked":"yuri:GreenTea","floor":0},{"not_picked":["yuri:Skip","yuri:ReloadGame"],"picked":"yuri:BookBlue","floor":0},{"not_picked":["yuri:RecklessStrike","yuri:yuriHeavyStrike"],"picked":"yuri:ThrowingKnives","floor":0},{"not_picked":["yuri:yuriHeavyStrike","yuri:Skip"],"picked":"yuri:TPose","floor":0},{"not_picked":["yuri:Skip","yuri:AdaptiveAI"],"picked":"yuri:SturdyUniform","floor":0},{"not_picked":["yuri:RecklessStrike","yuri:Spin"],"picked":"yuri:NerfBat","floor":0},{"not_picked":["yuri:HeavierStrike","yuri:UnstableStrike"],"picked":"yuri:Stalk","floor":0},{"not_picked":["yuri:SelfHarm","yuri:MPose"],"picked":"yuri:BookGreen","floor":0},{"not_picked":["yuri:UnstableStrike","yuri:Spin"],"picked":"yuri:DebugCard","floor":0},{"not_picked":["yuri:AdaptiveAI","yuri:Skip"],"picked":"yuri:NerfBat","floor":0},{"not_picked":["yuri:HeavierStrike","yuri:ThrowBook"],"picked":"yuri:RepairCode","floor":0},{"not_picked":["yuri:InsanityDefense","yuri:CalmingAura"],"picked":"yuri:ThornRemove","floor":0},{"not_picked":["yuri:ThornRemove","yuri:MPose"],"picked":"yuri:Stalk","floor":0},{"not_picked":["yuri:Virus","yuri:GhostForm"],"picked":"yuri:GlitchRemove","floor":6},{"not_picked":["yuri:DisableStrike","yuri:MirrorInsanity"],"picked":"yuri:NoEscape","floor":7},{"not_picked":["yuri:DistillInsanity","yuri:GlitchRemove"],"picked":"yuri:DuplicateCode","floor":8},{"not_picked":["yuri:Suicide","yuri:RemoveSafetyChecks"],"picked":"yuri:DuplicateCode","floor":10},{"not_picked":["yuri:MagneticKnives","yuri:DisableStrike"],"picked":"yuri:NoEscape","floor":13},{"not_picked":["yuri:JumpScare","yuri:Virus"],"picked":"yuri:MirrorInsanity","floor":16},{"not_picked":["yuri:JumpScare","yuri:Virus","yuri:DistillInsanity"],"picked":"SKIP","floor":23},{"not_picked":["yuri:RelentlessStrikes+1","yuri:ExploitStrike"],"picked":"yuri:DuplicateCode","floor":25},{"not_picked":["yuri:JumpScare","yuri:Suicide"],"picked":"yuri:DuplicateCode","floor":27},{"not_picked":["yuri:ExploitStrike","yuri:RelentlessStrikes+1"],"picked":"yuri:RemoveSafetyChecks+1","floor":29},{"not_picked":["yuri:ConsumeGlitch","yuri:GhostForm+1"],"picked":"yuri:BlackTea","floor":31},{"not_picked":["yuri:DuplicateCode","yuri:GlitchRemove+1"],"picked":"yuri:ExploitStrike+1","floor":33},{"not_picked":["yuri:RemoveSafetyChecks+1","yuri:DistillInsanity+1"],"picked":"yuri:DisableStrike+1","floor":40},{"not_picked":["yuri:RelentlessStrikes+1","yuri:DuplicateCode+1"],"picked":"yuri:DistillInsanity+1","floor":41},{"not_picked":["yuri:Virus+1","yuri:RelentlessStrikes+1","yuri:GhostForm+1"],"picked":"SKIP","floor":42},{"not_picked":["yuri:GhostForm+1","yuri:JumpScare+1","yuri:RelentlessStrikes+1"],"picked":"SKIP","floor":44},{"not_picked":["yuri:DisableStrike+1","yuri:NoEscape+1"],"picked":"yuri:ConsumeGlitch+1","floor":45},{"not_picked":["yuri:GhostForm+1","yuri:JumpScare+1"],"picked":"yuri:DisableStrike+1","floor":48}],"player_experience":119877,"relics_obtained":[{"floor":1,"key":"AT_DeathDance"},{"floor":6,"key":"infinitespire:Midas Blood"},{"floor":7,"key":"Iron Hammer"},{"floor":8,"key":"Dota2Spire:PowerTreads"},{"floor":9,"key":"ReplayTheSpireMod:Ninjato"},{"floor":10,"key":"infinitespire:Lucky Rock"},{"floor":13,"key":"Shuriken"},{"floor":18,"key":"Replay:Multitool"},{"floor":21,"key":"conspire:TopHat"},{"floor":23,"key":"Onion Ring"},{"floor":25,"key":"Dota2Spire:BladeMail"},{"floor":29,"key":"Dota2Spire:Butterfly"},{"floor":31,"key":"Replay:PocketPolymizer"},{"floor":35,"key":"Mummified Hand"},{"floor":40,"key":"Gremlin Food"},{"floor":42,"key":"ReplayTheSpireMod:Lightbulb"},{"floor":43,"key":"infinitespire:WardingShard"},{"floor":44,"key":"Prayer Wheel"},{"floor":45,"key":"Vajra"},{"floor":48,"key":"Dota2Spire:ShivaGuard"},{"floor":49,"key":"Bronze Scales"}],"event_choices":[],"is_beta":false,"boss_relics":[{"not_picked":["Philosopher\u0027s Stone","Runic Pyramid"],"picked":"AT_TrinityForce"},{"not_picked":["Ring of Chaos","ReplayTheSpireMod:DimensionalGlitch"],"picked":"AT_MortalBlade"}],"items_purged_floors":[28,46],"is_endless":false,"potions_floor_spawned":[1,7,8,10,10,10,13,21,23,25,27,29,29,31,31,33,35,41,41,44,44,48],"ascension_level":20}}