{"host":"03a85bwj0a5skoit","time":1610532584,"event":{"mods":["BaseMod","Block Reminder","Minty Spire (QoL Compilation)","Relic Stats","StSLib"],"gold_per_floor":[113,38,56,56,56,90,90,90,90],"floor_reached":8,"language":"ENG","playtime":334,"items_purged":["Injury"],"score":108,"play_id":"e13cb539-efa0-4df2-bb1b-57ff88521376","local_time":"20210113203944","is_ascension_mode":true,"campfire_choices":[{"data":"Shockwave","floor":7,"key":"SMITH"}],"circlet_count":0,"master_deck":["AscendersBane","Strike_R","Strike_R","Strike_R","Strike_R","Strike_R","Defend_R","Defend_R","Defend_R","Defend_R","Bash","Reaper","Dropkick","Evolve","Shockwave+1"],"relics":["Burning Blood","FaceOfCleric","Pen Nib"],"acts_visited":["Exordium"],"potions_floor_usage":[8],"damage_taken":[{"damage":11,"enemies":"Small Slimes","floor":1,"turns":5},{"damage":9,"enemies":"2 Louse","floor":3,"turns":3},{"damage":60,"enemies":"3 Sentries","floor":6,"turns":12},{"damage":52,"enemies":"Lagavulin","floor":8,"turns":7}],"seed_played":"5352365441293376157","potions_obtained":[{"floor":6,"key":"Regen Potion"}],"is_trial":false,"path_per_floor":["M","$","M","?","?","E","R","E"],"character_chosen":"IRONCLAD","items_purchased":[],"campfire_rested":0,"item_purchase_floors":[],"current_hp_per_floor":[63,63,64,64,64,23,23,0,0],"gold":90,"neow_bonus":"THREE_RARE_CARDS","is_daily":false,"chose_seed":false,"campfire_upgraded":1,"win_rate":0.0,"timestamp":1610532584,"path_taken":["M","$","M","?","?","E","R","E"],"items_purchased_type":[],"build_version":"2020-12-22","purchased_purges":1,"victory":false,"max_hp_per_floor":[75,75,75,75,75,76,76,76,76],"relic_stats":{"FaceOfCleric":1,"counters":[4,27],"Pen Nib":[1],"obtain_stats":[{"FaceOfCleric":5,"Pen Nib":6,"Burning Blood":0},{"FaceOfCleric":2,"Pen Nib":3,"Burning Blood":0},{"FaceOfCleric":8,"Pen Nib":20,"Burning Blood":0}],"Burning Blood":18},"card_choices":[{"not_picked":["Bludgeon","Brutality"],"picked":"Reaper","floor":0},{"not_picked":["Warcry","Body Slam"],"picked":"Dropkick","floor":1},{"not_picked":["Cleave","Twin Strike"],"picked":"Evolve","floor":3},{"not_picked":["Iron Wave","Headbutt"],"picked":"Shockwave","floor":6}],"player_experience":2329348,"relics_obtained":[{"floor":6,"key":"Pen Nib"}],"event_choices":[{"damage_healed":0,"gold_gain":0,"player_choice":"Leave","damage_taken":0,"max_hp_gain":0,"max_hp_loss":0,"event_name":"The Cleric","floor":4,"gold_loss":0},{"damage_healed":0,"gold_gain":0,"player_choice":"Trade","damage_taken":0,"relics_obtained":["FaceOfCleric"],"max_hp_gain":0,"max_hp_loss":0,"event_name":"FaceTrader","floor":5,"gold_loss":0}],"is_beta":false,"boss_relics":[],"items_purged_floors":[2],"is_endless":false,"potions_floor_spawned":[6],"killed_by":"Lagavulin","ascension_level":20}}