{"host":"yptvp0rjza9g9li7","time":1610540813,"event":{"mods":["AchievementEnabler","BaseMod","Colored Map","Colored Powertips","DeckTracker","Minty Spire (QoL Compilation)","SuperFastMode"],"gold_per_floor":[112,130,130,15,15,56,74,93,93,109,130,130,153,166,166,292,292,307,320,336,86,107,107,121,121,121],"floor_reached":25,"language":"KOR","playtime":924,"items_purged":["Strike_R","Strike_R"],"score":236,"play_id":"9b751c23-666b-4cdd-b6e9-651db224a020","local_time":"20210113212653","is_ascension_mode":false,"campfire_choices":[{"data":"Rampage","floor":12,"key":"SMITH"},{"data":"Corruption","floor":15,"key":"SMITH"},{"floor":23,"key":"REST"}],"circlet_count":0,"master_deck":["Strike_R","Strike_R","Strike_R","Defend_R","Defend_R","Defend_R","Defend_R","Bash","Rampage+1","Headbutt","Evolve","Pummel","Shrug It Off","Corruption+1","Pommel Strike","Feel No Pain+1","Juggernaut+1","Barricade+1","Wild Strike+1","Dropkick+1","Dark Embrace+1","Warcry+1","Impervious"],"relics":["Burning Blood","NeowsBlessing","Golden Idol","Mercury Hourglass","Darkstone Periapt","Frozen Egg 2","Runic Pyramid","Bag of Marbles"],"acts_visited":["Exordium","TheCity"],"potions_floor_usage":[16,16,19,22,25],"damage_taken":[{"damage":0,"enemies":"Small Slimes","floor":1,"turns":2},{"damage":0,"enemies":"Cultist","floor":2,"turns":1},{"damage":0,"enemies":"3 Sentries","floor":6,"turns":1},{"damage":8,"enemies":"Jaw Worm","floor":7,"turns":3},{"damage":14,"enemies":"3 Louse","floor":8,"turns":2},{"damage":11,"enemies":"Exordium Wildlife","floor":10,"turns":5},{"damage":4,"enemies":"Blue Slaver","floor":11,"turns":3},{"damage":14,"enemies":"2 Fungi Beasts","floor":13,"turns":3},{"damage":10,"enemies":"Looter","floor":14,"turns":4},{"damage":22,"enemies":"Hexaghost","floor":16,"turns":6},{"damage":12,"enemies":"Shell Parasite","floor":18,"turns":5},{"damage":37,"enemies":"3 Byrds","floor":19,"turns":5},{"damage":37,"enemies":"Centurion and Healer","floor":20,"turns":7},{"damage":10,"enemies":"Snecko","floor":22,"turns":4},{"damage":39,"enemies":"Cultist and Chosen","floor":24,"turns":6},{"damage":14,"enemies":"Sentry and Sphere","floor":25,"turns":5}],"seed_played":"4672097693137230796","potions_obtained":[{"floor":1,"key":"LiquidMemories"},{"floor":10,"key":"DuplicationPotion"},{"floor":13,"key":"SneckoOil"},{"floor":14,"key":"Regen Potion"},{"floor":20,"key":"AttackPotion"},{"floor":22,"key":"SpeedPotion"},{"floor":24,"key":"ColorlessPotion"}],"is_trial":false,"path_per_floor":["M","M","?","$","?","E","M","M","T","M","M","R","M","M","R","B",null,"M","M","M","$","M","R","M","M"],"character_chosen":"IRONCLAD","items_purchased":["Evolve","Bag of Marbles"],"campfire_rested":1,"item_purchase_floors":[4,21],"current_hp_per_floor":[80,80,60,60,60,66,64,56,56,51,53,53,45,41,41,25,80,74,57,26,26,22,46,13,0,0],"gold":121,"neow_bonus":"THREE_ENEMY_KILL","is_daily":false,"chose_seed":false,"campfire_upgraded":2,"win_rate":0.0,"timestamp":1610540813,"path_taken":["M","M","?","$","?","E","M","M","T","M","?","R","M","M","R","BOSS","M","M","M","$","M","R","M","M"],"items_purchased_type":["Card","Relic"],"build_version":"2020-12-22","purchased_purges":2,"victory":false,"max_hp_per_floor":[80,80,80,80,80,80,80,80,80,80,80,80,80,80,80,80,80,80,80,80,80,80,80,80,80,80],"card_choices":[{"not_picked":["Sword Boomerang","Flex"],"picked":"Rampage","floor":1},{"not_picked":["Anger","Warcry"],"picked":"Headbutt","floor":2},{"not_picked":["Clash","Armaments"],"picked":"Pummel","floor":6},{"not_picked":["Perfected Strike","Armaments"],"picked":"Shrug It Off","floor":7},{"not_picked":["Combust","Twin Strike"],"picked":"Corruption","floor":8},{"not_picked":["Iron Wave","Headbutt","Clash"],"picked":"SKIP","floor":10},{"not_picked":["Uppercut","Clash"],"picked":"Pommel Strike","floor":11},{"not_picked":["Dropkick","Body Slam"],"picked":"Feel No Pain+1","floor":13},{"not_picked":["Twin Strike","Shrug It Off"],"picked":"Juggernaut+1","floor":14},{"not_picked":["Limit Break","Immolate"],"picked":"Barricade+1","floor":16},{"not_picked":["Iron Wave","Flex"],"picked":"Wild Strike+1","floor":18},{"not_picked":["Pommel Strike+1","Armaments"],"picked":"Dropkick+1","floor":19},{"not_picked":["Warcry","Iron Wave"],"picked":"Dark Embrace+1","floor":20},{"not_picked":["Perfected Strike","Thunderclap"],"picked":"Warcry+1","floor":22},{"not_picked":["Pommel Strike","Cleave"],"picked":"Impervious","floor":24}],"player_experience":202213,"relics_obtained":[{"floor":6,"key":"Darkstone Periapt"},{"floor":9,"key":"Frozen Egg 2"}],"event_choices":[{"damage_healed":0,"gold_gain":0,"player_choice":"Take Damage","damage_taken":20,"relics_obtained":["Golden Idol"],"max_hp_gain":0,"max_hp_loss":0,"event_name":"Golden Idol","floor":3,"gold_loss":0},{"damage_healed":0,"gold_gain":0,"player_choice":"Gave Potion","damage_taken":0,"relics_obtained":["Mercury Hourglass"],"max_hp_gain":0,"max_hp_loss":0,"event_name":"WeMeetAgain","floor":5,"gold_loss":0}],"is_beta":false,"boss_relics":[{"not_picked":["Philosopher\u0027s Stone","Tiny House"],"picked":"Runic Pyramid"}],"items_purged_floors":[4,21],"is_endless":false,"potions_floor_spawned":[1,10,13,14,20,22,24],"killed_by":"Sentry and Sphere","ascension_level":0}}