{"host":"rolltorest","time":1610506373,"event":{"mods":["BaseMod","Minty Spire (QoL Compilation)","Relic Stats","Slay the Relics Exporter","StSLib","The Bladedancer"],"gold_per_floor":[117,117,131,145,164,164,15,42,42,42,42],"floor_reached":10,"language":"ENG","playtime":288,"items_purged":["blademaster:Defend"],"score":129,"play_id":"e6389246-4a8c-4f4c-9fcc-51c7cf583e16","local_time":"20210112185253","is_ascension_mode":true,"campfire_choices":[{"data":"blademaster:Breeze","floor":6,"key":"SMITH"}],"circlet_count":0,"master_deck":["AscendersBane","blademaster:Strike","blademaster:Strike","blademaster:Strike","blademaster:Strike","blademaster:Defend","blademaster:Defend","blademaster:Defend","blademaster:RagingBlow","blademaster:HighVoltage","blademaster:AspectOfWind","blademaster:Blockade","blademaster:Slice","blademaster:Breeze+1","blademaster:Havoc","blademaster:DancingEdge"],"relics":["blademaster:DancersAmulet","NeowsBlessing","GremlinMask","Tiny Chest","Mummified Hand"],"acts_visited":["Exordium"],"potions_floor_usage":[8],"damage_taken":[{"damage":0,"enemies":"2 Louse","floor":1,"turns":1},{"damage":0,"enemies":"Cultist","floor":3,"turns":1},{"damage":0,"enemies":"Jaw Worm","floor":4,"turns":1},{"damage":14,"enemies":"Lots of Slimes","floor":5,"turns":12},{"damage":29,"enemies":"Lagavulin","floor":8,"turns":8},{"damage":13,"enemies":"Gremlin Nob","floor":10,"turns":3}],"seed_played":"-4720388988274660613","potions_obtained":[{"floor":4,"key":"PowerPotion"},{"floor":5,"key":"LiquidMemories"}],"is_trial":false,"path_per_floor":["M","?","M","M","M","R","$","E","T","E"],"character_chosen":"THE_BLADEMASTER","items_purchased":["blademaster:Havoc"],"campfire_rested":0,"item_purchase_floors":[7],"current_hp_per_floor":[64,64,64,64,50,50,50,21,21,8,8],"gold":42,"neow_bonus":"THREE_ENEMY_KILL","is_daily":false,"chose_seed":false,"campfire_upgraded":1,"win_rate":0.0,"timestamp":1610506373,"path_taken":["M","?","M","?","?","R","$","E","T","E"],"items_purchased_type":["Card"],"build_version":"2020-12-18","purchased_purges":1,"victory":false,"max_hp_per_floor":[71,71,71,71,71,71,71,71,71,71,71],"relic_stats":{"counters":[6,26],"Mummified Hand":[1],"Tiny Chest":0,"obtain_stats":[{"NeowsBlessing":0,"Mummified Hand":9,"blademaster:BleedingMoreDamagePerk":8,"GremlinMask":2,"Tiny Chest":8,"blademaster:DancersAmulet":0},{"NeowsBlessing":0,"Mummified Hand":5,"blademaster:BleedingMoreDamagePerk":5,"GremlinMask":1,"Tiny Chest":5,"blademaster:DancersAmulet":0},{"NeowsBlessing":0,"Mummified Hand":23,"blademaster:BleedingMoreDamagePerk":23,"GremlinMask":1,"Tiny Chest":23,"blademaster:DancersAmulet":0}]},"card_choices":[{"not_picked":["blademaster:KiBarrier","blademaster:Hailwind"],"picked":"blademaster:AspectOfWind","floor":1},{"not_picked":["blademaster:Stormstrike","blademaster:KiBarrier"],"picked":"blademaster:Blockade","floor":3},{"not_picked":["blademaster:KiBarrier","blademaster:EyeOfTheStorm"],"picked":"blademaster:Slice","floor":4},{"not_picked":["blademaster:Stormstrike","blademaster:LeechingStrike"],"picked":"blademaster:Breeze","floor":5},{"not_picked":["blademaster:BrainBloom","blademaster:Breeze"],"picked":"blademaster:DancingEdge","floor":8}],"player_experience":1768292,"relics_obtained":[{"floor":8,"key":"Tiny Chest"},{"floor":8,"key":"blademaster:BleedingMoreDamagePerk"},{"floor":9,"key":"Mummified Hand"}],"event_choices":[{"damage_healed":0,"gold_gain":0,"player_choice":"Trade","damage_taken":0,"relics_obtained":["GremlinMask"],"max_hp_gain":0,"max_hp_loss":0,"event_name":"FaceTrader","floor":2,"gold_loss":0}],"is_beta":true,"boss_relics":[],"items_purged_floors":[7],"is_endless":false,"potions_floor_spawned":[4,5],"killed_by":"Gremlin Nob","ascension_level":18}}