{"host":"q0qnzbgdx8oqogg9","time":1610515218,"event":{"mods":["BaseMod","Minty Spire (QoL Compilation)","Slay-I","StSLib"],"gold_per_floor":[12,12,12,30,49,64,64,97,146,184,36,65,65,77,77,178,178,192,392,30,30,48,48,67,77,103,129,229,263,263,283,283,283,283],"floor_reached":33,"language":"ENG","playtime":1469,"items_purged":["Strike_R"],"score":412,"play_id":"dbfed9a0-b4b5-401f-ac76-a9f1aa0a3882","local_time":"20210113002018","is_ascension_mode":true,"campfire_choices":[{"data":"Spot Weakness","floor":7.0,"key":"SMITH"},{"floor":15,"key":"REST"},{"data":"Strike_R","floor":23,"key":"PURGE"},{"floor":30,"key":"REST"},{"data":"Battle Trance","floor":32,"key":"SMITH"}],"circlet_count":0,"master_deck":["Strike_R","Strike_R","Defend_R","Defend_R","Defend_R","Bash","Double Tap","Wild Strike","Whirlwind+1","Disarm","Spot Weakness+1","Heavy Blade","Ghostly Armor","Bludgeon","Battle Trance+1","Anger","Reaper","Warcry+1","Headbutt","Shrug It Off","Feed","Shrug It Off+1","Bloodletting+1"],"relics":["Burning Blood","Question Card","MawBank","Tiny Chest","Smiling Mask","Ancient Tea Set","Sozu","Peace Pipe","Happy Flower","Blood Vial","Thread and Needle","FossilizedHelix","Toxic Egg 2","Anchor"],"acts_visited":["Exordium","TheCity"],"potions_floor_usage":[14,28],"damage_taken":[{"damage":6.0,"enemies":"2 Louse","floor":1.0,"turns":3.0},{"damage":10.0,"enemies":"Small Slimes","floor":4.0,"turns":3.0},{"damage":0.0,"enemies":"Cultist","floor":5.0,"turns":3.0},{"damage":16.0,"enemies":"Red Slaver","floor":6.0,"turns":4.0},{"damage":20.0,"enemies":"3 Sentries","floor":8.0,"turns":4.0},{"damage":36.0,"enemies":"Lagavulin","floor":10.0,"turns":5.0},{"damage":14.0,"enemies":"3 Sentries","floor":12.0,"turns":5.0},{"damage":0,"enemies":"Blue Slaver","floor":14,"turns":1},{"damage":23,"enemies":"The Guardian","floor":16,"turns":9},{"damage":22,"enemies":"2 Thieves","floor":18,"turns":2},{"damage":16,"enemies":"Shell Parasite","floor":22,"turns":4},{"damage":8,"enemies":"Cultist and Chosen","floor":24,"turns":3},{"damage":13,"enemies":"Snecko","floor":25,"turns":5},{"damage":59,"enemies":"Slavers","floor":27,"turns":6},{"damage":26,"enemies":"Colosseum Slavers","floor":28,"turns":9},{"damage":23,"enemies":"Colosseum Nobs","floor":28,"turns":4},{"damage":27,"enemies":"Book of Stabbing","floor":29,"turns":5},{"damage":1,"enemies":"Shelled Parasite and Fungi","floor":31,"turns":8},{"damage":84,"enemies":"Collector","floor":33,"turns":6}],"seed_played":"1943816950351238544","potions_obtained":[{"floor":1.0,"key":"Swift Potion"},{"floor":4.0,"key":"Dexterity Potion"},{"floor":8.0,"key":"FearPotion"},{"floor":10.0,"key":"AttackPotion"},{"floor":12.0,"key":"SkillPotion"}],"is_trial":false,"path_per_floor":["M","?","?","M","M","M","R","E","T","E","$","E","?","M","R","B",null,"M","?","$","T","M","R","M","M","T","E","?","E","R","M","R","B"],"character_chosen":"IRONCLAD","items_purchased":["Bludgeon","Peace Pipe"],"campfire_rested":2,"item_purchase_floors":[11,20],"current_hp_per_floor":[72,72,80,76,80,70,70,56,56,26,26,18,11,17,41,24,66,50,50,50,50,46,46,73,66,66,27,14,31,55,65,65,0,0],"gold":283,"neow_bonus":"TRANSFORM_TWO_CARDS","is_daily":false,"chose_seed":false,"campfire_upgraded":2,"win_rate":0.0,"timestamp":1610515218,"path_taken":["M","?","?","M","?","M","R","E","T","E","?","E","?","M","R","BOSS","M","?","$","?","M","R","M","M","T","E","?","E","R","?","R","BOSS"],"items_purchased_type":["Card","Relic"],"build_version":"2020-12-22","purchased_purges":1,"victory":false,"max_hp_per_floor":[80,80,80,80,80,80,80,80,80,80,80,80,80,80,80,80,80,80,80,80,80,80,80,80,80,80,80,80,80,80,83,83,83,83],"card_choices":[{"not_picked":["Anger","Clothesline"],"picked":"Whirlwind","floor":1.0},{"not_picked":["Havoc","True Grit"],"picked":"Disarm","floor":4.0},{"not_picked":["Seeing Red","Disarm"],"picked":"Spot Weakness","floor":5.0},{"not_picked":["Dark Embrace","Iron Wave"],"picked":"Heavy Blade","floor":6.0},{"not_picked":["Corruption","Combust","Entrench"],"picked":"SKIP","floor":8.0},{"not_picked":["Wild Strike","Entrench","Spot Weakness"],"picked":"Ghostly Armor","floor":10.0},{"not_picked":["Uppercut","Searing Blow","Havoc"],"picked":"Battle Trance","floor":12.0},{"not_picked":["Heavy Blade","Rage","Clothesline"],"picked":"Anger","floor":14},{"not_picked":["Berserk","Corruption","Bludgeon"],"picked":"Reaper","floor":16},{"not_picked":["Perfected Strike+1","Blood for Blood","Bloodletting+1"],"picked":"Warcry+1","floor":18},{"not_picked":["Anger","Entrench","Dark Embrace","Spot Weakness"],"picked":"SKIP","floor":22},{"not_picked":["Clothesline","Clash+1","Wild Strike+1"],"picked":"Headbutt","floor":24},{"not_picked":["Clothesline","True Grit","Inflame"],"picked":"Shrug It Off","floor":25},{"not_picked":["Entrench+1","Searing Blow","Bloodletting"],"picked":"Feed","floor":27},{"not_picked":["Pummel","Clash","Ghostly Armor+1"],"picked":"Shrug It Off+1","floor":29},{"not_picked":["Cleave","Heavy Blade+1","Blood for Blood"],"picked":"Bloodletting+1","floor":31}],"player_experience":215053,"relics_obtained":[{"floor":8.0,"key":"Question Card"},{"floor":9.0,"key":"MawBank"},{"floor":10.0,"key":"Tiny Chest"},{"floor":12.0,"key":"Smiling Mask"},{"floor":21,"key":"Happy Flower"},{"floor":26,"key":"Blood Vial"},{"floor":27,"key":"Thread and Needle"},{"floor":28,"key":"FossilizedHelix"},{"floor":28,"key":"Toxic Egg 2"},{"floor":29,"key":"Anchor"}],"event_choices":[{"damage_healed":0.0,"max_hp_gain":0.0,"max_hp_loss":0.0,"gold_gain":0.0,"event_name":"Living Wall","player_choice":"Grow","floor":2.0,"gold_loss":0.0,"damage_taken":0.0,"cards_upgraded":["Whirlwind"]},{"damage_healed":8.0,"max_hp_gain":0.0,"max_hp_loss":0.0,"gold_gain":0.0,"event_name":"Wheel of Change","player_choice":"Full Heal","floor":3.0,"gold_loss":0.0,"damage_taken":0.0},{"damage_healed":0.0,"max_hp_gain":0.0,"max_hp_loss":0.0,"gold_gain":0.0,"event_name":"Scrap Ooze","player_choice":"Success","floor":13.0,"gold_loss":0.0,"damage_taken":7.0,"relics_obtained":["Ancient Tea Set"]},{"damage_healed":0,"gold_gain":200,"player_choice":"Gold","damage_taken":0,"max_hp_gain":0,"max_hp_loss":0,"event_name":"Wheel of Change","floor":19,"gold_loss":0},{"damage_healed":0,"gold_gain":0,"player_choice":"Fight","damage_taken":0,"max_hp_gain":0,"max_hp_loss":0,"event_name":"Colosseum","floor":28,"gold_loss":0},{"damage_healed":0,"gold_gain":0,"player_choice":"Fought Nobs","damage_taken":0,"max_hp_gain":0,"max_hp_loss":0,"event_name":"Colosseum","floor":28,"gold_loss":0}],"is_beta":false,"boss_relics":[{"not_picked":["Snecko Eye","Tiny House"],"picked":"Sozu"}],"items_purged_floors":[20],"is_endless":false,"potions_floor_spawned":[1,4,8,10,12,18,22,28,28,29],"killed_by":"Collector","ascension_level":7}}