{"host":"fuszjwm6fqgjjp4d","time":1610553390,"event":{"mods":["BaseMod","Bestiary","Colored Map","DeckTracker","Minty Spire (QoL Compilation)","Permanent Neow","Relic Sorter","Relic Stats","StSLib"],"gold_per_floor":[117,15,31,106,121,121,154,154,154,182,225,246,246,246,246,246,246],"floor_reached":16,"language":"ENG","playtime":361,"items_purged":[],"score":220,"play_id":"c702a0b1-bacd-4bec-9cd7-5ff7921933f4","local_time":"20210113095630","is_ascension_mode":true,"campfire_choices":[{"data":"Flex","floor":6,"key":"SMITH"},{"data":"Feed","floor":8,"key":"SMITH"},{"data":"Bash","floor":13,"key":"SMITH"},{"floor":15,"key":"REST"}],"circlet_count":0,"master_deck":["AscendersBane","Strike_R","Strike_R","Strike_R","Strike_R","Strike_R","Defend_R+1","Defend_R","Defend_R","Defend_R","Bash+1","Flex+1","Twin Strike","Sword Boomerang+1","Feed+1","Twin Strike","Exhume","Clothesline"],"relics":["Burning Blood","NeowsBlessing","Gremlin Horn","Self Forming Clay","CeramicFish","Smiling Mask"],"acts_visited":["Exordium"],"potions_floor_usage":[7,10,11],"damage_taken":[{"damage":0,"enemies":"Small Slimes","floor":1,"turns":1},{"damage":0,"enemies":"Cultist","floor":3,"turns":1},{"damage":0,"enemies":"2 Louse","floor":5,"turns":1},{"damage":25,"enemies":"3 Sentries","floor":7,"turns":8},{"damage":15,"enemies":"Blue Slaver","floor":10,"turns":6},{"damage":32,"enemies":"Lagavulin","floor":11,"turns":6},{"damage":1,"enemies":"2 Fungi Beasts","floor":12,"turns":3},{"damage":38,"enemies":"Slime Boss","floor":16,"turns":7}],"seed_played":"4703799887993818915","potions_obtained":[{"floor":3,"key":"Strength Potion"},{"floor":5,"key":"Ancient Potion"},{"floor":7,"key":"BlessingOfTheForge"}],"is_trial":false,"path_per_floor":["M","?","M","?","M","R","E","R","T","M","E","M","R","?","R","B"],"character_chosen":"IRONCLAD","items_purchased":[],"campfire_rested":1,"item_purchase_floors":[],"current_hp_per_floor":[74,74,75,64,70,70,51,51,51,46,20,29,29,4,28,0,0],"gold":246,"neow_bonus":"THREE_ENEMY_KILL","is_daily":false,"chose_seed":false,"campfire_upgraded":3,"win_rate":0.0,"timestamp":1610553390,"path_taken":["M","?","?","?","M","R","E","R","T","M","E","M","R","?","R","BOSS"],"items_purchased_type":[],"build_version":"2020-12-22","purchased_purges":0,"victory":false,"max_hp_per_floor":[75,75,75,75,75,75,75,75,75,79,79,83,83,83,83,83,83],"relic_stats":{"Gremlin Horn":[5,5],"counters":[8,33],"Self Forming Clay":[24],"CeramicFish":27,"Smiling Mask":0,"obtain_stats":[{"NeowsBlessing":0,"Gremlin Horn":2,"Self Forming Clay":7,"CeramicFish":9,"Smiling Mask":11,"Burning Blood":0},{"NeowsBlessing":0,"Gremlin Horn":1,"Self Forming Clay":4,"CeramicFish":4,"Smiling Mask":6,"Burning Blood":0},{"NeowsBlessing":0,"Gremlin Horn":1,"Self Forming Clay":11,"CeramicFish":11,"Smiling Mask":23,"Burning Blood":0}],"Burning Blood":37},"card_choices":[{"not_picked":["Warcry","Combust"],"picked":"Flex","floor":1},{"not_picked":["Blood for Blood","Clothesline"],"picked":"Twin Strike","floor":3},{"not_picked":["Burning Pact","Dropkick"],"picked":"Sword Boomerang","floor":5},{"not_picked":["Perfected Strike","Anger"],"picked":"Feed","floor":7},{"not_picked":["Wild Strike","Twin Strike","Body Slam"],"picked":"SKIP","floor":10},{"not_picked":["Wild Strike","Body Slam"],"picked":"Twin Strike","floor":10},{"not_picked":["Intimidate","Sword Boomerang"],"picked":"Exhume","floor":11},{"not_picked":["Clash","Anger"],"picked":"Clothesline","floor":12}],"player_experience":1288308,"relics_obtained":[{"floor":7,"key":"Self Forming Clay"},{"floor":9,"key":"CeramicFish"},{"floor":11,"key":"Smiling Mask"}],"event_choices":[{"damage_healed":0,"gold_gain":0,"player_choice":"Paid Gold","damage_taken":0,"relics_obtained":["Gremlin Horn"],"max_hp_gain":0,"max_hp_loss":0,"event_name":"WeMeetAgain","floor":2,"gold_loss":102},{"damage_healed":0,"gold_gain":75,"player_choice":"Gather Gold","damage_taken":11,"max_hp_gain":0,"max_hp_loss":0,"event_name":"World of Goop","floor":4,"gold_loss":0},{"damage_healed":0,"gold_gain":0,"player_choice":"Entered Light","damage_taken":25,"max_hp_gain":0,"max_hp_loss":0,"event_name":"Shining Light","floor":14,"gold_loss":0,"cards_upgraded":["Sword Boomerang","Defend_R"]}],"is_beta":false,"boss_relics":[],"items_purged_floors":[],"is_endless":false,"potions_floor_spawned":[3,5,7],"killed_by":"Slime Boss","ascension_level":20}}