{"host":"rfd0aujzbne52cnp","time":1610518593,"event":{"mods":["2.2 Compatiblity","BaseMod","Better Match","Better Third Choice","BetterRewards","Colored Powertips","Hermit","Jorbs\u0027s Wanderer Trilogy","Minty Spire (QoL Compilation)","Quick Restart","Spicy Shops","StSLib","everything is the same but u backflip on backflip"],"gold_per_floor":[118,131,97,110,110,110,110],"floor_reached":6,"language":"ENG","playtime":221,"items_purged":["hermit:Strike_Hermit","hermit:Strike_Hermit"],"score":43,"play_id":"29f12592-5e9f-47da-9321-136b6e1bb79d","local_time":"20210113011633","is_ascension_mode":true,"campfire_choices":[],"circlet_count":0,"master_deck":["hermit:Strike_Hermit","hermit:Strike_Hermit","hermit:Defend_Hermit","hermit:Defend_Hermit","hermit:Defend_Hermit","hermit:Defend_Hermit","hermit:Snapshot","hermit:Covet","hermit:Deadeye","hermit:Deadeye","hermit:Desperado","hermit:Deadeye","hermit:GoldenBullet"],"relics":["hermit:Momento","Gremlin Horn","Akabeko","MealTicket","Matryoshka","DollysMirror","Golden Idol"],"acts_visited":["Exordium"],"potions_floor_usage":[],"damage_taken":[{"damage":0.0,"enemies":"2 Louse","floor":1.0,"turns":2.0},{"damage":0.0,"enemies":"Jaw Worm","floor":2.0,"turns":3.0},{"damage":0.0,"enemies":"Small Slimes","floor":4.0,"turns":2.0},{"damage":36,"enemies":"Gremlin Nob","floor":6,"turns":3}],"seed_played":"1246524089167130376","potions_obtained":[],"is_trial":false,"path_per_floor":["M","M","?","M","?","E"],"character_chosen":"HERMIT","items_purchased":["Gremlin Horn","Akabeko","MealTicket","Matryoshka","hermit:Deadeye","DollysMirror"],"campfire_rested":0,"item_purchase_floors":[0,0,0,0,0,0],"current_hp_per_floor":[29,29,29,29,29,0,0],"gold":110,"neow_bonus":"","is_daily":false,"chose_seed":false,"campfire_upgraded":0,"win_rate":0.0,"timestamp":1610518593,"path_taken":["M","M","?","M","?","E"],"items_purchased_type":["Relic","Relic","Relic","Relic","Card","Relic"],"build_version":"2020-12-22","purchased_purges":2,"victory":false,"max_hp_per_floor":[75,75,75,75,69,69,69],"card_choices":[{"not_picked":["hermit:Feint","hermit:HighCaliber","hermit:Desperado"],"picked":"SKIP","floor":1.0},{"not_picked":["hermit:Feint","hermit:HighCaliber"],"picked":"hermit:Desperado","floor":1.0},{"not_picked":["hermit:EyeOfTheStorm","hermit:LowProfile"],"picked":"hermit:Deadeye","floor":2.0},{"not_picked":["hermit:Desperado","hermit:Ricochet"],"picked":"hermit:GoldenBullet","floor":4.0}],"player_experience":1532339,"relics_obtained":[],"event_choices":[{"damage_healed":0.0,"max_hp_gain":0.0,"max_hp_loss":0.0,"gold_gain":0.0,"event_name":"betterThird:BetterGoop","player_choice":"Left","floor":3.0,"gold_loss":34.0,"damage_taken":0.0},{"damage_healed":0.0,"max_hp_gain":0.0,"max_hp_loss":6.0,"gold_gain":0.0,"event_name":"Golden Idol","player_choice":"Lose Max HP","floor":5.0,"gold_loss":0.0,"damage_taken":0.0,"relics_obtained":["Golden Idol"]}],"is_beta":false,"boss_relics":[],"items_purged_floors":[0,0],"is_endless":false,"potions_floor_spawned":[],"killed_by":"Gremlin Nob","ascension_level":4}}