{"host":"5h7tnviy6ct1qpjn","time":1610545605,"event":{"mods":["AchievementEnabler","BaseMod","BetterRewards","Colored Powertips","Minty Spire (QoL Compilation)","Shop Mod","StSLib"],"gold_per_floor":[119,136,153,170,186,186,197,209,259,283,330,358,370,442,454,466,466],"floor_reached":16,"language":"ENG","playtime":1295,"items_purged":[],"score":158,"play_id":"b226e3b0-c4e2-43e1-b301-7307f29bfd1c","local_time":"20210113144645","is_ascension_mode":false,"campfire_choices":[{"data":"Creative AI","floor":6,"key":"SMITH"},{"floor":15,"key":"REST"}],"circlet_count":0,"master_deck":["Strike_B","Strike_B","Defend_B","Defend_B","Defend_B","Defend_B","Zap","Dualcast+1","Creative AI+1","Redo","Hologram","Rip and Tear","Consume","Loop","Ball Lightning","Defragment","Conserve Battery","Coolheaded","Chaos","Chill"],"relics":["Cracked Core","Anchor","MawBank","Smiling Mask","Thread and Needle"],"acts_visited":["Exordium"],"potions_floor_usage":[4,7,11],"damage_taken":[{"damage":0,"enemies":"Cultist","floor":1,"turns":3},{"damage":0,"enemies":"2 Louse","floor":2,"turns":1},{"damage":0,"enemies":"Small Slimes","floor":3,"turns":3},{"damage":0,"enemies":"Exordium Thugs","floor":4,"turns":5},{"damage":0,"enemies":"Looter","floor":5,"turns":2},{"damage":6,"enemies":"3 Louse","floor":7,"turns":3},{"damage":0,"enemies":"Exordium Wildlife","floor":8,"turns":2},{"damage":0,"enemies":"2 Fungi Beasts","floor":10,"turns":3},{"damage":13,"enemies":"3 Sentries","floor":11,"turns":5},{"damage":0,"enemies":"Looter","floor":12,"turns":3},{"damage":26,"enemies":"Lagavulin Event","floor":14,"turns":5},{"damage":27,"enemies":"Slime Boss","floor":16,"turns":8}],"seed_played":"8719008006064998836","potions_obtained":[{"floor":2,"key":"SkillPotion"},{"floor":4,"key":"SpeedPotion"},{"floor":5,"key":"Explosive Potion"},{"floor":8,"key":"Fire Potion"},{"floor":14,"key":"SpeedPotion"}],"is_trial":false,"path_per_floor":["M","M","M","M","M","R","M","M","T","M","E","M","?","?","R","B"],"character_chosen":"DEFECT","items_purchased":["Anchor"],"campfire_rested":1,"item_purchase_floors":[0],"current_hp_per_floor":[66,66,66,66,66,66,60,60,60,60,47,47,47,21,43,16,16],"gold":466,"neow_bonus":"","is_daily":false,"chose_seed":false,"campfire_upgraded":1,"win_rate":0.0,"timestamp":1610545605,"path_taken":["M","M","M","M","M","R","M","M","T","M","E","?","?","?","R","BOSS"],"items_purchased_type":["Relic"],"build_version":"2020-12-22","purchased_purges":0,"victory":false,"max_hp_per_floor":[75,75,75,75,75,75,75,75,75,75,75,75,75,75,75,75,75],"card_choices":[{"not_picked":["Ball Lightning","Beam Cell"],"picked":"Redo","floor":1},{"not_picked":["Reinforced Body","Heatsinks"],"picked":"Hologram","floor":2},{"not_picked":["Force Field","Undo"],"picked":"Rip and Tear","floor":3},{"not_picked":["Hologram","Capacitor"],"picked":"Consume","floor":4},{"not_picked":["Steam","Storm"],"picked":"Loop","floor":5},{"not_picked":["Thunder Strike","Capacitor"],"picked":"Ball Lightning","floor":7},{"not_picked":["Compile Driver","Skim"],"picked":"Defragment","floor":8},{"not_picked":["Leap","Loop"],"picked":"Conserve Battery","floor":10},{"not_picked":["Tempest","FTL"],"picked":"Coolheaded","floor":11},{"not_picked":["Darkness","Streamline"],"picked":"Chaos","floor":12},{"not_picked":["Barrage","Hologram"],"picked":"Chill","floor":14}],"player_experience":43908,"relics_obtained":[{"floor":9,"key":"MawBank"},{"floor":11,"key":"Smiling Mask"},{"floor":14,"key":"Thread and Needle"}],"event_choices":[{"damage_healed":0,"gold_gain":0,"player_choice":"Grow","damage_taken":0,"max_hp_gain":0,"max_hp_loss":0,"event_name":"Living Wall","floor":13,"gold_loss":0,"cards_upgraded":["Dualcast"]},{"damage_healed":0,"gold_gain":30,"player_choice":"Searched \u00273\u0027 times","damage_taken":0,"max_hp_gain":0,"max_hp_loss":0,"event_name":"Dead Adventurer","floor":14,"gold_loss":0}],"is_beta":false,"boss_relics":[],"items_purged_floors":[],"is_endless":false,"potions_floor_spawned":[2,4,5,8,14],"killed_by":"Slime Boss","ascension_level":0}}