{"host":"g01l53quoe6lrer0","time":1610547438,"event":{"mods":["2.2 Compatiblity","AchievementEnabler","BaseMod","Colored Map","Highlight Path","Keyboard Shortcuts","Minty Spire (QoL Compilation)","Permanent Neow","StSLib","SuperFastMode","everything is the same but u backflip on backflip"],"gold_per_floor":[117,117,217,228,243,243,277,287,333,305,317,317,327,342,342,342,342],"floor_reached":16,"language":"KOR","playtime":497,"items_purged":[],"score":177,"play_id":"f5aebf69-e058-4974-a024-1fa0fafa2d21","local_time":"20210113231718","is_ascension_mode":true,"campfire_choices":[{"data":"Capacitor","floor":6,"key":"SMITH"},{"floor":12,"key":"REST"},{"data":"Hologram","floor":15,"key":"SMITH"}],"circlet_count":0,"master_deck":["AscendersBane","Strike_B","Strike_B","Strike_B","Strike_B","Defend_B","Defend_B","Defend_B","Defend_B","Zap+1","Dualcast","Glacier","Sweeping Beam","Capacitor+1","Reboot","Coolheaded","Aggregate","Chill","Hologram+1"],"relics":["Cracked Core","NeowsBlessing","Kunai","Happy Flower"],"acts_visited":["Exordium"],"potions_floor_usage":[7,14,16],"damage_taken":[{"damage":0,"enemies":"Jaw Worm","floor":1,"turns":1},{"damage":0,"enemies":"Cultist","floor":4,"turns":1},{"damage":0,"enemies":"Small Slimes","floor":5,"turns":1},{"damage":16,"enemies":"3 Sentries","floor":7,"turns":6},{"damage":10,"enemies":"Red Slaver","floor":8,"turns":6},{"damage":14,"enemies":"3 Louse","floor":11,"turns":5},{"damage":0,"enemies":"Large Slime","floor":13,"turns":8},{"damage":5,"enemies":"Exordium Thugs","floor":14,"turns":6},{"damage":41,"enemies":"The Guardian","floor":16,"turns":18}],"seed_played":"7407359879935758126","potions_obtained":[{"floor":1,"key":"Weak Potion"},{"floor":5,"key":"CultistPotion"},{"floor":11,"key":"DistilledChaos"},{"floor":14,"key":"EssenceOfSteel"}],"is_trial":false,"path_per_floor":["M","?","?","M","M","R","E","M","T","?","M","R","M","M","R","B"],"character_chosen":"DEFECT","items_purchased":[],"campfire_rested":1,"item_purchase_floors":[],"current_hp_per_floor":[64,64,64,64,64,64,48,38,38,38,24,45,45,40,40,0,0],"gold":342,"neow_bonus":"THREE_ENEMY_KILL","is_daily":false,"chose_seed":false,"campfire_upgraded":2,"win_rate":0.0,"timestamp":1610547438,"path_taken":["M","?","?","M","?","R","E","M","T","?","M","R","M","M","R","BOSS"],"items_purchased_type":[],"build_version":"2020-12-22","purchased_purges":0,"victory":false,"max_hp_per_floor":[71,71,71,71,71,71,71,71,71,71,71,71,71,71,71,71,71],"card_choices":[{"not_picked":["Scrape","Heatsinks"],"picked":"Glacier","floor":1},{"not_picked":["Steam","Compile Driver"],"picked":"Sweeping Beam","floor":4},{"not_picked":["Stack","Go for the Eyes"],"picked":"Capacitor","floor":5},{"not_picked":["Rebound","Stack"],"picked":"Reboot","floor":7},{"not_picked":["Heatsinks","Recycle"],"picked":"Coolheaded","floor":8},{"not_picked":["Turbo","Coolheaded"],"picked":"Aggregate","floor":11},{"not_picked":["Beam Cell","Heatsinks"],"picked":"Chill","floor":13},{"not_picked":["Leap","Conserve Battery"],"picked":"Hologram","floor":14}],"player_experience":179758,"relics_obtained":[{"floor":7,"key":"Kunai"},{"floor":9,"key":"Happy Flower"}],"event_choices":[{"damage_healed":0,"gold_gain":0,"player_choice":"Grow","damage_taken":0,"max_hp_gain":0,"max_hp_loss":0,"event_name":"Living Wall","floor":2,"gold_loss":0,"cards_upgraded":["Zap"]},{"damage_healed":0,"gold_gain":100,"player_choice":"Gold","damage_taken":0,"max_hp_gain":0,"max_hp_loss":0,"event_name":"Wheel of Change","floor":3,"gold_loss":0},{"damage_healed":0,"gold_gain":0,"player_choice":"Left Gold","damage_taken":0,"max_hp_gain":0,"max_hp_loss":0,"event_name":"World of Goop","floor":10,"gold_loss":28}],"is_beta":false,"boss_relics":[],"items_purged_floors":[],"is_endless":false,"potions_floor_spawned":[1,5,11,13,14],"killed_by":"The Guardian","ascension_level":14}}