{"host":"6hzrz31j95f2y1pa","time":1610500642,"event":{"mods":["BaseMod","Colored Map","Downfall","Minty Spire (QoL Compilation)","StSLib"],"gold_per_floor":[99,110,128,128,139,139,139,162,43,55,85,101,114,140,154,154,154,154],"floor_reached":16,"language":"ENG","playtime":888,"items_purged":["Guardian:Strike_Guardian"],"score":131,"play_id":"98644bff-4be1-446b-acfb-e3accc610246","local_time":"20210112201722","is_ascension_mode":true,"campfire_choices":[{"data":"Guardian:CurlUp","floor":1.0,"key":"SMITH"},{"data":"Guardian:TwinSlam","floor":6.0,"key":"SMITH"}],"circlet_count":0,"master_deck":["Guardian:Strike_Guardian+1","Guardian:Strike_Guardian","Guardian:Strike_Guardian+1","Guardian:Defend_Guardian","Guardian:Defend_Guardian","Guardian:Defend_Guardian","Guardian:CurlUp+1","Guardian:TwinSlam+1","Guardian:Planning","Guardian:Suspension","Guardian:TemporalShield","Guardian:Gem_Lightblue","Guardian:GuardianWhirl","Guardian:Gem_Blue","Guardian:TimeCapacitor","Guardian:Gem_Cyan"],"relics":["Guardian:ModeShifter","Centennial Puzzle","White Beast Statue","Smiling Mask","Whetstone","Nunchaku"],"acts_visited":["Exordium"],"potions_floor_usage":[10,12,14,14,14,14,16,16],"damage_taken":[{"damage":0.0,"enemies":"2 Louse","floor":2.0,"turns":3.0},{"damage":2.0,"enemies":"Jaw Worm","floor":3.0,"turns":3.0},{"damage":0.0,"enemies":"Cultist","floor":5.0,"turns":3.0},{"damage":0,"enemies":"downfall:FleeingMerchant","floor":9,"turns":4},{"damage":0,"enemies":"Large Slime","floor":10,"turns":6},{"damage":10,"enemies":"Lagavulin","floor":11,"turns":7},{"damage":11,"enemies":"Lots of Slimes","floor":12,"turns":5},{"damage":14,"enemies":"3 Louse","floor":13,"turns":3},{"damage":9,"enemies":"Gremlin Nob","floor":14,"turns":4},{"damage":7,"enemies":"Large Slime","floor":15,"turns":6},{"damage":28,"enemies":"downfall:Silent","floor":16,"turns":11}],"seed_played":"-3971768058921225219","potions_obtained":[{"floor":2.0,"key":"EssenceOfSteel"},{"floor":5.0,"key":"Block Potion"},{"floor":9,"key":"sneckomod:MuddlingPotion"},{"floor":10,"key":"EntropicBrew"},{"floor":11,"key":"SkillPotion"},{"floor":12,"key":"LiquidBronze"},{"floor":14,"key":"Weak Potion"}],"is_trial":false,"path_per_floor":["R","M","M","?","M","R","T","T","$","M","E","M","M","E","M","B"],"character_chosen":"GUARDIAN","items_purchased":["Guardian:Gem_Lightblue"],"campfire_rested":0,"item_purchase_floors":[9],"current_hp_per_floor":[80,80,78,78,78,78,78,78,78,78,68,57,43,34,27,0,0,0],"gold":154,"neow_bonus":"RANDOM_COMMON_RELIC","is_daily":false,"chose_seed":false,"campfire_upgraded":2,"win_rate":0.0,"timestamp":1610500642,"path_taken":["R","M","M","?","M","R","T","?","?","?","E","M","M","E","M","BOSS"],"items_purchased_type":["Card"],"build_version":"2020-12-22","purchased_purges":1,"victory":false,"max_hp_per_floor":[80,80,80,80,80,80,80,80,80,80,80,80,80,80,80,80,80,80],"card_choices":[{"not_picked":["Guardian:BronzeArmor","Guardian:ChargeUp"],"picked":"Guardian:Planning","floor":2.0},{"not_picked":["Guardian:ShieldCharger","Guardian:Reroute"],"picked":"Guardian:Gem_Yellow","floor":3.0},{"not_picked":["Guardian:Clone","Guardian:PiercingHide"],"picked":"Guardian:Suspension","floor":5.0},{"not_picked":["Guardian:Planning","Guardian:CrystalBeam"],"picked":"Guardian:TemporalShield","floor":9},{"not_picked":["Guardian:DecasProtection","Guardian:PolyBeam"],"picked":"Guardian:GuardianWhirl","floor":10},{"not_picked":["Guardian:WalkerClaw","Guardian:ArmoredProtocol","Guardian:Emergency"],"picked":"SKIP","floor":11},{"not_picked":["Guardian:FloatingOrbs","Guardian:Gem_White"],"picked":"Guardian:Gem_Blue","floor":12},{"not_picked":["Guardian:TemporalShield","Guardian:ConstructionForm"],"picked":"Guardian:TimeCapacitor","floor":13},{"not_picked":["Guardian:PrimingBeam","Guardian:WalkerClaw","Guardian:CrystalBeam"],"picked":"SKIP","floor":14},{"not_picked":["Guardian:WalkerClaw","Guardian:ChargeUp"],"picked":"Guardian:Gem_Cyan","floor":15}],"player_experience":1323973,"relics_obtained":[{"floor":7.0,"key":"White Beast Statue"},{"floor":8.0,"key":"Smiling Mask"},{"floor":11,"key":"Whetstone"},{"floor":14,"key":"Nunchaku"}],"event_choices":[{"cards_removed":["Guardian:Defend_Guardian"],"damage_healed":0.0,"max_hp_gain":0.0,"max_hp_loss":0.0,"gold_gain":0.0,"event_name":"The Cleric","player_choice":"Card Removal","floor":4.0,"gold_loss":0.0,"damage_taken":0.0}],"is_beta":false,"boss_relics":[],"items_purged_floors":[9],"is_endless":false,"potions_floor_spawned":[2,5,9,10,11,12,13,14,15],"killed_by":"downfall:Silent","ascension_level":3}}