{"host":"00f1p9ihhzi7hxfk","time":1610548701,"event":{"mods":["BaseMod","Colored Map","Colored Powertips","Minty Spire (QoL Compilation)","Rare Cards Sparkle","Relic Stats"],"gold_per_floor":[114,132,145,145,145,145,20,20,20,20,20,47,47,97,97,97,97],"floor_reached":16,"language":"DEU","playtime":677,"items_purged":["Strike_G"],"score":86,"play_id":"124c0ae9-04fe-48e8-a73f-74d6f7cef68a","local_time":"20210113153821","is_ascension_mode":false,"campfire_choices":[{"floor":6,"key":"REST"},{"data":"Survivor","floor":8,"key":"SMITH"},{"floor":11,"key":"REST"},{"floor":15,"key":"REST"}],"circlet_count":0,"master_deck":["Strike_G","Strike_G","Strike_G","Strike_G","Defend_G","Defend_G","Defend_G+1","Defend_G","Defend_G","Survivor+1","Neutralize","Poisoned Stab+1","Parasite"],"relics":["Ring of the Snake","Golden Idol","Juzu Bracelet","Centennial Puzzle","Lantern"],"acts_visited":[],"potions_floor_usage":[],"damage_taken":[{"damage":1.0,"enemies":"Cultist","floor":1.0,"turns":4.0},{"damage":4,"enemies":"Small Slimes","floor":2,"turns":5},{"damage":1,"enemies":"2 Louse","floor":3,"turns":4},{"damage":71,"enemies":"Slime Boss","floor":16,"turns":12}],"seed_played":"3576087691444022070","potions_obtained":[{"floor":1.0,"key":"GhostInAJar"},{"floor":2,"key":"GamblersBrew"}],"is_trial":false,"path_per_floor":["M","M","M","?","?","R","$","R","T","?","R","T","?","T","R","B"],"character_chosen":"THE_SILENT","items_purchased":["Weak Potion"],"campfire_rested":3,"item_purchase_floors":[7],"current_hp_per_floor":[76,72,71,56,56,71,71,71,71,71,71,71,71,71,71,0,0],"gold":97,"neow_bonus":"TEN_PERCENT_HP_BONUS","is_daily":false,"chose_seed":false,"campfire_upgraded":1,"win_rate":0.0,"timestamp":1610548701,"path_taken":["M","?","M","?","?","R","?","R","T","?","R","?","?","?","R","BOSS"],"items_purchased_type":["Potion"],"build_version":"2020-12-22","purchased_purges":1,"victory":false,"max_hp_per_floor":[77,77,77,77,71,71,71,71,71,71,71,71,71,71,71,71,71],"relic_stats":{"Centennial Puzzle":[3],"counters":[3,21],"Golden Idol":0,"Juzu Bracelet":0,"obtain_stats":[{"Centennial Puzzle":12,"Lantern":14,"Golden Idol":5,"Juzu Bracelet":9,"Ring of the Snake":0},{"Centennial Puzzle":2,"Lantern":2,"Golden Idol":2,"Juzu Bracelet":2,"Ring of the Snake":0},{"Centennial Puzzle":9,"Lantern":9,"Golden Idol":9,"Juzu Bracelet":9,"Ring of the Snake":0}],"Ring of the Snake":[6]},"card_choices":[{"not_picked":["Escape Plan","Flying Knee","Sucker Punch"],"picked":"SKIP","floor":1.0},{"not_picked":["Blur","Deflect","Sucker Punch"],"picked":"SKIP","floor":2},{"not_picked":["PiercingWail","Riddle With Holes"],"picked":"Poisoned Stab","floor":3}],"player_experience":56496,"relics_obtained":[{"floor":9,"key":"Juzu Bracelet"},{"floor":12,"key":"Centennial Puzzle"},{"floor":14,"key":"Lantern"}],"event_choices":[{"damage_healed":0,"gold_gain":0,"player_choice":"Entered Light","damage_taken":15,"max_hp_gain":0,"max_hp_loss":0,"event_name":"Shining Light","floor":4,"gold_loss":0,"cards_upgraded":["Defend_G","Poisoned Stab"]},{"damage_healed":0,"gold_gain":0,"player_choice":"Lose Max HP","damage_taken":0,"relics_obtained":["Golden Idol"],"max_hp_gain":0,"max_hp_loss":6,"event_name":"Golden Idol","floor":5,"gold_loss":0},{"damage_healed":23,"gold_gain":0,"player_choice":"Banana","damage_taken":0,"max_hp_gain":0,"max_hp_loss":0,"event_name":"Big Fish","floor":10,"gold_loss":0},{"damage_healed":17,"gold_gain":0,"player_choice":"Healed and dodged fight","damage_taken":0,"max_hp_gain":0,"max_hp_loss":0,"event_name":"Mushrooms","floor":13,"gold_loss":0,"cards_obtained":["Parasite"]}],"is_beta":false,"boss_relics":[],"items_purged_floors":[7],"is_endless":false,"potions_floor_spawned":[1,2],"killed_by":"Slime Boss","ascension_level":0}}