{"host":"iufxm0obud3l1y1g","time":1610542483,"event":{"mods":["BaseMod","Bestiary","Minty Spire (QoL Compilation)","StSLib","The Marked"],"gold_per_floor":[119,131,151,151,76,111,111,111,111,136,136,136,136,155,155,252,252,265,293,306,221,234,266,266,281,308,308,322,322,336,354,354,354,354],"floor_reached":33,"language":"ENG","playtime":3012,"items_purged":["Pain"],"score":277,"play_id":"2c32aef3-fc5f-4a52-abac-56e5894af47f","local_time":"20210113065443","is_ascension_mode":false,"campfire_choices":[{"floor":7,"key":"REST"},{"floor":11,"key":"REST"},{"floor":13,"key":"REST"},{"data":"theMarked:ReduceFriction","floor":15,"key":"SMITH"},{"floor":24,"key":"REST"},{"floor":27,"key":"REST"},{"floor":29,"key":"REST"},{"floor":32,"key":"REST"}],"circlet_count":0,"master_deck":["theMarked:Strike","theMarked:Strike","theMarked:Defend","theMarked:Defend+1","theMarked:Defend","theMarked:Defend+1","theMarked:SoldierOfQuellstein+1","theMarked:TurnInvisible","theMarked:ChainLightning","theMarked:EnhanceMovement","theMarked:GodGivenPower","theMarked:ReduceFriction+1","theMarked:SuspiciousRaven","theMarked:ElementalBlade+1","theMarked:ReduceFriction+1","theMarked:PowerFlow+1","theMarked:EmpowerWeapon","theMarked:Aftermath+1","theMarked:RepellingDischarge"],"relics":["theMarked:ArtifactOfAir","Shuriken","Bag of Marbles","Bottled Flame","Astrolabe","Red Mask","Peace Pipe","Darkstone Periapt","Nunchaku"],"acts_visited":["Exordium","TheCity"],"potions_floor_usage":[16,19,20,22,25,33],"damage_taken":[{"damage":5,"enemies":"Jaw Worm","floor":1,"turns":5},{"damage":2,"enemies":"Small Slimes","floor":2,"turns":3},{"damage":4,"enemies":"2 Louse","floor":3,"turns":2},{"damage":23,"enemies":"3 Sentries","floor":6,"turns":7},{"damage":28,"enemies":"Gremlin Nob","floor":10,"turns":4},{"damage":0,"enemies":"2 Fungi Beasts","floor":14,"turns":1},{"damage":13,"enemies":"Slime Boss","floor":16,"turns":8},{"damage":0,"enemies":"Chosen","floor":18,"turns":3},{"damage":23,"enemies":"Masked Bandits","floor":19,"turns":4},{"damage":4,"enemies":"Shell Parasite","floor":20,"turns":4},{"damage":3,"enemies":"3 Cultists","floor":22,"turns":4},{"damage":33,"enemies":"Gremlin Leader","floor":23,"turns":6},{"damage":0,"enemies":"Cultist and Chosen","floor":25,"turns":3},{"damage":17,"enemies":"Centurion and Healer","floor":28,"turns":4},{"damage":3,"enemies":"Snake Plant","floor":30,"turns":3},{"damage":41,"enemies":"Shelled Parasite and Fungi","floor":31,"turns":5},{"damage":45,"enemies":"Champ","floor":33,"turns":5}],"seed_played":"-1156346488812392147","potions_obtained":[{"floor":6,"key":"SneckoOil"},{"floor":10,"key":"BlessingOfTheForge"},{"floor":16,"key":"GamblersBrew"},{"floor":18,"key":"SpeedPotion"},{"floor":20,"key":"SpeedPotion"},{"floor":23,"key":"DistilledChaos"},{"floor":25,"key":"SpeedPotion"},{"floor":30,"key":"Ancient Potion"}],"is_trial":false,"path_per_floor":["M","M","M","?","$","E","R","?","T","E","R","?","R","M","R","B",null,"M","?","M","?","M","E","R","M","T","R","M","R","M","M","R","B"],"character_chosen":"THE_DEFAULT","items_purchased":[],"campfire_rested":7,"item_purchase_floors":[],"current_hp_per_floor":[65,63,59,59,59,36,57,57,57,29,50,36,57,57,57,44,70,70,47,43,43,40,7,28,28,28,49,32,53,50,9,30,0,0],"gold":354,"neow_bonus":"THREE_RARE_CARDS","is_daily":false,"chose_seed":false,"campfire_upgraded":1,"win_rate":0.0,"timestamp":1610542483,"path_taken":["M","M","M","?","$","E","R","?","T","E","R","?","R","M","R","BOSS","M","?","M","?","M","E","R","M","T","R","M","R","M","M","R","BOSS"],"items_purchased_type":[],"build_version":"2020-12-22","purchased_purges":1,"victory":false,"max_hp_per_floor":[70,70,70,70,70,70,70,70,70,70,70,70,70,70,70,70,70,70,70,70,70,70,70,70,70,70,70,70,70,70,70,70,70,70],"card_choices":[{"not_picked":["theMarked:BindingBlade","theMarked:Snap"],"picked":"theMarked:TurnInvisible","floor":0},{"not_picked":["theMarked:WardOff","theMarked:HeightenedSenses"],"picked":"theMarked:ChainLightning","floor":1},{"not_picked":["theMarked:WastefulAttack","theMarked:ContemptForTheProud"],"picked":"theMarked:EnhanceMovement","floor":2},{"not_picked":["theMarked:WastefulDefense","theMarked:ElectricStrings"],"picked":"theMarked:GodGivenPower","floor":3},{"not_picked":["theMarked:Parkour","theMarked:Frustration","theMarked:Snap"],"picked":"SKIP","floor":6},{"not_picked":["theMarked:ParalyzingBlade","theMarked:Frustration"],"picked":"theMarked:ReduceFriction","floor":10},{"not_picked":["theMarked:HeightenedSenses","theMarked:Static","theMarked:WastefulAttack"],"picked":"SKIP","floor":14},{"not_picked":["theMarked:TurnInvisible","theMarked:SoldierForm"],"picked":"theMarked:SuspiciousRaven","floor":16},{"not_picked":["theMarked:TakeCover","theMarked:Indomitable","theMarked:Improvise+1"],"picked":"SKIP","floor":18},{"not_picked":["theMarked:WastefulAttack","theMarked:WardOff"],"picked":"theMarked:EmpowerWeapon","floor":19},{"not_picked":["theMarked:Parry","theMarked:WardOff","theMarked:BanishingStrike"],"picked":"SKIP","floor":20},{"not_picked":["theMarked:Frustration","theMarked:ContemptForTheProud","theMarked:BanishingStrike"],"picked":"SKIP","floor":22},{"not_picked":["theMarked:Reabsorb","theMarked:ComboAttacks","theMarked:MaelstromOfLightning"],"picked":"SKIP","floor":23},{"not_picked":["theMarked:Parkour","theMarked:Static"],"picked":"theMarked:Aftermath+1","floor":25},{"not_picked":["theMarked:Parkour","theMarked:EnhanceMovement","theMarked:Frustration"],"picked":"SKIP","floor":28},{"not_picked":["theMarked:Parry","theMarked:GodGivenPower","theMarked:WardOff+1"],"picked":"SKIP","floor":30},{"not_picked":["theMarked:Static","theMarked:ResourceFulStrike+1"],"picked":"theMarked:RepellingDischarge","floor":31}],"player_experience":16800,"relics_obtained":[{"floor":6,"key":"Shuriken"},{"floor":9,"key":"Bag of Marbles"},{"floor":10,"key":"Bottled Flame"},{"floor":19,"key":"Red Mask"},{"floor":23,"key":"Darkstone Periapt"},{"floor":26,"key":"Nunchaku"}],"event_choices":[{"damage_healed":0,"gold_gain":0,"player_choice":"Ignored","damage_taken":0,"max_hp_gain":0,"max_hp_loss":0,"event_name":"Liars Game","floor":4,"gold_loss":0},{"damage_healed":0,"gold_gain":0,"player_choice":"Grow","damage_taken":0,"max_hp_gain":0,"max_hp_loss":0,"event_name":"Living Wall","floor":8,"gold_loss":0,"cards_upgraded":["theMarked:SoldierOfQuellstein"]},{"damage_healed":0,"gold_gain":0,"player_choice":"Entered Light","damage_taken":14,"max_hp_gain":0,"max_hp_loss":0,"event_name":"Shining Light","floor":12,"gold_loss":0,"cards_upgraded":["theMarked:Defend","theMarked:Defend"]},{"damage_healed":0,"gold_gain":0,"player_choice":"Fought Bandits","damage_taken":0,"max_hp_gain":0,"max_hp_loss":0,"event_name":"Masked Bandits","floor":19,"gold_loss":0},{"damage_healed":0,"gold_gain":0,"player_choice":"Obtained Relic","damage_taken":0,"relics_obtained":["Peace Pipe"],"max_hp_gain":0,"max_hp_loss":0,"event_name":"Addict","floor":21,"gold_loss":85}],"is_beta":false,"boss_relics":[{"not_picked":["SacredBark","Tiny House"],"picked":"Astrolabe"}],"items_purged_floors":[5],"is_endless":false,"potions_floor_spawned":[6,10,16,18,20,23,25,30],"killed_by":"Champ","ascension_level":0}}