{"host":"g01l53quoe6lrer0","time":1610515476,"event":{"mods":["2.2 Compatiblity","AchievementEnabler","BaseMod","Colored Map","Highlight Path","Keyboard Shortcuts","Minty Spire (QoL Compilation)","Permanent Neow","StSLib","SuperFastMode","everything is the same but u backflip on backflip"],"gold_per_floor":[117,117,136,153,169,169,186,217,242,242,259,292,302,314,314,314,314],"floor_reached":16,"language":"KOR","playtime":429,"items_purged":[],"score":191,"play_id":"a078b251-c2d9-4e9d-a660-993646e966bf","local_time":"20210113142436","is_ascension_mode":true,"campfire_choices":[{"data":"Electrodynamics","floor":6.0,"key":"SMITH"},{"floor":10,"key":"REST"},{"floor":15,"key":"REST"}],"circlet_count":0,"master_deck":["AscendersBane","Strike_B","Strike_B","Strike_B","Strike_B","Defend_B","Defend_B","Defend_B","Defend_B","Zap+1","Dualcast","Electrodynamics+1","Stack","Stack","Aggregate","Cold Snap","Tempest","Blizzard","Leap","Coolheaded","Conserve Battery","Fusion"],"relics":["Cracked Core","Boot","Orichalcum","Blood Vial"],"acts_visited":["Exordium"],"potions_floor_usage":[12,13],"damage_taken":[{"damage":0.0,"enemies":"2 Louse","floor":1.0,"turns":2.0},{"damage":1.0,"enemies":"Cultist","floor":3.0,"turns":3.0},{"damage":7.0,"enemies":"Small Slimes","floor":4.0,"turns":2.0},{"damage":13.0,"enemies":"Blue Slaver","floor":5.0,"turns":4.0},{"damage":5.0,"enemies":"Looter","floor":7.0,"turns":3.0},{"damage":22,"enemies":"Gremlin Nob","floor":8,"turns":4},{"damage":2,"enemies":"2 Fungi Beasts","floor":11,"turns":3},{"damage":29,"enemies":"Lagavulin","floor":12,"turns":9},{"damage":0,"enemies":"Lots of Slimes","floor":13,"turns":1},{"damage":1,"enemies":"Looter","floor":14,"turns":2},{"damage":45,"enemies":"Hexaghost","floor":16,"turns":14}],"seed_played":"-4597399524560767595","potions_obtained":[{"floor":5.0,"key":"Explosive Potion"},{"floor":7.0,"key":"SteroidPotion"},{"floor":11,"key":"Dexterity Potion"}],"is_trial":false,"path_per_floor":["M","?","M","M","M","R","M","E","T","R","M","E","M","M","R","B"],"character_chosen":"DEFECT","items_purchased":[],"campfire_rested":2,"item_purchase_floors":[],"current_hp_per_floor":[68,68,67,60,47,47,42,20,20,42,40,11,13,14,36,0,0],"gold":314,"neow_bonus":"ONE_RANDOM_RARE_CARD","is_daily":false,"chose_seed":false,"campfire_upgraded":1,"win_rate":0.0,"timestamp":1610515476,"path_taken":["M","?","M","?","M","R","M","E","T","R","?","E","M","M","R","BOSS"],"items_purchased_type":[],"build_version":"2020-12-22","purchased_purges":0,"victory":false,"max_hp_per_floor":[75,75,75,75,75,75,75,75,75,75,75,75,75,75,75,75,75],"card_choices":[{"not_picked":["Streamline","FTL"],"picked":"Stack","floor":1.0},{"not_picked":["Turbo","Recycle"],"picked":"Stack","floor":3.0},{"not_picked":["Turbo","Ball Lightning"],"picked":"Aggregate","floor":4.0},{"not_picked":["Sweeping Beam","Barrage"],"picked":"Cold Snap","floor":5.0},{"not_picked":["Gash","Aggregate"],"picked":"Tempest","floor":7.0},{"not_picked":["Sunder","Ball Lightning"],"picked":"Blizzard","floor":8},{"not_picked":["Steam","Hyperbeam"],"picked":"Leap","floor":11},{"not_picked":["Melter","Turbo"],"picked":"Coolheaded","floor":12},{"not_picked":["Cold Snap","Tempest"],"picked":"Conserve Battery","floor":13},{"not_picked":["Gash","Storm"],"picked":"Fusion","floor":14}],"player_experience":170025,"relics_obtained":[{"floor":8,"key":"Boot"},{"floor":9,"key":"Orichalcum"},{"floor":12,"key":"Blood Vial"}],"event_choices":[{"damage_healed":0.0,"max_hp_gain":0.0,"max_hp_loss":0.0,"gold_gain":0.0,"event_name":"Accursed Blacksmith","player_choice":"Forge","floor":2.0,"gold_loss":0.0,"damage_taken":0.0,"cards_upgraded":["Zap"]}],"is_beta":false,"boss_relics":[],"items_purged_floors":[],"is_endless":false,"potions_floor_spawned":[5,7,11],"killed_by":"Hexaghost","ascension_level":13}}