{"host":"6jrnojxwearbrjzo","time":1610571485,"event":{"mods":["BaseMod","Colored Map","Conspire","Highlight Path","Minty Spire (QoL Compilation)","Quick Restart","Replay The Spire","Shop Mod","Spicy Shops","StSLib","The Servant 0.9.4"],"gold_per_floor":[109,109,125,138,156,189,189,201,201,233,246,246,246,291,291,291,291],"floor_reached":16,"language":"ZHS","playtime":591,"items_purged":[],"score":112,"play_id":"b53d443e-ead7-4bed-8094-a7b3e47e7b92","local_time":"20210114045805","is_ascension_mode":false,"campfire_choices":[{"floor":7,"key":"REST"},{"floor":13,"key":"REST"},{"data":"Eruption","floor":15,"key":"SMITH"}],"circlet_count":0,"master_deck":["Strike_P","Strike_P","Strike_P","Strike_P","Defend_P","Defend_P+1","Defend_P","Defend_P","Eruption+1","Vigilance","Halt","BowlingBash","CutThroughFate","Tantrum","DeusExMachina","TalkToTheHand+1","SignatureMove","Meditate","Collect"],"relics":["PureWater","Gambling Chip","conspire:GiftBox","conspire:BottledYoYo","Eternal Feather","conspire:Dentures"],"acts_visited":["Exordium"],"potions_floor_usage":[10,16],"damage_taken":[{"damage":3,"enemies":"Jaw Worm","floor":1,"turns":2},{"damage":0,"enemies":"Small Slimes","floor":3,"turns":3},{"damage":0,"enemies":"2 Louse","floor":4,"turns":2},{"damage":29,"enemies":"Looter","floor":5,"turns":4},{"damage":19,"enemies":"3 Sentries","floor":6,"turns":5},{"damage":0,"enemies":"2 Fungi Beasts","floor":8,"turns":3},{"damage":14,"enemies":"Gremlin Nob","floor":10,"turns":3},{"damage":0,"enemies":"Lots of Slimes","floor":11,"turns":2},{"damage":27,"enemies":"The Guardian","floor":16,"turns":6}],"seed_played":"-5126877821539733152","potions_obtained":[{"floor":4,"key":"Languid Potion"},{"floor":6,"key":"Elixir"},{"floor":11,"key":"CultistPotion"}],"is_trial":false,"path_per_floor":["M","?","M","M","M","E","R","M","T","E","M","?","R","?","R_BF","B"],"character_chosen":"WATCHER","items_purchased":[],"campfire_rested":2,"item_purchase_floors":[],"current_hp_per_floor":[62,62,62,62,33,14,33,33,33,19,19,6,34,18,27,0,0],"gold":291,"neow_bonus":"ONE_RARE_RELIC","is_daily":false,"chose_seed":false,"campfire_upgraded":1,"win_rate":0.0,"timestamp":1610571485,"path_taken":["M","?","M","M","M","E","R","M","T","E","M","?","R","?","R_BF","BOSS"],"items_purchased_type":[],"build_version":"2020-12-22","purchased_purges":0,"victory":false,"max_hp_per_floor":[65,65,65,65,65,65,65,65,65,65,65,65,65,65,65,65,65],"card_choices":[{"not_picked":["FollowUp","WindmillStrike"],"picked":"Halt","floor":1},{"not_picked":["Replay:BluntJabs","Sanctity"],"picked":"BowlingBash","floor":3},{"not_picked":["Vengeance","Protect"],"picked":"CutThroughFate","floor":4},{"not_picked":["ClearTheMind","Protect"],"picked":"Tantrum","floor":5},{"not_picked":["Blasphemy","ConjureBlade"],"picked":"DeusExMachina","floor":6},{"not_picked":["WheelKick","Pray"],"picked":"TalkToTheHand","floor":6},{"not_picked":["EmptyFist","FollowUp","Blasphemy"],"picked":"SKIP","floor":8},{"not_picked":["Tantrum","Sanctity"],"picked":"SignatureMove","floor":10},{"not_picked":["Study","Consecrate"],"picked":"Meditate","floor":11},{"not_picked":["PathToVictory","EmptyFist"],"picked":"Collect","floor":14}],"player_experience":76404,"relics_obtained":[{"floor":6,"key":"conspire:GiftBox"},{"floor":9,"key":"conspire:BottledYoYo"},{"floor":10,"key":"Eternal Feather"},{"floor":14,"key":"conspire:Dentures"}],"event_choices":[{"damage_healed":0,"gold_gain":0,"player_choice":"Entered Light","damage_taken":13,"max_hp_gain":0,"max_hp_loss":0,"event_name":"Shining Light","floor":12,"gold_loss":0,"cards_upgraded":["Defend_P","TalkToTheHand"]}],"is_beta":false,"boss_relics":[],"items_purged_floors":[],"is_endless":false,"potions_floor_spawned":[4,6,11],"killed_by":"The Guardian","ascension_level":0}}