{"host":"6jrnojxwearbrjzo","time":1610574477,"event":{"mods":["BaseMod","Colored Map","Conspire","Highlight Path","Minty Spire (QoL Compilation)","MostiFishMod","Quick Restart","Random Character Button","Shop Mod","Spicy Shops","StSLib","TestMod","The Construct","The Servant 0.9.4","Yuyuko","vexMod","篝火指南"],"gold_per_floor":[113,132,107,107,282,312,16,16,16,16,33,33,43,56,56,155,155,166,166,38,54,71,71,100,112,124,202,240,227,75,137,149,263,941,966,1028,1090,1108,55,90,68,80,80,142,152,152,202,252,252,252],"floor_reached":51,"language":"ZHS","playtime":1749,"items_purged":["Doubt"],"score":1038,"play_id":"e19b0605-9f2f-4526-bf2b-7a1fade5b4fb","local_time":"20210114054757","is_ascension_mode":false,"campfire_choices":[{"data":"MostiFishMod:DawningShadow","floor":10,"key":"SMITH"},{"data":"White Noise","floor":15,"key":"SMITH"},{"data":"MostiFishMod:LinkProtocol","floor":23,"key":"SMITH"},{"data":"Amplify","floor":25,"key":"SMITH"},{"data":"Recycle","floor":32,"key":"SMITH"},{"data":"MostiFishMod:ActiveDefenseSystem","floor":49,"key":"SMITH"}],"circlet_count":0,"master_deck":["conspire:GhostlyStrike","conspire:GhostlyStrike","conspire:GhostlyStrike","conspire:GhostlyStrike","conspire:GhostlyDefend","conspire:GhostlyDefend","conspire:GhostlyDefend","Zap","Dualcast","MostiFishMod:DawningShadow+1","Beam Cell","Gash","White Noise+1","Recycle+1","MostiFishMod:LinkProtocol+1","Coolheaded","Electrodynamics+1","Defragment+1","Skim+1","Force Field+1","Amplify+1","Chill+1","Seek","Madness","Madness","MostiFishMod:ActiveDefenseSystem+1","Genetic Algorithm+1","MostiFishMod:PushDownKick+1","Seek","Storm","Storm+1","Storm+1","Loop+1","MostiFishMod:TalkingToTheRain+1","Enlightenment","MostiFishMod:OneDayCity"],"relics":["Cracked Core","DaveBox","testmod-TestBox","The Courier","testmod-Fanaticism","SynthV:TestCard","Incense Burner","Cables","vexMod:RedPlottingStone","Mummified Hand","testmod-Nine","SsserpentHead","Kunai","White Beast Statue","Technique","vexMod:RockOfEvil","Potion Belt","Orrery","Frozen Egg 2","Omamori","testmod-CasingShield","Bottled Tornado","testmod-IndustrialRevolution","Bronze Scales"],"acts_visited":["Exordium","TheCity","TheBeyond"],"potions_floor_usage":[16,16,21,21,24,28,38,44,44,45,45,50],"damage_taken":[{"damage":11,"enemies":"Small Slimes","floor":1,"turns":3},{"damage":12,"enemies":"Jaw Worm","floor":2,"turns":3},{"damage":39,"enemies":"Lagavulin","floor":6,"turns":5},{"damage":0,"enemies":"2 Louse","floor":11,"turns":2},{"damage":0,"enemies":"Large Slime","floor":13,"turns":4},{"damage":1,"enemies":"Blue Slaver","floor":14,"turns":2},{"damage":34,"enemies":"Hexaghost","floor":16,"turns":4},{"damage":4,"enemies":"conspire:FuzzyDice","floor":18,"turns":3},{"damage":0,"enemies":"3 Byrds","floor":21,"turns":1},{"damage":20,"enemies":"Cultist and Chosen","floor":22,"turns":4},{"damage":0,"enemies":"conspire:Head Lice","floor":24,"turns":3},{"damage":0,"enemies":"Sentry and Sphere","floor":27,"turns":3},{"damage":0,"enemies":"Gremlin Leader","floor":28,"turns":4},{"damage":0,"enemies":"Champ","floor":33,"turns":3},{"damage":21,"enemies":"3 Darklings","floor":35,"turns":4},{"damage":25,"enemies":"3 Shapes","floor":38,"turns":3},{"damage":0,"enemies":"Reptomancer","floor":40,"turns":4},{"damage":0,"enemies":"Writhing Mass","floor":42,"turns":4},{"damage":0,"enemies":"3 Darklings","floor":44,"turns":1},{"damage":0,"enemies":"Jaw Worm Horde","floor":45,"turns":3},{"damage":0,"enemies":"conspire:OrnateMirror","floor":50,"turns":2}],"seed_played":"-7177587532268861793","potions_obtained":[{"floor":6,"key":"PowerPotion"},{"floor":11,"key":"FearPotion"},{"floor":16,"key":"Explosive Potion"},{"floor":18,"key":"EssenceOfDarkness"},{"floor":21,"key":"DistilledChaos"},{"floor":22,"key":"DistilledChaos"},{"floor":33,"key":"SteroidPotion"},{"floor":35,"key":"Strength Potion"},{"floor":38,"key":"DuplicationPotion"},{"floor":40,"key":"BlessingOfTheForge"},{"floor":42,"key":"Swift Potion"},{"floor":44,"key":"Strength Potion"},{"floor":45,"key":"DistilledChaos"}],"is_trial":false,"path_per_floor":["M","M","?","T","?","E","R","$","T","R","M","?","M","M","R","B",null,"M","?","$","M","M","R","E","R","T","M","E","?","R","?","R","B",null,"M","?","?","M","$","E","$","M","T","M","M","$","?","?","R","B",null],"character_chosen":"DEFECT","items_purchased":["vexMod:RedPlottingStone","Defragment","Technique","PowerPotion","Orrery","Storm","Frozen Egg 2","Omamori","Storm+1","Storm+1","Loop+1","testmod-CasingShield","Bottled Tornado","Enlightenment"],"campfire_rested":0,"item_purchase_floors":[7,20,30,30,39,39,39,39,39,39,39,39,39,41],"current_hp_per_floor":[61,53,53,53,53,47,47,47,47,47,47,47,47,46,46,68,68,64,64,64,64,68,68,68,68,68,68,68,68,68,68,68,68,68,68,59,59,68,68,68,68,68,68,68,68,68,68,68,68,68],"gold":252,"neow_bonus":"THREE_RARE_CARDS","is_daily":false,"chose_seed":false,"campfire_upgraded":6,"win_rate":0.0,"timestamp":1610574477,"path_taken":["M","M","?","?","?","E","R","?","T","R","M","?","?","M","R","BOSS","M","?","$","M","M","R","E","R","T","?","E","?","R","?","R","BOSS","M","?","?","M","$","E","?","M","T","?","M","$","?","?","R","BOSS"],"items_purchased_type":["Relic","Card","Relic","Potion","Relic","Card","Relic","Relic","Card","Card","Card","Relic","Relic","Card"],"build_version":"2020-12-22","purchased_purges":1,"victory":true,"max_hp_per_floor":[68,68,68,68,68,68,68,68,68,68,68,68,68,68,68,68,68,68,68,68,68,68,68,68,68,68,68,68,68,68,68,68,68,68,68,68,68,68,68,68,68,68,68,68,68,68,68,68,68,68],"card_choices":[{"not_picked":["Hyperbeam","Multi-Cast"],"picked":"MostiFishMod:DawningShadow","floor":0},{"not_picked":["Undo","conspire:SharedLibrary"],"picked":"Beam Cell","floor":1},{"not_picked":["Chill","MostiFishMod:Impulse","Compile Driver","Doom and Gloom"],"picked":"Gash","floor":2},{"not_picked":["Compile Driver","Sweeping Beam","Leap","Blizzard"],"picked":"White Noise","floor":6},{"not_picked":["Hello World","Conserve Battery","conspire:SharedLibrary","Gash"],"picked":"Recycle","floor":11},{"not_picked":["Turbo","BootSequence","Thunder Strike","Melter"],"picked":"MostiFishMod:LinkProtocol","floor":13},{"not_picked":["Compile Driver","Fusion","Static Discharge","MostiFishMod:PushDownKick"],"picked":"Coolheaded","floor":14},{"not_picked":["MostiFishMod:ReadyAimFire","MostiFishMod:Hijack","Multi-Cast","All For One"],"picked":"Electrodynamics","floor":16},{"not_picked":["Conserve Battery","Doom and Gloom+1","Steam+1","FTL","Tempest"],"picked":"SKIP","floor":18},{"not_picked":["Stack","Blizzard+1","Compile Driver","Barrage"],"picked":"Skim+1","floor":21},{"not_picked":["Steam","Compile Driver","Beam Cell","Gash"],"picked":"Force Field+1","floor":22},{"not_picked":["Conserve Battery","Glacier","Melter","Go for the Eyes+1"],"picked":"Amplify","floor":24},{"not_picked":["Steam","Rebound","Cold Snap+1","conspire:SharedLibrary+1"],"picked":"Chill+1","floor":27},{"not_picked":["Hologram","Ball Lightning","Conserve Battery","Lockon","Rebound"],"picked":"SKIP","floor":28},{"not_picked":["MostiFishMod:IntelligentEquipment","MostiFishMod:TalkingToTheRain","Hyperbeam","MostiFishMod:StarOceanB"],"picked":"Seek","floor":33},{"not_picked":["Turbo+1","Streamline","Defragment","Redo+1","Barrage+1"],"picked":"SKIP","floor":35},{"not_picked":["Hologram","Streamline","FTL","Conserve Battery+1","Reprogram+1"],"picked":"SKIP","floor":38},{"not_picked":["Darkness+1","Melter","Conserve Battery+1","conspire:SharedLibrary"],"picked":"MostiFishMod:ActiveDefenseSystem","floor":39},{"not_picked":["Redo+1","Cold Snap","MostiFishMod:FluxCapactior+1","Beam Cell"],"picked":"Genetic Algorithm+1","floor":39},{"not_picked":["Recycle","Steam+1","Stack+1","Rebound"],"picked":"MostiFishMod:PushDownKick+1","floor":39},{"not_picked":["Hello World+1","Redo","Go for the Eyes+1","Rebound+1"],"picked":"Seek","floor":39},{"not_picked":["Rip and Tear+1","Recycle+1","Barrage+1","Streamline+1"],"picked":"MostiFishMod:TalkingToTheRain+1","floor":40},{"not_picked":["Fusion+1","Steam","MostiFishMod:ReprogramOld","MostiFishMod:PushDownKick","FTL"],"picked":"SKIP","floor":42},{"not_picked":["Gash","Recycle","Leap","Undo","MostiFishMod:LinkProtocol"],"picked":"SKIP","floor":44},{"not_picked":["Conserve Battery","Cold Snap","Gash","MostiFishMod:Hijack","Stack"],"picked":"SKIP","floor":45},{"not_picked":["testmod-WeaknessCounterattack","testmod-EternalityOfKhronos","testmod-HandmadeProducts","Panacea"],"picked":"MostiFishMod:OneDayCity","floor":47}],"player_experience":76995,"relics_obtained":[{"floor":1,"key":"SynthV:TestCard"},{"floor":4,"key":"Incense Burner"},{"floor":6,"key":"Cables"},{"floor":9,"key":"Mummified Hand"},{"floor":24,"key":"MawBank"},{"floor":26,"key":"Kunai"},{"floor":28,"key":"White Beast Statue"},{"floor":40,"key":"testmod-IndustrialRevolution"},{"floor":43,"key":"Bronze Scales"}],"event_choices":[{"damage_healed":0,"gold_gain":175,"player_choice":"AGREE","damage_taken":0,"max_hp_gain":0,"max_hp_loss":0,"event_name":"Liars Game","floor":5,"gold_loss":0,"cards_obtained":["Doubt"]},{"damage_healed":0,"gold_gain":0,"player_choice":"Agree","damage_taken":0,"max_hp_gain":0,"max_hp_loss":0,"event_name":"conspire:LoneGhost","floor":12,"gold_loss":0},{"damage_healed":0,"gold_gain":0,"player_choice":"Trade","damage_taken":0,"relics_obtained":["SsserpentHead"],"max_hp_gain":0,"max_hp_loss":0,"event_name":"FaceTrader","floor":19,"gold_loss":0},{"cards_removed":["conspire:GhostlyDefend"],"damage_healed":0,"gold_gain":0,"player_choice":"Gave Gold","damage_taken":0,"max_hp_gain":0,"max_hp_loss":0,"event_name":"Beggar","floor":29,"gold_loss":75},{"damage_healed":0,"gold_gain":0,"player_choice":"Ignored","damage_taken":0,"max_hp_gain":0,"max_hp_loss":0,"event_name":"Vampires","floor":31,"gold_loss":0},{"damage_healed":0,"gold_gain":0,"player_choice":"Embrace Madness","damage_taken":9,"max_hp_gain":0,"max_hp_loss":0,"event_name":"Winding Halls","floor":36,"gold_loss":0,"cards_obtained":["Madness","Madness"]},{"damage_healed":0,"gold_gain":0,"player_choice":"Swap Relic","damage_taken":0,"relics_obtained":["Potion Belt"],"max_hp_gain":0,"max_hp_loss":0,"event_name":"给自己的盒子","floor":37,"relics_lost":["MawBank"],"gold_loss":0},{"damage_healed":0,"gold_gain":0,"player_choice":"Memory 1","damage_taken":0,"max_hp_gain":0,"max_hp_loss":0,"event_name":"SensoryStone","floor":47,"gold_loss":0},{"damage_healed":0,"gold_gain":0,"player_choice":"Leave","damage_taken":0,"max_hp_gain":0,"max_hp_loss":0,"event_name":"conspire:Investor","floor":48,"gold_loss":0}],"is_beta":false,"boss_relics":[{"not_picked":["testmod-IncinerationGenerator","EE1DDrone"],"picked":"testmod-Nine"},{"not_picked":["Cursed Key","testmod-SaigiyounoYou"],"picked":"vexMod:RockOfEvil"}],"items_purged_floors":[7],"is_endless":false,"potions_floor_spawned":[1,6,11,16,18,21,22,33,35,38,40,42,44,45],"ascension_level":0}}