{"host":"38maufg2dcy7va3m","time":1610523479,"event":{"mods":["Act Like it!","BaseMod","Downfall","Hermit","Hubris","Infinite Spire","Minty Spire (QoL Compilation)","Replay The Spire","StSLib"],"gold_per_floor":[118,1,12,23,37,37,47,47,126,142,152,167,197,210,210,315,315,325,88,104,120,120,149,149,183,183,183,198,208,208,208,208,313,313,328,378,11,11,11,11,11,11,35,45,45,65,65,78,78,78],"floor_reached":51,"language":"ENG","playtime":2295,"items_purged":[],"score":741,"play_id":"67e36518-8627-459f-a017-46c6141fc01a","local_time":"20210112233759","is_ascension_mode":false,"campfire_choices":[{"data":"Specialist","floor":6,"key":"SMITH"},{"data":"Dodge and Roll","floor":8,"key":"SMITH"},{"floor":15,"key":"REST"},{"data":"Blade Dance","floor":24,"key":"SMITH"},{"floor":27,"key":"REST"},{"data":"Catalyst","floor":30,"key":"SMITH"},{"data":"Neutralize","floor":32,"key":"SMITH"},{"data":"infinitespire:FutureSight","floor":40,"key":"SMITH"},{"data":"Bullet Time","floor":42,"key":"SMITH"},{"data":"Cloak And Dagger","floor":45,"key":"SMITH"},{"data":"Blur","floor":49,"key":"SMITH"}],"circlet_count":0,"master_deck":["Strike_G+1","Strike_G","Strike_G","Strike_G","Strike_G","Defend_G","Defend_G+1","Defend_G","Defend_G","Defend_G","Survivor","Neutralize+1","Specialist+1","Noxious Fumes","Footwork","Flying Knee","Crippling Poison","PiercingWail","Dodge and Roll+1","Sucker Punch","Backstab","Deadly Poison","Slice","Blade Dance+1","infinitespire:Neurotoxin","Choke+1","Backstab","Deadly Poison","Noxious Fumes","Cloak And Dagger","Infinite Blades","Blur+1","Catalyst+1","Poisoned Stab","Flechettes","infinitespire:FutureSight+1","Bullet Time+1","Slice","Acrobatics+1","Cloak And Dagger+1","Footwork","Swift Strike","Slice","Deadly Poison+1","Dodge and Roll"],"relics":["Ring of the Snake","infinitespire:CheckeredPen","MealTicket","WristBlade","ReplayTheSpireMod:Shallot","Bottled Lightning","Snake Skull","InkBottle","Busted Crown","StoneCalendar","ClockworkSouvenir","Simple Rune"],"acts_visited":["Exordium","TheCity","TheBeyond"],"potions_floor_usage":[3,4,7,10,16,21,23,25,28,29,46,50],"damage_taken":[{"damage":0,"enemies":"Cultist","floor":1,"turns":5},{"damage":0,"enemies":"Small Slimes","floor":3,"turns":5},{"damage":1,"enemies":"Jaw Worm","floor":4,"turns":2},{"damage":0,"enemies":"3 Louse","floor":5,"turns":3},{"damage":0,"enemies":"Large Slime","floor":7,"turns":6},{"damage":2,"enemies":"Exordium Wildlife","floor":10,"turns":3},{"damage":9,"enemies":"Gremlin Gang","floor":11,"turns":2},{"damage":1,"enemies":"Blue Slaver","floor":12,"turns":2},{"damage":1,"enemies":"Replay:BlueRogue","floor":13,"turns":4},{"damage":0,"enemies":"Lots of Slimes","floor":14,"turns":2},{"damage":15,"enemies":"The Guardian","floor":16,"turns":8},{"damage":1,"enemies":"Chosen","floor":18,"turns":3},{"damage":3,"enemies":"2 Thieves","floor":20,"turns":2},{"damage":0,"enemies":"Snake Plant","floor":21,"turns":2},{"damage":10,"enemies":"Slavers","floor":23,"turns":3},{"damage":2,"enemies":"Gremlin Leader","floor":25,"turns":5},{"damage":2,"enemies":"Chosen and Byrds","floor":28,"turns":4},{"damage":4,"enemies":"Snecko","floor":29,"turns":3},{"damage":59,"enemies":"Collector","floor":33,"turns":6},{"damage":0,"enemies":"3 Darklings","floor":35,"turns":3},{"damage":11,"enemies":"Mind Bloom Boss Battle","floor":36,"turns":4},{"damage":0,"enemies":"Orb Walker","floor":44,"turns":2},{"damage":3,"enemies":"Sphere and 2 Shapes","floor":46,"turns":3},{"damage":0,"enemies":"Spire Growth","floor":48,"turns":4},{"damage":4,"enemies":"infinitespire:MassOfShapes","floor":50,"turns":7}],"seed_played":"-2189201726864555018","potions_obtained":[{"floor":1,"key":"PowerPotion"},{"floor":3,"key":"Venom Potion"},{"floor":5,"key":"sneckomod:MuddlingPotion"},{"floor":7,"key":"champ:CounterPotion"},{"floor":14,"key":"Energy Potion"},{"floor":18,"key":"BlessingOfTheForge"},{"floor":21,"key":"Dexterity Potion"},{"floor":25,"key":"SkillPotion"},{"floor":28,"key":"champ:CounterPotion"},{"floor":36,"key":"BlessingOfTheForge"},{"floor":44,"key":"Poison Potion"}],"is_trial":false,"path_per_floor":["M","$","M","M","M","R","M","R","T","M","M","M","E","M","R","B",null,"M","$","M","M","?","E","R","E","T","R","M","M","R","AVR","R","B",null,"M","?","$","?","?","R","?","R","T","M","R","M","?","M","R","B",null],"character_chosen":"THE_SILENT","items_purchased":["Footwork","CunningPotion","Backstab","Deadly Poison","Noxious Fumes","CunningPotion","Cloak And Dagger","Footwork","ClockworkSouvenir","Swift Strike"],"campfire_rested":2,"item_purchase_floors":[2,2,19,19,19,19,37,37,37,37],"current_hp_per_floor":[70,70,70,69,69,69,69,69,69,67,58,57,56,56,70,55,70,69,70,67,67,67,57,57,55,55,70,68,64,64,64,64,5,70,70,59,70,70,73,73,73,73,73,73,73,70,70,70,70,66],"gold":78,"neow_bonus":"RANDOM_COLORLESS","is_daily":false,"chose_seed":false,"campfire_upgraded":9,"win_rate":0.0,"timestamp":1610523479,"path_taken":["M","$","M","M","M","R","M","R","T","M","M","?","E","M","R","BOSS","M","$","M","M","?","E","R","E","T","R","?","M","R","AVR","R","BOSS","M","?","$","?","?","R","?","R","T","M","R","M","?","M","R","BOSS"],"items_purchased_type":["Card","Potion","Card","Card","Card","Potion","Card","Card","Relic","Card"],"build_version":"2020-12-22","purchased_purges":0,"victory":true,"max_hp_per_floor":[70,70,70,70,70,70,70,70,70,70,70,70,70,70,70,70,70,70,70,70,70,70,70,70,70,70,70,70,70,70,70,70,70,70,70,70,70,70,73,73,73,73,73,73,73,73,73,73,73,73],"card_choices":[{"not_picked":["expansioncontent:DonusPower","Replay:SS_fish_1"],"picked":"Specialist","floor":0},{"not_picked":["Backflip","Deflect"],"picked":"Noxious Fumes","floor":1},{"not_picked":["Flechettes","ReplayTheSpireMod:Shiv Toss"],"picked":"Flying Knee","floor":3},{"not_picked":["Bouncing Flask","Backstab"],"picked":"Crippling Poison","floor":4},{"not_picked":["Poisoned Stab","ReplayTheSpireMod:The Works"],"picked":"PiercingWail","floor":5},{"not_picked":["Unload","Quick Slash"],"picked":"Dodge and Roll","floor":7},{"not_picked":["Dodge and Roll","Underhanded Strike"],"picked":"Sucker Punch","floor":10},{"not_picked":["Concentrate","Flying Knee"],"picked":"Backstab","floor":11},{"not_picked":["ReplayTheSpireMod:Scrap Shanks","Choke"],"picked":"Deadly Poison","floor":12},{"not_picked":["ReplayTheSpireMod:The Works","hubris:Counter"],"picked":"Slice","floor":13},{"not_picked":["Noxious Fumes","PiercingWail"],"picked":"Blade Dance","floor":14},{"not_picked":["After Image","Die Die Die"],"picked":"infinitespire:Neurotoxin","floor":16},{"not_picked":["Reflex+1","Calculated Gamble"],"picked":"Choke+1","floor":18},{"not_picked":["Distraction","Sucker Punch"],"picked":"Cloak And Dagger","floor":20},{"not_picked":["Expertise","PiercingWail"],"picked":"Infinite Blades","floor":21},{"not_picked":["Setup+1","hubris:Counter"],"picked":"Blur","floor":23},{"not_picked":["ReplayTheSpireMod:Exploit Weakness","Well Laid Plans+1"],"picked":"Catalyst","floor":25},{"not_picked":["Prepared","Underhanded Strike"],"picked":"Poisoned Stab","floor":28},{"not_picked":["Prepared","Sucker Punch"],"picked":"Flechettes","floor":29},{"not_picked":["Phantasmal Killer","Envenom"],"picked":"Bullet Time","floor":33},{"not_picked":[],"picked":"Slice","floor":35},{"not_picked":[],"picked":"Acrobatics+1","floor":36},{"not_picked":[],"picked":"Slice","floor":44},{"not_picked":[],"picked":"Deadly Poison+1","floor":46},{"not_picked":[],"picked":"Dodge and Roll","floor":48}],"player_experience":239116,"relics_obtained":[{"floor":9,"key":"infinitespire:CheckeredPen"},{"floor":13,"key":"MealTicket"},{"floor":23,"key":"ReplayTheSpireMod:Shallot"},{"floor":25,"key":"Bottled Lightning"},{"floor":26,"key":"Snake Skull"},{"floor":36,"key":"StoneCalendar"},{"floor":43,"key":"Simple Rune"}],"event_choices":[{"damage_healed":0,"gold_gain":0,"player_choice":"Ignored","damage_taken":0,"max_hp_gain":0,"max_hp_loss":0,"event_name":"N\u0027loth","floor":22,"gold_loss":0},{"damage_healed":0,"gold_gain":0,"player_choice":"Fight","damage_taken":0,"max_hp_gain":0,"max_hp_loss":0,"event_name":"MindBloom","floor":36,"gold_loss":0}],"is_beta":false,"boss_relics":[{"not_picked":["Replay:Bronze Core","ReplayTheSpireMod:SealedPack"],"picked":"WristBlade"},{"not_picked":["Sozu","Honey Jar"],"picked":"Busted Crown"}],"items_purged_floors":[],"is_endless":false,"potions_floor_spawned":[1,3,5,7,14,18,21,25,28,36,44],"ascension_level":0}}