{"host":"oehe2dxjvdgux73m","time":1610550023,"event":{"mods":["AchievementEnabler","BaseMod","Colored Map","Colored Powertips","DeckTracker","Keyboard Shortcuts","Minty Spire (QoL Compilation)","Permanent Neow","Quick Restart","StSLib","SuperFastMode"],"gold_per_floor":[112,125,50,63,63,63,98,118,118,138,166,178,207,207,207,310,310,330,343,353,278,278,278,313,41,41,61,61,3,3,102,102,197,197,211,211,261,271,13,13,44,44,44,71,71,71,118,129,129,129],"floor_reached":51,"language":"KOR","playtime":2000,"items_purged":["Strike_G","Strike_G"],"score":1237,"play_id":"a8dae793-8e75-41a4-808d-718230292e29","local_time":"20210114000023","is_ascension_mode":true,"campfire_choices":[{"data":"A Thousand Cuts","floor":6.0,"key":"SMITH"},{"data":"Blade Dance","floor":15.0,"key":"SMITH"},{"data":"Calculated Gamble","floor":23.0,"key":"SMITH"},{"data":"Burst","floor":28.0,"key":"SMITH"},{"data":"Well Laid Plans","floor":30.0,"key":"SMITH"},{"data":"Master of Strategy","floor":32.0,"key":"SMITH"},{"data":"Prepared","floor":40.0,"key":"SMITH"},{"data":"Adrenaline","floor":42.0,"key":"SMITH"},{"data":"Footwork","floor":45.0,"key":"SMITH"},{"floor":49.0,"key":"REST"}],"circlet_count":0,"master_deck":["AscendersBane","Defend_G","Defend_G","Defend_G+1","Defend_G","Defend_G","Survivor","Neutralize+1","Poisoned Stab","Blade Dance+1","Dagger Spray","Backstab","A Thousand Cuts+1","Backflip","PiercingWail","Calculated Gamble+1","Burst+1","Escape Plan","Terror+1","PiercingWail","Master of Strategy+1","Well Laid Plans+1","Adrenaline+1","Prepared+1","Footwork+1","Escape Plan","Purity","Secret Technique","Finesse"],"relics":["Ring of the Snake","Shuriken","Incense Burner","Bird Faced Urn","Gremlin Horn","Ornamental Fan","Philosopher\u0027s Stone","The Courier","Nunchaku","Bag of Preparation","Paper Crane","Empty Cage","Ice Cream","Pen Nib","Mango","Juzu Bracelet","War Paint","Shovel"],"acts_visited":["Exordium","TheCity","TheBeyond"],"potions_floor_usage":[50],"damage_taken":[{"damage":0.0,"enemies":"2 Louse","floor":1.0,"turns":4.0},{"damage":0.0,"enemies":"Cultist","floor":2.0,"turns":4.0},{"damage":1.0,"enemies":"Jaw Worm","floor":4.0,"turns":4.0},{"damage":20.0,"enemies":"Lagavulin","floor":7.0,"turns":5.0},{"damage":9.0,"enemies":"Exordium Thugs","floor":8.0,"turns":4.0},{"damage":1.0,"enemies":"Blue Slaver","floor":10.0,"turns":3.0},{"damage":10.0,"enemies":"3 Sentries","floor":11.0,"turns":4.0},{"damage":1.0,"enemies":"3 Louse","floor":12.0,"turns":3.0},{"damage":0.0,"enemies":"Gremlin Nob","floor":13.0,"turns":4.0},{"damage":14.0,"enemies":"The Guardian","floor":16.0,"turns":13.0},{"damage":0.0,"enemies":"3 Byrds","floor":18.0,"turns":3.0},{"damage":4.0,"enemies":"Chosen","floor":19.0,"turns":5.0},{"damage":4.0,"enemies":"Centurion and Healer","floor":20.0,"turns":4.0},{"damage":0.0,"enemies":"Gremlin Leader","floor":24.0,"turns":5.0},{"damage":6.0,"enemies":"Snecko","floor":27.0,"turns":3.0},{"damage":17.0,"enemies":"Collector","floor":33.0,"turns":6.0},{"damage":0.0,"enemies":"Orb Walker","floor":35.0,"turns":3.0},{"damage":0.0,"enemies":"Mind Bloom Boss Battle","floor":37.0,"turns":6.0},{"damage":0.0,"enemies":"3 Darklings","floor":38.0,"turns":2.0},{"damage":1.0,"enemies":"Giant Head","floor":41.0,"turns":5.0},{"damage":7.0,"enemies":"Nemesis","floor":44.0,"turns":7.0},{"damage":28.0,"enemies":"2 Orb Walkers","floor":47.0,"turns":5.0},{"damage":5.0,"enemies":"Sphere and 2 Shapes","floor":48.0,"turns":2.0},{"damage":80,"enemies":"Time Eater","floor":50,"turns":16}],"seed_played":"-3325161518769978393","potions_obtained":[{"floor":1.0,"key":"LiquidBronze"},{"floor":2.0,"key":"SteroidPotion"},{"floor":8.0,"key":"LiquidMemories"},{"floor":11.0,"key":"SpeedPotion"},{"floor":12.0,"key":"CunningPotion"},{"floor":37.0,"key":"GhostInAJar"},{"floor":44.0,"key":"FairyPotion"}],"is_trial":false,"path_per_floor":["M","M","$","M","?","R","E","M","T","M","E","M","E","T","R","B",null,"M","M","M","?","T","R","E","$","T","M","R","$","R","?","R","B",null,"M","?","?","M","$","R","E","R","T","E","R","?","?","M","R","B",null],"character_chosen":"THE_SILENT","items_purchased":["Bag of Preparation","Master of Strategy","Well Laid Plans","Pen Nib","Footwork"],"campfire_rested":1,"item_purchase_floors":[25,25,29,39,39],"current_hp_per_floor":[63,63,63,62,62,62,42,33,33,32,22,23,23,23,23,11,55,57,53,51,51,51,51,53,53,53,49,49,49,49,49,49,36,62,64,64,68,70,70,70,84,84,84,77,77,67,45,46,71,25],"gold":129,"neow_bonus":"UPGRADE_CARD","is_daily":false,"chose_seed":false,"campfire_upgraded":9,"win_rate":0.0,"timestamp":1610550023,"path_taken":["M","M","$","M","?","R","E","M","T","M","E","?","E","?","R","BOSS","M","M","M","?","?","R","E","$","T","M","R","?","R","?","R","BOSS","M","?","?","M","$","R","E","R","T","E","R","?","?","M","R","BOSS"],"items_purchased_type":["Relic","Card","Card","Relic","Card"],"build_version":"2020-12-22","purchased_purges":2,"victory":true,"max_hp_per_floor":[70,70,70,70,70,70,70,70,70,70,70,70,70,70,70,70,70,70,70,70,70,70,70,70,70,70,70,70,70,70,70,70,70,70,70,70,70,70,70,70,84,84,84,84,84,84,84,84,84,84],"card_choices":[{"not_picked":["Eviscerate","Skewer"],"picked":"Poisoned Stab","floor":1.0},{"not_picked":["Deadly Poison","Concentrate"],"picked":"Blade Dance","floor":2.0},{"not_picked":["Escape Plan","Bane"],"picked":"Dagger Spray","floor":4.0},{"not_picked":["Catalyst","Flechettes","Endless Agony"],"picked":"SKIP","floor":7.0},{"not_picked":["Deflect","Sucker Punch"],"picked":"Backflip","floor":8.0},{"not_picked":["All Out Attack","Slice","Skewer"],"picked":"SKIP","floor":10.0},{"not_picked":["Bane","Backflip"],"picked":"PiercingWail","floor":11.0},{"not_picked":["Outmaneuver","Masterful Stab","Deadly Poison"],"picked":"SKIP","floor":12.0},{"not_picked":["Bouncing Flask","Flying Knee"],"picked":"Calculated Gamble","floor":13.0},{"not_picked":["Storm of Steel","Doppelganger"],"picked":"Burst","floor":16.0},{"not_picked":["Eviscerate","Setup","Sucker Punch+1"],"picked":"SKIP","floor":18.0},{"not_picked":["Quick Slash","Concentrate"],"picked":"Escape Plan","floor":19.0},{"not_picked":["Cloak And Dagger","Dagger Spray"],"picked":"Terror","floor":20.0},{"not_picked":["Underhanded Strike","Flechettes+1"],"picked":"PiercingWail","floor":24.0},{"not_picked":["Skewer","Night Terror","Poisoned Stab"],"picked":"SKIP","floor":27.0},{"not_picked":["Phantasmal Killer","Glass Knife"],"picked":"Adrenaline","floor":33.0},{"not_picked":["Blur","Catalyst+1","Endless Agony+1"],"picked":"SKIP","floor":35.0},{"not_picked":["Deflect","Acrobatics+1"],"picked":"Prepared","floor":38.0},{"not_picked":["Venomology","Distraction","Bane+1"],"picked":"SKIP","floor":41.0},{"not_picked":["Burst","Underhanded Strike+1"],"picked":"Escape Plan","floor":44.0},{"not_picked":["PanicButton","Apotheosis"],"picked":"Purity","floor":46.0},{"not_picked":["Panacea","Bandage Up"],"picked":"Secret Technique","floor":46.0},{"not_picked":["Mind Blast","Discovery"],"picked":"Finesse","floor":46.0},{"not_picked":["Expertise+1","Setup+1","Skewer"],"picked":"SKIP","floor":48.0}],"player_experience":161378,"relics_obtained":[{"floor":7.0,"key":"Shuriken"},{"floor":9.0,"key":"Incense Burner"},{"floor":11.0,"key":"Bird Faced Urn"},{"floor":13.0,"key":"Gremlin Horn"},{"floor":14.0,"key":"Ornamental Fan"},{"floor":22.0,"key":"The Courier"},{"floor":24.0,"key":"Nunchaku"},{"floor":26.0,"key":"Paper Crane"},{"floor":37.0,"key":"Ice Cream"},{"floor":41.0,"key":"Mango"},{"floor":43.0,"key":"Juzu Bracelet"},{"floor":44.0,"key":"War Paint"},{"floor":47.0,"key":"Shovel"}],"event_choices":[{"damage_healed":0.0,"max_hp_gain":0.0,"max_hp_loss":0.0,"gold_gain":0.0,"event_name":"Match and Keep!","player_choice":"2 cards matched","floor":5.0,"gold_loss":0.0,"damage_taken":0.0,"cards_obtained":["Backstab","A Thousand Cuts"]},{"cards_removed":["Strike_G"],"damage_healed":0.0,"max_hp_gain":0.0,"max_hp_loss":0.0,"gold_gain":0.0,"event_name":"Beggar","player_choice":"Gave Gold","floor":21.0,"gold_loss":75.0,"damage_taken":0.0},{"damage_healed":0.0,"max_hp_gain":0.0,"max_hp_loss":0.0,"gold_gain":99.0,"event_name":"Nest","player_choice":"Stole From Cult","floor":31.0,"gold_loss":0.0,"damage_taken":0.0},{"damage_healed":0.0,"max_hp_gain":0.0,"max_hp_loss":0.0,"gold_gain":0.0,"event_name":"Tomb of Lord Red Mask","player_choice":"Ignored","floor":36.0,"gold_loss":0.0,"damage_taken":0.0},{"damage_healed":0.0,"max_hp_gain":0.0,"max_hp_loss":0.0,"gold_gain":0.0,"event_name":"MindBloom","player_choice":"Fight","floor":37.0,"gold_loss":0.0,"damage_taken":0.0},{"damage_healed":0.0,"max_hp_gain":0.0,"max_hp_loss":0.0,"gold_gain":0.0,"event_name":"SensoryStone","player_choice":"Memory 3","floor":46.0,"gold_loss":0.0,"damage_taken":10.0},{"damage_healed":0.0,"max_hp_gain":0.0,"max_hp_loss":0.0,"gold_gain":0.0,"event_name":"Mysterious Sphere","player_choice":"Fight","floor":47.0,"gold_loss":0.0,"damage_taken":0.0}],"is_beta":false,"boss_relics":[{"not_picked":["SacredBark","Cursed Key"],"picked":"Philosopher\u0027s Stone"},{"not_picked":["WristBlade","Velvet Choker"],"picked":"Empty Cage"}],"items_purged_floors":[3,39],"is_endless":false,"potions_floor_spawned":[1,2,8,11,12,20,33,37,41,44],"ascension_level":11}}