{"host":"rgyusf9batiqntnt","time":1610531782,"event":{"mods":["BaseMod","Colored Powertips","Downfall","Minty Spire (QoL Compilation)","Quick Restart","StSLib"],"gold_per_floor":[99,119,134,134,584,19,42,42,42,57,57,57,71,136,146,245,245,245,257,257,257,257,257,283,296,296,310,321,356,356,75,92,190,190,190,95,95,95,95],"floor_reached":37,"language":"ENG","playtime":3038,"items_purged":["hexamod:Strike"],"score":425,"play_id":"dd7f2e38-4501-4450-bf15-83016c2823e9","local_time":"20210113202622","is_ascension_mode":false,"campfire_choices":[{"data":"hexamod:GhostflameInferno","floor":1,"key":"SMITH"},{"data":"hexamod:SwordOfDarkness","floor":9,"key":"SMITH"},{"data":"hexamod:BacktrackSmack","floor":12,"key":"SMITH"},{"data":"hexamod:NecessarySacrifice","floor":18,"key":"SMITH"},{"data":"hexamod:RainOfEmbers","floor":26,"key":"SMITH"},{"data":"hexamod:VolcanoVisage","floor":30,"key":"SMITH"},{"data":"hexamod:HexaLevel","floor":35,"key":"SMITH"}],"circlet_count":0,"master_deck":["hexamod:Defend+1","hexamod:Defend","hexamod:Defend","hexamod:Defend","hexamod:Sear+1","hexamod:Float","hexamod:GhostflameInferno+1","hexamod:BacktrackSmack","hexamod:ThirdSeal","hexamod:SwordOfDarkness+1","hexamod:EmpoweringStance+1","hexamod:AdvancingGuard","hexamod:BacktrackSmack+1","hexamod:RainOfEmbers+1","hexamod:BacktrackSmack","hexamod:FirstSeal","hexamod:EmpoweredFlame","hexamod:NecessarySacrifice+1","hexamod:Firestarter","hexamod:EmpoweringStance","hexamod:VolcanoVisage+1","CurseOfTheBell","hexamod:SpectersWail+1","hexamod:EmpoweredFlame+1","hexamod:Hexaguard+1","hexamod:Hexaguard","hexamod:BacktrackSmack","hexamod:HeatCrush+1","hexamod:Hexaguard","hexamod:HauntingEcho","hexamod:SpectralAdrenaline","hexamod:Firestarter","hexamod:TimeOfNeed","hexamod:WildfireWeapon","hexamod:HexaLevel+1","hexamod:HauntingEcho+1","hexamod:VolcanoVisage","hexamod:FifthSeal"],"relics":["hexamod:SpiritBrand","Regal Pillow","Meat on the Bone","Lizard Tail","PreservedInsect","Calling Bell","Pear","FossilizedHelix","War Paint","Bird Faced Urn","downfall:RedIOU","Boot","Anchor","Strange Spoon","Empty Cage"],"acts_visited":["Exordium","TheCity","TheBeyond"],"potions_floor_usage":[16,16,29,29,33,33],"damage_taken":[{"damage":6,"enemies":"Cultist","floor":2,"turns":3},{"damage":0,"enemies":"2 Louse","floor":3,"turns":1},{"damage":0,"enemies":"downfall:FleeingMerchant","floor":6,"turns":4},{"damage":5,"enemies":"Jaw Worm","floor":10,"turns":3},{"damage":2,"enemies":"2 Fungi Beasts","floor":13,"turns":3},{"damage":8,"enemies":"3 Sentries","floor":14,"turns":6},{"damage":10,"enemies":"Lots of Slimes","floor":15,"turns":5},{"damage":33,"enemies":"downfall:Silent","floor":16,"turns":8},{"damage":22,"enemies":"Spheric Guardian","floor":19,"turns":7},{"damage":6,"enemies":"Spheric Guardian","floor":20,"turns":7},{"damage":3,"enemies":"Centurion and Healer","floor":25,"turns":5},{"damage":9,"enemies":"Snecko","floor":27,"turns":5},{"damage":7,"enemies":"Snake Plant","floor":28,"turns":4},{"damage":15,"enemies":"Book of Stabbing","floor":29,"turns":6},{"damage":0,"enemies":"downfall:FleeingMerchant","floor":31,"turns":4},{"damage":9,"enemies":"3 Cultists","floor":32,"turns":5},{"damage":47,"enemies":"downfall:Ironclad","floor":33,"turns":9},{"damage":12,"enemies":"downfall:FleeingMerchant","floor":36,"turns":4},{"damage":141,"enemies":"2 Orb Walkers","floor":37,"turns":6}],"seed_played":"-8342111731466485190","potions_obtained":[{"floor":10,"key":"Energy Potion"},{"floor":14,"key":"AttackPotion"},{"floor":15,"key":"BlessingOfTheForge"},{"floor":16,"key":"EssenceOfSteel"},{"floor":28,"key":"Regen Potion"},{"floor":32,"key":"Guardian:BlockOnCardUsePotion"},{"floor":33,"key":"LiquidBronze"}],"is_trial":false,"path_per_floor":["R","M","M","?","?","$","T","?","R","M","?","R","M","?","M","B",null,"R","M","?","T","?","?","T","M","R","M","M","E","R","$","M","B",null,"R","$","?"],"character_chosen":"THE_SPIRIT","items_purchased":["Meat on the Bone","Lizard Tail","Strange Spoon","hexamod:SpectralAdrenaline","hexamod:FifthSeal"],"campfire_rested":0,"item_purchase_floors":[6,6,31,31,36],"current_hp_per_floor":[70,64,64,61,61,61,61,61,61,56,56,56,54,46,36,22,80,80,65,66,66,66,66,66,80,80,80,75,70,70,80,80,51,80,80,70,0,0,0],"gold":95,"neow_bonus":"ONE_RANDOM_RARE_CARD","is_daily":false,"chose_seed":false,"campfire_upgraded":7,"win_rate":0.0,"timestamp":1610531782,"path_taken":["R","M","M","?","?","?","T","?","R","M","?","R","M","?","M","BOSS","R","M","?","?","?","?","T","?","R","M","M","E","R","$","M","BOSS","R","?","?"],"items_purchased_type":["Relic","Relic","Relic","Card","Card"],"build_version":"2020-12-22","purchased_purges":1,"victory":false,"max_hp_per_floor":[70,70,70,70,70,70,70,70,70,70,70,70,70,70,70,70,80,80,80,80,80,80,80,80,80,80,80,80,80,80,80,80,80,80,80,80,80,80,80],"card_choices":[{"not_picked":["hexamod:RecurringNightmare","hexamod:RetreatToShadows"],"picked":"hexamod:BacktrackSmack","floor":2},{"not_picked":["hexamod:InspiringFlames","hexamod:RetreatToShadows"],"picked":"hexamod:ThirdSeal","floor":3},{"not_picked":["hexamod:SpectersWail","hexamod:ChargedBarrage"],"picked":"hexamod:SwordOfDarkness","floor":6},{"not_picked":["hexamod:Haunt","hexamod:ThermalTransfer"],"picked":"hexamod:EmpoweringStance","floor":6},{"not_picked":["hexamod:RetreatToShadows","hexamod:Hexaguard"],"picked":"hexamod:AdvancingGuard","floor":10},{"not_picked":["hexamod:RainOfEmbers","hexamod:NightmareGuise"],"picked":"hexamod:BacktrackSmack","floor":10},{"not_picked":["hexamod:GhostOfSpirePresent","hexamod:SwordOfDarkness"],"picked":"hexamod:RainOfEmbers","floor":13},{"not_picked":["hexamod:NightmareStrike","hexamod:InspiringFlames"],"picked":"hexamod:BacktrackSmack","floor":13},{"not_picked":["hexamod:CatchUp","hexamod:TimeWarp"],"picked":"hexamod:FirstSeal","floor":14},{"not_picked":["hexamod:Firestarter","hexamod:ExtraCrispy"],"picked":"hexamod:EmpoweredFlame","floor":14},{"not_picked":["hexamod:CatchUp","hexamod:FourthSeal"],"picked":"hexamod:NecessarySacrifice","floor":15},{"not_picked":["hexamod:FourthSeal","hexamod:BurningTouch"],"picked":"hexamod:Firestarter","floor":15},{"not_picked":["hexamod:SearingWound","hexamod:TurnItUp"],"picked":"hexamod:EmpoweringStance","floor":16},{"not_picked":["hexamod:SixthSeal","hexamod:WildfireWeapon"],"picked":"hexamod:VolcanoVisage","floor":16},{"not_picked":["hexamod:NightmareStrike+1","hexamod:NightmareGuise+1"],"picked":"hexamod:SpectersWail+1","floor":19},{"not_picked":["hexamod:GhostLash+1","hexamod:ShieldOfDarkness"],"picked":"hexamod:EmpoweredFlame+1","floor":19},{"not_picked":["hexamod:TurnItUp","hexamod:FastForward"],"picked":"hexamod:Hexaguard+1","floor":25},{"not_picked":["hexamod:RecurringNightmare+1","hexamod:Again"],"picked":"hexamod:Hexaguard","floor":25},{"not_picked":["hexamod:Firestarter","hexamod:SwordOfDarkness+1"],"picked":"hexamod:BacktrackSmack","floor":27},{"not_picked":["hexamod:BurningTouch","hexamod:RainOfEmbers"],"picked":"hexamod:HeatCrush+1","floor":28},{"not_picked":["hexamod:FirstSeal","hexamod:Firestarter"],"picked":"hexamod:Hexaguard","floor":28},{"not_picked":["hexamod:NightmareGuise","hexamod:Again","hexamod:HauntingEcho"],"picked":"SKIP","floor":29},{"not_picked":["hexamod:GhostLash","hexamod:BacktrackSmack"],"picked":"hexamod:HauntingEcho","floor":31},{"not_picked":["hexamod:GhostflameBarrier","hexamod:GhostShield"],"picked":"hexamod:Firestarter","floor":32},{"not_picked":["hexamod:Hexaguard","hexamod:Incineration"],"picked":"hexamod:TimeOfNeed","floor":32},{"not_picked":["hexamod:SixthSeal","hexamod:UnleashSpirits"],"picked":"hexamod:WildfireWeapon","floor":33},{"not_picked":["hexamod:TimeWarp","hexamod:VolcanoVisage"],"picked":"hexamod:HexaLevel","floor":33},{"not_picked":["hexamod:SoulSteal","hexamod:PhantomCloak"],"picked":"hexamod:HauntingEcho+1","floor":36},{"not_picked":["hexamod:ThermalTransfer","hexamod:Hexaguard+1"],"picked":"hexamod:VolcanoVisage","floor":36}],"player_experience":72868,"relics_obtained":[{"floor":7,"key":"Juzu Bracelet"},{"floor":17,"key":"Pear"},{"floor":17,"key":"FossilizedHelix"},{"floor":17,"key":"War Paint"},{"floor":21,"key":"Bird Faced Urn"},{"floor":24,"key":"Boot"},{"floor":29,"key":"Anchor"}],"event_choices":[{"damage_healed":0,"gold_gain":0,"player_choice":"Success","damage_taken":3,"relics_obtained":["Regal Pillow"],"max_hp_gain":0,"max_hp_loss":0,"event_name":"Scrap Ooze","floor":4,"gold_loss":0},{"damage_healed":0,"gold_gain":0,"player_choice":"Upgraded","damage_taken":0,"max_hp_gain":0,"max_hp_loss":0,"event_name":"Upgrade Shrine","floor":8,"gold_loss":0,"cards_upgraded":["hexamod:EmpoweringStance"]},{"cards_removed":["Slimebound:Icky"],"damage_healed":0,"gold_gain":0,"player_choice":"Card Removal","damage_taken":0,"max_hp_gain":0,"max_hp_loss":0,"event_name":"The Cleric","floor":11,"gold_loss":0},{"cards_removed":["hexamod:Strike"],"damage_healed":0,"gold_gain":0,"player_choice":"Purged","damage_taken":0,"max_hp_gain":0,"max_hp_loss":0,"event_name":"Purifier","floor":23,"gold_loss":0},{"damage_healed":0,"gold_gain":0,"player_choice":"Fight","damage_taken":0,"max_hp_gain":0,"max_hp_loss":0,"event_name":"Mysterious Sphere","floor":37,"gold_loss":0}],"is_beta":false,"boss_relics":[{"not_picked":["Astrolabe","Fusion Hammer"],"picked":"Calling Bell"},{"not_picked":["Cursed Key","hexamod:IceCube"],"picked":"Empty Cage"}],"items_purged_floors":[31],"is_endless":false,"potions_floor_spawned":[10,14,15,16,28,32,33],"killed_by":"2 Orb Walkers","ascension_level":0}}