{"host":"eu5wvbbtjeiar27l","time":1610572179,"event":{"mods":["BaseMod","Colored Powertips","Conspire","Hubris","Infinite Spire","Minty Spire (QoL Compilation)","Rare Cards Sparkle","StSLib","The Factory","The Jungle","vexMod"],"gold_per_floor":[114,114,114,132,145,145,160,160,160,186,186,186,202,277,277,379,379,394,411,411,431,447,482,493,493,539,539,539,539],"floor_reached":28,"language":"ENG","playtime":1982,"items_purged":[],"score":265,"play_id":"d5f9381d-1d32-458b-945b-58ba70005303","local_time":"20210113210939","is_ascension_mode":false,"campfire_choices":[{"data":"Body Slam","floor":6,"key":"SMITH"},{"data":"Immolate","floor":12,"key":"SMITH"},{"data":"Bash","floor":15,"key":"SMITH"},{"data":"Entrench","floor":25,"key":"SMITH"},{"floor":27,"key":"REST"}],"circlet_count":0,"master_deck":["Strike_R","Strike_R","Strike_R","Defend_R","Defend_R","Defend_R","Defend_R","Bash+1","Body Slam+1","Armaments+1","Immolate+1","Shrug It Off","Shrug It Off","Iron Wave","Headbutt","Feed","Body Slam+1","Dual Wield","Body Slam+1","Entrench+1"],"relics":["Burning Blood","hubris:IronBody","conspire:DecoderRing","Strawberry","Empty Cage","Juzu Bracelet"],"acts_visited":["Exordium","TheCity"],"potions_floor_usage":[16,16,22,23,23],"damage_taken":[{"damage":4,"enemies":"2 Louse","floor":1,"turns":3},{"damage":1,"enemies":"Cultist","floor":4,"turns":4},{"damage":7,"enemies":"Jaw Worm","floor":5,"turns":3},{"damage":0,"enemies":"Looter","floor":7,"turns":3},{"damage":8,"enemies":"3 Sentries","floor":10,"turns":4},{"damage":0,"enemies":"3 Louse","floor":13,"turns":1},{"damage":25,"enemies":"Hexaghost","floor":16,"turns":9},{"damage":23,"enemies":"3 Byrds","floor":18,"turns":5},{"damage":0,"enemies":"Chosen","floor":19,"turns":4},{"damage":28,"enemies":"Shelled Parasite and Fungi","floor":21,"turns":6},{"damage":13,"enemies":"Cultist and Chosen","floor":22,"turns":6},{"damage":46,"enemies":"Nightmare","floor":23,"turns":8},{"damage":11,"enemies":"Centurion and Healer","floor":24,"turns":8},{"damage":43,"enemies":"Book of Stabbing","floor":28,"turns":5}],"seed_played":"3191618251137197642","potions_obtained":[{"floor":1,"key":"Explosive Potion"},{"floor":4,"key":"PowerPotion"},{"floor":13,"key":"Block Potion"},{"floor":16,"key":"CultistPotion"},{"floor":19,"key":"Swift Potion"}],"is_trial":false,"path_per_floor":["M","?","$","M","M","R","M","?","T","E","?","R","M","?","R","B",null,"M","M","?","M","M","NM","M","R","T","R","E"],"character_chosen":"IRONCLAD","items_purchased":[],"campfire_rested":1,"item_purchase_floors":[],"current_hp_per_floor":[80,80,80,80,79,79,80,80,80,85,85,85,87,76,76,57,87,74,83,83,61,57,17,12,12,12,41,0,0],"gold":539,"neow_bonus":"THREE_CARDS","is_daily":false,"chose_seed":false,"campfire_upgraded":4,"win_rate":0.0,"timestamp":1610572179,"path_taken":["M","?","?","M","M","R","M","?","T","E","?","R","?","?","R","BOSS","M","M","?","M","M","NM","M","R","T","R","E"],"items_purchased_type":[],"build_version":"2020-12-22","purchased_purges":0,"victory":false,"max_hp_per_floor":[80,80,80,80,80,80,80,80,80,87,87,87,87,87,87,87,87,91,94,94,94,97,97,97,97,97,97,97,97],"card_choices":[{"not_picked":["Clothesline","Wild Strike"],"picked":"Body Slam","floor":0},{"not_picked":["Power Through","hubris:ReadiedAction"],"picked":"Armaments","floor":1},{"not_picked":["hubris:ReadiedAction","Armaments"],"picked":"Shrug It Off","floor":4},{"not_picked":["Power Through","Dropkick","Shockwave"],"picked":"SKIP","floor":5},{"not_picked":["Flame Barrier","Rampage"],"picked":"Shrug It Off","floor":7},{"not_picked":["Anger","Hemokinesis"],"picked":"Iron Wave","floor":10},{"not_picked":["Power Through","Searing Blow"],"picked":"Headbutt","floor":13},{"not_picked":["conspire:HitWhereItHurts","Corruption"],"picked":"Feed","floor":16},{"not_picked":["hubris:ReadiedAction","Combust+1","Flex"],"picked":"SKIP","floor":18},{"not_picked":["hubris:ReadiedAction","Combust+1","Flex"],"picked":"SKIP","floor":18},{"not_picked":["Havoc","True Grit"],"picked":"Body Slam","floor":19},{"not_picked":["Perfected Strike","Reckless Charge"],"picked":"Dual Wield","floor":21},{"not_picked":["hubris:CleavingFinish","Warcry+1"],"picked":"Body Slam+1","floor":22},{"not_picked":["Twin Strike","Feed"],"picked":"Entrench","floor":23},{"not_picked":["Armaments","Body Slam","Perfected Strike+1"],"picked":"SKIP","floor":24}],"player_experience":126772,"relics_obtained":[{"floor":8,"key":"hubris:IronBody"},{"floor":9,"key":"conspire:DecoderRing"},{"floor":10,"key":"Strawberry"},{"floor":26,"key":"Juzu Bracelet"}],"event_choices":[{"damage_healed":0,"gold_gain":0,"player_choice":"1 cards matched","damage_taken":0,"max_hp_gain":0,"max_hp_loss":0,"event_name":"Match and Keep!","floor":2,"gold_loss":0,"cards_obtained":["Immolate"]},{"damage_healed":0,"gold_gain":75,"player_choice":"Gather Gold","damage_taken":11,"max_hp_gain":0,"max_hp_loss":0,"event_name":"World of Goop","floor":14,"gold_loss":0},{"damage_healed":0,"gold_gain":0,"player_choice":"Upgraded","damage_taken":0,"max_hp_gain":0,"max_hp_loss":0,"event_name":"Upgrade Shrine","floor":20,"gold_loss":0,"cards_upgraded":["Body Slam"]}],"is_beta":false,"boss_relics":[{"not_picked":["Cursed Key","Black Blood"],"picked":"Empty Cage"}],"items_purged_floors":[],"is_endless":false,"potions_floor_spawned":[1,4,13,16,19],"killed_by":"Book of Stabbing","ascension_level":0}}