{"host":"5c1rfni4ms1ztn71","time":1610500185,"event":{"mods":["100% Spire Juice","AchievementEnabler","BaseMod","ChefMod","Downfall","Duelist Mod","Hermit","Hubris","Infinite Spire","Jorbs\u0027s Wanderer Trilogy","Marisa????????","Minty Spire (QoL Compilation)","Potionbrewer","Replay The Spire","Robot Space Explorer","SOS???????","Somnambulant","StSLib","Td1madao Mod","The Administrix","The Animator","The Bladedancer","The Bug Knight","The Construct","The Cursed","The Death Knight","The Disciple","The Forsaken","The Hierophant","The Mystic","The Necromancer","The Poker Player","The Runesmith","The Senshi","The Servant 0.9.4","The Wild Card","???Mod??????Boss"],"gold_per_floor":[114,127,127,139,151,151,168,196,223,284,38,38,54,54,54,54,54],"floor_reached":16,"language":"ENG","playtime":1081,"items_purged":[],"score":102,"play_id":"c848915c-b997-4221-8c1c-cccad326caeb","local_time":"20210112200945","is_ascension_mode":false,"campfire_choices":[{"data":"theSenshi:MoonPrismPowerMakeUp","floor":6,"key":"SMITH"},{"data":"theSenshi:MoonPower","floor":15,"key":"SMITH"}],"circlet_count":0,"master_deck":["theSenshi:SailorKick","theSenshi:SailorKick","theSenshi:SailorKick","theSenshi:SailorKick","theSenshi:SailorBlock","theSenshi:SailorBlock","theSenshi:SailorBlock","theSenshi:RoseThrow","theSenshi:MoonPrismPowerMakeUp+1","theSenshi:TuxedoMaskAssists+1","theSenshi:SailorVenusAssists","theSenshi:SailorChibiMoonAssists","theSenshi:MoonCrisisMakeUp","theSenshi:UranusStrength","theSenshi:NeptunesGrace","theSenshi:MoonPunch","theSenshi:PlutosSolemnity","theSenshi:MoonPower+1","theSenshi:SailorV","theSenshi:RainbowMoonHeartAche"],"relics":["theSenshi:TransformationBroochRelic","infinitespire:Beetle Shell","Centennial Puzzle","theSenshi:RoseRelic"],"acts_visited":["Exordium"],"potions_floor_usage":[8,8,16],"damage_taken":[{"damage":2,"enemies":"Small Slimes","floor":1,"turns":3},{"damage":0,"enemies":"Jaw Worm","floor":2,"turns":3},{"damage":0,"enemies":"2 Louse","floor":4,"turns":2},{"damage":2,"enemies":"Large Slime","floor":5,"turns":6},{"damage":11,"enemies":"Exordium Wildlife","floor":7,"turns":6},{"damage":20,"enemies":"Gremlin Nob","floor":8,"turns":4},{"damage":19,"enemies":"Lagavulin Event","floor":10,"turns":4},{"damage":9,"enemies":"Looter","floor":13,"turns":3},{"damage":16,"enemies":"Slime Boss","floor":16,"turns":3}],"seed_played":"6598787266672113647","potions_obtained":[{"floor":4,"key":"potionbrewer:ToxicPotion"},{"floor":5,"key":"PowerPotion"},{"floor":10,"key":"potionbrewer:ToxicPotion"}],"is_trial":false,"path_per_floor":["M","M","?","M","M","R","M","E","T","?","$","?","M","?","R","B"],"character_chosen":"THE_SENSHI","items_purchased":["theSenshi:RoseRelic","theSenshi:MoonPower","theSenshi:SailorV"],"campfire_rested":0,"item_purchase_floors":[11,11,11],"current_hp_per_floor":[73,73,73,73,71,71,60,40,40,21,21,21,12,12,12,0,0],"gold":54,"neow_bonus":"TRANSFORM_CARD","is_daily":false,"chose_seed":false,"campfire_upgraded":2,"win_rate":0.0,"timestamp":1610500185,"path_taken":["M","M","?","M","M","R","M","E","T","?","$","?","M","?","R","BOSS"],"items_purchased_type":["Relic","Card","Card"],"build_version":"2020-12-22","purchased_purges":0,"victory":false,"max_hp_per_floor":[75,75,75,75,75,75,75,75,75,75,75,75,75,75,75,75,75],"card_choices":[{"not_picked":["theSenshi:NeptunesGrace","theSenshi:YouCanTalk"],"picked":"theSenshi:SailorVenusAssists","floor":1},{"not_picked":["theSenshi:Sidestep","theSenshi:YouCanTalk"],"picked":"theSenshi:SailorChibiMoonAssists","floor":2},{"not_picked":["theSenshi:SailorNeptuneAssists","theSenshi:CrisisMakeUp"],"picked":"theSenshi:MoonCrisisMakeUp","floor":4},{"not_picked":["theSenshi:MoonCrystalPowerMakeUp","theSenshi:SailorChibiMoonAssists"],"picked":"theSenshi:UranusStrength","floor":5},{"not_picked":["theSenshi:SailorStarMakerAssists","theSenshi:SupersonicWaves"],"picked":"theSenshi:NeptunesGrace","floor":7},{"not_picked":["theSenshi:MoonlightKnight","theSenshi:TuxedoSmokingBomber"],"picked":"theSenshi:MoonPunch","floor":8},{"not_picked":["theSenshi:SailorV","theSenshi:Overload"],"picked":"theSenshi:PlutosSolemnity","floor":10},{"not_picked":["theSenshi:SaturnsMystery","theSenshi:SupersonicWaves"],"picked":"theSenshi:RainbowMoonHeartAche","floor":13}],"player_experience":65006,"relics_obtained":[{"floor":8,"key":"infinitespire:Beetle Shell"},{"floor":10,"key":"Centennial Puzzle"}],"event_choices":[{"damage_healed":0,"gold_gain":0,"player_choice":"Grow","damage_taken":0,"max_hp_gain":0,"max_hp_loss":0,"event_name":"Living Wall","floor":3,"gold_loss":0,"cards_upgraded":["theSenshi:TuxedoMaskAssists"]},{"damage_healed":0,"gold_gain":0,"player_choice":"Searched \u00272\u0027 times","damage_taken":0,"max_hp_gain":0,"max_hp_loss":0,"event_name":"Dead Adventurer","floor":10,"gold_loss":0}],"is_beta":false,"boss_relics":[],"items_purged_floors":[],"is_endless":false,"potions_floor_spawned":[4,5,10],"killed_by":"Slime Boss","ascension_level":0}}