{"host":"x3q4ieql2tr7v8o6","time":1610542712,"event":{"mods":["BaseMod","Bestiary","Better Altar","Better Match","Better Note","Better Sensory Stone","Better Skull","Better Third Choice","Colored Map","Colored Powertips","Curses Come First","Minty Spire (QoL Compilation)","StSLib"],"gold_per_floor":[364,382,126,145,145,145,176,176,176,201,216,37,37,50,50,140,140,155,155,150,150,166,166,186,186,186],"floor_reached":25,"language":"ENG","playtime":1186,"items_purged":["Strike_G"],"score":359,"play_id":"25885ca8-8d47-4614-982b-6d6bed506172","local_time":"20210113125832","is_ascension_mode":true,"campfire_choices":[{"data":"Eviscerate","floor":6,"key":"SMITH"},{"data":"Footwork","floor":13,"key":"SMITH"},{"floor":15,"key":"REST"},{"floor":23,"key":"REST"}],"circlet_count":0,"master_deck":["AscendersBane","Strike_G","Strike_G","Strike_G","Strike_G","Defend_G","Defend_G","Defend_G","Defend_G","Defend_G","Survivor","Neutralize","Flying Knee","Eviscerate+1","Footwork+1","Dash","Injury","Deadly Poison","Slice","Terror","Dagger Spray","Sucker Punch","Storm of Steel","Slice","Sucker Punch","Finesse","Violence"],"relics":["Ring of the Snake","Medical Kit","Golden Idol","Bottled Tornado","Bottled Flame","OrangePellets","Busted Crown"],"acts_visited":["Exordium","TheCity"],"potions_floor_usage":[16,18,24,25],"damage_taken":[{"damage":11,"enemies":"Jaw Worm","floor":1,"turns":5},{"damage":0,"enemies":"Cultist","floor":2,"turns":4},{"damage":3,"enemies":"Small Slimes","floor":4,"turns":5},{"damage":23,"enemies":"3 Sentries","floor":7,"turns":10},{"damage":4,"enemies":"2 Fungi Beasts","floor":10,"turns":5},{"damage":2,"enemies":"Red Slaver","floor":11,"turns":4},{"damage":3,"enemies":"Looter","floor":14,"turns":4},{"damage":20,"enemies":"Slime Boss","floor":16,"turns":10},{"damage":15,"enemies":"3 Byrds","floor":18,"turns":7},{"damage":20,"enemies":"2 Thieves","floor":20,"turns":4},{"damage":5,"enemies":"Snecko","floor":22,"turns":7},{"damage":14,"enemies":"Shelled Parasite and Fungi","floor":24,"turns":6},{"damage":36,"enemies":"Chosen and Byrds","floor":25,"turns":6}],"seed_played":"4352695960319069763","potions_obtained":[{"floor":2,"key":"Weak Potion"},{"floor":10,"key":"FearPotion"},{"floor":11,"key":"Fire Potion"},{"floor":16,"key":"GamblersBrew"},{"floor":18,"key":"GhostInAJar"},{"floor":24,"key":"LiquidMemories"}],"is_trial":false,"path_per_floor":["M","M","$","M","?","R","E","?","T","M","M","$","R","M","R","B",null,"M","?","M","?","M","R","M","M"],"character_chosen":"THE_SILENT","items_purchased":["Footwork","Medical Kit","OrangePellets","Dagger Spray"],"campfire_rested":2,"item_purchase_floors":[3,3,12,12],"current_hp_per_floor":[48,48,48,45,45,45,22,42,42,38,36,36,36,33,51,31,53,38,29,9,9,4,22,8,0,0],"gold":186,"neow_bonus":"TWO_FIFTY_GOLD","is_daily":false,"chose_seed":false,"campfire_upgraded":2,"win_rate":0.0,"timestamp":1610542712,"path_taken":["M","M","$","M","?","R","E","?","T","M","M","?","R","M","R","BOSS","M","?","M","?","M","R","M","M"],"items_purchased_type":["Card","Relic","Relic","Card"],"build_version":"2020-12-22","purchased_purges":1,"victory":false,"max_hp_per_floor":[60,60,60,60,60,60,60,60,60,60,60,60,60,60,60,60,60,60,60,60,60,60,60,60,60,60],"card_choices":[{"not_picked":["Dash","Slice"],"picked":"Flying Knee","floor":1},{"not_picked":["Accuracy","Masterful Stab"],"picked":"Eviscerate","floor":2},{"not_picked":["PiercingWail","Backflip"],"picked":"Dash","floor":4},{"not_picked":["Terror","Distraction"],"picked":"Deadly Poison","floor":7},{"not_picked":["All Out Attack","Outmaneuver"],"picked":"Slice","floor":10},{"not_picked":["Prepared","Caltrops"],"picked":"Terror","floor":11},{"not_picked":["Deflect","Infinite Blades"],"picked":"Sucker Punch","floor":14},{"not_picked":["Wraith Form v2","Tools of the Trade"],"picked":"Storm of Steel","floor":16},{"not_picked":[],"picked":"Slice","floor":18},{"not_picked":[],"picked":"Sucker Punch","floor":20},{"not_picked":[],"picked":"Finesse","floor":21},{"not_picked":[],"picked":"Violence","floor":21},{"not_picked":["Dash"],"picked":"SKIP","floor":22},{"not_picked":["Finisher"],"picked":"SKIP","floor":24}],"player_experience":710992,"relics_obtained":[{"floor":7,"key":"Bottled Tornado"},{"floor":9,"key":"Bottled Flame"}],"event_choices":[{"damage_healed":0,"gold_gain":0,"player_choice":"Take Wound","damage_taken":0,"relics_obtained":["Golden Idol"],"max_hp_gain":0,"max_hp_loss":0,"event_name":"Golden Idol","floor":5,"gold_loss":0,"cards_obtained":["Injury"]},{"damage_healed":20,"gold_gain":0,"player_choice":"Banana","damage_taken":0,"max_hp_gain":0,"max_hp_loss":0,"event_name":"Big Fish","floor":8,"gold_loss":0},{"damage_healed":0,"gold_gain":0,"player_choice":"Stopped","damage_taken":9,"max_hp_gain":0,"max_hp_loss":0,"event_name":"Cursed Tome","floor":19,"gold_loss":0},{"damage_healed":0,"gold_gain":2,"player_choice":"1","damage_taken":0,"max_hp_gain":0,"max_hp_loss":0,"event_name":"betterStone:BetterStone","floor":21,"gold_loss":0}],"is_beta":false,"boss_relics":[{"not_picked":["HoveringKite","Fusion Hammer"],"picked":"Busted Crown"}],"items_purged_floors":[3],"is_endless":false,"potions_floor_spawned":[2,10,11,16,18,24],"killed_by":"Chosen and Byrds","ascension_level":15}}