{"host":"659h2nzl21d2gfgw","time":1610522821,"event":{"mods":["AchievementEnabler","Act Like it!","Astrologer","BaseMod","DeckTracker","Downfall","Hermit","Jorbs\u0027s Wanderer Trilogy","Marisa????????","Minty Spire (QoL Compilation)","Shade Mod","Somnambulant","StSLib","The Construct","The Hierophant","The Poker Player","The Runesmith","TheArtist","TheBandit"],"gold_per_floor":[112,166,183,197,207,207,220,0,49,49,81,81,81,81,81,217,217,249,22,43,73,105,105,148,148,148,148,173,173,199,199,199,336,336,362,31,31,55,0,0,47,47,47,87,87,87],"floor_reached":45,"language":"ENG","playtime":4443,"items_purged":["hermit:Strike_Hermit","Injury"],"score":516,"play_id":"1ba607b4-ea3f-4552-be1b-f668671c3787","local_time":"20210113022701","is_ascension_mode":false,"campfire_choices":[{"data":"hermit:Dive","floor":6,"key":"SMITH"},{"data":"hermit:Scavenge","floor":10,"key":"SMITH"},{"data":"hermit:Brawl","floor":12,"key":"SMITH"},{"floor":15,"key":"RECALL"},{"data":"hermit:FromBeyond","floor":23,"key":"SMITH"},{"floor":27,"key":"REST"},{"data":"1","floor":29,"key":"LIFT"},{"floor":32,"key":"REST"},{"data":"2","floor":40,"key":"LIFT"},{"floor":42,"key":"REST"}],"circlet_count":0,"master_deck":["hermit:Strike_Hermit","hermit:Strike_Hermit","hermit:Strike_Hermit","hermit:Defend_Hermit","hermit:Defend_Hermit","hermit:Defend_Hermit","hermit:Defend_Hermit","hermit:Snapshot","hermit:Covet","hermit:Ricochet","hermit:TrackingShot","hermit:Dive+1","hermit:Scavenge+1","hermit:GhostlyPresence","hermit:Brawl+1","hermit:EternalForm+1","hermit:ShadowCloak+1","hermit:FromBeyond+1","hermit:TrackingShot","hermit:Determination+1","hermit:Quickdraw","hermit:Combo+1","hermit:Adapt+1","hermit:Determination+1","Madness","Madness","hermit:Quickdraw+1"],"relics":["hermit:Momento","Frozen Egg 2","Golden Idol","Potion Belt","Busted Crown","Girya","MutagenicStrength","Pocketwatch","Fusion Hammer","Nunchaku","Red Mask","Vajra","Darkstone Periapt","Letter Opener"],"acts_visited":["Exordium","TheCity","TheBeyond"],"potions_floor_usage":[28,33,44],"damage_taken":[{"damage":0,"enemies":"Jaw Worm","floor":1,"turns":4},{"damage":0,"enemies":"Small Slimes","floor":3,"turns":2},{"damage":0,"enemies":"Cultist","floor":4,"turns":3},{"damage":21,"enemies":"Large Slime","floor":5,"turns":7},{"damage":0,"enemies":"Looter","floor":7,"turns":3},{"damage":2,"enemies":"Lagavulin","floor":11,"turns":10},{"damage":22,"enemies":"Slime Boss","floor":16,"turns":12},{"damage":7,"enemies":"Chosen","floor":18,"turns":5},{"damage":5,"enemies":"Shell Parasite","floor":20,"turns":8},{"damage":5,"enemies":"Snake Plant","floor":21,"turns":6},{"damage":14,"enemies":"Shelled Parasite and Fungi","floor":22,"turns":6},{"damage":43,"enemies":"Gremlin Leader","floor":24,"turns":8},{"damage":1,"enemies":"Sentry and Sphere","floor":28,"turns":6},{"damage":16,"enemies":"Centurion and Healer","floor":30,"turns":5},{"damage":20,"enemies":"Collector","floor":33,"turns":8},{"damage":7,"enemies":"3 Shapes","floor":35,"turns":3},{"damage":9,"enemies":"3 Darklings","floor":38,"turns":3},{"damage":43,"enemies":"Nemesis","floor":41,"turns":7},{"damage":14,"enemies":"Giant Head","floor":44,"turns":7},{"damage":35,"enemies":"Spire Growth","floor":45,"turns":4}],"seed_played":"-6157416691641128080","potions_obtained":[{"floor":1,"key":"construct:ShiftPotion"},{"floor":11,"key":"FearPotion"},{"floor":16,"key":"sneckomod:MuddlingPotion"},{"floor":21,"key":"FearPotion"},{"floor":24,"key":"LiquidMemories"},{"floor":28,"key":"Energy Potion"},{"floor":41,"key":"Dexterity Potion"}],"is_trial":false,"path_per_floor":["M","?","M","M","M","R","M","$","T","R","E","R","?","?","R","B",null,"M","$","M","M","M","R","E","?","T","R","M","R","M","?","R","B",null,"M","$","?","M","?","R","E","R","T","E","M"],"character_chosen":"HERMIT","items_purchased":["hermit:GhostlyPresence","hermit:Brawl","hermit:ShadowCloak+1","hermit:FromBeyond","Nunchaku","hermit:Determination+1"],"campfire_rested":3,"item_purchase_floors":[8,8,19,19,36,36],"current_hp_per_floor":[82,82,82,82,61,61,61,61,61,61,59,59,59,59,59,37,82,75,75,70,65,51,51,8,8,8,32,31,31,15,6,30,10,82,75,75,65,56,56,56,13,37,37,23,0,0],"gold":87,"neow_bonus":"TEN_PERCENT_HP_BONUS","is_daily":false,"chose_seed":false,"campfire_upgraded":4,"win_rate":0.0,"timestamp":1610522821,"path_taken":["M","?","M","M","M","R","M","$","T","R","E","R","?","?","R","BOSS","M","$","?","M","M","R","E","?","T","R","M","R","M","?","R","BOSS","M","$","?","M","?","R","E","R","T","E","?"],"items_purchased_type":["Card","Card","Card","Card","Relic","Card"],"build_version":"2020-12-22","purchased_purges":2,"victory":false,"max_hp_per_floor":[82,82,82,82,82,82,82,82,82,82,82,82,82,82,82,82,82,82,82,82,82,82,82,82,82,82,82,82,82,82,82,82,82,82,82,82,82,82,82,82,82,82,82,82,82,82],"card_choices":[{"not_picked":["hermit:ShadowCloak","hermit:Feint"],"picked":"hermit:Ricochet","floor":1},{"not_picked":["hermit:SprayPray","hermit:WideOpen"],"picked":"hermit:TrackingShot","floor":3},{"not_picked":["hermit:NoHoldsBarred","hermit:Coalescence"],"picked":"hermit:Dive","floor":4},{"not_picked":["hermit:Glare","hermit:PistolWhip","hermit:Desperado"],"picked":"SKIP","floor":5},{"not_picked":["hermit:Glare","hermit:PistolWhip","hermit:Desperado"],"picked":"SKIP","floor":5},{"not_picked":["hermit:HoleUp","hermit:LoneWolf"],"picked":"hermit:Scavenge","floor":7},{"not_picked":["hermit:Horror","hermit:Quickdraw","hermit:HighCaliber"],"picked":"SKIP","floor":11},{"not_picked":["hermit:Gambit","hermit:DeadOrAlive"],"picked":"hermit:EternalForm+1","floor":16},{"not_picked":["hermit:CalledShot+1"],"picked":"SKIP","floor":18},{"not_picked":["hermit:LuckOfTheDraw"],"picked":"SKIP","floor":20},{"not_picked":[],"picked":"hermit:TrackingShot","floor":21},{"not_picked":[],"picked":"hermit:Determination+1","floor":22},{"not_picked":[],"picked":"hermit:Quickdraw","floor":24},{"not_picked":[],"picked":"hermit:Combo+1","floor":28},{"not_picked":["hermit:HoleUp+1"],"picked":"SKIP","floor":30},{"not_picked":[],"picked":"hermit:Adapt+1","floor":33},{"not_picked":["hermit:Desperado+1"],"picked":"SKIP","floor":35},{"not_picked":[],"picked":"hermit:Quickdraw+1","floor":38},{"not_picked":["hermit:CalledShot"],"picked":"SKIP","floor":41},{"not_picked":["hermit:Horror+1"],"picked":"SKIP","floor":44}],"player_experience":148936,"relics_obtained":[{"floor":11,"key":"Frozen Egg 2"},{"floor":24,"key":"Girya"},{"floor":26,"key":"Pocketwatch"},{"floor":41,"key":"Vajra"},{"floor":43,"key":"Darkstone Periapt"},{"floor":44,"key":"Letter Opener"}],"event_choices":[{"damage_healed":0,"gold_gain":54,"player_choice":"Gained Gold","damage_taken":0,"max_hp_gain":0,"max_hp_loss":0,"event_name":"Golden Wing","floor":2,"gold_loss":0},{"damage_healed":0,"gold_gain":0,"player_choice":"Take Wound","damage_taken":0,"relics_obtained":["Golden Idol"],"max_hp_gain":0,"max_hp_loss":0,"event_name":"Golden Idol","floor":13,"gold_loss":0,"cards_obtained":["Injury"]},{"damage_healed":0,"gold_gain":0,"player_choice":"Gave Potion","damage_taken":0,"relics_obtained":["Potion Belt"],"max_hp_gain":0,"max_hp_loss":0,"event_name":"WeMeetAgain","floor":14,"gold_loss":0},{"damage_healed":0,"gold_gain":0,"player_choice":"Inject Mutagens","damage_taken":0,"relics_obtained":["MutagenicStrength"],"max_hp_gain":0,"max_hp_loss":0,"event_name":"Drug Dealer","floor":25,"gold_loss":0},{"damage_healed":0,"gold_gain":0,"player_choice":"Stopped","damage_taken":9,"max_hp_gain":0,"max_hp_loss":0,"event_name":"Cursed Tome","floor":31,"gold_loss":0},{"damage_healed":0,"gold_gain":0,"player_choice":"Embrace Madness","damage_taken":10,"max_hp_gain":0,"max_hp_loss":0,"event_name":"Winding Halls","floor":37,"gold_loss":0,"cards_obtained":["Madness","Madness"]},{"damage_healed":0,"gold_gain":0,"player_choice":"Paid","damage_taken":0,"relics_obtained":["Red Mask"],"max_hp_gain":0,"max_hp_loss":0,"event_name":"Tomb of Lord Red Mask","floor":39,"gold_loss":55}],"is_beta":false,"boss_relics":[{"not_picked":["hermit:DentedPlate","construct:ClawGrip"],"picked":"Busted Crown"},{"not_picked":["Cursed Key","Snecko Eye"],"picked":"Fusion Hammer"}],"items_purged_floors":[8,36],"is_endless":false,"potions_floor_spawned":[1,11,16,21,24,28,41],"killed_by":"Spire Growth","ascension_level":0}}