{"host":"07e1k1rk6c4zn0bu","time":1610564562,"event":{"mods":["AchievementEnabler","BaseMod","Bestiary","Colored Map","Colored Powertips","DeckTracker","Minty Spire (QoL Compilation)","StSLib"],"gold_per_floor":[114,114,44,61,76,76,93,93,118,24,39,59,77,77,77,175,175,194,67,83,101,101,101,101],"floor_reached":23,"language":"ENG","playtime":1153,"items_purged":["Strike_G"],"score":185,"play_id":"5529e132-fd29-4a26-a0aa-4c3b5b5fb476","local_time":"20210113140242","is_ascension_mode":false,"campfire_choices":[{"data":"Infinite Blades","floor":6,"key":"SMITH"},{"data":"Accuracy","floor":8,"key":"SMITH"},{"floor":15,"key":"REST"}],"circlet_count":0,"master_deck":["Strike_G","Strike_G","Strike_G","Defend_G","Defend_G","Defend_G","Defend_G","Defend_G","Survivor","Neutralize","Accuracy+1","Decay","Infinite Blades+1","Dagger Spray","Quick Slash","Choke","Caltrops","Flying Knee","Finisher","Blade Dance+1","Cloak And Dagger","Crippling Poison","Venomology","Blade Dance","Footwork"],"relics":["Ring of the Snake","Bronze Scales","Potion Belt","WristBlade"],"acts_visited":["Exordium","TheCity"],"potions_floor_usage":[17,21,23],"damage_taken":[{"damage":2,"enemies":"2 Louse","floor":1,"turns":3},{"damage":7,"enemies":"Cultist","floor":4,"turns":5},{"damage":0,"enemies":"Small Slimes","floor":5,"turns":3},{"damage":15,"enemies":"Red Slaver","floor":7,"turns":3},{"damage":21,"enemies":"Blue Slaver","floor":11,"turns":3},{"damage":3,"enemies":"Large Slime","floor":12,"turns":4},{"damage":8,"enemies":"3 Louse","floor":13,"turns":2},{"damage":32,"enemies":"The Guardian","floor":16,"turns":8},{"damage":32,"enemies":"2 Thieves","floor":18,"turns":4},{"damage":9,"enemies":"Shell Parasite","floor":20,"turns":2},{"damage":25,"enemies":"Centurion and Healer","floor":21,"turns":5},{"damage":12,"enemies":"Slavers","floor":23,"turns":2}],"seed_played":"8599818956344097901","potions_obtained":[{"floor":4,"key":"SteroidPotion"},{"floor":5,"key":"SteroidPotion"},{"floor":13,"key":"Block Potion"},{"floor":16,"key":"Fruit Juice"},{"floor":20,"key":"CunningPotion"},{"floor":21,"key":"Ancient Potion"}],"is_trial":false,"path_per_floor":["M","?","$","M","M","R","M","R","T","$","M","M","M","?","R","B",null,"M","$","M","M","?","E"],"character_chosen":"THE_SILENT","items_purchased":["Infinite Blades","Caltrops","Flying Knee","Swift Potion"],"campfire_rested":1,"item_purchase_floors":[3,10,10,19],"current_hp_per_floor":[68,68,68,61,61,61,46,46,46,46,25,22,14,14,35,3,75,43,43,34,9,9,0,0],"gold":101,"neow_bonus":"RANDOM_COMMON_RELIC","is_daily":false,"chose_seed":false,"campfire_upgraded":2,"win_rate":0.0,"timestamp":1610564562,"path_taken":["M","?","$","M","M","R","M","R","T","?","?","M","M","?","R","BOSS","M","$","M","M","?","E"],"items_purchased_type":["Card","Card","Card","Potion"],"build_version":"2020-12-22","purchased_purges":1,"victory":false,"max_hp_per_floor":[70,70,70,70,70,70,70,70,70,70,70,70,70,70,70,70,75,75,75,75,75,75,75,75],"card_choices":[{"not_picked":["Bane","Backflip"],"picked":"Accuracy","floor":1},{"not_picked":["Deflect","Escape Plan"],"picked":"Dagger Spray","floor":4},{"not_picked":["Dagger Spray","Backflip"],"picked":"Quick Slash","floor":5},{"not_picked":["Calculated Gamble","Acrobatics"],"picked":"Choke","floor":7},{"not_picked":["Corpse Explosion","Flying Knee"],"picked":"Finisher","floor":11},{"not_picked":["Quick Slash","Infinite Blades"],"picked":"Blade Dance","floor":12},{"not_picked":["Prepared","Concentrate"],"picked":"Cloak And Dagger","floor":13},{"not_picked":["Bullet Time","Unload"],"picked":"Venomology","floor":16},{"not_picked":["Infinite Blades","Dash"],"picked":"Blade Dance","floor":18},{"not_picked":["Escape Plan","Acrobatics"],"picked":"Footwork","floor":20},{"not_picked":["Poisoned Stab+1","Underhanded Strike","Crippling Poison"],"picked":"SKIP","floor":21}],"player_experience":42219,"relics_obtained":[{"floor":9,"key":"Potion Belt"}],"event_choices":[{"damage_healed":0,"gold_gain":0,"player_choice":"Cursed","damage_taken":0,"max_hp_gain":0,"max_hp_loss":0,"event_name":"Wheel of Change","floor":2,"gold_loss":0,"cards_obtained":["Decay"]},{"damage_healed":0,"gold_gain":0,"cards_transformed":["Strike_G"],"player_choice":"Transformed","damage_taken":0,"max_hp_gain":0,"max_hp_loss":0,"event_name":"Transmorgrifier","floor":14,"gold_loss":0,"cards_obtained":["Crippling Poison"]},{"damage_healed":0,"gold_gain":0,"player_choice":"Forge","damage_taken":0,"max_hp_gain":0,"max_hp_loss":0,"event_name":"Accursed Blacksmith","floor":22,"gold_loss":0,"cards_upgraded":["Blade Dance"]}],"is_beta":false,"boss_relics":[{"not_picked":["Empty Cage","Sozu"],"picked":"WristBlade"}],"items_purged_floors":[19],"is_endless":false,"potions_floor_spawned":[4,5,13,16,20,21],"killed_by":"Slavers","ascension_level":0}}