{"host":"2xi35nzst5j6xtbr","time":1610535352,"event":{"mods":["BaseMod","Colored Map","Colored Powertips","Dota2Spire","Downfall","Minty Spire (QoL Compilation)","Quick Restart","Replay The Spire","StSLib","The Gatherer","¡¾ÒÅÎï¿¨ÅÆ¡¿REMEMod"],"gold_per_floor":[113,40,115,115,128,128,144,144,144,155,8,42,96,41,41,143,143,163,163,173,193,205,231,231,231],"floor_reached":24,"language":"ZHS","playtime":1563,"items_purged":["Strike_R"],"score":216,"play_id":"b9a627db-3104-4b0d-9e1a-bc4af84a3b23","local_time":"20210113185552","is_ascension_mode":false,"campfire_choices":[{"data":"ReplayTheSpireMod:LeadingStrike","floor":6,"key":"SMITH"},{"data":"Blood for Blood","floor":8,"key":"SMITH"},{"floor":15,"key":"REST"}],"circlet_count":0,"master_deck":["Strike_R","Strike_R","Strike_R+1","Strike_R","Defend_R","Defend_R","Defend_R","Defend_R","Bash+1","ReplayTheSpireMod:LeadingStrike+1","Uppercut","Battle Trance","Blood for Blood+1","Warcry","ReplayTheSpireMod:LeadingStrike","Sever Soul","Seeing Red","Feel No Pain+1","Impervious","Fiend Fire","Dual Wield","Defy Death","Carnage"],"relics":["Burning Blood","REME_ComplimentaryCards","Self Forming Clay","Potion Belt","Dota2Spire:RefresherOrb","Eternal Feather","Orichalcum"],"acts_visited":["Exordium","TheCity"],"potions_floor_usage":[12,12,13,16,16,23,24],"damage_taken":[{"damage":0,"enemies":"2 Louse","floor":1,"turns":5},{"damage":6,"enemies":"Jaw Worm","floor":5,"turns":3},{"damage":0,"enemies":"Small Slimes","floor":7,"turns":3},{"damage":5,"enemies":"Looter","floor":10,"turns":3},{"damage":18,"enemies":"Lagavulin","floor":12,"turns":4},{"damage":51,"enemies":"Hexaghost","floor":16,"turns":11},{"damage":0,"enemies":"Spheric Guardian","floor":18,"turns":4},{"damage":28,"enemies":"Shell Parasite","floor":20,"turns":5},{"damage":19,"enemies":"Snake Plant","floor":21,"turns":5},{"damage":20,"enemies":"Sentry and Sphere","floor":22,"turns":7},{"damage":48,"enemies":"Gremlin Leader","floor":23,"turns":5},{"damage":18,"enemies":"Snecko","floor":24,"turns":3}],"seed_played":"8248703913128493551","potions_obtained":[{"floor":1,"key":"champ:CounterPotion"},{"floor":5,"key":"Dota2Spire:HealingSalve"},{"floor":13,"key":"Fruit Juice"},{"floor":13,"key":"Block Potion"},{"floor":13,"key":"Venom Potion"},{"floor":22,"key":"Dota2Spire:HealingSalve"},{"floor":23,"key":"SteroidPotion"}],"is_trial":false,"path_per_floor":["M","$","?","?","M","R","M","R","T","M","$","E","?","$","R_BF","B",null,"M","T","M","M","M","E","M"],"character_chosen":"IRONCLAD","items_purchased":["Uppercut","ReplayTheSpireMod:LeadingStrike","Feel No Pain+1"],"campfire_rested":1,"item_purchase_floors":[2,11,14],"current_hp_per_floor":[88,88,77,59,59,59,65,65,65,66,66,60,43,43,70,25,93,93,93,71,58,44,11,0,0],"gold":231,"neow_bonus":"TEN_PERCENT_HP_BONUS","is_daily":false,"chose_seed":false,"campfire_upgraded":2,"win_rate":0.0,"timestamp":1610535352,"path_taken":["M","$","?","?","M","R","M","R","T","M","?","E","?","?","R_BF","BOSS","M","?","M","M","M","E","M"],"items_purchased_type":["Card","Card","Card"],"build_version":"2020-12-22","purchased_purges":1,"victory":false,"max_hp_per_floor":[88,88,88,88,88,88,88,88,88,88,88,88,93,93,93,93,93,93,93,93,93,93,93,93,93],"card_choices":[{"not_picked":["Sentinel","Anger"],"picked":"ReplayTheSpireMod:LeadingStrike","floor":1},{"not_picked":["Havoc","True Grit"],"picked":"Battle Trance","floor":5},{"not_picked":["ReplayTheSpireMod:LeadingStrike","Dark Embrace"],"picked":"Blood for Blood","floor":7},{"not_picked":["Body Slam","Wild Strike"],"picked":"Warcry","floor":10},{"not_picked":["Iron Wave","Barricade"],"picked":"Sever Soul","floor":12},{"not_picked":["Armaments","REME_FearOfPain"],"picked":"Seeing Red","floor":13},{"not_picked":["Barricade","Limit Break"],"picked":"Impervious","floor":16},{"not_picked":["Body Slam+1","Clash"],"picked":"Dual Wield","floor":18},{"not_picked":["Thunderclap","Heavy Blade"],"picked":"Defy Death","floor":20},{"not_picked":["Thunderclap","Defy Death+1"],"picked":"Carnage","floor":21},{"not_picked":["Havoc","Evolve","Twin Strike+1"],"picked":"SKIP","floor":22},{"not_picked":["True Grit","Flex+1","Fire Breathing"],"picked":"SKIP","floor":23}],"player_experience":106559,"relics_obtained":[{"floor":9,"key":"Self Forming Clay"},{"floor":12,"key":"Potion Belt"},{"floor":19,"key":"Eternal Feather"},{"floor":23,"key":"Orichalcum"}],"event_choices":[{"damage_healed":0,"gold_gain":75,"player_choice":"Gather Gold","damage_taken":11,"max_hp_gain":0,"max_hp_loss":0,"event_name":"World of Goop","floor":3,"gold_loss":0},{"damage_healed":0,"gold_gain":0,"player_choice":"Entered Light","damage_taken":18,"max_hp_gain":0,"max_hp_loss":0,"event_name":"Shining Light","floor":4,"gold_loss":0,"cards_upgraded":["Bash","Strike_R"]}],"is_beta":false,"boss_relics":[{"not_picked":["Calling Bell","Busted Crown"],"picked":"Dota2Spire:RefresherOrb"}],"items_purged_floors":[11],"is_endless":false,"potions_floor_spawned":[1,5,22,23],"killed_by":"Snecko","ascension_level":0}}