{"host":"i7jfea87xc8lz16p","time":1610499438,"event":{"mods":["AchievementEnabler","BaseMod","Colored Powertips","Minty Spire (QoL Compilation)","Relic Stats"],"gold_per_floor":[114,114,131,147,158,158,185,203,203,128,161,173,30,64,64,137,137,153,153,166,184,5,5,5,5],"floor_reached":24,"language":"ENG","playtime":1045,"items_purged":["Strike_R","Strike_R","Strike_R"],"score":436,"play_id":"34cbc4cd-66cf-4cb7-949b-c32b8870d8ab","local_time":"20210113015718","is_ascension_mode":true,"campfire_choices":[{"data":"Bash","floor":6,"key":"SMITH"},{"floor":15,"key":"REST"},{"floor":23,"key":"REST"}],"circlet_count":0,"master_deck":["AscendersBane","Strike_R","Strike_R","Defend_R","Defend_R","Defend_R","Defend_R","Bash+1","Hemokinesis","Shrug It Off","Carnage","Flame Barrier","Cleave","Rupture","Evolve","True Grit","Offering","Uppercut","Battle Trance"],"relics":["Mark of Pain","Lantern","PreservedInsect","Nunchaku","Shuriken","SlaversCollar"],"acts_visited":["Exordium","TheCity"],"potions_floor_usage":[16,21,21,24],"damage_taken":[{"damage":7,"enemies":"Jaw Worm","floor":1,"turns":4},{"damage":4,"enemies":"Small Slimes","floor":3,"turns":4},{"damage":7,"enemies":"2 Louse","floor":4,"turns":3},{"damage":2,"enemies":"Looter","floor":5,"turns":3},{"damage":17,"enemies":"3 Sentries","floor":7,"turns":8},{"damage":0,"enemies":"3 Louse","floor":8,"turns":3},{"damage":8,"enemies":"Gremlin Nob","floor":11,"turns":3},{"damage":0,"enemies":"2 Fungi Beasts","floor":12,"turns":2},{"damage":7,"enemies":"3 Sentries","floor":14,"turns":5},{"damage":16,"enemies":"The Guardian","floor":16,"turns":12},{"damage":26,"enemies":"Spheric Guardian","floor":18,"turns":4},{"damage":32,"enemies":"Shell Parasite","floor":20,"turns":4},{"damage":31,"enemies":"Cultist and Chosen","floor":21,"turns":7},{"damage":25,"enemies":"Book of Stabbing","floor":24,"turns":5}],"seed_played":"7636937118902830927","potions_obtained":[{"floor":7,"key":"PowerPotion"},{"floor":8,"key":"SkillPotion"},{"floor":20,"key":"BloodPotion"}],"is_trial":false,"path_per_floor":["M","?","M","M","M","R","E","M","T","$","E","M","$","E","R","B",null,"M","?","M","M","$","R","E"],"character_chosen":"IRONCLAD","items_purchased":["Evolve","Block Potion"],"campfire_rested":2,"item_purchase_floors":[13,22],"current_hp_per_floor":[61,61,57,50,48,48,31,31,31,31,23,23,23,16,38,22,62,36,51,19,3,3,25,0,0],"gold":5,"neow_bonus":"BOSS_RELIC","is_daily":false,"chose_seed":false,"campfire_upgraded":1,"win_rate":0.0,"timestamp":1610499438,"path_taken":["M","?","M","M","M","R","E","M","T","$","E","M","$","E","R","BOSS","M","?","M","M","$","R","E"],"items_purchased_type":["Card","Potion"],"build_version":"2020-12-22","purchased_purges":3,"victory":false,"max_hp_per_floor":[75,75,75,75,75,75,75,75,75,75,75,75,75,75,75,75,75,75,75,75,75,75,75,75,75],"relic_stats":{"Nunchaku":[6],"counters":[14,67],"Shuriken":[7],"PreservedInsect":97,"obtain_stats":[{"SlaversCollar":17,"Lantern":7,"Nunchaku":11,"Shuriken":14,"Mark of Pain":0,"PreservedInsect":9,"Burning Blood":0},{"SlaversCollar":10,"Lantern":5,"Nunchaku":7,"Shuriken":9,"Mark of Pain":0,"PreservedInsect":6,"Burning Blood":0},{"SlaversCollar":47,"Lantern":22,"Nunchaku":28,"Shuriken":35,"Mark of Pain":0,"PreservedInsect":25,"Burning Blood":0}]},"card_choices":[{"not_picked":["Headbutt","Heavy Blade"],"picked":"Hemokinesis","floor":1},{"not_picked":["Armaments","Rage"],"picked":"Shrug It Off","floor":3},{"not_picked":["Pummel","Dark Embrace"],"picked":"Carnage","floor":4},{"not_picked":["Flex","Combust"],"picked":"Flame Barrier","floor":5},{"not_picked":["Double Tap","Second Wind"],"picked":"Cleave","floor":7},{"not_picked":["Thunderclap","Iron Wave"],"picked":"Rupture","floor":8},{"not_picked":["Rage","Juggernaut","Immolate"],"picked":"SKIP","floor":11},{"not_picked":["Havoc","Clash","Pommel Strike"],"picked":"SKIP","floor":12},{"not_picked":["Wild Strike","Armaments"],"picked":"True Grit","floor":14},{"not_picked":["Bludgeon","Fiend Fire"],"picked":"Offering","floor":16},{"not_picked":["Wild Strike","Heavy Blade"],"picked":"Uppercut","floor":18},{"not_picked":["Cleave","Thunderclap"],"picked":"Battle Trance","floor":20},{"not_picked":["Hemokinesis+1","Anger","Headbutt"],"picked":"SKIP","floor":21}],"player_experience":1773531,"relics_obtained":[{"floor":7,"key":"Lantern"},{"floor":9,"key":"PreservedInsect"},{"floor":11,"key":"Nunchaku"},{"floor":14,"key":"Shuriken"}],"event_choices":[{"damage_healed":0,"gold_gain":0,"player_choice":"Ignored","damage_taken":0,"max_hp_gain":0,"max_hp_loss":0,"event_name":"Shining Light","floor":2,"gold_loss":0},{"damage_healed":15,"gold_gain":0,"player_choice":"Heal","damage_taken":0,"max_hp_gain":0,"max_hp_loss":0,"event_name":"The Library","floor":19,"gold_loss":0}],"is_beta":false,"boss_relics":[{"not_picked":["Sozu","Pandora\u0027s Box"],"picked":"SlaversCollar"}],"items_purged_floors":[10,13,22],"is_endless":false,"potions_floor_spawned":[7,8,12,14,20],"killed_by":"Book of Stabbing","ascension_level":20}}