{"host":"h4lp0eeso8a0ssq0","time":1610557375,"event":{"mods":["2.2 Compatiblity","AchievementEnabler","BaseMod","CapriCore","Colored Map","Minty Spire (QoL Compilation)","StSLib","SuperFastMode"],"gold_per_floor":[118,118,130,55,67,67,101,101,128,128,148,166,198,216,216,216,216],"floor_reached":16,"language":"KOR","playtime":444,"items_purged":[],"score":190,"play_id":"9a80c313-f843-4b09-b4dd-61bc836c10b4","local_time":"20210114020255","is_ascension_mode":true,"campfire_choices":[{"data":"Deadly Poison","floor":6,"key":"SMITH"},{"data":"Strike_G","floor":10,"key":"PURGE"},{"data":"Deadly Poison","floor":15,"key":"SMITH"}],"circlet_count":0,"master_deck":["AscendersBane","Strike_G","Strike_G","Strike_G","Defend_G","Defend_G","Defend_G","Defend_G","Defend_G","Survivor","Neutralize","Deadly Poison+1","Blade Dance","Footwork","Dagger Spray","Leg Sweep","Backstab","Die Die Die","Deadly Poison+1"],"relics":["Ring of the Snake","Peace Pipe","HornCleat","Happy Flower","Nunchaku"],"acts_visited":["Exordium"],"potions_floor_usage":[12,16,16],"damage_taken":[{"damage":3,"enemies":"Small Slimes","floor":1,"turns":4},{"damage":1,"enemies":"Cultist","floor":3,"turns":4},{"damage":0,"enemies":"2 Louse","floor":5,"turns":3},{"damage":19,"enemies":"3 Sentries","floor":7,"turns":9},{"damage":0,"enemies":"Blue Slaver","floor":11,"turns":4},{"damage":1,"enemies":"3 Louse","floor":12,"turns":3},{"damage":9,"enemies":"Gremlin Nob","floor":13,"turns":4},{"damage":0,"enemies":"Looter","floor":14,"turns":3},{"damage":32,"enemies":"Slime Boss","floor":16,"turns":9}],"seed_played":"1730861975302410175","potions_obtained":[{"floor":5,"key":"SpeedPotion"},{"floor":12,"key":"Fruit Juice"},{"floor":13,"key":"Weak Potion"},{"floor":14,"key":"LiquidMemories"}],"is_trial":false,"path_per_floor":["M","?","M","$","M","R","E","T","T","R","M","M","E","M","R","B"],"character_chosen":"THE_SILENT","items_purchased":["Footwork"],"campfire_rested":0,"item_purchase_floors":[4],"current_hp_per_floor":[53,53,52,52,52,52,33,33,33,33,33,37,28,28,28,0,0],"gold":216,"neow_bonus":"TWENTY_PERCENT_HP_BONUS","is_daily":false,"chose_seed":false,"campfire_upgraded":2,"win_rate":0.0,"timestamp":1610557375,"path_taken":["M","?","M","$","?","R","E","?","T","R","?","M","E","M","R","BOSS"],"items_purchased_type":["Card"],"build_version":"2020-12-22","purchased_purges":0,"victory":false,"max_hp_per_floor":[78,78,78,78,78,78,78,78,78,78,78,83,83,83,83,83,83],"card_choices":[{"not_picked":["Bane","Dodge and Roll"],"picked":"Deadly Poison","floor":1},{"not_picked":["Bane","Deflect"],"picked":"Blade Dance","floor":3},{"not_picked":["Quick Slash","Slice"],"picked":"Dagger Spray","floor":5},{"not_picked":["Dodge and Roll","Poisoned Stab"],"picked":"Leg Sweep","floor":7},{"not_picked":["PiercingWail","Flying Knee"],"picked":"Backstab","floor":11},{"not_picked":["Slice","PiercingWail"],"picked":"Die Die Die","floor":12},{"not_picked":["Heel Hook","Expertise","Dodge and Roll"],"picked":"SKIP","floor":13},{"not_picked":["Footwork","PiercingWail"],"picked":"Deadly Poison","floor":14}],"player_experience":159032,"relics_obtained":[{"floor":7,"key":"Peace Pipe"},{"floor":8,"key":"HornCleat"},{"floor":9,"key":"Happy Flower"},{"floor":13,"key":"Nunchaku"}],"event_choices":[{"cards_removed":["Strike_G"],"damage_healed":0,"gold_gain":0,"player_choice":"Offered Basic","damage_taken":0,"max_hp_gain":0,"max_hp_loss":0,"event_name":"Bonfire Elementals","floor":2,"gold_loss":0}],"is_beta":false,"boss_relics":[],"items_purged_floors":[],"is_endless":false,"potions_floor_spawned":[5,12,13,14],"killed_by":"Slime Boss","ascension_level":14}}