{"host":"7t8rqoeeopyy0nh0","time":1610503584,"event":{"mods":["AchievementEnabler","Aspiration","Bard","BaseMod","Better Third Choice","BetterRewards","Colored Map","Colored Powertips","Conspire","Downfall","Hermit","Hubris","Infinite Spire","Koishi","Minty Spire (QoL Compilation)","Permanent Neow","Quick Restart","Rare Cards Sparkle","Reimu??????","Replay The Spire","StSLib","Td1madao Mod","The Administrix","The Blackbeard","The Bug Knight","The Gatherer","The Hayseed","The Jungle","The Marked","The Servant 0.9.4","The Wild Card","TheBandit"],"gold_per_floor":[111,111,130,145,37,65,65,65,90,114,125,125,164,10,10,131,131,144,159,179,21,21,56,56,56,56,56,77,96,116,116,116,249,249,283,4,4,22,41,41,69,96,96,135,164,195,195,120,120,120],"floor_reached":51,"language":"ENG","playtime":2607,"items_purged":["bard:SixFourTime","bard:Strike","bard:Strike"],"score":1059,"play_id":"e4e33bca-70c8-492f-9fa2-538fcebc304f","local_time":"20210112210624","is_ascension_mode":false,"campfire_choices":[{"data":"bard:ThickOfTheFight","floor":7,"key":"SMITH"},{"data":"bard:PrismaticSpray","floor":15,"key":"SMITH"},{"data":"bard:DeathMetal","floor":24,"key":"SMITH"},{"data":"bard:DeathMetal","floor":27,"key":"SMITH"},{"data":"Replay:Fractal Strike","floor":32,"key":"SMITH"},{"data":"Metallicize","floor":40,"key":"SMITH"},{"data":"bard:OffKey","floor":47,"key":"SMITH"},{"data":"Exhume","floor":49,"key":"SMITH"}],"circlet_count":0,"master_deck":["bard:Strike","bard:Defend","bard:Defend+1","bard:Defend","bard:Riposte","bard:Inspire+1","bard:Thunderwave","bard:FirstStrike","bard:TinyHut+1","bard:ThickOfTheFight+1","bard:PrismaticSpray+1","bard:DeathMetal+1","bard:OffKey+1","bard:LocateObject","bard:DeathMetal+1","Replay:Fractal Strike+1","Metallicize+1","bard:GreaterMagicWeapon+1","Shockwave+1","Exhume+1"],"relics":["bard:PitchPipe","bard:BagPipes","aspiration:Nostalgia","TheSimpletonMod:SpudOfTheInnocent","Gambling Chip","PreservedInsect","Odd Mushroom","Golden Idol","Singing Bowl","Membership Card","bard:DeepVero","infinitespire:EmpoweringShard","hubris:Icosahedron","Peace Pipe","Replay:Rubber Ducky","Toolbox","infinitespire:EvilPickle","aspiration:IroncladSkillbook","Blood Vial","hubris:PeanutButter","War Paint","Orrery"],"acts_visited":["Exordium","TheCity","TheBeyond"],"potions_floor_usage":[11,13,13,23,23,23,29,50,50],"damage_taken":[{"damage":2,"enemies":"conspire:RoseBush","floor":1,"turns":3},{"damage":0,"enemies":"2 Louse","floor":3,"turns":2},{"damage":6,"enemies":"Small Slimes","floor":4,"turns":5},{"damage":5,"enemies":"3 Sentries","floor":6,"turns":5},{"damage":0,"enemies":"The Mushroom Lair","floor":10,"turns":2},{"damage":5,"enemies":"Exordium Wildlife","floor":11,"turns":3},{"damage":11,"enemies":"Lagavulin","floor":13,"turns":5},{"damage":22,"enemies":"Fading Forest","floor":16,"turns":11},{"damage":24,"enemies":"Spheric Guardian","floor":18,"turns":5},{"damage":0,"enemies":"conspire:FuzzyDice","floor":19,"turns":4},{"damage":6,"enemies":"Snecko","floor":20,"turns":5},{"damage":3,"enemies":"Book of Stabbing","floor":23,"turns":6},{"damage":0,"enemies":"3 Cultists","floor":28,"turns":4},{"damage":4,"enemies":"Snake Plant","floor":29,"turns":4},{"damage":0,"enemies":"Sentry and Sphere","floor":30,"turns":4},{"damage":0,"enemies":"Pondfish","floor":33,"turns":7},{"damage":0,"enemies":"3 Darklings","floor":35,"turns":1},{"damage":3,"enemies":"3 Shapes","floor":38,"turns":2},{"damage":0,"enemies":"3 Darklings","floor":39,"turns":2},{"damage":3,"enemies":"4 Shapes","floor":41,"turns":1},{"damage":3,"enemies":"Sphere and 2 Shapes","floor":42,"turns":2},{"damage":0,"enemies":"Giant Head","floor":44,"turns":6},{"damage":0,"enemies":"Transient","floor":45,"turns":5},{"damage":0,"enemies":"Maw","floor":46,"turns":6},{"damage":83,"enemies":"infinitespire:MassOfShapes","floor":50,"turns":8}],"seed_played":"2863258398680098898","potions_obtained":[{"floor":3,"key":"Reflective Coating"},{"floor":4,"key":"SteroidPotion"},{"floor":10,"key":"Energy Potion"},{"floor":11,"key":"Guardian:BlockOnCardUsePotion"},{"floor":16,"key":"Swift Potion"},{"floor":19,"key":"Flashbang"},{"floor":23,"key":"bard:InspiredBrew"},{"floor":29,"key":"GamblersBrew"},{"floor":42,"key":"Milkshake"},{"floor":44,"key":"Slimebound:ThreeZeroPotion"}],"is_trial":false,"path_per_floor":["M","?","M","M","$","E","R","?","T","?","M","?","E","$","R","B",null,"M","M","M","$","?","E","R","?","T","R","M","M","M","AVR","R","B",null,"M","$","?","M","M","R","M","M","T","E","M","M","R","$","R","B",null],"character_chosen":"BARD","items_purchased":["bard:TinyHut+1","bard:ThickOfTheFight","Membership Card","infinitespire:EmpoweringShard","Blood Vial","hubris:PeanutButter","PowerPotion","Orrery"],"campfire_rested":0,"item_purchase_floors":[5,5,14,21,36,36,36,48],"current_hp_per_floor":[68,70,70,64,64,59,59,64,64,64,59,59,48,48,48,39,69,45,47,41,41,41,38,38,38,38,38,40,38,40,40,40,42,79,81,81,81,83,83,83,85,87,87,89,91,93,93,97,97,18],"gold":120,"neow_bonus":"NOSTALGIA","is_daily":false,"chose_seed":false,"campfire_upgraded":8,"win_rate":0.0,"timestamp":1610503584,"path_taken":["M","?","M","M","$","E","R","?","T","?","M","?","E","$","R","BOSS","M","M","M","$","?","E","R","?","T","R","M","M","M","AVR","R","BOSS","M","$","?","M","M","R","M","M","T","E","M","M","R","$","R","BOSS"],"items_purchased_type":["Card","Card","Relic","Relic","Relic","Relic","Potion","Relic"],"build_version":"2020-12-22","purchased_purges":3,"victory":true,"max_hp_per_floor":[70,70,70,70,70,70,70,75,75,75,75,69,69,69,69,69,69,69,71,71,71,71,71,71,71,71,71,73,75,77,77,77,79,79,81,81,81,83,83,83,85,87,87,89,91,93,93,97,97,97],"card_choices":[{"not_picked":["bard:Demoralize","bard:Sift"],"picked":"bard:Thunderwave","floor":1},{"not_picked":["bard:QuickSong","bard:StudiedStrike"],"picked":"bard:SixFourTime","floor":3},{"not_picked":["bard:Parry","bard:MantleOfInspiration"],"picked":"bard:FirstStrike","floor":4},{"not_picked":["bard:FalseLife","bard:Shout","bard:Accelerando"],"picked":"SKIP","floor":6},{"not_picked":["bard:Rest","bard:TinyHut","bard:Improv"],"picked":"SKIP","floor":11},{"not_picked":["bard:EchoEcho","bard:SongBolt"],"picked":"bard:PrismaticSpray","floor":13},{"not_picked":["bard:Haste","bard:Sonata"],"picked":"bard:DeathMetal","floor":16},{"not_picked":["bard:ViciousMockery","bard:PhantasmalForce"],"picked":"bard:OffKey","floor":18},{"not_picked":["bard:TinyHut","bard:Sift+1","bard:InspiringSong"],"picked":"Singing Bowl","floor":19},{"not_picked":["bard:MantleOfInspiration","bard:Parry"],"picked":"bard:LocateObject","floor":20},{"not_picked":["bard:Accelerando","bard:SixFourTime"],"picked":"bard:DeathMetal","floor":23},{"not_picked":["bard:DervishDance","bard:ViciousMockery","bard:Silence"],"picked":"Singing Bowl","floor":28},{"not_picked":["bard:Thunderwave","bard:Fermata+1","bard:ViciousMockery"],"picked":"Singing Bowl","floor":29},{"not_picked":["bard:EnGarde","bard:Parry+1","bard:Fermata"],"picked":"Singing Bowl","floor":30},{"not_picked":["bard:Focused","bard:Improv","bard:Haste"],"picked":"Singing Bowl","floor":33},{"not_picked":["Fire Breathing","bard:FirstStrike","Cleave","Iron Wave+1"],"picked":"Singing Bowl","floor":35},{"not_picked":["Clothesline","bard:LingeringEcho+1","ReplayTheSpireMod:Stacked","conspire:Charge+1"],"picked":"Singing Bowl","floor":38},{"not_picked":["bard:StudiedStrike+1","bard:Fermata","bard:OffKey"],"picked":"Metallicize","floor":39},{"not_picked":["Thunderclap+1","bard:HideousLaughter","bard:Sift","bard:Silence+1"],"picked":"Singing Bowl","floor":41},{"not_picked":["ReplayTheSpireMod:Stacked+1","bard:LifeDrain+1","Anger+1","Thunderclap+1"],"picked":"Singing Bowl","floor":42},{"not_picked":["bard:Rhapsody","Wild Strike","Body Slam","bard:LifeDrain+1"],"picked":"Singing Bowl","floor":44},{"not_picked":["bard:ThickOfTheFight+1","Searing Blow","bard:Rest","Iron Wave"],"picked":"Singing Bowl","floor":45},{"not_picked":["Feel No Pain","bard:FirstStrike","Heavy Blade+1","Power Through+1"],"picked":"Singing Bowl","floor":46},{"not_picked":["Whirlwind","bard:FirstStrike","bard:PrismaticSpray+1"],"picked":"bard:GreaterMagicWeapon+1","floor":48},{"not_picked":["bard:Gamble","Searing Blow","True Grit+1"],"picked":"Shockwave+1","floor":48},{"not_picked":["True Grit+1","bard:Rest","bard:EchoEcho"],"picked":"Exhume","floor":48},{"not_picked":["Iron Wave+1","bard:PrismaticSpray","Shrug It Off","bard:TinyHut+1"],"picked":"Singing Bowl","floor":48},{"not_picked":["Havoc","Flex","Clash+1","bard:FingerOfDeath"],"picked":"Singing Bowl","floor":48}],"player_experience":402562,"relics_obtained":[{"floor":6,"key":"Gambling Chip"},{"floor":9,"key":"PreservedInsect"},{"floor":10,"key":"Odd Mushroom"},{"floor":13,"key":"Singing Bowl"},{"floor":23,"key":"Peace Pipe"},{"floor":26,"key":"Replay:Rubber Ducky"},{"floor":44,"key":"War Paint"}],"event_choices":[{"damage_healed":0,"gold_gain":0,"player_choice":"Donut","damage_taken":0,"max_hp_gain":5,"max_hp_loss":0,"event_name":"Big Fish","floor":8,"gold_loss":0},{"damage_healed":0,"gold_gain":0,"player_choice":"Fought Mushrooms","damage_taken":0,"max_hp_gain":0,"max_hp_loss":0,"event_name":"Mushrooms","floor":10,"gold_loss":0},{"damage_healed":0,"gold_gain":0,"player_choice":"Lose Max HP","damage_taken":0,"relics_obtained":["Golden Idol"],"max_hp_gain":0,"max_hp_loss":6,"event_name":"Golden Idol","floor":12,"gold_loss":0},{"cards_removed":["bard:Strike"],"damage_healed":0,"gold_gain":0,"player_choice":"Elegance","damage_taken":0,"max_hp_gain":0,"max_hp_loss":0,"event_name":"betterThird:BetterWriting","floor":25,"gold_loss":0},{"cards_removed":["bard:Defend"],"damage_healed":0,"gold_gain":0,"player_choice":"Removed Skill","damage_taken":0,"max_hp_gain":0,"max_hp_loss":0,"event_name":"Falling","floor":37,"gold_loss":0}],"is_beta":false,"boss_relics":[{"not_picked":["hubris:Stopwatch","hubris:CrackedHourglass"],"picked":"bard:DeepVero"},{"not_picked":["Snecko Heart","hubris:TerracottaHorce"],"picked":"aspiration:IroncladSkillbook"}],"items_purged_floors":[21,31,36],"is_endless":false,"potions_floor_spawned":[3,4,10,11,16,19,23,29,42,44,46],"ascension_level":0}}