{"host":"f6f8cjhjgha9mpdq","time":1610525385,"event":{"mods":["BaseMod","Minty Spire (QoL Compilation)","Permanent Neow","StSLib","SuperFastMode"],"gold_per_floor":[14,14,34,47,62,105,124,160,186,217,55,75,75,105,105,198,198,198,198,198,198,113,113,113,113,113,13,13,13,13,13,13,13,13,13,13,13,13,0,0,0,0,0,0,0,0,0,0,0,0,0,0,0,0,0],"floor_reached":54,"language":"KOR","playtime":2344,"items_purged":["Strike_P","Strike_P"],"score":1423,"play_id":"857b5d22-16bd-4dde-a745-79f3233832c5","local_time":"20210113170945","is_ascension_mode":true,"campfire_choices":[{"data":"Eruption","floor":13.0,"key":"SMITH"},{"data":"ConjureBlade","floor":15.0,"key":"SMITH"},{"data":"Fasting2","floor":23.0,"key":"SMITH"},{"data":"TalkToTheHand","floor":25.0,"key":"SMITH"},{"data":"Study","floor":32.0,"key":"SMITH"},{"data":"MentalFortress","floor":40.0,"key":"SMITH"},{"data":"Tantrum","floor":47.0,"key":"SMITH"},{"floor":49.0,"key":"RECALL"},{"data":"Sanctity","floor":52.0,"key":"SMITH"}],"circlet_count":0,"master_deck":["AscendersBane","Defend_P","Defend_P","Eruption+1","Vigilance","Tantrum+1","FlurryOfBlows","EmptyFist","ConjureBlade+1","MentalFortress+1","Fasting2+1","TalkToTheHand+1","EmptyFist","Study+1","DevaForm","Sanctity+1"],"relics":["PureWater","Gambling Chip","Golden Idol","Blood Vial","Omamori","Potion Belt","Vajra","CeramicFish","Ectoplasm","Pantograph","Singing Bowl","Busted Crown","Red Mask","InkBottle","Orichalcum"],"acts_visited":["Exordium","TheCity","TheBeyond","TheEnding"],"potions_floor_usage":[],"damage_taken":[{"damage":0.0,"enemies":"2 Louse","floor":1.0,"turns":2.0},{"damage":0.0,"enemies":"Jaw Worm","floor":3.0,"turns":4.0},{"damage":3.0,"enemies":"Small Slimes","floor":4.0,"turns":3.0},{"damage":0.0,"enemies":"2 Fungi Beasts","floor":5.0,"turns":2.0},{"damage":18.0,"enemies":"Lagavulin","floor":6.0,"turns":6.0},{"damage":0.0,"enemies":"Exordium Thugs","floor":7.0,"turns":2.0},{"damage":17.0,"enemies":"3 Sentries","floor":8.0,"turns":4.0},{"damage":2.0,"enemies":"Gremlin Nob","floor":10.0,"turns":3.0},{"damage":0.0,"enemies":"Large Slime","floor":12.0,"turns":2.0},{"damage":23.0,"enemies":"The Guardian","floor":16.0,"turns":7.0},{"damage":22.0,"enemies":"Shell Parasite","floor":18.0,"turns":5.0},{"damage":0.0,"enemies":"Chosen","floor":19.0,"turns":4.0},{"damage":16.0,"enemies":"3 Cultists","floor":20.0,"turns":4.0},{"damage":13.0,"enemies":"Snake Plant","floor":21.0,"turns":4.0},{"damage":0.0,"enemies":"Cultist and Chosen","floor":24.0,"turns":3.0},{"damage":4.0,"enemies":"3 Cultists","floor":29.0,"turns":5.0},{"damage":0.0,"enemies":"Champ","floor":33.0,"turns":7.0},{"damage":14.0,"enemies":"3 Shapes","floor":35.0,"turns":12.0},{"damage":1.0,"enemies":"Orb Walker","floor":38.0,"turns":3.0},{"damage":10.0,"enemies":"4 Shapes","floor":41.0,"turns":7.0},{"damage":5.0,"enemies":"Maw","floor":44.0,"turns":4.0},{"damage":0.0,"enemies":"Transient","floor":45.0,"turns":6.0},{"damage":10.0,"enemies":"Nemesis","floor":46.0,"turns":3.0},{"damage":0.0,"enemies":"Giant Head","floor":48.0,"turns":6.0},{"damage":61.0,"enemies":"Awakened One","floor":50.0,"turns":8.0},{"damage":64,"enemies":"Shield and Spear","floor":54,"turns":3}],"seed_played":"4984446160854174471","potions_obtained":[{"floor":1.0,"key":"Swift Potion"},{"floor":4.0,"key":"BlessingOfTheForge"},{"floor":7.0,"key":"Weak Potion"},{"floor":21.0,"key":"Ambrosia"},{"floor":29.0,"key":"LiquidBronze"},{"floor":35.0,"key":"Block Potion"},{"floor":41.0,"key":"LiquidMemories"},{"floor":42.0,"key":"DistilledChaos"},{"floor":42.0,"key":"Dexterity Potion"}],"is_trial":false,"path_per_floor":["M","?","M","M","M","E","M","E","T","E","$","M","R","?","R","B",null,"M","M","M","M","?","R","M","R","T","$","?","M","?","?","R","B",null,"M","?","?","M","?","R","M","?","T","M","M","E","R","E","R","B",null,"R","$","E"],"character_chosen":"WATCHER","items_purchased":["MentalFortress"],"campfire_rested":0,"item_purchase_floors":[11],"current_hp_per_floor":[61,61,61,58,58,40,42,27,27,27,27,29,29,29,29,8,49,29,31,17,6,6,6,8,8,8,8,8,8,8,8,8,37,59,49,49,49,52,52,52,46,46,46,43,47,41,41,45,45,11,61,61,61,0,0],"gold":0,"neow_bonus":"ONE_RARE_RELIC","is_daily":false,"chose_seed":false,"campfire_upgraded":8,"win_rate":0.0,"timestamp":1610525385,"path_taken":["M","?","M","M","M","E","M","E","T","E","$","M","R","?","R","BOSS","M","M","M","M","?","R","M","R","T","$","?","M","?","?","R","BOSS","M","?","?","?","?","R","M","?","T","?","M","E","R","E","R","BOSS","R","$","E"],"items_purchased_type":["Card"],"build_version":"2020-12-22","purchased_purges":2,"victory":false,"max_hp_per_floor":[68,62,62,62,62,62,62,62,62,62,62,62,62,62,62,62,62,62,62,62,62,62,62,62,62,62,62,62,64,64,64,64,66,66,68,68,68,70,70,70,72,72,72,72,74,76,76,78,78,78,78,78,78,78,78],"card_choices":[{"not_picked":["WaveOfTheHand","Vengeance"],"picked":"Tantrum","floor":1.0},{"not_picked":["Evaluate","ThirdEye","ForeignInfluence"],"picked":"SKIP","floor":3.0},{"not_picked":["Prostrate","CutThroughFate"],"picked":"FlurryOfBlows","floor":4.0},{"not_picked":["Meditate","Consecrate","FlyingSleeves"],"picked":"SKIP","floor":5.0},{"not_picked":["Collect","FlyingSleeves"],"picked":"EmptyFist","floor":6.0},{"not_picked":["CutThroughFate","EmptyFist","ThirdEye"],"picked":"SKIP","floor":7.0},{"not_picked":["Study","FlyingSleeves"],"picked":"ConjureBlade","floor":8.0},{"not_picked":["BowlingBash","Worship","FlyingSleeves"],"picked":"SKIP","floor":10.0},{"not_picked":["BowlingBash","Worship","FlyingSleeves"],"picked":"SKIP","floor":10.0},{"not_picked":["ForeignInfluence","Meditate","ReachHeaven"],"picked":"SKIP","floor":12.0},{"not_picked":["Prostrate","EmptyFist","EmptyBody"],"picked":"SKIP","floor":18.0},{"not_picked":["Wireheading","SashWhip","Perseverance"],"picked":"SKIP","floor":19.0},{"not_picked":["WindmillStrike","FlyingSleeves"],"picked":"Fasting2","floor":20.0},{"not_picked":["ReachHeaven+1","Fasting2","Pray+1"],"picked":"SKIP","floor":21.0},{"not_picked":["Worship","Prostrate+1"],"picked":"TalkToTheHand","floor":24.0},{"not_picked":["Indignation","FollowUp","SashWhip"],"picked":"Singing Bowl","floor":29.0},{"not_picked":["Alpha","LessonLearned","DeusExMachina"],"picked":"Singing Bowl","floor":33.0},{"not_picked":["PathToVictory+1"],"picked":"Singing Bowl","floor":35.0},{"not_picked":["Crescendo"],"picked":"Singing Bowl","floor":38.0},{"not_picked":["FlurryOfBlows"],"picked":"Singing Bowl","floor":41.0},{"not_picked":[],"picked":"Sanctity","floor":44.0},{"not_picked":["Prostrate"],"picked":"Singing Bowl","floor":45.0},{"not_picked":["Scrawl"],"picked":"Singing Bowl","floor":46.0},{"not_picked":["EmptyBody"],"picked":"Singing Bowl","floor":48.0}],"player_experience":561955,"relics_obtained":[{"floor":6.0,"key":"Blood Vial"},{"floor":8.0,"key":"Omamori"},{"floor":9.0,"key":"Potion Belt"},{"floor":10.0,"key":"Vajra"},{"floor":26.0,"key":"Singing Bowl"},{"floor":46.0,"key":"InkBottle"},{"floor":48.0,"key":"Orichalcum"}],"event_choices":[{"damage_healed":0.0,"max_hp_gain":0.0,"max_hp_loss":6.0,"gold_gain":0.0,"event_name":"Golden Idol","player_choice":"Lose Max HP","floor":2.0,"gold_loss":0.0,"damage_taken":0.0,"relics_obtained":["Golden Idol"]},{"damage_healed":0.0,"max_hp_gain":0.0,"max_hp_loss":0.0,"gold_gain":30.0,"event_name":"Dead Adventurer","player_choice":"Searched \u00273\u0027 times","floor":14.0,"gold_loss":0.0,"damage_taken":0.0,"relics_obtained":["CeramicFish"]},{"damage_healed":0.0,"max_hp_gain":0.0,"max_hp_loss":0.0,"gold_gain":0.0,"event_name":"Addict","player_choice":"Obtained Relic","floor":22.0,"gold_loss":85.0,"damage_taken":0.0,"relics_obtained":["Pantograph"]},{"damage_healed":0.0,"max_hp_gain":0.0,"max_hp_loss":0.0,"gold_gain":0.0,"event_name":"Ghosts","player_choice":"Ignored","floor":28.0,"gold_loss":0.0,"damage_taken":0.0},{"damage_healed":0.0,"max_hp_gain":0.0,"max_hp_loss":0.0,"gold_gain":0.0,"cards_transformed":["Strike_P","Defend_P"],"event_name":"Drug Dealer","player_choice":"Became Test Subject","floor":30.0,"gold_loss":0.0,"damage_taken":0.0,"cards_obtained":["EmptyFist","Study"]},{"damage_healed":0.0,"max_hp_gain":0.0,"max_hp_loss":0.0,"gold_gain":0.0,"cards_transformed":["Defend_P"],"event_name":"Transmorgrifier","player_choice":"Transformed","floor":31.0,"gold_loss":0.0,"damage_taken":0.0,"cards_obtained":["DevaForm"]},{"cards_removed":["Strike_P"],"damage_healed":0.0,"max_hp_gain":0.0,"max_hp_loss":0.0,"gold_gain":0.0,"event_name":"Falling","player_choice":"Removed Attack","floor":36.0,"gold_loss":0.0,"damage_taken":0.0},{"damage_healed":0.0,"max_hp_gain":0.0,"max_hp_loss":0.0,"gold_gain":0.0,"event_name":"Mysterious Sphere","player_choice":"Ignored","floor":37.0,"gold_loss":0.0,"damage_taken":0.0},{"damage_healed":0.0,"max_hp_gain":0.0,"max_hp_loss":0.0,"gold_gain":0.0,"event_name":"Tomb of Lord Red Mask","player_choice":"Paid","floor":39.0,"gold_loss":13.0,"damage_taken":0.0,"relics_obtained":["Red Mask"]},{"damage_healed":0.0,"max_hp_gain":0.0,"max_hp_loss":0.0,"gold_gain":0.0,"event_name":"Lab","player_choice":"Got Potions","floor":42.0,"gold_loss":0.0,"damage_taken":0.0}],"is_beta":false,"boss_relics":[{"not_picked":["SacredBark","Black Star"],"picked":"Ectoplasm"},{"not_picked":["Philosopher\u0027s Stone","SlaversCollar"],"picked":"Busted Crown"}],"items_purged_floors":[11,27],"is_endless":false,"potions_floor_spawned":[1,4,7,21,29,35,41],"killed_by":"Shield and Spear","ascension_level":17}}