{"host":"y4sghvfd0ewtcchd","time":1610554680,"event":{"mods":["Aspiration","BaseMod","Better Debug","Better Note","Better Third Choice","BetterRewards","Block Reminder","Colored Map","Colored Powertips","Downfall","Highlight Path","Hubris","Infinite Spire","Minty Spire (QoL Compilation)","Relic Sorter","Relic Stats","Replay The Spire","Shop Mod","StSLib","The Jungle","The Saiyan"],"gold_per_floor":[118,0,13,33,46,46,46,65,65,65,85,108,108,34,34,159,159,180,105,120,138,159,193,193,373,443,456,456,456,456,492,492,648,648,705,705,776,832,900,900,997,1076,1076,1076,1162,891,891,891,891,891,891,891,1266,1384,1384],"floor_reached":56,"language":"ENG","playtime":3005,"items_purged":["Defend_B","ReplayTheSpireMod:GoodbyeWorld+1"],"score":1678,"play_id":"c3c86b05-d866-4071-b2d8-3ade476c9c59","local_time":"20210113191759","is_ascension_mode":true,"campfire_choices":[{"floor":6,"key":"REST"},{"floor":10,"key":"REST"},{"data":"White Noise","floor":15,"key":"SMITH"},{"floor":24,"key":"REST"},{"data":"hubris:PowerSurge","floor":30,"key":"SMITH"},{"data":"hubris:PowerSurge","floor":32,"key":"SMITH"},{"data":"Recycle","floor":40,"key":"SMITH"},{"floor":44,"key":"RECALL"},{"data":"Double Energy","floor":47,"key":"SMITH"},{"data":"Thunder Strike","floor":49,"key":"SMITH"},{"data":"BootSequence","floor":52,"key":"SMITH"}],"circlet_count":0,"master_deck":["Zap","Dualcast","FIFO Queue+1","Conserve Battery","hubris:PowerSurge+1","White Noise+1","Force Field","Sweeping Beam","Leap","Enlightenment","Recycle+1","Leap","hubris:PowerSurge+1","Redo","Electrodynamics","Aggregate","Amplify","Double Energy+1","Crystallizer+1","Undo","Amplify","Steam Power","BootSequence+1","Coolheaded+1","Storm+1","Steam Power","Skim","Crystallizer+1","Turbo","Thunder Strike+1","Biased Cognition+1","Turbo","Replay:SS_hec_2+1","Crystallizer+1","hubris:PowerSurge+1","ReplayTheSpireMod:Calculation Training+1","FIFO Queue+1","expansioncontent:Collect+1","Biased Cognition+1"],"relics":["Cracked Core","ClockworkSouvenir","Happy Flower","Oddly Smooth Stone","Golden Idol","Frozen Egg 2","Pandora\u0027s Box","ReplayTheSpireMod:TigerMarble","Singing Bowl","hubris:Potato","infinitespire:EvilPickle","ChewingGum","aspiration:MysteriousAuxiliaryCore","hubris:SoftwareUpdate","infinitespire:SolderingIron","hubris:Icosahedron","hubris:NiceRug","hubris:DeckOfHolding","aspiration:EnhancedActuators","DollysMirror","infinitespire:Lucky Rock"],"acts_visited":["Exordium","TheCity","TheBeyond","TheEnding"],"potions_floor_usage":[8,8,21,23,23,33,50,53,55],"damage_taken":[{"damage":14,"enemies":"2 Louse","floor":1,"turns":2},{"damage":6,"enemies":"Jaw Worm","floor":3,"turns":3},{"damage":0,"enemies":"Small Slimes","floor":4,"turns":2},{"damage":0,"enemies":"3 Louse","floor":5,"turns":3},{"damage":14,"enemies":"Lots of Slimes","floor":8,"turns":3},{"damage":3,"enemies":"Looter","floor":11,"turns":3},{"damage":0,"enemies":"Exordium Wildlife","floor":12,"turns":3},{"damage":30,"enemies":"Slime Boss","floor":16,"turns":5},{"damage":1,"enemies":"Chosen","floor":18,"turns":4},{"damage":17,"enemies":"Shell Parasite","floor":20,"turns":5},{"damage":0,"enemies":"Centurion and Healer","floor":21,"turns":3},{"damage":0,"enemies":"3 Cultists","floor":22,"turns":2},{"damage":16,"enemies":"Gremlin Leader","floor":23,"turns":2},{"damage":11,"enemies":"Sentry and Sphere","floor":27,"turns":3},{"damage":3,"enemies":"Book of Stabbing","floor":31,"turns":3},{"damage":5,"enemies":"Pondfish","floor":33,"turns":4},{"damage":0,"enemies":"3 Darklings","floor":35,"turns":3},{"damage":0,"enemies":"Orb Walker","floor":37,"turns":2},{"damage":17,"enemies":"2 Orb Walkers","floor":38,"turns":2},{"damage":0,"enemies":"Transient","floor":39,"turns":5},{"damage":0,"enemies":"Nemesis","floor":41,"turns":3},{"damage":0,"enemies":"3 Darklings","floor":42,"turns":2},{"damage":11,"enemies":"4 Shapes","floor":45,"turns":3},{"damage":11,"enemies":"infinitespire:MassOfShapes","floor":50,"turns":6},{"damage":0,"enemies":"hubris:Merchant","floor":53,"turns":3},{"damage":0,"enemies":"Shield and Spear","floor":54,"turns":2},{"damage":0,"enemies":"The Heart","floor":55,"turns":5}],"seed_played":"3711073665575318169","potions_obtained":[{"floor":1,"key":"Fire Potion"},{"floor":4,"key":"Elixir"},{"floor":5,"key":"ColorlessPotion"},{"floor":12,"key":"FairyPotion"},{"floor":16,"key":"FocusPotion"},{"floor":18,"key":"Regen Potion"},{"floor":21,"key":"FocusPotion"},{"floor":23,"key":"AttackPotion"},{"floor":27,"key":"Weak Potion"},{"floor":33,"key":"Adrenaline Potion"},{"floor":38,"key":"LiquidMemories"},{"floor":53,"key":"infinitespire:BlackPotion"},{"floor":53,"key":"Fruit Juice"},{"floor":53,"key":"Death Potion"}],"is_trial":false,"path_per_floor":["M","?","M","M","M","R","?","M","T","R","M","M","?","$","R","B",null,"M","?","M","M","M","E","R","?","T","M","?","?","R","E","R","B",null,"M","?","M","?","M","R","E","M","T","R","M","$","R","?","R","B",null,"R","$","E","B",null],"character_chosen":"DEFECT","items_purchased":["FIFO Queue+1","Conserve Battery","hubris:PowerSurge","White Noise","ClockworkSouvenir","Happy Flower","Oddly Smooth Stone","Force Field","Sweeping Beam","ReplayTheSpireMod:GoodbyeWorld+1","Replay:SS_hec_2+1","Crystallizer+1"],"campfire_rested":3,"item_purchase_floors":[0,0,0,0,0,0,0,0,0,14,46,46],"current_hp_per_floor":[19,25,19,19,19,43,43,29,29,51,48,48,48,48,48,18,61,60,60,43,52,52,36,58,39,39,28,53,75,75,72,72,67,73,75,75,77,62,62,62,64,66,66,66,57,57,57,57,57,46,77,77,90,90,90],"gold":1384,"neow_bonus":"","is_daily":false,"chose_seed":false,"campfire_upgraded":7,"win_rate":0.0,"timestamp":1610554679,"path_taken":["M","?","M","M","M","R","?","M","T","R","M","M","?","?","R","BOSS","M","?","M","M","M","E","R","?","T","?","?","?","R","E","R","BOSS","M","?","M","?","M","R","E","M","T","R","M","$","R","?","R","BOSS","R","$","E","BOSS"],"items_purchased_type":["Card","Card","Card","Card","Relic","Relic","Relic","Card","Card","Card","Card","Card"],"build_version":"2020-12-22","purchased_purges":2,"victory":true,"max_hp_per_floor":[75,81,81,81,81,81,75,75,75,75,75,75,75,75,75,75,75,75,75,75,75,75,75,75,75,75,75,75,75,75,75,75,75,75,77,77,79,81,81,81,83,85,85,85,87,87,87,87,87,87,87,87,100,100,100],"relic_stats":{"Happy Flower":[28],"Singing Bowl":20,"counters":[73,281],"Golden Idol":262,"Pandora\u0027s Box":["FIFO Queue","Double Energy","Crystallizer","Undo","Amplify","Steam Power","BootSequence"],"obtain_stats":[{"aspiration:Stabinomicon":25,"Whetstone":27,"Blood Vial":0,"Centennial Puzzle":27,"infinitespire:SolderingIron":43,"aspiration:EnhancedActuators":53,"DollysMirror":53,"Replay:Bronze Core":17,"Philosopher\u0027s Stone":17,"MealTicket":0,"Prayer Wheel":37,"hubris:DeckOfHolding":53,"Fusion Hammer":34,"Toxic Egg 2":5,"Happy Flower":0,"ReplayTheSpireMod:CursedCoin":0,"hubris:SoftwareUpdate":41,"Replay:Grab Bag":17,"Velvet Choker":34,"Oddly Smooth Stone":0,"Eternal Feather":20,"ReplayTheSpireMod:SealedPack":20,"Question Card":47,"Du-Vu Doll":24,"infinitespire:EvilPickle":33,"Bird Faced Urn":30,"Bronze Scales":0,"Pandora\u0027s Box":17,"ReplayTheSpireMod:TigerMarble":23,"aspiration:MysteriousAuxiliaryCore":38,"Solar Panel":0,"Carrot":0,"aspiration:Lifesprig":9,"Singing Bowl":26,"SacredBark":17,"aspiration:TomeofQuesting":10,"hubris:SlimyHat":43,"Replay:Multitool":41,"Replay:Mystery Machine":7,"ClockworkSouvenir":23,"aspiration:StickyExplosives_weak":30,"Replay:Bandana":0,"Chameleon Ring":45,"hubris:Icosahedron":48,"WingedGreaves":20,"Cracked Core":0,"Replay:Drink Me":21,"aspiration:ChemicalBlood":0,"Lee\u0027s Waffle":0,"BargainBundle":0,"Inserter":48,"NeowsBlessing":0,"Golden Idol":7,"Geode":30,"infinitespire:Lucky Rock":54,"Frozen Egg 2":13,"CaptainsWheel":0,"Orrery":48,"ChewingGum":34,"Bottled Lightning":12,"ReplayTheSpireMod:Lightbulb":40,"Toy Ornithopter":31,"hubris:Potato":31,"ReplayTheSpireMod:ShopPack":21,"hubris:BottledRain":26,"hubris:NiceRug":53},{"aspiration:Stabinomicon":35,"Whetstone":36,"Blood Vial":0,"Centennial Puzzle":10,"infinitespire:SolderingIron":68,"aspiration:EnhancedActuators":71,"DollysMirror":71,"Replay:Bronze Core":7,"Philosopher\u0027s Stone":7,"MealTicket":22,"Prayer Wheel":44,"hubris:DeckOfHolding":71,"Fusion Hammer":42,"Toxic Egg 2":3,"Happy Flower":46,"ReplayTheSpireMod:CursedCoin":46,"hubris:SoftwareUpdate":67,"Replay:Grab Bag":7,"Velvet Choker":14,"Oddly Smooth Stone":22,"Eternal Feather":8,"ReplayTheSpireMod:SealedPack":32,"Question Card":21,"Du-Vu Doll":9,"infinitespire:EvilPickle":62,"Bird Faced Urn":40,"Bronze Scales":46,"Pandora\u0027s Box":30,"ReplayTheSpireMod:TigerMarble":59,"aspiration:MysteriousAuxiliaryCore":65,"Solar Panel":22,"Carrot":0,"aspiration:Lifesprig":26,"Singing Bowl":59,"SacredBark":7,"aspiration:TomeofQuesting":5,"hubris:SlimyHat":17,"Replay:Multitool":45,"Replay:Mystery Machine":4,"ClockworkSouvenir":9,"aspiration:StickyExplosives_weak":40,"Replay:Bandana":46,"Chameleon Ring":19,"hubris:Icosahedron":69,"WingedGreaves":32,"Cracked Core":0,"Replay:Drink Me":8,"aspiration:ChemicalBlood":46,"Lee\u0027s Waffle":0,"BargainBundle":22,"Inserter":21,"NeowsBlessing":0,"Golden Idol":50,"Geode":12,"infinitespire:Lucky Rock":72,"Frozen Egg 2":53,"CaptainsWheel":46,"Orrery":21,"ChewingGum":62,"Bottled Lightning":28,"ReplayTheSpireMod:Lightbulb":44,"Toy Ornithopter":41,"hubris:Potato":61,"ReplayTheSpireMod:ShopPack":8,"hubris:BottledRain":9,"hubris:NiceRug":71},{"aspiration:Stabinomicon":156,"Whetstone":160,"Blood Vial":0,"Centennial Puzzle":42,"infinitespire:SolderingIron":262,"aspiration:EnhancedActuators":274,"DollysMirror":274,"Replay:Bronze Core":30,"Philosopher\u0027s Stone":30,"MealTicket":111,"Prayer Wheel":188,"hubris:DeckOfHolding":274,"Fusion Hammer":182,"Toxic Egg 2":7,"Happy Flower":195,"ReplayTheSpireMod:CursedCoin":195,"hubris:SoftwareUpdate":260,"Replay:Grab Bag":30,"Velvet Choker":72,"Oddly Smooth Stone":111,"Eternal Feather":33,"ReplayTheSpireMod:SealedPack":147,"Question Card":104,"Du-Vu Doll":37,"infinitespire:EvilPickle":245,"Bird Faced Urn":173,"Bronze Scales":195,"Pandora\u0027s Box":140,"ReplayTheSpireMod:TigerMarble":235,"aspiration:MysteriousAuxiliaryCore":252,"Solar Panel":111,"Carrot":0,"aspiration:Lifesprig":124,"Singing Bowl":235,"SacredBark":30,"aspiration:TomeofQuesting":17,"hubris:SlimyHat":85,"Replay:Multitool":193,"Replay:Mystery Machine":13,"ClockworkSouvenir":37,"aspiration:StickyExplosives_weak":173,"Replay:Bandana":195,"Chameleon Ring":98,"hubris:Icosahedron":265,"WingedGreaves":147,"Cracked Core":0,"Replay:Drink Me":33,"aspiration:ChemicalBlood":195,"Lee\u0027s Waffle":0,"BargainBundle":111,"Inserter":104,"NeowsBlessing":0,"Golden Idol":205,"Geode":57,"infinitespire:Lucky Rock":276,"Frozen Egg 2":214,"CaptainsWheel":195,"Orrery":104,"ChewingGum":245,"Bottled Lightning":131,"ReplayTheSpireMod:Lightbulb":189,"Toy Ornithopter":176,"hubris:Potato":241,"ReplayTheSpireMod:ShopPack":33,"hubris:BottledRain":37,"hubris:NiceRug":274}]},"card_choices":[{"not_picked":["Double Energy","ReplaySolidLightProjector"],"picked":"Leap","floor":1},{"not_picked":["Reinforced Body","Rebound"],"picked":"Recycle","floor":3},{"not_picked":["Capacitor","ReplayTheSpireMod:System Scan"],"picked":"Leap","floor":4},{"not_picked":["Gash","Genetic Algorithm"],"picked":"hubris:PowerSurge","floor":5},{"not_picked":["Coolheaded","Scrape"],"picked":"Redo","floor":8},{"not_picked":["Genetic Algorithm","Heatsinks"],"picked":"Electrodynamics","floor":11},{"not_picked":["Gash","Cold Snap"],"picked":"Aggregate","floor":12},{"not_picked":["Multi-Cast","Fission"],"picked":"Amplify","floor":16},{"not_picked":["Hologram","Beam Cell"],"picked":"Coolheaded+1","floor":18},{"not_picked":["Sweeping Beam","Hologram"],"picked":"Storm+1","floor":20},{"not_picked":["Stack","Leap"],"picked":"Steam Power","floor":21},{"not_picked":["Cold Snap+1","Barrage"],"picked":"Skim","floor":22},{"not_picked":["Hologram","ReplayTheSpireMod:Reroute Power"],"picked":"Crystallizer+1","floor":23},{"not_picked":["Compile Driver","Stack"],"picked":"Turbo","floor":27},{"not_picked":["Doom and Gloom","Panic Button"],"picked":"Thunder Strike","floor":31},{"not_picked":["Electrodynamics+1","Mirror Shield"],"picked":"Biased Cognition+1","floor":33},{"not_picked":["Ball Lightning","ReplayGash","Panic Button+1"],"picked":"Singing Bowl","floor":35},{"not_picked":["Steam+1","Gash","Coolheaded+1"],"picked":"Singing Bowl","floor":37},{"not_picked":["BootSequence+1","ReplayTheSpireMod:GoodbyeWorld+1","Cold Snap"],"picked":"Singing Bowl","floor":38},{"not_picked":["Conserve Battery","Rebound+1"],"picked":"Turbo","floor":39},{"not_picked":["Coolheaded","Panic Button","Blizzard+1"],"picked":"Singing Bowl","floor":41},{"not_picked":["Hologram","Streamline","Beam Cell+1"],"picked":"Singing Bowl","floor":42},{"not_picked":["Leap","Amplify","Rebound+1"],"picked":"Singing Bowl","floor":45},{"not_picked":["Streamline"],"picked":"Singing Bowl","floor":53},{"not_picked":["Go for the Eyes"],"picked":"Singing Bowl","floor":53},{"not_picked":[],"picked":"ReplayTheSpireMod:Calculation Training+1","floor":53},{"not_picked":["Coolheaded"],"picked":"Singing Bowl","floor":53},{"not_picked":[],"picked":"FIFO Queue+1","floor":53},{"not_picked":[],"picked":"expansioncontent:Collect+1","floor":53},{"not_picked":["The Bomb"],"picked":"Singing Bowl","floor":53},{"not_picked":["Hello World+1","Reinforced Body"],"picked":"Biased Cognition+1","floor":54}],"player_experience":549812,"relics_obtained":[{"floor":23,"key":"ReplayTheSpireMod:TigerMarble"},{"floor":26,"key":"Singing Bowl"},{"floor":31,"key":"hubris:Potato"},{"floor":38,"key":"aspiration:MysteriousAuxiliaryCore"},{"floor":41,"key":"hubris:SoftwareUpdate"},{"floor":43,"key":"infinitespire:SolderingIron"},{"floor":53,"key":"hubris:DeckOfHolding"},{"floor":53,"key":"aspiration:EnhancedActuators"},{"floor":53,"key":"DollysMirror"},{"floor":54,"key":"infinitespire:Lucky Rock"}],"event_choices":[{"damage_healed":0,"gold_gain":0,"player_choice":"RENOUNCE","damage_taken":118,"max_hp_gain":0,"max_hp_loss":0,"event_name":"betterThird:BetterSerpent","floor":2,"gold_loss":118,"cards_obtained":["Enlightenment"]},{"damage_healed":0,"gold_gain":0,"player_choice":"Lose Max HP","damage_taken":0,"relics_obtained":["Golden Idol"],"max_hp_gain":0,"max_hp_loss":6,"event_name":"Golden Idol","floor":7,"gold_loss":0},{"cards_removed":["Injury"],"damage_healed":0,"gold_gain":0,"player_choice":"Gave Gold","damage_taken":0,"max_hp_gain":0,"max_hp_loss":0,"event_name":"Beggar","floor":19,"gold_loss":75},{"damage_healed":0,"gold_gain":180,"player_choice":"GOLD GOLD ","damage_taken":19,"max_hp_gain":0,"max_hp_loss":0,"event_name":"Knowing Skull","floor":25,"potions_obtained":[],"gold_loss":0,"cards_obtained":[]},{"damage_healed":25,"gold_gain":0,"player_choice":"Heal","damage_taken":0,"max_hp_gain":0,"max_hp_loss":0,"event_name":"The Library","floor":28,"gold_loss":0},{"cards_removed":["FIFO Queue"],"damage_healed":22,"gold_gain":0,"player_choice":"Offered Uncommon","damage_taken":0,"max_hp_gain":0,"max_hp_loss":0,"event_name":"Bonfire Elementals","floor":29,"gold_loss":0},{"damage_healed":0,"gold_gain":0,"player_choice":"Fight","damage_taken":0,"max_hp_gain":0,"max_hp_loss":0,"event_name":"Mysterious Sphere","floor":38,"gold_loss":0}],"is_beta":false,"boss_relics":[{"not_picked":["SlaversCollar","Black Star"],"picked":"Pandora\u0027s Box"},{"not_picked":["Tiny House","Runic Dome"],"picked":"ChewingGum"}],"items_purged_floors":[0,46],"is_endless":false,"potions_floor_spawned":[1,4,5,12,16,18,21,23,27,33,37,38],"ascension_level":7}}