{"host":"w3q5ijqu8eoknil3","time":1610528561,"event":{"mods":["AchievementEnabler","BaseMod","Block Reminder","Colored Powertips","Curses Come First","Minty Spire (QoL Compilation)","Quick Restart","Relic Stats","StSLib","ojb\u0027s Better Paths Mod","ojb\u0027s Info Mod","slay the spire mod where everything is the same but ironclad has a cowboy hat"],"gold_per_floor":[112,187,187,205,222,222,250,262,274,313,325,337,368,397,409,421,421],"floor_reached":16,"language":"ENG","playtime":405,"items_purged":[],"score":209,"play_id":"22ced4e2-eb9b-485b-a99f-05100ce5485c","local_time":"20210113090241","is_ascension_mode":true,"campfire_choices":[{"data":"Dagger Spray","floor":6,"key":"SMITH"},{"data":"Phantasmal Killer","floor":8,"key":"SMITH"},{"data":"Neutralize","floor":12,"key":"SMITH"},{"data":"Backstab","floor":15,"key":"SMITH"}],"circlet_count":0,"master_deck":["AscendersBane","Strike_G","Strike_G","Strike_G","Strike_G","Strike_G","Defend_G","Defend_G","Defend_G","Defend_G","Defend_G+1","Survivor+1","Neutralize+1","Dagger Spray+1","Calculated Gamble","Outmaneuver","Phantasmal Killer+1","Acrobatics","Backstab+1"],"relics":["Ring of the Snake","NeowsBlessing","Meat on the Bone","MawBank","White Beast Statue","Mummified Hand"],"acts_visited":["Exordium"],"potions_floor_usage":[7,10,13,16,16],"damage_taken":[{"damage":0,"enemies":"Jaw Worm","floor":1,"turns":1},{"damage":0,"enemies":"Small Slimes","floor":4,"turns":1},{"damage":0,"enemies":"2 Louse","floor":5,"turns":1},{"damage":32,"enemies":"3 Sentries","floor":7,"turns":10},{"damage":17,"enemies":"Lagavulin","floor":10,"turns":5},{"damage":1,"enemies":"Blue Slaver","floor":13,"turns":3},{"damage":1,"enemies":"Looter","floor":14,"turns":4},{"damage":36,"enemies":"Slime Boss","floor":16,"turns":8}],"seed_played":"-4325451242593071995","potions_obtained":[{"floor":1,"key":"Fire Potion"},{"floor":7,"key":"AttackPotion"},{"floor":10,"key":"BlessingOfTheForge"},{"floor":13,"key":"SneckoOil"},{"floor":14,"key":"LiquidMemories"}],"is_trial":false,"path_per_floor":["M","?","T","M","M","R","E","R","T","E","?","R","M","M","R","B"],"character_chosen":"THE_SILENT","items_purchased":[],"campfire_rested":0,"item_purchase_floors":[],"current_hp_per_floor":[59,48,48,48,48,48,28,28,28,23,3,3,14,25,25,0,0],"gold":421,"neow_bonus":"THREE_ENEMY_KILL","is_daily":false,"chose_seed":false,"campfire_upgraded":4,"win_rate":0.0,"timestamp":1610528561,"path_taken":["M","?","?","M","M","R","E","R","T","E","?","R","M","M","R","BOSS"],"items_purchased_type":[],"build_version":"2020-12-22","purchased_purges":0,"victory":false,"max_hp_per_floor":[66,66,66,66,66,66,66,66,66,66,66,66,66,66,66,66,66],"relic_stats":{"counters":[8,33],"Mummified Hand":[0],"MawBank":108,"obtain_stats":[{"NeowsBlessing":0,"Mummified Hand":10,"MawBank":7,"White Beast Statue":9,"Ring of the Snake":0,"Meat on the Bone":3},{"NeowsBlessing":0,"Mummified Hand":5,"MawBank":4,"White Beast Statue":4,"Ring of the Snake":0,"Meat on the Bone":1},{"NeowsBlessing":0,"Mummified Hand":18,"MawBank":13,"White Beast Statue":13,"Ring of the Snake":0,"Meat on the Bone":1}],"Ring of the Snake":[16],"Meat on the Bone":48},"card_choices":[{"not_picked":["Poisoned Stab","Acrobatics"],"picked":"Dagger Spray","floor":1},{"not_picked":["Noxious Fumes","Acrobatics"],"picked":"Calculated Gamble","floor":4},{"not_picked":["Cloak And Dagger","Deflect"],"picked":"Outmaneuver","floor":5},{"not_picked":["Quick Slash","Blade Dance"],"picked":"Phantasmal Killer","floor":7},{"not_picked":["Accuracy","PiercingWail"],"picked":"Acrobatics","floor":10},{"not_picked":["Deadly Poison","Reflex"],"picked":"Backstab","floor":13},{"not_picked":["Acrobatics","Slice","Prepared"],"picked":"SKIP","floor":14}],"player_experience":973936,"relics_obtained":[{"floor":3,"key":"Meat on the Bone"},{"floor":7,"key":"MawBank"},{"floor":9,"key":"White Beast Statue"},{"floor":10,"key":"Mummified Hand"}],"event_choices":[{"damage_healed":0,"gold_gain":75,"player_choice":"Gather Gold","damage_taken":11,"max_hp_gain":0,"max_hp_loss":0,"event_name":"World of Goop","floor":2,"gold_loss":0},{"damage_healed":0,"gold_gain":0,"player_choice":"Entered Light","damage_taken":20,"max_hp_gain":0,"max_hp_loss":0,"event_name":"Shining Light","floor":11,"gold_loss":0,"cards_upgraded":["Defend_G","Survivor"]}],"is_beta":false,"boss_relics":[],"items_purged_floors":[],"is_endless":false,"potions_floor_spawned":[1,7,10,13,14],"killed_by":"Slime Boss","ascension_level":18}}