{"host":"poop","time":1610555134,"event":{"mods":["BaseMod","Minty Spire (QoL Compilation)","Permanent Neow","Shop Mod","StSLib"],"gold_per_floor":[114,130,130,148,165,165,142,142,142,161,161,195,212,223,223,326,326,336,336,336],"floor_reached":19,"language":"ENG","playtime":766,"items_purged":[],"score":289,"play_id":"54b75a62-2341-4f4a-b9ea-96a0194472bf","local_time":"20210113102534","is_ascension_mode":true,"campfire_choices":[{"data":"White Noise","floor":6,"key":"SMITH"},{"data":"White Noise","floor":8,"key":"SMITH"},{"floor":11,"key":"REST"},{"floor":15,"key":"REST"}],"circlet_count":0,"master_deck":["Strike_B+1","Strike_B","Strike_B","Strike_B","Defend_B","Defend_B","Defend_B+1","Defend_B","Zap","Dualcast","White Noise+1","White Noise+1","All For One","Cold Snap","CurseOfTheBell","Glacier"],"relics":["Cracked Core","Mango","Calling Bell","Juzu Bracelet","Pear","FossilizedHelix"],"acts_visited":["Exordium","TheCity"],"potions_floor_usage":[13,14,16,16],"damage_taken":[{"damage":1,"enemies":"Cultist","floor":1,"turns":3},{"damage":0,"enemies":"2 Louse","floor":2,"turns":1},{"damage":0,"enemies":"Small Slimes","floor":4,"turns":1},{"damage":6,"enemies":"Looter","floor":5,"turns":2},{"damage":9,"enemies":"2 Fungi Beasts","floor":10,"turns":3},{"damage":10,"enemies":"Lagavulin","floor":12,"turns":5},{"damage":9,"enemies":"Red Slaver","floor":13,"turns":2},{"damage":13,"enemies":"Large Slime","floor":14,"turns":5},{"damage":55,"enemies":"Hexaghost","floor":16,"turns":12},{"damage":16,"enemies":"Spheric Guardian","floor":18,"turns":5},{"damage":0,"enemies":"3 Byrds","floor":19,"turns":1}],"seed_played":"4168482952577475226","potions_obtained":[{"floor":1,"key":"Strength Potion"},{"floor":2,"key":"EssenceOfSteel"},{"floor":5,"key":"Energy Potion"},{"floor":13,"key":"Ancient Potion"},{"floor":16,"key":"AttackPotion"}],"is_trial":false,"path_per_floor":["M","M","?","M","M","R","?","R","T","M","R","E","M","M","R","B",null,"M","M"],"character_chosen":"DEFECT","items_purchased":[],"campfire_rested":2,"item_purchase_floors":[],"current_hp_per_floor":[74,74,58,58,52,52,52,52,52,43,67,71,62,49,77,22,88,72,72,72],"gold":336,"neow_bonus":"TEN_PERCENT_HP_BONUS","is_daily":false,"chose_seed":false,"campfire_upgraded":2,"win_rate":0.0,"timestamp":1610555134,"path_taken":["M","M","?","M","M","R","?","R","T","M","R","E","M","M","R","BOSS","M","M"],"items_purchased_type":[],"build_version":"2020-12-18","purchased_purges":0,"victory":false,"max_hp_per_floor":[82,82,82,82,82,82,82,82,82,82,82,96,96,96,96,96,106,106,106,106],"card_choices":[{"not_picked":["Steam","Coolheaded"],"picked":"White Noise","floor":1},{"not_picked":["Barrage","Sunder","Darkness"],"picked":"SKIP","floor":2},{"not_picked":["Hologram","Streamline"],"picked":"White Noise","floor":4},{"not_picked":["Scrape","Rebound","Steam"],"picked":"SKIP","floor":5},{"not_picked":["Compile Driver","Leap"],"picked":"All For One","floor":10},{"not_picked":["Coolheaded","BootSequence","Sweeping Beam"],"picked":"SKIP","floor":12},{"not_picked":["Gash","Recycle","Coolheaded"],"picked":"SKIP","floor":13},{"not_picked":["Hologram","Hello World"],"picked":"Cold Snap","floor":14},{"not_picked":["Conserve Battery","Streamline"],"picked":"Glacier","floor":18}],"player_experience":532603,"relics_obtained":[{"floor":12,"key":"Mango"},{"floor":17,"key":"Juzu Bracelet"},{"floor":17,"key":"Pear"},{"floor":17,"key":"FossilizedHelix"}],"event_choices":[{"damage_healed":0,"gold_gain":0,"player_choice":"Entered Light","damage_taken":16,"max_hp_gain":0,"max_hp_loss":0,"event_name":"Shining Light","floor":3,"gold_loss":0,"cards_upgraded":["Defend_B","Strike_B"]},{"damage_healed":0,"gold_gain":0,"player_choice":"Left Gold","damage_taken":0,"max_hp_gain":0,"max_hp_loss":0,"event_name":"World of Goop","floor":7,"gold_loss":23}],"is_beta":true,"boss_relics":[{"not_picked":["Runic Pyramid","SacredBark"],"picked":"Calling Bell"}],"items_purged_floors":[],"is_endless":false,"potions_floor_spawned":[1,2,5,13,16],"killed_by":"3 Byrds","ascension_level":8}}