{"host":"709gjpjg43u3i5a8","time":1610507730,"event":{"mods":["Act Like it!","BaseMod","Colored Map","Colored Powertips","Downfall","Duelist Mod","Gensokyo","GifTheSpireLib","Hallownest","Hermit","Hubris","Infinite Spire","Koishi","Marisa????????","Minty Spire (QoL Compilation)","Remilia??????","Shop Mod","StSLib","Td1madao Mod","The Administrix","The Animator","The Bug Knight","The Construct","The Cursed","The Disciple","The Hierophant","The Jungle","The Necromancer","The Poker Player","The Runesmith","The Servant 0.9.4"],"gold_per_floor":[121,121,121,141,167,199,199,232,259,24,50,78,78,78,78,178,178,193,39,69,69,80,112,142,174,186,198,240,267,279,70,70,169,169,187,187,187,197,197,236,256,270,270,306,318,345,345,379,379,483,483,486,233,238,245,251,264,264,222,210,210,210,210],"floor_reached":62,"language":"ENG","playtime":4429,"items_purged":["animator:Strike","animator:SwordMaiden"],"score":1287,"play_id":"9f1b1ad5-c067-44d3-b13a-e5197ec253fa","local_time":"20210112201530","is_ascension_mode":true,"campfire_choices":[{"floor":7,"key":"REST"},{"data":"animator:Kuroyukihime","floor":13,"key":"SMITH"},{"data":"hubris:Fate","floor":15,"key":"SMITH"},{"data":"animator:Kuroyukihime","floor":32,"key":"SMITH"},{"floor":49,"key":"RECALL"},{"data":"animator:KrulTepes","floor":62,"key":"SMITH"}],"circlet_count":0,"master_deck":["animator:Strike_AccelWorld","animator:Defend_AccelWorld+1","animator:Kuroyukihime+1","animator:LimeBell+1","animator:KrulTepes+1","animator:Kuroyukihime+1","hubris:Fate+1"],"relics":["animator:LivingPicture","animator:TheMissingPiece","hubris:Icosahedron","CultistMask","animator:WornHelmet","infinitespire:Joker Card","War Paint","infinitespire:Beetle Shell","Bronze Scales","Nunchaku","Empty Cage","Lee\u0027s Waffle","Red Mask","hubris:Spice","MawBank","Pear","Dead Branch","infinitespire:Cupcake","TungstenRod","TheAbacus","hubris:BlackHole","infinitespire:PuzzleCube","Art of War","Orichalcum","animator:ExquisiteBloodVial","Black Star","Tiny Chest","Eternal Feather"],"acts_visited":["Exordium","TheCity","TheBeyond","Exordium"],"potions_floor_usage":[8],"damage_taken":[{"damage":12,"enemies":"Small Slimes","floor":1,"turns":3},{"damage":2,"enemies":"Jaw Worm","floor":4,"turns":4},{"damage":23,"enemies":"Lagavulin","floor":6,"turns":9},{"damage":0,"enemies":"HollowMod:MossKnight","floor":8,"turns":13},{"damage":0,"enemies":"Cultist","floor":11,"turns":5},{"damage":0,"enemies":"Lagavulin","floor":12,"turns":7},{"damage":12,"enemies":"Slime Boss","floor":16,"turns":9},{"damage":0,"enemies":"Shell Parasite","floor":18,"turns":1},{"damage":7,"enemies":"Masked Bandits","floor":20,"turns":4},{"damage":8,"enemies":"Spheric Guardian","floor":22,"turns":4},{"damage":0,"enemies":"Nightmare","floor":23,"turns":2},{"damage":1,"enemies":"Snake Plant","floor":24,"turns":2},{"damage":0,"enemies":"Cultist and Chosen","floor":25,"turns":1},{"damage":0,"enemies":"animator:HornedBat","floor":28,"turns":3},{"damage":0,"enemies":"Centurion and Healer","floor":29,"turns":7},{"damage":0,"enemies":"Champ","floor":33,"turns":1},{"damage":0,"enemies":"3 Shapes","floor":35,"turns":1},{"damage":0,"enemies":"3 Darklings","floor":38,"turns":1},{"damage":0,"enemies":"Giant Head","floor":40,"turns":1},{"damage":0,"enemies":"Jaw Worm Horde","floor":41,"turns":1},{"damage":0,"enemies":"Spire Growth","floor":42,"turns":1},{"damage":0,"enemies":"Nightmare","floor":44,"turns":1},{"damage":0,"enemies":"Maw","floor":45,"turns":1},{"damage":0,"enemies":"Reptomancer","floor":46,"turns":1},{"damage":0,"enemies":"Nemesis","floor":48,"turns":1},{"damage":0,"enemies":"Donu and Deca","floor":50,"turns":1},{"damage":0,"enemies":"Small Slimes","floor":52,"turns":1},{"damage":0,"enemies":"2 Louse","floor":54,"turns":1},{"damage":0,"enemies":"Jaw Worm","floor":55,"turns":1},{"damage":0,"enemies":"Exordium Thugs","floor":56,"turns":1},{"damage":0,"enemies":"3 Sentries","floor":57,"turns":1},{"damage":0,"enemies":"animator:KrulTepes","floor":59,"turns":2},{"damage":0,"enemies":"Nightmare","floor":60,"turns":1}],"seed_played":"-5338915141053412490","potions_obtained":[{"floor":4,"key":"Energy Potion"},{"floor":11,"key":"Weak Potion"},{"floor":12,"key":"DuplicationPotion"},{"floor":16,"key":"champ:CounterPotion"},{"floor":20,"key":"SteroidPotion"},{"floor":25,"key":"AttackPotion"},{"floor":35,"key":"DuplicationPotion"}],"is_trial":false,"path_per_floor":["M","?","?","M","T","E","R","E","T","$","M","E","R","?","R","B",null,"M","$","?","T","M","NM","M","M","T","AVR","E","M","?","$","R","B",null,"M","?","$","M","?","E","M","M","T","NM","M","E","AVR","E","R","B",null,"M","$","M","M","M","E","R","M","NM","T","R"],"character_chosen":"THE_ANIMATOR","items_purchased":["animator:Kuroyukihime","Bronze Scales","Lee\u0027s Waffle","TheAbacus","Tiny Chest"],"campfire_rested":1,"item_purchase_floors":[10,10,19,31,53],"current_hp_per_floor":[36,36,36,34,34,11,30,32,32,32,36,40,40,24,24,18,66,66,73,66,74,73,81,80,81,91,91,91,91,91,91,91,91,91,91,91,91,91,91,91,91,91,91,91,91,99,99,99,99,99,99,99,99,99,99,99,99,99,99,102,102,102,102],"gold":210,"neow_bonus":"REMOVE_TWO","is_daily":false,"chose_seed":false,"campfire_upgraded":4,"win_rate":0.0,"timestamp":1610507730,"path_taken":["M","?","?","?","?","E","R","E","T","$","M","E","R","?","R","BOSS","M","$","?","?","M","NM","M","M","T","AVR","E","M","?","$","R","BOSS","M","?","$","M","?","E","M","M","T","NM","M","E","AVR","E","R","BOSS","M","$","M","M","M","E","R","NM","T","R"],"items_purchased_type":["Card","Relic","Relic","Relic","Relic"],"build_version":"2020-12-22","purchased_purges":2,"victory":false,"max_hp_per_floor":[66,66,66,66,66,66,66,66,66,66,66,66,66,66,66,66,66,66,73,73,81,81,81,81,81,91,91,91,91,91,91,91,91,91,91,91,91,91,91,91,91,91,91,91,91,99,99,99,99,99,99,99,99,99,99,99,99,99,99,102,102,102,102],"card_choices":[{"not_picked":["animator:Melzalgald","animator:Tet"],"picked":"animator:KrulTepes","floor":1},{"not_picked":["animator:Verdia","animator:Shion","animator:Shigure"],"picked":"SKIP","floor":4},{"not_picked":["animator:LizardPriest","animator:DolaCouronne","animator:Pride"],"picked":"SKIP","floor":6},{"not_picked":["animator:Geryuganshoop","animator:DolaRiku"],"picked":"animator:SwordMaiden","floor":11},{"not_picked":["animator:Shigure","animator:Hakurou","animator:Mitsuba"],"picked":"SKIP","floor":12},{"not_picked":["infinitespire:Starlight","infinitespire:DeathsTouch"],"picked":"hubris:Fate","floor":14},{"not_picked":["animator:ElricEdward+1","animator:RoyMustang","animator:Shuna"],"picked":"SKIP","floor":18},{"not_picked":["animator:DolaRiku+1","animator:Shuna+1","animator:WinryRockbell"],"picked":"SKIP","floor":23},{"not_picked":["animator:Sonic+1","animator:Darkness+1","animator:Kazuma"],"picked":"SKIP","floor":24},{"not_picked":["animator:MumenRider","animator:Mitsuba","animator:DolaSchwi"],"picked":"SKIP","floor":25},{"not_picked":["animator:DolaRiku","animator:Mitsuba","animator:SilverFang"],"picked":"SKIP","floor":35},{"not_picked":["animator:GuildGirl+1","animator:Geryuganshoop","animator:Spearman"],"picked":"SKIP","floor":38},{"not_picked":["animator:DwarfShaman+1","animator:Kazuma+1","animator:DolaCouronne"],"picked":"SKIP","floor":41},{"not_picked":["animator:Yoichi","animator:Pride+1","animator:DolaRiku"],"picked":"SKIP","floor":42},{"not_picked":["animator:Souei+1","animator:Yuuichirou+1","animator:Shinoa+1"],"picked":"SKIP","floor":44},{"not_picked":["animator:RoyMustang","animator:Jibril","animator:Chris"],"picked":"SKIP","floor":46},{"not_picked":["animator:Shinoa","animator:Hakurou+1","animator:Jibril"],"picked":"SKIP","floor":48},{"not_picked":["animator:Jibril","animator:Tatsumaki","animator:Spearman"],"picked":"SKIP","floor":52},{"not_picked":["animator:Vanir","animator:Geryuganshoop","animator:CrowleyEusford"],"picked":"SKIP","floor":55},{"not_picked":["animator:Yoichi","animator:Greed","animator:Hakurou"],"picked":"SKIP","floor":56},{"not_picked":["hubris:SpiceAddiction","animator:Megumin","animator:Jibril"],"picked":"SKIP","floor":57}],"player_experience":483183,"relics_obtained":[{"floor":5,"key":"animator:WornHelmet"},{"floor":6,"key":"Blood Vial"},{"floor":6,"key":"infinitespire:Joker Card"},{"floor":8,"key":"Blood Vial"},{"floor":8,"key":"War Paint"},{"floor":9,"key":"infinitespire:Beetle Shell"},{"floor":12,"key":"Blood Vial"},{"floor":12,"key":"Nunchaku"},{"floor":16,"key":"Blood Vial"},{"floor":20,"key":"Red Mask"},{"floor":21,"key":"hubris:Spice"},{"floor":23,"key":"MawBank"},{"floor":26,"key":"Pear"},{"floor":28,"key":"Blood Vial"},{"floor":28,"key":"TungstenRod"},{"floor":40,"key":"infinitespire:PuzzleCube"},{"floor":44,"key":"Art of War"},{"floor":46,"key":"hubris:Spice"},{"floor":48,"key":"Orichalcum"},{"floor":50,"key":"animator:ExquisiteBloodVial"},{"floor":57,"key":"Blood Vial"},{"floor":60,"key":"Eternal Feather"}],"event_choices":[{"damage_healed":0,"gold_gain":0,"player_choice":"Trade","damage_taken":0,"relics_obtained":["CultistMask"],"max_hp_gain":0,"max_hp_loss":0,"event_name":"FaceTrader","floor":3,"gold_loss":0},{"damage_healed":0,"gold_gain":0,"player_choice":"Fought Bandits","damage_taken":0,"max_hp_gain":0,"max_hp_loss":0,"event_name":"Masked Bandits","floor":20,"gold_loss":0},{"cards_removed":["animator:Defend"],"damage_healed":0,"gold_gain":0,"player_choice":"Removed Skill","damage_taken":0,"max_hp_gain":0,"max_hp_loss":0,"event_name":"Falling","floor":36,"gold_loss":0},{"damage_healed":0,"gold_gain":0,"player_choice":"Memory 1","damage_taken":0,"max_hp_gain":0,"max_hp_loss":0,"event_name":"SensoryStone","floor":39,"gold_loss":0}],"is_beta":false,"boss_relics":[{"not_picked":["Runic Dome","hubris:TerracottaHorce"],"picked":"Empty Cage"},{"not_picked":["Cursed Key","hubris:ScarierMask"],"picked":"hubris:BlackHole"},{"not_picked":["Pandora\u0027s Box","hubris:Spice"],"picked":"Black Star"}],"items_purged_floors":[31,53],"is_endless":true,"potions_floor_spawned":[4,11,12,16,20,22,23,25,35,40,42,44,46,48,52,55,57,59],"ascension_level":2}}