{"host":"xt797mi8yhee06c1","time":1610516613,"event":{"mods":["Arknights The Spire","BaseMod","Bestiary","Koishi","Marisa£¨Ùöéë¡¡Øª×âÞÞ£©","Minty Spire (QoL Compilation)","Poor People Problems","Prisma Mod","Relic Filter","Shop Mod","Spicy Shops","StSLib","The Marked","The Runesmith","The Servant 0.9.4","WarShipGirlsR/??á´Ò³R mod"],"gold_per_floor":[114,63,63,238,313,346,366,399,447,465,475,475,475],"floor_reached":12,"language":"KOR","playtime":620,"items_purged":[],"score":113,"play_id":"8a348433-b0b1-4334-9902-a94a6e1001c8","local_time":"20210113144333","is_ascension_mode":false,"campfire_choices":[],"circlet_count":0,"master_deck":["PrismaMod:IllyaCommonAttack","PrismaMod:IllyaCommonDefend","PrismaMod:IllyaCommonAttack","PrismaMod:IllyaCommonDefend","PrismaMod:IllyaCommonAttack","PrismaMod:IllyaCommonDefend","PrismaMod:IllyaCommonAttack","PrismaMod:IllyaCommonDefend","PrismaMod:IllyaCommonDefend","PrismaMod:IllyaUncommonAttack","PrismaMod:IllyaUncommonDefend","PrismaMod:IllyaSaphire","PrismaMod:IllyaPoisonTippedWeapons","Doubt","PrismaMod:IllyaMinorRapidFire","PrismaMod:IllyaPoisonBomb","PrismaMod:IllyaCarnivalOrbs","PrismaMod:IllyaCommandSeal","PrismaMod:IllyaPoisoningPhantasm"],"relics":["PrismaMod:PrismaRuby","NeowsBlessing","Peace Pipe","Runesmith:Nanobots","Bag of Marbles"],"acts_visited":["Exordium"],"potions_floor_usage":[12],"damage_taken":[{"damage":0,"enemies":"2 Louse","floor":1,"turns":1},{"damage":0,"enemies":"3 Sentries","floor":6,"turns":2},{"damage":0,"enemies":"Small Slimes","floor":7,"turns":1},{"damage":41,"enemies":"Gremlin Nob","floor":8,"turns":5},{"damage":1,"enemies":"Jaw Worm","floor":10,"turns":6},{"damage":2,"enemies":"Large Slime","floor":11,"turns":5},{"damage":0,"enemies":"Lagavulin","floor":12,"turns":3}],"seed_played":"-4190085390729210227","potions_obtained":[{"floor":7,"key":"PowerPotion"},{"floor":11,"key":"GamblersBrew"}],"is_trial":false,"path_per_floor":["M","$","?","?","?","E","M","E","T","M","M","E"],"character_chosen":"ILLYA","items_purchased":["PrismaMod:IllyaPoisonTippedWeapons"],"campfire_rested":0,"item_purchase_floors":[2],"current_hp_per_floor":[75,75,68,68,57,57,57,16,16,15,16,16,16],"gold":475,"neow_bonus":"THREE_ENEMY_KILL","is_daily":false,"chose_seed":false,"campfire_upgraded":0,"win_rate":0.0,"timestamp":1610516613,"path_taken":["M","$","?","?","?","E","M","E","T","M","M","E"],"items_purchased_type":["Card"],"build_version":"2020-12-22","purchased_purges":0,"victory":false,"max_hp_per_floor":[75,75,75,75,75,75,75,75,75,75,75,75,75],"card_choices":[{"not_picked":["PrismaMod:IllyaHassanGift","PrismaMod:IllyaBride"],"picked":"PrismaMod:IllyaSaphire","floor":1},{"not_picked":["PrismaMod:IllyaUpgradeOrbs","PrismaMod:IllyaRussianRoulette"],"picked":"PrismaMod:IllyaMinorRapidFire","floor":6},{"not_picked":["PrismaMod:IllyaBerserCAR","PrismaMod:IllyaCheapChannelAttack"],"picked":"PrismaMod:IllyaPoisonBomb","floor":7},{"not_picked":["PrismaMod:IllyaUberPoisonChannel","PrismaMod:IllyaBride"],"picked":"PrismaMod:IllyaCarnivalOrbs","floor":8},{"not_picked":["PrismaMod:IllyaBride","PrismaMod:IllyaMaid"],"picked":"PrismaMod:IllyaCommandSeal","floor":10},{"not_picked":["PrismaMod:IllyaPoisonBomb","PrismaMod:IllyaCheapChannelPoison"],"picked":"PrismaMod:IllyaPoisoningPhantasm","floor":11}],"player_experience":328176,"relics_obtained":[{"floor":6,"key":"Peace Pipe"},{"floor":8,"key":"Runesmith:Nanobots"},{"floor":9,"key":"Bag of Marbles"}],"event_choices":[{"cards_removed":["PrismaMod:IllyaCommonAttack"],"damage_healed":0,"gold_gain":0,"player_choice":"Card Removal","damage_taken":7,"max_hp_gain":0,"max_hp_loss":0,"event_name":"Golden Wing","floor":3,"gold_loss":0},{"damage_healed":0,"gold_gain":175,"player_choice":"AGREE","damage_taken":0,"max_hp_gain":0,"max_hp_loss":0,"event_name":"Liars Game","floor":4,"gold_loss":0,"cards_obtained":["Doubt"]},{"damage_healed":0,"gold_gain":75,"player_choice":"Gather Gold","damage_taken":11,"max_hp_gain":0,"max_hp_loss":0,"event_name":"World of Goop","floor":5,"gold_loss":0}],"is_beta":false,"boss_relics":[],"items_purged_floors":[],"is_endless":false,"potions_floor_spawned":[7,11],"killed_by":"Lagavulin","ascension_level":0}}