{"host":"ygfasg9u7olr7skw","time":1610575980,"event":{"mods":["AchievementEnabler","BaseMod","Better Note","Better Vampires","Colored Powertips","Minty Spire (QoL Compilation)","Replay The Spire","Spicy Shops","StSLib","The IronCluck"],"gold_per_floor":[110,124,124,144,156,183,183,293,293,293,304,304,80,96,96,197,197,216,229,241,252,91,91,119,131,180,211,231,244,244,260,260,356,356,372,388,399,111,121,121,0,0,0,0,20,20,53,68,68,68,68],"floor_reached":50,"language":"ENG","playtime":6311,"items_purged":["Strike_G","Strike_G","Strike_G","Strike_G"],"score":754,"play_id":"c7870158-1d9c-49e4-bbe9-8413b66b7d6d","local_time":"20210113171300","is_ascension_mode":true,"campfire_choices":[{"floor":7,"key":"REST"},{"floor":10,"key":"REST"},{"floor":15,"key":"REST"},{"floor":23,"key":"RECALL"},{"floor":30,"key":"REST"},{"floor":32,"key":"REST"},{"floor":40,"key":"REST"},{"floor":44,"key":"REST"},{"data":"Bouncing Flask","floor":49,"key":"SMITH"}],"circlet_count":0,"master_deck":["Strike_G+1","Defend_G","Defend_G","Defend_G+1","Defend_G","Defend_G","Survivor","Neutralize","Deadly Poison+1","Bouncing Flask+1","Deadly Poison","Deadly Poison","Replay:Bag of Tricks+1","CurseOfTheBell","Deadly Poison","Bane+1","Bane","Poisoned Stab","Bane","Corpse Explosion","Deadly Poison+1","Toxin Wave","Madness","Madness"],"relics":["Runic Pyramid","WingedGreaves","Thread and Needle","Spirit Poop","Snake Skull","Calling Bell","Strawberry","Shuriken","Replay:Kaleidoscope","Gremlin Food","Blood Vial","Philosopher\u0027s Stone","BargainBundle","Red Mask","Smiling Mask","Snack Pack"],"acts_visited":["Exordium","TheCity","TheBeyond"],"potions_floor_usage":[6,14,18,20,21,28,28,28,33,45,47,47,48],"damage_taken":[{"damage":6,"enemies":"Jaw Worm","floor":1,"turns":4},{"damage":1,"enemies":"Cultist","floor":2,"turns":5},{"damage":0,"enemies":"Small Slimes","floor":4,"turns":2},{"damage":0,"enemies":"2 Fungi Beasts","floor":5,"turns":5},{"damage":60,"enemies":"Gremlin Nob","floor":6,"turns":6},{"damage":0,"enemies":"Large Slime","floor":11,"turns":6},{"damage":9,"enemies":"Lots of Slimes","floor":14,"turns":2},{"damage":18,"enemies":"Fading Forest","floor":16,"turns":11},{"damage":1,"enemies":"3 Byrds","floor":18,"turns":6},{"damage":0,"enemies":"Chosen","floor":19,"turns":4},{"damage":4,"enemies":"Snecko","floor":20,"turns":4},{"damage":5,"enemies":"Snake Plant","floor":21,"turns":4},{"damage":1,"enemies":"Replay:Snechameleon","floor":24,"turns":5},{"damage":11,"enemies":"Chosen and Byrds","floor":25,"turns":6},{"damage":18,"enemies":"Book of Stabbing","floor":27,"turns":5},{"damage":4,"enemies":"Snecko","floor":28,"turns":4},{"damage":3,"enemies":"Centurion and Healer","floor":29,"turns":5},{"damage":1,"enemies":"Chosen and Byrds","floor":31,"turns":6},{"damage":65,"enemies":"Pondfish","floor":33,"turns":10},{"damage":24,"enemies":"3 Shapes","floor":35,"turns":3},{"damage":8,"enemies":"Orb Walker","floor":36,"turns":3},{"damage":16,"enemies":"4 Shapes","floor":37,"turns":3},{"damage":0,"enemies":"Transient","floor":39,"turns":5},{"damage":12,"enemies":"Spire Growth","floor":45,"turns":4},{"damage":6,"enemies":"Giant Head","floor":47,"turns":7},{"damage":10,"enemies":"Jaw Worm Horde","floor":48,"turns":5},{"damage":65,"enemies":"Replay:Hell Engine","floor":50,"turns":6}],"seed_played":"-80504418854430783","potions_obtained":[{"floor":1,"key":"ColorlessPotion"},{"floor":6,"key":"Explosive Potion"},{"floor":14,"key":"SneckoOil"},{"floor":19,"key":"DistilledChaos"},{"floor":21,"key":"EntropicBrew"},{"floor":24,"key":"Fire Potion"},{"floor":28,"key":"SteroidPotion"},{"floor":36,"key":"Elixir"},{"floor":45,"key":"Venom Potion"}],"is_trial":false,"path_per_floor":["M","M","?","M","M","E","R","?","T","R","M","?","$","M","R","B",null,"M","M","M","M","$","R","E","M","T","E","M","M","R","M","R","B",null,"M","M","M","$","M","R","?","?","T","R","M","?","E","M","R","B"],"character_chosen":"THE_SILENT","items_purchased":["Snake Skull","Bane","BargainBundle","Toxin Wave","DistilledChaos","DistilledChaos","SpeedPotion"],"campfire_rested":7,"item_purchase_floors":[13,22,38,38,38,38,38],"current_hp_per_floor":[64,63,63,63,63,3,24,24,24,45,45,45,45,36,57,49,77,76,76,72,67,67,67,66,55,55,37,35,34,57,58,77,12,77,53,47,33,33,35,58,58,48,48,71,61,77,71,63,63,0,0],"gold":68,"neow_bonus":"BOSS_RELIC","is_daily":false,"chose_seed":false,"campfire_upgraded":1,"win_rate":0.0,"timestamp":1610575980,"path_taken":["M","M","?","?","M","E","R","?","T","R","M","?","$","?","R","BOSS","M","?","M","M","$","R","E","M","T","E","M","M","R","M","R","BOSS","M","M","?","$","M","R","?","?","T","R","M","?","E","M","R","BOSS"],"items_purchased_type":["Relic","Card","Relic","Card","Potion","Potion","Potion"],"build_version":"2020-12-22","purchased_purges":4,"victory":false,"max_hp_per_floor":[70,70,70,70,70,70,70,70,70,70,70,70,70,70,70,70,77,77,77,77,77,77,77,77,77,77,77,77,77,77,77,77,77,77,77,77,77,77,77,77,77,77,77,77,77,77,77,77,77,77,77],"card_choices":[{"not_picked":["Accuracy","Deflect"],"picked":"Deadly Poison","floor":1},{"not_picked":["Masterful Stab","Dagger Spray","Flying Knee"],"picked":"SKIP","floor":2},{"not_picked":["Sucker Punch","Acrobatics","All Out Attack"],"picked":"SKIP","floor":4},{"not_picked":["Underhanded Strike","Dagger Throw","Dodge and Roll"],"picked":"SKIP","floor":5},{"not_picked":["Heel Hook","Dash","Finisher"],"picked":"SKIP","floor":6},{"not_picked":["Calculated Gamble","Dodge and Roll"],"picked":"Bouncing Flask","floor":8},{"not_picked":["Flying Knee","Blade Dance"],"picked":"Deadly Poison","floor":11},{"not_picked":["Deflect","PiercingWail"],"picked":"Deadly Poison","floor":14},{"not_picked":["After Image","Burst"],"picked":"Replay:Bag of Tricks","floor":16},{"not_picked":["Accuracy","Fluid Movement"],"picked":"Deadly Poison","floor":18},{"not_picked":["Replay:Poison Smokescreen","Tactician"],"picked":"Bane","floor":19},{"not_picked":["Backflip+1","Skewer","Dagger Throw"],"picked":"SKIP","floor":20},{"not_picked":["Night Terror","ReplayTheSpireMod:Scrap Shanks","Slice"],"picked":"SKIP","floor":21},{"not_picked":["Dagger Throw","Outmaneuver","Dagger Spray"],"picked":"SKIP","floor":24},{"not_picked":["Replay:Poison Smokescreen","Eviscerate","Predator"],"picked":"SKIP","floor":25},{"not_picked":["Bane","Dodge and Roll"],"picked":"Poisoned Stab","floor":27},{"not_picked":["Slice+1","Dodge and Roll","PiercingWail+1"],"picked":"SKIP","floor":28},{"not_picked":["Skewer","Slice+1","Flying Knee"],"picked":"SKIP","floor":29},{"not_picked":["Unload","Quick Slash"],"picked":"Bane","floor":31},{"not_picked":["Glass Knife","Tools of the Trade"],"picked":"Corpse Explosion","floor":33},{"not_picked":["Deadly Poison","Quick Slash","Underhanded Strike+1"],"picked":"SKIP","floor":35},{"not_picked":["PiercingWail+1","Slice+1","Blade Dance+1"],"picked":"SKIP","floor":36},{"not_picked":["Heel Hook","Cloak And Dagger"],"picked":"Deadly Poison+1","floor":37},{"not_picked":["Atom Bomb","Dagger Throw","Cloak And Dagger"],"picked":"SKIP","floor":39},{"not_picked":["Cloak And Dagger","Backflip","PiercingWail"],"picked":"SKIP","floor":45},{"not_picked":["Dodge and Roll+1","PiercingWail","Endless Agony"],"picked":"SKIP","floor":47},{"not_picked":["Heel Hook+1","After Image","Blade Dance"],"picked":"SKIP","floor":48}],"player_experience":262622,"relics_obtained":[{"floor":6,"key":"WingedGreaves"},{"floor":9,"key":"Thread and Needle"},{"floor":17,"key":"Strawberry"},{"floor":17,"key":"Shuriken"},{"floor":17,"key":"Replay:Kaleidoscope"},{"floor":24,"key":"Gremlin Food"},{"floor":27,"key":"Blood Vial"},{"floor":43,"key":"Smiling Mask"},{"floor":47,"key":"Snack Pack"}],"event_choices":[{"damage_healed":0,"gold_gain":0,"player_choice":"Forge","damage_taken":0,"max_hp_gain":0,"max_hp_loss":0,"event_name":"Accursed Blacksmith","floor":3,"gold_loss":0,"cards_upgraded":["Deadly Poison"]},{"cards_removed":["ReplayTheSpireMod:Splinters"],"damage_healed":0,"gold_gain":0,"player_choice":"Offered Curse","damage_taken":0,"relics_obtained":["Spirit Poop"],"max_hp_gain":0,"max_hp_loss":0,"event_name":"Bonfire Elementals","floor":12,"gold_loss":0},{"damage_healed":0,"gold_gain":0,"player_choice":"Paid","damage_taken":0,"relics_obtained":["Red Mask"],"max_hp_gain":0,"max_hp_loss":0,"event_name":"Tomb of Lord Red Mask","floor":41,"gold_loss":121},{"damage_healed":0,"gold_gain":0,"player_choice":"Embrace Madness","damage_taken":10,"max_hp_gain":0,"max_hp_loss":0,"event_name":"Winding Halls","floor":42,"gold_loss":0,"cards_obtained":["Madness","Madness"]},{"damage_healed":16,"gold_gain":0,"player_choice":"Full Heal","damage_taken":0,"max_hp_gain":0,"max_hp_loss":0,"event_name":"Wheel of Change","floor":46,"gold_loss":0}],"is_beta":false,"boss_relics":[{"not_picked":["Replay:Wanted Poster","Abe\u0027s Treasure"],"picked":"Calling Bell"},{"not_picked":["ReplayTheSpireMod:DimensionalGlitch","Replay:Drink Me"],"picked":"Philosopher\u0027s Stone"}],"items_purged_floors":[13,22,38,38],"is_endless":false,"potions_floor_spawned":[1,6,14,19,21,24,27,28,36,39,45],"killed_by":"Replay:Hell Engine","ascension_level":1}}