{"host":"llpusn9usp8rznkj","time":1610516147,"event":{"mods":["2.2 Compatiblity","Aspiration","BaseMod","Colored Map","Colored Powertips","Conspire","Hubris","Minty Spire (QoL Compilation)","Quick Restart","Rare Cards Sparkle","Replay The Spire","StSLib","The Cursed"],"gold_per_floor":[113,113,113,146,157,190,202,202,202,202,202],"floor_reached":10,"language":"ENG","playtime":223,"items_purged":[],"score":132,"play_id":"655361cb-bfa6-4dbf-a824-6bf8aa549c9f","local_time":"20210113003547","is_ascension_mode":true,"campfire_choices":[],"circlet_count":0,"master_deck":["AscendersBane","Strike_B","Strike_B","Strike_B","Strike_B","Defend_B","Defend_B","Defend_B","Defend_B","Zap","Dualcast","Reinforced Body","Barrage","conspire:Rain","Echo Form","Cold Snap"],"relics":["Cracked Core","NeowsBlessing","CultistMask","hubris:SoftwareUpdate","Geode","hubris:DeckOfHolding"],"acts_visited":["Exordium"],"potions_floor_usage":[10],"damage_taken":[{"damage":0,"enemies":"Jaw Worm","floor":1,"turns":1},{"damage":0,"enemies":"conspire:MimicChest","floor":4,"turns":1},{"damage":0,"enemies":"Cultist","floor":5,"turns":1},{"damage":26,"enemies":"Lagavulin","floor":6,"turns":7},{"damage":12,"enemies":"Small Slimes","floor":7,"turns":3},{"damage":44,"enemies":"Gremlin Nob","floor":10,"turns":4}],"seed_played":"-8810244857383151196","potions_obtained":[{"floor":7,"key":"Languid Potion"}],"is_trial":false,"path_per_floor":["M","?","$","?","M","E","M","?","T","E"],"character_chosen":"DEFECT","items_purchased":[],"campfire_rested":0,"item_purchase_floors":[],"current_hp_per_floor":[64,64,64,64,64,38,26,26,26,0,0],"gold":202,"neow_bonus":"THREE_ENEMY_KILL","is_daily":false,"chose_seed":false,"campfire_upgraded":0,"win_rate":0.0,"timestamp":1610516147,"path_taken":["M","?","?","?","M","E","?","?","T","E"],"items_purchased_type":[],"build_version":"2020-12-22","purchased_purges":0,"victory":false,"max_hp_per_floor":[71,71,71,71,71,71,71,71,71,71,71],"card_choices":[{"not_picked":["Streamline","Rebound"],"picked":"Reinforced Body","floor":1},{"not_picked":["Streamline","Gash"],"picked":"Barrage","floor":4},{"not_picked":["Barrage","Beam Cell"],"picked":"conspire:Rain","floor":5},{"not_picked":["Ball Lightning","Amplify"],"picked":"Echo Form","floor":6},{"not_picked":["BootSequence","Go for the Eyes"],"picked":"Cold Snap","floor":7}],"player_experience":1145618,"relics_obtained":[{"floor":4,"key":"hubris:SoftwareUpdate"},{"floor":6,"key":"Geode"},{"floor":9,"key":"hubris:DeckOfHolding"}],"event_choices":[{"damage_healed":0,"gold_gain":0,"player_choice":"Trade","damage_taken":0,"relics_obtained":["CultistMask"],"max_hp_gain":0,"max_hp_loss":0,"event_name":"FaceTrader","floor":2,"gold_loss":0},{"damage_healed":0,"gold_gain":0,"player_choice":"Ignored","damage_taken":0,"max_hp_gain":0,"max_hp_loss":0,"event_name":"Liars Game","floor":8,"gold_loss":0}],"is_beta":false,"boss_relics":[],"items_purged_floors":[],"is_endless":false,"potions_floor_spawned":[7],"killed_by":"Gremlin Nob","ascension_level":20}}