{"host":"7krnriczr1b2ou5r","time":1610539705,"event":{"mods":["BaseMod","Keyboard Shortcuts","Marisa£¨Ùöéë¡¡Øª×âÞÞ£©","Minty Spire (QoL Compilation)","Relic Stats","StSLib"],"gold_per_floor":[16,31,31,45,45,72,83,83,83,111,131,147,179,189,189,268,268,284,234,244,263,188,221,221,251,276,276,276,309,326,355,355,429,429,441,457,512,482,508,549,549,582,591,631,640,678,141,185,185,185],"floor_reached":51,"language":"KOR","playtime":2498,"items_purged":["Doubt"],"score":1916,"play_id":"ba193f1c-f14a-4461-82c2-782fc5ddb7d8","local_time":"20210113210825","is_ascension_mode":true,"campfire_choices":[{"data":"BinaryStars","floor":15,"key":"SMITH"},{"data":"OpenUniverse","floor":24,"key":"SMITH"},{"data":"IllusionStar","floor":27,"key":"SMITH"},{"data":"Acceleration","floor":32,"key":"SMITH"},{"data":"OpenUniverse","floor":41,"key":"SMITH"},{"data":"SatelliteIllusion","floor":49,"key":"SMITH"}],"circlet_count":0,"master_deck":["AscendersBane","Defend_MRS","MasterSpark","UpSweep","MagicAbsorber","OpenUniverse+1","EnergyFlow","MysteriousBeam","MilkyWay","MillisecondPulsars+1","SatelliteIllusion+1","BinaryStars+1","GravityBeat","GravityBeat","IllusionStar+1","Acceleration+1","UltimateShortwave","StarDustReverie+1","OrrerysSun+1","BlazeAway+1","SuperPerseids","DeepEcoloBomb","SuperPerseids","Parasite","Parasite","CollectingQuirk","GalacticHalo+1","ShootTheMoon+1","SatelliteIllusion+1","OpenUniverse+1","IllusionStar","Regret","BinaryStars","Regret","IllusionStar","ChargeUpSpray","Acceleration"],"relics":["MiniHakkero","MealTicket","Eternal Feather","Boot","Question Card","Juzu Bracelet","Astrolabe","Centennial Puzzle","Mummified Hand","Tiny Chest","ShroomBag","Happy Flower","Sundial","Cursed Key","Calipers","CeramicFish","Regal Pillow","Meat on the Bone","The Courier","Potion Belt","Mummified Hand","WingedGreaves","Pen Nib","Bag of Preparation","Oddly Smooth Stone","Akabeko","Vajra","Ancient Tea Set"],"acts_visited":["Exordium","TheCity","TheBeyond"],"potions_floor_usage":[6,12,13,23,30,35,42,48,50],"damage_taken":[{"damage":2,"enemies":"Jaw Worm","floor":1,"turns":3},{"damage":7,"enemies":"Small Slimes","floor":2,"turns":3},{"damage":1,"enemies":"Cultist","floor":4,"turns":3},{"damage":38,"enemies":"Gremlin Nob","floor":6,"turns":5},{"damage":3,"enemies":"3 Louse","floor":7,"turns":4},{"damage":5,"enemies":"3 Sentries","floor":10,"turns":2},{"damage":0,"enemies":"Lots of Slimes","floor":11,"turns":1},{"damage":1,"enemies":"2 Fungi Beasts","floor":12,"turns":3},{"damage":5,"enemies":"Lagavulin","floor":13,"turns":5},{"damage":18,"enemies":"Large Slime","floor":14,"turns":3},{"damage":16,"enemies":"The Guardian","floor":16,"turns":7},{"damage":0,"enemies":"Spheric Guardian","floor":18,"turns":3},{"damage":12,"enemies":"3 Byrds","floor":20,"turns":3},{"damage":0,"enemies":"Sentry and Sphere","floor":21,"turns":3},{"damage":35,"enemies":"Slavers","floor":23,"turns":3},{"damage":14,"enemies":"Book of Stabbing","floor":25,"turns":3},{"damage":0,"enemies":"Gremlin Leader","floor":29,"turns":2},{"damage":0,"enemies":"Snake Plant","floor":30,"turns":2},{"damage":0,"enemies":"Book of Stabbing","floor":31,"turns":1},{"damage":31,"enemies":"Automaton","floor":33,"turns":7},{"damage":9,"enemies":"3 Darklings","floor":35,"turns":3},{"damage":16,"enemies":"3 Shapes","floor":36,"turns":2},{"damage":14,"enemies":"2 Orb Walkers","floor":37,"turns":2},{"damage":12,"enemies":"Reptomancer","floor":40,"turns":3},{"damage":31,"enemies":"Nemesis","floor":42,"turns":4},{"damage":2,"enemies":"Giant Head","floor":44,"turns":5},{"damage":0,"enemies":"Reptomancer","floor":46,"turns":2},{"damage":15,"enemies":"Giant Head","floor":48,"turns":2},{"damage":26,"enemies":"Time Eater","floor":50,"turns":5}],"seed_played":"3538907383998137285","potions_obtained":[{"floor":4,"key":"LiquidMemories"},{"floor":6,"key":"Fire Potion"},{"floor":7,"key":"Fire Potion"},{"floor":13,"key":"EssenceOfSteel"},{"floor":18,"key":"PowerPotion"},{"floor":25,"key":"Block Potion"},{"floor":31,"key":"Weak Potion"},{"floor":37,"key":"Regen Potion"},{"floor":38,"key":"PowerPotion"},{"floor":44,"key":"Swift Potion"},{"floor":48,"key":"SpeedPotion"}],"is_trial":false,"path_per_floor":["M","M","?","M","?","E","M","?","T","E","M","M","E","M","R","B",null,"M","?","M","M","?","E","R","E","T","R","?","E","M","E","R","B",null,"M","M","?","?","T","E","R","E","T","E","T","E","$","E","R","B",null],"character_chosen":"MARISA","items_purchased":["Bag of Preparation","Oddly Smooth Stone","Akabeko","Vajra"],"campfire_rested":0,"item_purchase_floors":[47,47,47,47],"current_hp_per_floor":[61,54,43,42,42,34,31,31,31,26,26,25,20,32,44,28,60,60,60,48,48,48,13,25,11,11,26,26,30,34,36,51,24,59,54,42,30,30,30,22,40,22,22,36,36,40,55,40,61,39],"gold":185,"neow_bonus":"REMOVE_TWO","is_daily":false,"chose_seed":false,"campfire_upgraded":6,"win_rate":0.0,"timestamp":1610539705,"path_taken":["M","M","?","M","?","E","?","?","T","E","?","M","E","M","R","BOSS","M","?","M","M","?","E","R","E","T","R","?","E","M","E","R","BOSS","M","M","?","?","?","E","R","E","T","E","?","E","$","E","R","BOSS"],"items_purchased_type":["Relic","Relic","Relic","Relic"],"build_version":"2020-12-22","purchased_purges":1,"victory":true,"max_hp_per_floor":[70,70,70,70,70,70,70,70,70,70,70,70,70,70,70,70,70,70,70,70,70,70,70,70,70,70,70,70,70,70,70,70,70,70,70,70,70,70,70,70,70,70,70,70,70,70,70,70,70,70],"relic_stats":{"Regal Pillow":0,"Happy Flower":[12],"counters":[29,94],"Astrolabe":["StarDustReverie","OrrerysSun","BlazeAway"],"CeramicFish":54,"Eternal Feather":93,"Pen Nib":[1],"Juzu Bracelet":1,"Bag of Preparation":[4],"Boot":[135],"Question Card":22,"Cursed Key":3,"Centennial Puzzle":[30],"Mummified Hand":[87],"Sundial":[12],"MealTicket":15,"Tiny Chest":1,"obtain_stats":[{"Regal Pillow":40,"Calipers":37,"CeramicFish":39,"Vajra":47,"Juzu Bracelet":13,"Bag of Preparation":47,"Boot":9,"Cursed Key":34,"Ancient Tea Set":48,"Centennial Puzzle":23,"Mummified Hand":25,"Sundial":31,"MealTicket":3,"Tiny Chest":25,"WingedGreaves":46,"Potion Belt":44,"Happy Flower":29,"Astrolabe":17,"Blue Candle":46,"Oddly Smooth Stone":47,"Eternal Feather":6,"The Courier":43,"Pen Nib":46,"Question Card":10,"Akabeko":47,"ShroomBag":26,"Shuriken":35,"MiniHakkero":0,"Meat on the Bone":42},{"Regal Pillow":24,"Calipers":23,"CeramicFish":23,"Vajra":27,"Juzu Bracelet":9,"Bag of Preparation":27,"Boot":5,"Cursed Key":20,"Ancient Tea Set":28,"Centennial Puzzle":15,"Mummified Hand":16,"Sundial":19,"MealTicket":2,"Tiny Chest":16,"WingedGreaves":27,"Potion Belt":26,"Happy Flower":17,"Astrolabe":11,"Blue Candle":27,"Oddly Smooth Stone":27,"Eternal Feather":4,"The Courier":25,"Pen Nib":27,"Question Card":6,"Akabeko":27,"ShroomBag":16,"Shuriken":21,"MiniHakkero":0,"Meat on the Bone":25},{"Regal Pillow":76,"Calipers":73,"CeramicFish":73,"Vajra":87,"Juzu Bracelet":29,"Bag of Preparation":87,"Boot":18,"Cursed Key":66,"Ancient Tea Set":89,"Centennial Puzzle":51,"Mummified Hand":52,"Sundial":59,"MealTicket":6,"Tiny Chest":54,"WingedGreaves":86,"Potion Belt":85,"Happy Flower":56,"Astrolabe":39,"Blue Candle":86,"Oddly Smooth Stone":87,"Eternal Feather":14,"The Courier":80,"Pen Nib":87,"Question Card":20,"Akabeko":87,"ShroomBag":54,"Shuriken":69,"MiniHakkero":0,"Meat on the Bone":80}],"Meat on the Bone":12},"card_choices":[{"not_picked":["DC","Orbital"],"picked":"NonDirectionalLaser","floor":1},{"not_picked":["NonDirectionalLaser","MeteoricShower"],"picked":"MagicAbsorber","floor":2},{"not_picked":["StarlightTyphoon","DragonMeteor"],"picked":"OpenUniverse","floor":4},{"not_picked":["LuminesStrike","NonDirectionalLaser"],"picked":"MysteriousBeam","floor":6},{"not_picked":["WitchOfGreed","AlicesGift"],"picked":"MilkyWay","floor":7},{"not_picked":["MachineGunSpark","FairyDestructionRay"],"picked":"BinaryStars","floor":10},{"not_picked":["OrrerysSun","PowerUp","NonDirectionalLaser"],"picked":"GravityBeat","floor":11},{"not_picked":["EnergyFlow","RefractionSpark","PulseMagic"],"picked":"GravityBeat","floor":12},{"not_picked":["RefractionSpark","WitchOfGreed","ShootingEcho"],"picked":"IllusionStar","floor":13},{"not_picked":["OneTimeOff","DC","6A"],"picked":"Acceleration","floor":14},{"not_picked":["MillisecondPulsars","JA","EscapeVelocity"],"picked":"UltimateShortwave","floor":16},{"not_picked":["6A+1","AsteroidBelt","WitchLeyline"],"picked":"SuperPerseids","floor":18},{"not_picked":["MysteriousBeam","GalacticHalo","GravityBeat","MagicAbsorber"],"picked":"SKIP","floor":20},{"not_picked":["MysteriousBeam","ShootingEcho","GrandCross+1"],"picked":"DeepEcoloBomb","floor":21},{"not_picked":["CollectingQuirk","StarlightTyphoon","PowerUp"],"picked":"SuperPerseids","floor":23},{"not_picked":["EnergyFlow","DC","GrandCross","MilkyWay"],"picked":"SKIP","floor":25},{"not_picked":["CollectingQuirk","GalacticHalo","WitchLeyline","LuminesStrike"],"picked":"SKIP","floor":29},{"not_picked":["GalacticHalo","WitchLeyline","LuminesStrike"],"picked":"CollectingQuirk","floor":29},{"not_picked":["WitchLeyline","DC","DoubleSpark+1"],"picked":"GalacticHalo+1","floor":30},{"not_picked":["LuminesStrike+1","MillisecondPulsars","OneTimeOff"],"picked":"ShootTheMoon+1","floor":31},{"not_picked":["CasketOfStar","EscapeVelocity","ManaRampage"],"picked":"SatelliteIllusion","floor":33},{"not_picked":["IllusionStar","LuminesStrike","MysteriousBeam"],"picked":"OpenUniverse","floor":35},{"not_picked":["Singularity","WitchLeyline","GrandCross"],"picked":"IllusionStar","floor":36},{"not_picked":["MysteriousBeam","Singularity+1","MilkyWay+1"],"picked":"BinaryStars","floor":40},{"not_picked":["DoubleSpark","RefractionSpark+1","DarkSpark","EventHorizon"],"picked":"SKIP","floor":42},{"not_picked":["MeteoricShower+1","WitchLeyline+1","AsteroidBelt"],"picked":"IllusionStar","floor":44},{"not_picked":["ShootTheMoon","PowerUp","AsteroidBelt+1"],"picked":"ChargeUpSpray","floor":46},{"not_picked":["SprinkleStarSeal","PowerUp+1","OneTimeOff"],"picked":"Acceleration","floor":48}],"player_experience":1122598,"relics_obtained":[{"floor":6,"key":"Eternal Feather"},{"floor":9,"key":"Boot"},{"floor":10,"key":"Question Card"},{"floor":13,"key":"Juzu Bracelet"},{"floor":23,"key":"Centennial Puzzle"},{"floor":25,"key":"Tiny Chest"},{"floor":26,"key":"ShroomBag"},{"floor":29,"key":"Happy Flower"},{"floor":31,"key":"Sundial"},{"floor":37,"key":"Calipers"},{"floor":39,"key":"CeramicFish"},{"floor":40,"key":"Regal Pillow"},{"floor":42,"key":"Meat on the Bone"},{"floor":43,"key":"The Courier"},{"floor":44,"key":"Potion Belt"},{"floor":45,"key":"Mummified Hand"},{"floor":46,"key":"Pen Nib"},{"floor":48,"key":"Ancient Tea Set"}],"event_choices":[{"damage_healed":0,"gold_gain":0,"player_choice":"Success","damage_taken":11,"relics_obtained":["MealTicket"],"max_hp_gain":0,"max_hp_loss":0,"event_name":"Scrap Ooze","floor":3,"gold_loss":0},{"damage_healed":0,"gold_gain":0,"cards_transformed":["Strike_MRS"],"player_choice":"Transformed","damage_taken":0,"max_hp_gain":0,"max_hp_loss":0,"event_name":"Transmorgrifier","floor":5,"gold_loss":0,"cards_obtained":["EnergyFlow"]},{"damage_healed":0,"gold_gain":0,"player_choice":"0 cards matched","damage_taken":0,"max_hp_gain":0,"max_hp_loss":0,"event_name":"Match and Keep!","floor":8,"gold_loss":0,"cards_obtained":[]},{"damage_healed":0,"gold_gain":0,"player_choice":"Bet on Owner","damage_taken":0,"max_hp_gain":0,"max_hp_loss":0,"event_name":"The Joust","floor":19,"gold_loss":50},{"cards_removed":["Defend_MRS"],"damage_healed":0,"gold_gain":0,"player_choice":"Gave Gold","damage_taken":0,"max_hp_gain":0,"max_hp_loss":0,"event_name":"Beggar","floor":22,"gold_loss":75},{"cards_removed":["NonDirectionalLaser"],"damage_healed":0,"gold_gain":0,"player_choice":"Purged","damage_taken":0,"max_hp_gain":0,"max_hp_loss":0,"event_name":"Purifier","floor":28,"gold_loss":0},{"damage_healed":0,"gold_gain":0,"player_choice":"Fight","damage_taken":0,"max_hp_gain":0,"max_hp_loss":0,"event_name":"Mysterious Sphere","floor":37,"gold_loss":0},{"damage_healed":0,"gold_gain":0,"player_choice":"Bought 2 Potions","damage_taken":0,"max_hp_gain":0,"max_hp_loss":0,"event_name":"The Woman in Blue","floor":38,"gold_loss":0}],"is_beta":false,"boss_relics":[{"not_picked":["Velvet Choker","Runic Pyramid"],"picked":"Astrolabe"},{"not_picked":["Empty Cage","Calling Bell"],"picked":"Cursed Key"}],"items_purged_floors":[47],"is_endless":false,"potions_floor_spawned":[4,6,7,10,13,18,20,21,25,31,33,37,44,48],"ascension_level":15}}