{"host":"5ezk7t18wcb10u1o","time":1610582052,"event":{"mods":["BaseMod","Bestiary","Colored Powertips","Minty Spire (QoL Compilation)","Relic Sorter"],"gold_per_floor":[114,114,114,114,137,171,171,191,191,206,230,249,288,67,67,195,195,210,125,125,125,144,144,144,144,168,168,443,462,497,512,512,635,635,658,658,717,740,511,511,72,0,0,0,36,57,57,57,57],"floor_reached":48,"language":"ENG","playtime":2735,"items_purged":["Injury","Strike_G+1"],"score":779,"play_id":"a899b3e2-de70-4a9b-abda-89f524b1a8ed","local_time":"20210113235412","is_ascension_mode":true,"campfire_choices":[{"floor":7.0,"key":"REST"},{"floor":15.0,"key":"REST"},{"data":"Neutralize","floor":23.0,"key":"SMITH"},{"data":"Survivor","floor":27.0,"key":"SMITH"},{"floor":32.0,"key":"REST"},{"data":"Footwork","floor":40,"key":"SMITH"}],"circlet_count":0,"master_deck":["AscendersBane","Strike_G+1","Strike_G+1","Strike_G+1","Strike_G+1","Defend_G+1","Defend_G+1","Defend_G+1","Defend_G+1","Defend_G+1","Survivor+1","Neutralize+1","Crippling Poison+1","Quick Slash+1","Dagger Spray+1","Terror+1","Deadly Poison+1","Dagger Spray+1","Skewer+1","Deflect+1","Glass Knife+1","Flying Knee+1","Noxious Fumes+1","PiercingWail+1","Deflect+1","Bullet Time+1","Prepared+1","Footwork+1","Caltrops","A Thousand Cuts","Dagger Spray+1"],"relics":["Ring of the Serpent","Vajra","Golden Idol","Ice Cream","Bag of Preparation","White Beast Statue","Calipers","Strawberry","Boot","Omamori","Matryoshka","Mummified Hand","Akabeko","Nunchaku","Busted Crown","Mark of the Bloom","Unceasing Top","Pen Nib","Potion Belt","PreservedInsect","Red Mask","Bronze Scales","Molten Egg 2","StrikeDummy"],"acts_visited":["Exordium","TheCity","TheBeyond"],"potions_floor_usage":[45],"damage_taken":[{"damage":4.0,"enemies":"2 Louse","floor":1.0,"turns":3.0},{"damage":0.0,"enemies":"Small Slimes","floor":5.0,"turns":3.0},{"damage":8.0,"enemies":"3 Sentries","floor":6.0,"turns":9.0},{"damage":9.0,"enemies":"Jaw Worm","floor":8.0,"turns":3.0},{"damage":15.0,"enemies":"3 Louse","floor":10.0,"turns":3.0},{"damage":7.0,"enemies":"Blue Slaver","floor":11.0,"turns":4.0},{"damage":0.0,"enemies":"Lots of Slimes","floor":12.0,"turns":1.0},{"damage":14.0,"enemies":"Lagavulin","floor":13.0,"turns":4.0},{"damage":14.0,"enemies":"Slime Boss","floor":16.0,"turns":9.0},{"damage":19.0,"enemies":"Shell Parasite","floor":18.0,"turns":5.0},{"damage":4.0,"enemies":"Chosen","floor":22.0,"turns":3.0},{"damage":3.0,"enemies":"Centurion and Healer","floor":29.0,"turns":4.0},{"damage":21.0,"enemies":"Gremlin Leader","floor":30.0,"turns":4.0},{"damage":8.0,"enemies":"Cultist and Chosen","floor":31.0,"turns":3.0},{"damage":70.0,"enemies":"Automaton","floor":33.0,"turns":10.0},{"damage":20.0,"enemies":"3 Darklings","floor":35.0,"turns":4.0},{"damage":18,"enemies":"2 Orb Walkers","floor":37,"turns":4},{"damage":0,"enemies":"3 Shapes","floor":38,"turns":3},{"damage":9,"enemies":"Reptomancer","floor":45,"turns":3},{"damage":0,"enemies":"Jaw Worm Horde","floor":46,"turns":4},{"damage":21,"enemies":"Sphere and 2 Shapes","floor":48,"turns":2}],"seed_played":"4580193227876226584","potions_obtained":[{"floor":1.0,"key":"Explosive Potion"},{"floor":5.0,"key":"DuplicationPotion"},{"floor":8.0,"key":"FearPotion"},{"floor":10.0,"key":"BlessingOfTheForge"},{"floor":11.0,"key":"Strength Potion"},{"floor":12.0,"key":"Strength Potion"},{"floor":13.0,"key":"Energy Potion"},{"floor":16.0,"key":"PowerPotion"},{"floor":18.0,"key":"FairyPotion"},{"floor":22.0,"key":"PowerPotion"},{"floor":29.0,"key":"BlessingOfTheForge"},{"floor":30.0,"key":"Block Potion"},{"floor":31.0,"key":"AttackPotion"},{"floor":33.0,"key":"AttackPotion"},{"floor":35.0,"key":"Energy Potion"},{"floor":37,"key":"CunningPotion"},{"floor":38,"key":"Poison Potion"},{"floor":45,"key":"FearPotion"},{"floor":46,"key":"Ancient Potion"}],"is_trial":false,"path_per_floor":["M","?","?","?","M","E","R","M","T","M","M","M","E","$","R","B",null,"M","?","?","T","M","R","?","$","T","R","?","M","E","M","R","B",null,"M","?","?","M","$","R","$","?","T","$","E","M","?","M"],"character_chosen":"THE_SILENT","items_purchased":["Strawberry","Pen Nib","Footwork","Potion Belt","Caltrops","PreservedInsect"],"campfire_rested":3,"item_purchase_floors":[14,39,39,41,41,41],"current_hp_per_floor":[59,59,64,61,61,53,75,66,66,51,44,44,30,37,61,47,73,54,54,54,54,50,50,50,50,50,50,50,47,26,18,42,9,64,44,44,26,26,26,26,26,26,26,26,17,17,17,0,0],"gold":57,"neow_bonus":"RANDOM_COMMON_RELIC","is_daily":false,"chose_seed":false,"campfire_upgraded":3,"win_rate":0.0,"timestamp":1610582052,"path_taken":["M","?","?","?","M","E","R","M","T","M","M","?","E","$","R","BOSS","M","?","?","?","?","R","?","?","T","R","?","M","E","?","R","BOSS","M","?","?","M","$","R","$","?","T","$","E","M","?","?"],"items_purchased_type":["Relic","Relic","Card","Relic","Card","Relic"],"build_version":"2020-12-22","purchased_purges":2,"victory":false,"max_hp_per_floor":[70,70,75,75,75,75,75,75,75,75,75,75,75,82,82,82,82,82,82,82,82,82,82,82,82,82,82,82,82,82,82,82,82,82,82,82,82,82,82,82,82,82,82,82,82,82,78,78,78],"card_choices":[{"not_picked":["Setup","Quick Slash"],"picked":"Crippling Poison","floor":1.0},{"not_picked":["Prepared","Acrobatics"],"picked":"Quick Slash","floor":5.0},{"not_picked":["Backflip","Blade Dance"],"picked":"Dagger Spray","floor":6.0},{"not_picked":["Slice","Deflect"],"picked":"Terror","floor":8.0},{"not_picked":["Masterful Stab","Tools of the Trade"],"picked":"Deadly Poison","floor":10.0},{"not_picked":["Flying Knee","PiercingWail"],"picked":"Dagger Spray","floor":11.0},{"not_picked":["Deflect","Prepared"],"picked":"Skewer","floor":12.0},{"not_picked":["Accuracy","Skewer"],"picked":"Deflect","floor":13.0},{"not_picked":["Adrenaline","Bullet Time"],"picked":"Glass Knife","floor":16.0},{"not_picked":["Cloak And Dagger+1","Well Laid Plans"],"picked":"Flying Knee+1","floor":18.0},{"not_picked":["All Out Attack","Flechettes","Escape Plan"],"picked":"SKIP","floor":22.0},{"not_picked":["Concentrate","Blade Dance"],"picked":"Noxious Fumes","floor":29.0},{"not_picked":["Outmaneuver+1","Caltrops"],"picked":"PiercingWail+1","floor":30.0},{"not_picked":["Flying Knee","Die Die Die"],"picked":"Deflect","floor":31.0},{"not_picked":["Wraith Form v2","Venomology"],"picked":"Bullet Time","floor":33.0},{"not_picked":[],"picked":"Prepared+1","floor":35.0},{"not_picked":["Outmaneuver"],"picked":"SKIP","floor":38},{"not_picked":[],"picked":"A Thousand Cuts","floor":45},{"not_picked":[],"picked":"Dagger Spray+1","floor":46}],"player_experience":1123485,"relics_obtained":[{"floor":6.0,"key":"Bag of Preparation"},{"floor":9.0,"key":"White Beast Statue"},{"floor":13.0,"key":"Calipers"},{"floor":21.0,"key":"Matryoshka"},{"floor":26.0,"key":"Mummified Hand"},{"floor":26.0,"key":"Akabeko"},{"floor":30.0,"key":"Nunchaku"},{"floor":37,"key":"Unceasing Top"},{"floor":43,"key":"Bronze Scales"},{"floor":43,"key":"Molten Egg 2"},{"floor":45,"key":"StrikeDummy"}],"event_choices":[{"damage_healed":0.0,"max_hp_gain":0.0,"max_hp_loss":0.0,"gold_gain":0.0,"event_name":"Golden Idol","player_choice":"Take Wound","floor":2.0,"gold_loss":0.0,"damage_taken":0.0,"relics_obtained":["Golden Idol"],"cards_obtained":["Injury"]},{"damage_healed":0.0,"max_hp_gain":5.0,"max_hp_loss":0.0,"gold_gain":0.0,"event_name":"Big Fish","player_choice":"Donut","floor":3.0,"gold_loss":0.0,"damage_taken":0.0},{"damage_healed":0.0,"max_hp_gain":0.0,"max_hp_loss":0.0,"gold_gain":0.0,"event_name":"Scrap Ooze","player_choice":"Success","floor":4.0,"gold_loss":0.0,"damage_taken":3.0,"relics_obtained":["Ice Cream"]},{"damage_healed":0.0,"max_hp_gain":0.0,"max_hp_loss":0.0,"gold_gain":0.0,"event_name":"Addict","player_choice":"Obtained Relic","floor":19.0,"gold_loss":85.0,"damage_taken":0.0,"relics_obtained":["Boot"]},{"damage_healed":0.0,"max_hp_gain":0.0,"max_hp_loss":0.0,"gold_gain":0.0,"event_name":"The Mausoleum","player_choice":"Opened","floor":20.0,"gold_loss":0.0,"damage_taken":0.0,"relics_obtained":["Omamori"]},{"damage_healed":0.0,"max_hp_gain":0.0,"max_hp_loss":0.0,"gold_gain":0.0,"event_name":"Ghosts","player_choice":"Ignored","floor":24.0,"gold_loss":0.0,"damage_taken":0.0},{"damage_healed":0.0,"max_hp_gain":0.0,"max_hp_loss":0.0,"gold_gain":275.0,"event_name":"Golden Shrine","player_choice":"Desecrate","floor":28.0,"gold_loss":0.0,"damage_taken":0.0,"cards_obtained":["Regret"]},{"damage_healed":0,"gold_gain":0,"player_choice":"Upgrade","damage_taken":0,"relics_obtained":["Mark of the Bloom"],"max_hp_gain":0,"max_hp_loss":0,"event_name":"MindBloom","floor":36,"gold_loss":0,"cards_upgraded":["Strike_G","Strike_G","Strike_G","Strike_G","Strike_G","Defend_G","Defend_G","Defend_G","Defend_G","Defend_G","Crippling Poison","Quick Slash","Dagger Spray","Terror","Deadly Poison","Dagger Spray","Skewer","Deflect","Glass Knife","Noxious Fumes","Deflect","Bullet Time"]},{"damage_healed":0,"gold_gain":0,"player_choice":"Fight","damage_taken":0,"max_hp_gain":0,"max_hp_loss":0,"event_name":"Mysterious Sphere","floor":37,"gold_loss":0},{"damage_healed":0,"gold_gain":0,"player_choice":"Paid","damage_taken":0,"relics_obtained":["Red Mask"],"max_hp_gain":0,"max_hp_loss":0,"event_name":"Tomb of Lord Red Mask","floor":42,"gold_loss":72},{"damage_healed":0,"gold_gain":0,"player_choice":"Max HP","damage_taken":0,"max_hp_gain":0,"max_hp_loss":4,"event_name":"Winding Halls","floor":47,"gold_loss":0}],"is_beta":false,"boss_relics":[{"not_picked":["SacredBark","Astrolabe"],"picked":"Ring of the Serpent"},{"not_picked":["Philosopher\u0027s Stone","Velvet Choker"],"picked":"Busted Crown"}],"items_purged_floors":[14,41],"is_endless":false,"potions_floor_spawned":[1,5,8,10,11,12,13,16,18,22,29,30,31,33,35,37,38,45,46],"killed_by":"Sphere and 2 Shapes","ascension_level":10}}