{"host":"qrt7o4dq2qslzw13","time":1610568669,"event":{"mods":["AchievementEnabler","BaseMod","Colored Map","Colored Powertips","Minty Spire (QoL Compilation)","Quick Restart","StSLib","SuperFastMode"],"gold_per_floor":[112,31,31,45,60,60,60,72,72,72,72,85,85,85,85,85,85],"floor_reached":16,"language":"ENG","playtime":248,"items_purged":[],"score":90,"play_id":"047da025-a140-42ad-b143-bb9c4ca29c0b","local_time":"20210113151109","is_ascension_mode":false,"campfire_choices":[{"data":"Multi-Cast","floor":6,"key":"SMITH"},{"data":"Consume","floor":10,"key":"SMITH"},{"floor":13,"key":"REST"},{"data":"Fission","floor":15,"key":"SMITH"}],"circlet_count":0,"master_deck":["Strike_B","Strike_B","Strike_B","Strike_B","Defend_B","Defend_B","Defend_B","Defend_B","Zap","Dualcast","Multi-Cast+1","FTL","Fission+1","Regret","Conserve Battery","Consume+1","Reprogram","Parasite","Doom and Gloom","Injury"],"relics":["Cracked Core","Calipers","Letter Opener","Golden Idol"],"acts_visited":["Exordium"],"potions_floor_usage":[8],"damage_taken":[{"damage":13,"enemies":"Jaw Worm","floor":1,"turns":3},{"damage":0,"enemies":"Small Slimes","floor":4,"turns":2},{"damage":2,"enemies":"Cultist","floor":5,"turns":3},{"damage":13,"enemies":"Gremlin Gang","floor":8,"turns":4},{"damage":11,"enemies":"Looter","floor":12,"turns":4},{"damage":68,"enemies":"Hexaghost","floor":16,"turns":7}],"seed_played":"1770523473327651882","potions_obtained":[{"floor":4,"key":"SkillPotion"},{"floor":5,"key":"Ancient Potion"}],"is_trial":false,"path_per_floor":["M","$","?","M","M","R","?","M","T","R","?","M","R","?","R","B"],"character_chosen":"DEFECT","items_purchased":["Fission"],"campfire_rested":1,"item_purchase_floors":[2],"current_hp_per_floor":[55,55,55,55,53,53,53,40,40,40,57,46,66,66,66,0,0],"gold":85,"neow_bonus":"THREE_RARE_CARDS","is_daily":false,"chose_seed":false,"campfire_upgraded":3,"win_rate":0.0,"timestamp":1610568669,"path_taken":["M","$","?","M","M","R","?","M","T","R","?","M","R","?","R","BOSS"],"items_purchased_type":["Card"],"build_version":"2020-12-22","purchased_purges":0,"victory":false,"max_hp_per_floor":[68,68,68,68,68,68,68,68,68,68,68,68,68,68,68,68,68],"card_choices":[{"not_picked":["Echo Form","Machine Learning"],"picked":"Multi-Cast","floor":0},{"not_picked":["Hologram","Scrape"],"picked":"FTL","floor":1},{"not_picked":["Leap","Streamline"],"picked":"Conserve Battery","floor":4},{"not_picked":["Gash","Conserve Battery"],"picked":"Consume","floor":5},{"not_picked":["Reprogram","Rebound","Tempest"],"picked":"SKIP","floor":8},{"not_picked":["Rebound","Tempest"],"picked":"Reprogram","floor":8},{"not_picked":["Turbo","Machine Learning"],"picked":"Doom and Gloom","floor":12}],"player_experience":562315,"relics_obtained":[{"floor":9,"key":"Letter Opener"}],"event_choices":[{"damage_healed":0,"gold_gain":0,"player_choice":"Box","damage_taken":0,"relics_obtained":["Calipers"],"max_hp_gain":0,"max_hp_loss":0,"event_name":"Big Fish","floor":3,"gold_loss":0,"cards_obtained":["Regret"]},{"damage_healed":0,"gold_gain":0,"player_choice":"Searched \u00270\u0027 times","damage_taken":0,"max_hp_gain":0,"max_hp_loss":0,"event_name":"Dead Adventurer","floor":7,"gold_loss":0},{"damage_healed":17,"gold_gain":0,"player_choice":"Healed and dodged fight","damage_taken":0,"max_hp_gain":0,"max_hp_loss":0,"event_name":"Mushrooms","floor":11,"gold_loss":0,"cards_obtained":["Parasite"]},{"damage_healed":0,"gold_gain":0,"player_choice":"Take Wound","damage_taken":0,"relics_obtained":["Golden Idol"],"max_hp_gain":0,"max_hp_loss":0,"event_name":"Golden Idol","floor":14,"gold_loss":0,"cards_obtained":["Injury"]}],"is_beta":false,"boss_relics":[],"items_purged_floors":[],"is_endless":false,"potions_floor_spawned":[4,5],"killed_by":"Hexaghost","ascension_level":0}}