{"host":"ufw35p3qx5kstl1g","time":1610502755,"event":{"mods":["AchievementEnabler","BaseMod","Colored Map","Colored Powertips","Minty Spire (QoL Compilation)","Relic Stats"],"gold_per_floor":[115,135,150,150,160,189,189,216,216,242,257,257,270,47,47,174,174,219,239,10,27,45,73,73,73,125,125,125],"floor_reached":27,"language":"ENG","playtime":2927,"items_purged":["Strike_P","Conclude"],"score":345,"play_id":"948c9655-13ca-4cc6-91e3-ad994e1f1487","local_time":"20210112205235","is_ascension_mode":true,"campfire_choices":[{"data":"Eruption","floor":7,"key":"SMITH"},{"data":"Tantrum","floor":12,"key":"SMITH"},{"data":"JustLucky","floor":15,"key":"SMITH"},{"data":"Ragnarok","floor":25,"key":"SMITH"}],"circlet_count":0,"master_deck":["Eruption+1","Vigilance","EmptyFist","CutThroughFate","CutThroughFate","JustLucky+1","Judgement","Tantrum+1","Halt","Wish","Ragnarok+1","Protect","EmptyBody","EmptyBody","JustLucky","DeusExMachina","ThirdEye+1","Pray+1","Nirvana","ClearTheMind","SandsOfTime","Consecrate"],"relics":["Black Star","Kunai","Damaru","Pear","HornCleat","Happy Flower","Nunchaku","Bottled Flame","Pandora\u0027s Box","Vajra","Sundial","MealTicket"],"acts_visited":["Exordium","TheCity"],"potions_floor_usage":[16,16,23,23,23,23],"damage_taken":[{"damage":0,"enemies":"Cultist","floor":1,"turns":2},{"damage":0,"enemies":"Small Slimes","floor":2,"turns":4},{"damage":0,"enemies":"Jaw Worm","floor":3,"turns":2},{"damage":3,"enemies":"2 Fungi Beasts","floor":5,"turns":3},{"damage":22,"enemies":"Gremlin Nob","floor":6,"turns":4},{"damage":7,"enemies":"3 Sentries","floor":8,"turns":3},{"damage":9,"enemies":"Gremlin Nob","floor":10,"turns":3},{"damage":0,"enemies":"Exordium Thugs","floor":11,"turns":2},{"damage":0,"enemies":"Red Slaver","floor":13,"turns":1},{"damage":0,"enemies":"Slime Boss","floor":16,"turns":7},{"damage":14,"enemies":"2 Thieves","floor":18,"turns":2},{"damage":0,"enemies":"Spheric Guardian","floor":19,"turns":2},{"damage":3,"enemies":"Snecko","floor":21,"turns":4},{"damage":0,"enemies":"3 Cultists","floor":22,"turns":3},{"damage":25,"enemies":"Slavers","floor":23,"turns":5},{"damage":40,"enemies":"Gremlin Leader","floor":27,"turns":1}],"seed_played":"7393379055986472848","potions_obtained":[{"floor":1,"key":"Energy Potion"},{"floor":3,"key":"Regen Potion"},{"floor":10,"key":"Fire Potion"},{"floor":16,"key":"EntropicBrew"},{"floor":19,"key":"Regen Potion"},{"floor":22,"key":"DistilledChaos"}],"is_trial":false,"path_per_floor":["M","M","M","?","M","E","R","E","T","E","M","R","M","$","R","B",null,"M","M","$","M","M","E","?","R","T","E"],"character_chosen":"WATCHER","items_purchased":["Wish","Nirvana","ClearTheMind"],"campfire_rested":0,"item_purchase_floors":[14,20,20],"current_hp_per_floor":[72,72,72,65,62,40,40,43,43,34,34,34,34,34,34,49,82,68,68,68,65,65,52,36,36,36,0,0],"gold":125,"neow_bonus":"BOSS_RELIC","is_daily":false,"chose_seed":false,"campfire_upgraded":4,"win_rate":0.0,"timestamp":1610502755,"path_taken":["M","?","M","?","M","E","R","E","T","E","M","R","M","$","R","BOSS","M","M","$","M","M","E","?","R","T","E"],"items_purchased_type":["Card","Card","Card"],"build_version":"2020-12-22","purchased_purges":2,"victory":false,"max_hp_per_floor":[72,72,72,72,72,72,72,82,82,82,82,82,82,82,82,82,82,82,82,82,82,82,82,87,87,87,87,87],"relic_stats":{"Nunchaku":[6],"Happy Flower":[10],"counters":[16,48],"Sundial":[0],"Pandora\u0027s Box":["Conclude","Protect","EmptyBody","EmptyBody","JustLucky","DeusExMachina"],"MealTicket":0,"Black Star":4,"Kunai":[18],"obtain_stats":[{"Pear":8,"Happy Flower":9,"Damaru":6,"Vajra":23,"Nunchaku":10,"Bottled Flame":10,"HornCleat":8,"Sundial":23,"Pandora\u0027s Box":17,"MealTicket":26,"Black Star":0,"Kunai":6,"PureWater":0},{"Pear":6,"Happy Flower":6,"Damaru":5,"Vajra":15,"Nunchaku":7,"Bottled Flame":7,"HornCleat":6,"Sundial":15,"Pandora\u0027s Box":10,"MealTicket":15,"Black Star":0,"Kunai":5,"PureWater":0},{"Pear":18,"Happy Flower":18,"Damaru":15,"Vajra":47,"Nunchaku":21,"Bottled Flame":21,"HornCleat":18,"Sundial":47,"Pandora\u0027s Box":31,"MealTicket":47,"Black Star":0,"Kunai":15,"PureWater":0}]},"card_choices":[{"not_picked":["Pray","BowlingBash"],"picked":"EmptyFist","floor":1},{"not_picked":["Crescendo","LikeWater"],"picked":"CutThroughFate","floor":2},{"not_picked":["CarveReality","CrushJoints"],"picked":"CutThroughFate","floor":3},{"not_picked":["ForeignInfluence","LikeWater"],"picked":"JustLucky","floor":5},{"not_picked":["FollowUp","FearNoEvil"],"picked":"Judgement","floor":6},{"not_picked":["Protect","Swivel","EmptyFist"],"picked":"SKIP","floor":8},{"not_picked":["CarveReality","BowlingBash","Collect"],"picked":"SKIP","floor":10},{"not_picked":["InnerPeace","CutThroughFate"],"picked":"Tantrum","floor":11},{"not_picked":["Protect","CrushJoints"],"picked":"Halt","floor":13},{"not_picked":["ConjureBlade","Judgement"],"picked":"Ragnarok","floor":16},{"not_picked":["EmptyFist","SashWhip"],"picked":"ThirdEye+1","floor":18},{"not_picked":["EmptyMind","Evaluate"],"picked":"Pray+1","floor":19},{"not_picked":["ClearTheMind","CrushJoints"],"picked":"SandsOfTime","floor":21},{"not_picked":["BowlingBash+1","WheelKick","CrushJoints"],"picked":"SKIP","floor":22},{"not_picked":["BowlingBash","ForeignInfluence"],"picked":"Consecrate","floor":23}],"player_experience":739316,"relics_obtained":[{"floor":6,"key":"Kunai"},{"floor":6,"key":"Damaru"},{"floor":8,"key":"Pear"},{"floor":8,"key":"HornCleat"},{"floor":9,"key":"Happy Flower"},{"floor":10,"key":"Nunchaku"},{"floor":10,"key":"Bottled Flame"},{"floor":23,"key":"Vajra"},{"floor":23,"key":"Sundial"},{"floor":26,"key":"MealTicket"}],"event_choices":[{"cards_removed":["Strike_P"],"damage_healed":0,"gold_gain":0,"player_choice":"Card Removal","damage_taken":7,"max_hp_gain":0,"max_hp_loss":0,"event_name":"Golden Wing","floor":4,"gold_loss":0},{"damage_healed":0,"gold_gain":0,"player_choice":"Shed Blood","damage_taken":21,"max_hp_gain":5,"max_hp_loss":0,"event_name":"Forgotten Altar","floor":24,"gold_loss":0}],"is_beta":false,"boss_relics":[{"not_picked":["Ectoplasm","Snecko Eye"],"picked":"Pandora\u0027s Box"}],"items_purged_floors":[14,20],"is_endless":false,"potions_floor_spawned":[1,3,10,11,13,16,19,22],"killed_by":"Gremlin Leader","ascension_level":1}}