{"host":"dlqyscxstsnu98l1","time":1610578111,"event":{"mods":["AchievementEnabler","BaseMod","Bestiary","Colored Map","Colored Powertips","Conspire","Downfall","GifTheSpireLib","Highlight Path","Minty Spire (QoL Compilation)","Random Character Button","Replay The Spire","SacredBarkPlus","StSLib","everything is the same but u backflip on backflip"],"gold_per_floor":[118,118,193,206,206,240,240,258,258,42,217,244,244,257,257,362,362,377,388,588,603,603,603,634,103,103,120,120,137,137,137,137,237,237,255,255,255],"floor_reached":36,"language":"ENG","playtime":1766,"items_purged":["Defend_P","Voices"],"score":415,"play_id":"d97234af-375d-43c6-ad8c-5f3829fa6eb8","local_time":"20210113164831","is_ascension_mode":false,"campfire_choices":[{"data":"Eruption","floor":7,"key":"SMITH"},{"data":"Devotion","floor":13,"key":"SMITH"},{"data":"Replay:Battleflow","floor":15,"key":"SMITH"},{"data":"Replay:Battleflow","floor":23,"key":"SMITH"},{"data":"Prostrate","floor":23,"key":"SMITH"},{"data":"FlyingSleeves","floor":28,"key":"SMITH"},{"data":"Consecrate","floor":28,"key":"SMITH"},{"data":"Bash","floor":30,"key":"SMITH"},{"data":"EmptyBody","floor":30,"key":"SMITH"},{"data":"Replay:SS_forest_2","floor":32,"key":"SMITH"},{"data":"Strike_P","floor":32,"key":"SMITH"}],"circlet_count":0,"master_deck":["Strike_P","Strike_P+1","Strike_P","Strike_P","Defend_P","Defend_P","Defend_P","Eruption+1","Consecrate+1","Bash+1","FlyingSleeves+1","Devotion+1","Doubt","Replay:Battleflow+1","CommonCold","Injury","Prostrate+1","Replay:Battleflow+1","EmptyBody+1","Prostrate+1","Replay:SS_forest_2+1","DevaForm"],"relics":["NeowsBlessing","Replay:M_SmolderingBlood","Oddly Smooth Stone","Meat on the Bone","conspire:BottledYoYo","Replay:Ancient Bell","Toy Ornithopter","Onion Ring","Replay:Arrowhead","Simple Rune","Ice Cream","SacredBark"],"acts_visited":["Exordium","TheCity","TheBeyond"],"potions_floor_usage":[12,14,24,24,29,33,33],"damage_taken":[{"damage":0,"enemies":"Small Slimes","floor":1,"turns":1},{"damage":0,"enemies":"conspire:RoseBush","floor":4,"turns":1},{"damage":0,"enemies":"Lagavulin","floor":6,"turns":1},{"damage":0,"enemies":"Jaw Worm","floor":8,"turns":3},{"damage":25,"enemies":"Replay:BlueRogue","floor":12,"turns":4},{"damage":0,"enemies":"3 Louse","floor":14,"turns":2},{"damage":22,"enemies":"Slime Boss","floor":16,"turns":6},{"damage":10,"enemies":"Chosen","floor":18,"turns":4},{"damage":20,"enemies":"Spheric Guardian","floor":19,"turns":4},{"damage":6,"enemies":"3 Cultists","floor":21,"turns":3},{"damage":13,"enemies":"conspire:Head Lice","floor":24,"turns":6},{"damage":0,"enemies":"Snecko","floor":27,"turns":2},{"damage":15,"enemies":"Centurion and Healer","floor":29,"turns":3},{"damage":39,"enemies":"conspire:MysteriousRune","floor":33,"turns":9},{"damage":29,"enemies":"3 Darklings","floor":35,"turns":7},{"damage":68,"enemies":"Orb Walker","floor":36,"turns":4}],"seed_played":"-713829779524273263","potions_obtained":[{"floor":4,"key":"SkillPotion"},{"floor":8,"key":"DistilledChaos"},{"floor":16,"key":"SmokeBomb"},{"floor":18,"key":"SkillPotion"},{"floor":22,"key":"Dexterity Potion"},{"floor":22,"key":"LifebloodPotion"},{"floor":29,"key":"GamblersBrew"},{"floor":33,"key":"Energy Potion"}],"is_trial":false,"path_per_floor":["M","?","?","M","?","E","R","M","T","$","?","E","R","M","R","B",null,"M","M","?","M","?","R","E","$","T","M","R","M","R","?","R","B",null,"M","M"],"character_chosen":"WATCHER","items_purchased":["Devotion","Ice Cream","Ambrosia","EmptyBody"],"campfire_rested":0,"item_purchase_floors":[10,25,25,25],"current_hp_per_floor":[72,72,61,61,61,61,61,61,61,61,61,48,48,48,48,38,72,62,42,42,48,48,48,45,45,45,45,45,47,47,47,47,30,72,43,0,0],"gold":255,"neow_bonus":"THREE_ENEMY_KILL","is_daily":false,"chose_seed":false,"campfire_upgraded":11,"win_rate":0.0,"timestamp":1610578111,"path_taken":["M","?","?","?","?","E","R","M","T","?","?","E","R","M","R","BOSS","M","M","?","?","?","R","E","$","T","?","R","M","R","?","R","BOSS","M","?"],"items_purchased_type":["Card","Relic","Potion","Card"],"build_version":"2020-12-22","purchased_purges":2,"victory":false,"max_hp_per_floor":[72,72,72,72,72,72,72,72,72,72,72,72,72,72,72,72,72,72,72,72,72,72,72,72,72,72,72,72,72,72,72,72,72,72,72,72,72],"card_choices":[{"not_picked":["CutThroughFate","EmptyBody"],"picked":"Consecrate","floor":1},{"not_picked":["Nirvana","SashWhip"],"picked":"FlyingSleeves","floor":4},{"not_picked":["Replay:AllIn","ForeignInfluence","PathToVictory"],"picked":"SKIP","floor":6},{"not_picked":["PathToVictory","Uppercut","ClearTheMind"],"picked":"SKIP","floor":8},{"not_picked":["SashWhip","Uppercut","CutThroughFate"],"picked":"SKIP","floor":12},{"not_picked":["FlurryOfBlows","Meditate"],"picked":"Replay:Battleflow","floor":14},{"not_picked":["Delirium","sneckomod:Bewildered"],"picked":"Voices","floor":17},{"not_picked":["Doubt","Regret"],"picked":"CommonCold","floor":17},{"not_picked":["Normality","sneckomod:Bewildered"],"picked":"Injury","floor":17},{"not_picked":["Fasting2","LessonLearned"],"picked":"Prostrate","floor":18},{"not_picked":["Replay:ManipulateFuture","Replay:BluntJabs","FlurryOfBlows"],"picked":"SKIP","floor":19},{"not_picked":["Replay:BluntJabs","CrushJoints"],"picked":"Replay:Battleflow","floor":21},{"not_picked":["Protect+1","ConjureBlade","Omniscience"],"picked":"SKIP","floor":24},{"not_picked":["Perseverance","ClearTheMind+1","ReachHeaven+1"],"picked":"SKIP","floor":27},{"not_picked":["Crescendo","ReachHeaven"],"picked":"Prostrate+1","floor":29},{"not_picked":["Establishment","Omniscience"],"picked":"DevaForm","floor":33},{"not_picked":["ClearTheMind+1","Worship","CrushJoints"],"picked":"SKIP","floor":35}],"player_experience":55597,"relics_obtained":[{"floor":6,"key":"Oddly Smooth Stone"},{"floor":9,"key":"Meat on the Bone"},{"floor":12,"key":"conspire:BottledYoYo"},{"floor":24,"key":"Simple Rune"}],"event_choices":[{"damage_healed":0,"gold_gain":75,"player_choice":"Gather Gold","damage_taken":11,"max_hp_gain":0,"max_hp_loss":0,"event_name":"World of Goop","floor":3,"gold_loss":0},{"damage_healed":0,"gold_gain":0,"player_choice":"Bought 0 Potions","damage_taken":0,"max_hp_gain":0,"max_hp_loss":0,"event_name":"The Woman in Blue","floor":5,"gold_loss":0},{"damage_healed":0,"gold_gain":175,"player_choice":"AGREE","damage_taken":0,"max_hp_gain":0,"max_hp_loss":0,"event_name":"Liars Game","floor":11,"gold_loss":0,"cards_obtained":["Doubt"]},{"damage_healed":0,"gold_gain":250,"player_choice":"Bet on Owner","damage_taken":0,"max_hp_gain":0,"max_hp_loss":0,"event_name":"The Joust","floor":20,"gold_loss":50},{"damage_healed":0,"gold_gain":0,"player_choice":"Got Potions","damage_taken":0,"max_hp_gain":0,"max_hp_loss":0,"event_name":"Lab","floor":22,"gold_loss":0},{"damage_healed":0,"gold_gain":0,"player_choice":"1 cards matched","damage_taken":0,"max_hp_gain":0,"max_hp_loss":0,"event_name":"Match and Keep!","floor":31,"gold_loss":0,"cards_obtained":["Replay:SS_forest_2"]}],"is_beta":false,"boss_relics":[{"not_picked":["conspire:SlowCooker","Replay:Bronze Core"],"picked":"Replay:Ancient Bell"},{"not_picked":["ReplayTheSpireMod:TigerMarble","Replay:Rubber Ducky"],"picked":"Toy Ornithopter"},{"not_picked":["Darkstone Periapt","Garlic"],"picked":"Onion Ring"},{"not_picked":["conspire:InfiniteJournal","Calipers"],"picked":"Replay:Arrowhead"},{"not_picked":["Sozu","Coffee Dripper"],"picked":"SacredBark"}],"items_purged_floors":[10,25],"is_endless":false,"potions_floor_spawned":[4,8,16,18,29,33],"killed_by":"Orb Walker","ascension_level":0}}