{"host":"95i1gxnztdrdyvhi","time":1610532605,"event":{"mods":["100% Spire Juice","AchievementEnabler","Act Like it!","BaseMod","Minty Spire (QoL Compilation)","Quick Restart","StSLib"],"gold_per_floor":[117,117,130,130,130,156,170,170,170,233,252,12,23,50,50,146,146,164,164,174,99,119,119,138,169,195,225,225,125,137,32,32,134,134,149,194,194,194,209,239,239,253,253,271,146,146,163,196,196,196,196],"floor_reached":50,"language":"ENG","playtime":3105,"items_purged":["Moonworks:Strike","Moonworks:Strike","Moonworks:Strike"],"score":627,"play_id":"e7d52f2b-6b6d-43a8-b348-eb91310c38b5","local_time":"20210113101005","is_ascension_mode":false,"campfire_choices":[{"data":"Moonworks:IndiscriminateFireSupport","floor":12,"key":"SMITH"},{"data":"Moonworks:Ambush","floor":15,"key":"SMITH"},{"data":"Moonworks:BigMagnum","floor":23,"key":"SMITH"},{"floor":32,"key":"RECALL"},{"data":"Madness","floor":41,"key":"SMITH"},{"data":"Madness","floor":46,"key":"SMITH"},{"data":"Moonworks:TacticalRetreat","floor":49,"key":"SMITH"}],"circlet_count":0,"master_deck":["Moonworks:Strike","Moonworks:Defend","Moonworks:Defend","Moonworks:Defend","Moonworks:Defend","Moonworks:Ambush+1","Moonworks:LongDistanceShot","Moonworks:TacticalRetreat+1","Moonworks:IndiscriminateFireSupport+1","Moonworks:Flamethrower","Moonworks:MeltingMemories+1","Moonworks:AngelHand","Moonworks:SakisCookie","Moonworks:RocketCannon+1","Moonworks:AwakeningOfTalent+1","Moonworks:BigMagnum+1","Moonworks:StarBlastingFuse","Moonworks:MixPhenomenon+1","Madness+1","Madness+1","Moonworks:CookingTime+1","Moonworks:ScrambledEve+1"],"relics":["Moonworks:SBBomb","Moonworks:Homemark","NeowsBlessing","Gambling Chip","Molten Egg 2","Frozen Egg 2","Bird Faced Urn","Lizard Tail","Mummified Hand","Boot","PreservedInsect","Nunchaku","Sozu","Du-Vu Doll","Moonworks:LittleGull","Akabeko","Turnip"],"acts_visited":["Exordium","TheCity","TheBeyond"],"potions_floor_usage":[10,14,22],"damage_taken":[{"damage":0,"enemies":"Cultist","floor":1,"turns":1},{"damage":0,"enemies":"2 Louse","floor":3,"turns":1},{"damage":0,"enemies":"Lagavulin","floor":6,"turns":1},{"damage":0,"enemies":"Small Slimes","floor":7,"turns":2},{"damage":0,"enemies":"3 Sentries","floor":10,"turns":3},{"damage":2,"enemies":"Blue Slaver","floor":11,"turns":7},{"damage":0,"enemies":"2 Fungi Beasts","floor":13,"turns":2},{"damage":16,"enemies":"Gremlin Nob","floor":14,"turns":4},{"damage":11,"enemies":"The Guardian","floor":16,"turns":11},{"damage":3,"enemies":"Shell Parasite","floor":18,"turns":4},{"damage":0,"enemies":"3 Byrds","floor":20,"turns":2},{"damage":10,"enemies":"Shelled Parasite and Fungi","floor":22,"turns":3},{"damage":0,"enemies":"3 Cultists","floor":24,"turns":3},{"damage":19,"enemies":"Slavers","floor":25,"turns":2},{"damage":6,"enemies":"Gremlin Leader","floor":27,"turns":1},{"damage":6,"enemies":"Centurion and Healer","floor":30,"turns":5},{"damage":6,"enemies":"Snake Plant","floor":31,"turns":2},{"damage":40,"enemies":"Champ","floor":33,"turns":10},{"damage":0,"enemies":"Orb Walker","floor":35,"turns":3},{"damage":25,"enemies":"2 Orb Walkers","floor":36,"turns":4},{"damage":17,"enemies":"3 Darklings","floor":39,"turns":3},{"damage":48,"enemies":"Giant Head","floor":40,"turns":7},{"damage":30,"enemies":"Maw","floor":42,"turns":5},{"damage":10,"enemies":"Sphere and 2 Shapes","floor":44,"turns":3},{"damage":4,"enemies":"Spire Growth","floor":47,"turns":3},{"damage":3,"enemies":"Nemesis","floor":48,"turns":5},{"damage":60,"enemies":"Donu and Deca","floor":50,"turns":7}],"seed_played":"244486198399194998","potions_obtained":[{"floor":1,"key":"Explosive Potion"},{"floor":3,"key":"EntropicBrew"},{"floor":7,"key":"Block Potion"},{"floor":16,"key":"Energy Potion"},{"floor":20,"key":"Dexterity Potion"},{"floor":24,"key":"EssenceOfSteel"},{"floor":33,"key":"FairyPotion"}],"is_trial":false,"path_per_floor":["M","?","M","?","?","E","M","T","T","?","M","R","M","E","R","B",null,"M","?","M","$","M","R","M","E","T","E","?","$","M","M","R","B",null,"M","?","T","?","M","E","R","M","T","M","$","R","M","E","R","B"],"character_chosen":"THE_STARBREAKER","items_purchased":[],"campfire_rested":0,"item_purchase_floors":[],"current_hp_per_floor":[60,60,60,65,53,53,53,53,53,53,54,54,56,40,40,48,65,62,62,62,62,54,54,56,39,39,35,35,35,45,41,41,19,65,65,46,46,38,37,14,14,25,25,25,25,25,42,47,47,19,19],"gold":196,"neow_bonus":"THREE_ENEMY_KILL","is_daily":false,"chose_seed":false,"campfire_upgraded":6,"win_rate":0.0,"timestamp":1610532605,"path_taken":["M","?","?","?","?","E","M","?","T","?","M","R","?","E","R","BOSS","M","?","?","$","M","R","M","E","T","E","?","?","M","M","R","BOSS","M","?","?","?","M","E","R","M","T","M","$","R","?","E","R","BOSS"],"items_purchased_type":[],"build_version":"2020-12-22","purchased_purges":3,"victory":false,"max_hp_per_floor":[60,60,60,65,65,65,65,65,65,65,65,65,65,65,65,65,65,65,65,65,65,65,65,65,65,65,65,65,65,65,65,65,65,65,65,65,65,65,65,65,65,65,65,65,65,65,65,65,65,65,65],"card_choices":[{"not_picked":["Moonworks:LulusLuckyEgg","Moonworks:ExtendedPhotonRifle"],"picked":"Moonworks:TacticalRetreat","floor":1},{"not_picked":["Moonworks:JonathanRush","Moonworks:CloudOfSeagulls"],"picked":"Moonworks:IndiscriminateFireSupport","floor":3},{"not_picked":["Moonworks:EvilSpyWorkPreparation","Moonworks:Assault+1"],"picked":"Moonworks:Flamethrower","floor":6},{"not_picked":["Moonworks:CloudOfSeagulls+1","Moonworks:Bloodlust","Moonworks:SakisCookie"],"picked":"SKIP","floor":7},{"not_picked":["Moonworks:MiracleRedBeanIceCream","Moonworks:IndiscriminateFireSupport+1"],"picked":"Moonworks:MeltingMemories+1","floor":10},{"not_picked":["Moonworks:SelfDestruct+1","Moonworks:SakisCookie","Moonworks:CloudOfSeagulls+1"],"picked":"SKIP","floor":11},{"not_picked":["Moonworks:Assault+1","Moonworks:IntelligenceOfficer"],"picked":"Moonworks:AngelHand","floor":13},{"not_picked":["Moonworks:LulusLuckyEgg","Moonworks:Heat300Percent"],"picked":"Moonworks:SakisCookie","floor":14},{"not_picked":["Moonworks:MeltingMemories+1","Moonworks:Gamble+1"],"picked":"Moonworks:RocketCannon+1","floor":16},{"not_picked":["Moonworks:EvilSpyWorkPreparation+1","Moonworks:SakisCookie+1"],"picked":"Moonworks:AwakeningOfTalent+1","floor":18},{"not_picked":["Moonworks:Assault+1","Moonworks:LuckyCharm+1"],"picked":"Moonworks:BigMagnum","floor":20},{"not_picked":["Moonworks:DevilHand+1","Moonworks:JonathanRush+1","Moonworks:LulusLuckyEgg+1"],"picked":"SKIP","floor":22},{"not_picked":["Moonworks:MiracleWalker","Moonworks:JonathanRush+1","Moonworks:AngelHand"],"picked":"SKIP","floor":24},{"not_picked":["Moonworks:SakisCookie","Moonworks:LuckyCharm+1","Moonworks:Gamble+1"],"picked":"SKIP","floor":25},{"not_picked":["Moonworks:AngelHand","Moonworks:SelfDestruct+1","Moonworks:RedAndBlue"],"picked":"SKIP","floor":27},{"not_picked":["Moonworks:ReproductionOfRecords+1","Moonworks:DeployBits","Moonworks:IndiscriminateFireSupport+1"],"picked":"SKIP","floor":30},{"not_picked":["Moonworks:EvilSpyWorkPreparation","Moonworks:BindingChains+1","Moonworks:BigBangBell+1"],"picked":"SKIP","floor":31},{"not_picked":["Moonworks:GoAway","Moonworks:HolyNight+1"],"picked":"Moonworks:StarBlastingFuse","floor":33},{"not_picked":["Moonworks:Poppoformation+1","Moonworks:WindyEnchantment"],"picked":"Moonworks:MixPhenomenon+1","floor":35},{"not_picked":["Moonworks:SakisCookie+1","Moonworks:BigMagnum","Moonworks:ImOnFire"],"picked":"SKIP","floor":39},{"not_picked":["Moonworks:DeployBits+1","Moonworks:AccelHyper"],"picked":"Moonworks:CookingTime+1","floor":40},{"not_picked":["Moonworks:FinalSurgery+1","Moonworks:LulusLuckyEgg+1","Moonworks:JonathanRush+1"],"picked":"SKIP","floor":42},{"not_picked":["Moonworks:ExtendedPhotonRifle+1","Moonworks:Dash+1"],"picked":"Moonworks:ScrambledEve+1","floor":44},{"not_picked":["Moonworks:CloudOfSeagulls+1","Moonworks:Assault+1","Moonworks:CookingTime+1"],"picked":"SKIP","floor":47},{"not_picked":["Moonworks:IntelligenceOfficer+1","Moonworks:CompletionReward+1","Moonworks:NicePresent"],"picked":"SKIP","floor":48}],"player_experience":643106,"relics_obtained":[{"floor":6,"key":"Molten Egg 2"},{"floor":8,"key":"Frozen Egg 2"},{"floor":9,"key":"Bird Faced Urn"},{"floor":10,"key":"Lizard Tail"},{"floor":14,"key":"Mummified Hand"},{"floor":25,"key":"Boot"},{"floor":26,"key":"PreservedInsect"},{"floor":27,"key":"Nunchaku"},{"floor":36,"key":"Du-Vu Doll"},{"floor":37,"key":"Moonworks:LittleGull"},{"floor":40,"key":"Akabeko"},{"floor":48,"key":"Turnip"}],"event_choices":[{"damage_healed":0,"gold_gain":0,"player_choice":"Ignored","damage_taken":0,"max_hp_gain":0,"max_hp_loss":0,"event_name":"NoteForYourself","floor":2,"gold_loss":0},{"damage_healed":0,"gold_gain":0,"player_choice":"Donut","damage_taken":0,"max_hp_gain":5,"max_hp_loss":0,"event_name":"Big Fish","floor":4,"gold_loss":0},{"damage_healed":0,"gold_gain":0,"player_choice":"Success","damage_taken":12,"relics_obtained":["Gambling Chip"],"max_hp_gain":0,"max_hp_loss":0,"event_name":"Scrap Ooze","floor":5,"gold_loss":0},{"damage_healed":0,"gold_gain":30,"player_choice":"Searched \u00272\u0027 times","damage_taken":0,"max_hp_gain":0,"max_hp_loss":0,"event_name":"Dead Adventurer","floor":10,"gold_loss":0},{"damage_healed":0,"gold_gain":0,"player_choice":"Bought 0 Potions","damage_taken":0,"max_hp_gain":0,"max_hp_loss":0,"event_name":"The Woman in Blue","floor":19,"gold_loss":0},{"damage_healed":0,"gold_gain":0,"player_choice":"Ignored","damage_taken":0,"max_hp_gain":0,"max_hp_loss":0,"event_name":"Vampires","floor":28,"gold_loss":0},{"damage_healed":0,"gold_gain":0,"player_choice":"Fight","damage_taken":0,"max_hp_gain":0,"max_hp_loss":0,"event_name":"Mysterious Sphere","floor":36,"gold_loss":0},{"damage_healed":0,"gold_gain":0,"player_choice":"Embrace Madness","damage_taken":8,"max_hp_gain":0,"max_hp_loss":0,"event_name":"Winding Halls","floor":38,"gold_loss":0,"cards_obtained":["Madness","Madness"]}],"is_beta":false,"boss_relics":[{"not_picked":["SacredBark","Philosopher\u0027s Stone"],"picked":"Moonworks:SBBomb"},{"not_picked":["Calling Bell","Fusion Hammer"],"picked":"Sozu"}],"items_purged_floors":[21,29,45],"is_endless":false,"potions_floor_spawned":[1,3,7,16,20,24,25,30,33,39,44,48],"killed_by":"Donu and Deca","ascension_level":0}}