{"host":"d61fcf2p3sjwe6yo","time":1610541365,"event":{"mods":["AchievementEnabler","BaseMod","Colored Map","Minty Spire (QoL Compilation)","StSLib","SuperFastMode"],"gold_per_floor":[114,124,144,154,154,185,185,202,229,249,278,278,294,219,219,291,291,324,249,2,22,121,146,165,165,165,178,178,197,197,208,208,208,208],"floor_reached":33,"language":"ENG","playtime":1267,"items_purged":["Strike_G","Defend_G"],"score":478,"play_id":"b57f0e32-e5d9-4137-bf22-659d0b795654","local_time":"20210113153605","is_ascension_mode":true,"campfire_choices":[{"data":"Dagger Spray","floor":7.0,"key":"SMITH"},{"data":"Bouncing Flask","floor":15.0,"key":"SMITH"},{"floor":25,"key":"REST"},{"data":"Catalyst","floor":32,"key":"SMITH"}],"circlet_count":0,"master_deck":["AscendersBane","Strike_G","Strike_G","Strike_G","Defend_G","Defend_G","Defend_G","Defend_G","Survivor","Neutralize","Dash","Dagger Spray+1","Bouncing Flask+1","Crippling Poison","Burst","Night Terror","Dash","Catalyst+1","Writhe"],"relics":["Cursed Key","Paper Crane","Omamori","Vajra","Calling Bell","Boot","Question Card","Gambling Chip","Bag of Preparation","Akabeko","HornCleat","Frozen Egg 2"],"acts_visited":["Exordium","TheCity"],"potions_floor_usage":[23],"damage_taken":[{"damage":0.0,"enemies":"2 Louse","floor":1.0,"turns":3.0},{"damage":1.0,"enemies":"Jaw Worm","floor":2.0,"turns":3.0},{"damage":0.0,"enemies":"Cultist","floor":3.0,"turns":4.0},{"damage":5.0,"enemies":"Exordium Thugs","floor":4.0,"turns":6.0},{"damage":10.0,"enemies":"3 Sentries","floor":6.0,"turns":9.0},{"damage":2.0,"enemies":"Lots of Slimes","floor":8.0,"turns":4.0},{"damage":4.0,"enemies":"2 Fungi Beasts","floor":10.0,"turns":3.0},{"damage":11.0,"enemies":"Gremlin Nob","floor":11.0,"turns":4.0},{"damage":5.0,"enemies":"Exordium Thugs","floor":13.0,"turns":3.0},{"damage":4.0,"enemies":"Slime Boss","floor":16.0,"turns":6.0},{"damage":15.0,"enemies":"3 Byrds","floor":18.0,"turns":3.0},{"damage":4.0,"enemies":"Spheric Guardian","floor":21.0,"turns":4.0},{"damage":9,"enemies":"Book of Stabbing","floor":23,"turns":5},{"damage":12,"enemies":"Centurion and Healer","floor":24,"turns":8},{"damage":0,"enemies":"Snecko","floor":27,"turns":3},{"damage":0,"enemies":"Cultist and Chosen","floor":29,"turns":5},{"damage":2,"enemies":"Centurion and Healer","floor":31,"turns":7},{"damage":0,"enemies":"Collector","floor":33,"turns":6}],"seed_played":"5828695773517230178","potions_obtained":[{"floor":1.0,"key":"Regen Potion"},{"floor":3.0,"key":"DistilledChaos"},{"floor":10.0,"key":"BlessingOfTheForge"},{"floor":16.0,"key":"ColorlessPotion"},{"floor":18.0,"key":"ColorlessPotion"},{"floor":29,"key":"Explosive Potion"}],"is_trial":false,"path_per_floor":["M","M","M","M","?","E","R","M","T","M","E","?","M","$","R","B",null,"M","?","$","M","?","E","M","R","T","M","?","M","T","M","R","B"],"character_chosen":"THE_SILENT","items_purchased":["Bag of Preparation"],"campfire_rested":1,"item_purchase_floors":[20],"current_hp_per_floor":[59,58,58,53,53,58,58,56,56,52,41,41,36,36,36,32,58,43,43,43,39,39,30,18,37,37,37,37,37,37,35,35,35,35],"gold":208,"neow_bonus":"BOSS_RELIC","is_daily":false,"chose_seed":false,"campfire_upgraded":3,"win_rate":0.0,"timestamp":1610541365,"path_taken":["M","M","M","M","?","E","R","M","T","M","E","?","M","$","R","BOSS","M","?","$","M","?","E","M","R","T","M","?","?","?","M","R","BOSS"],"items_purchased_type":["Relic"],"build_version":"2020-12-22","purchased_purges":2,"victory":false,"max_hp_per_floor":[66,66,66,66,66,66,66,66,66,66,66,66,66,66,66,66,66,66,66,66,66,66,66,66,66,66,66,66,66,66,66,66,66,66],"card_choices":[{"not_picked":["Backflip","Blur"],"picked":"Dash","floor":1.0},{"not_picked":["Flechettes","Quick Slash","Crippling Poison"],"picked":"SKIP","floor":2.0},{"not_picked":["Reflex","Bane"],"picked":"Dagger Spray","floor":3.0},{"not_picked":["Dagger Spray","Noxious Fumes"],"picked":"Bouncing Flask","floor":4.0},{"not_picked":["Slice","Distraction","Heel Hook"],"picked":"SKIP","floor":6.0},{"not_picked":["Dagger Throw","Underhanded Strike","Cloak And Dagger"],"picked":"SKIP","floor":8.0},{"not_picked":["Backflip","Blade Dance"],"picked":"Crippling Poison","floor":10.0},{"not_picked":["Accuracy","Heel Hook","Infinite Blades"],"picked":"SKIP","floor":11.0},{"not_picked":["PiercingWail","Dodge and Roll"],"picked":"Burst","floor":13.0},{"not_picked":["Phantasmal Killer","Doppelganger"],"picked":"Night Terror","floor":16.0},{"not_picked":["Concentrate","Outmaneuver","Caltrops","Blade Dance"],"picked":"SKIP","floor":18.0},{"not_picked":["Slice","Reflex","Blade Dance+1","Quick Slash"],"picked":"SKIP","floor":21.0},{"not_picked":["Cloak And Dagger","Crippling Poison","Deadly Poison"],"picked":"Dash","floor":23},{"not_picked":["Slice","Underhanded Strike+1","PiercingWail","Predator"],"picked":"SKIP","floor":24},{"not_picked":["Acrobatics","Slice","Tactician"],"picked":"Catalyst","floor":27},{"not_picked":["Bane","Distraction","Reflex","Cloak And Dagger"],"picked":"SKIP","floor":29},{"not_picked":["Venomology","Predator","Accuracy+1","Bane"],"picked":"SKIP","floor":31}],"player_experience":202112,"relics_obtained":[{"floor":6.0,"key":"Paper Crane"},{"floor":9.0,"key":"Omamori"},{"floor":11.0,"key":"Vajra"},{"floor":17.0,"key":"Boot"},{"floor":17.0,"key":"Question Card"},{"floor":17.0,"key":"Gambling Chip"},{"floor":23,"key":"Akabeko"},{"floor":26,"key":"HornCleat"},{"floor":30,"key":"Frozen Egg 2"}],"event_choices":[{"damage_healed":0.0,"max_hp_gain":0.0,"max_hp_loss":0.0,"gold_gain":0.0,"event_name":"Liars Game","player_choice":"Ignored","floor":5.0,"gold_loss":0.0,"damage_taken":0.0},{"cards_removed":["Doubt"],"damage_healed":0.0,"max_hp_gain":0.0,"max_hp_loss":0.0,"gold_gain":0.0,"event_name":"Living Wall","player_choice":"Forget","floor":12.0,"gold_loss":0.0,"damage_taken":0.0},{"cards_removed":["Strike_G"],"damage_healed":0.0,"max_hp_gain":0.0,"max_hp_loss":0.0,"gold_gain":0.0,"event_name":"Beggar","player_choice":"Gave Gold","floor":19.0,"gold_loss":75.0,"damage_taken":0.0},{"damage_healed":0.0,"max_hp_gain":0.0,"max_hp_loss":0.0,"gold_gain":99.0,"event_name":"Nest","player_choice":"Stole From Cult","floor":22.0,"gold_loss":0.0,"damage_taken":0.0},{"damage_healed":0,"gold_gain":0,"player_choice":"Ignored","damage_taken":0,"max_hp_gain":0,"max_hp_loss":0,"event_name":"N\u0027loth","floor":28,"gold_loss":0}],"is_beta":false,"boss_relics":[{"not_picked":["Astrolabe","Velvet Choker"],"picked":"Calling Bell"}],"items_purged_floors":[14,20],"is_endless":false,"potions_floor_spawned":[1,3,4,10,16,18,29],"killed_by":"Collector","ascension_level":14}}