{"host":"5padt50u07xd1iby","time":1610536662,"event":{"mods":["AchievementEnabler","Aspiration","BaseMod","Colored Map","Colored Powertips","Conspire","Dark Map","Downfall","Hubris","Minty Spire (QoL Compilation)","Replay The Spire","Retaliation","Shop Mod","StSLib","SuperFastMode","The Blue Laboratory","everything is the same but u backflip on backflip"],"gold_per_floor":[111,122,122,140,140,167,167,182,182,182,192,226,241,269,281,389,401,424,455,478,102,102],"floor_reached":21,"language":"ENG","playtime":2271,"items_purged":[],"score":228,"play_id":"0794f5fd-976e-4f23-ba25-154db88522b1","local_time":"20210113121742","is_ascension_mode":false,"campfire_choices":[{"floor":7,"key":"REST"},{"data":"hubris:ReadiedAction","floor":15,"key":"SMITH"}],"circlet_count":0,"master_deck":["Strike_R","Strike_R","Strike_R","Strike_R","Strike_R","Defend_R","Defend_R","Defend_R","Defend_R+1","Bash","The Bomb+1","Flex","ReplayTheSpireMod:Stacked","Hemogenesis+1","DDmod:EasePowerCard","Searing Blow","hubris:ReadiedAction+1","Clash","Pommel Strike","Immolate+1","Impervious+1","Iron Wave+1","Hemokinesis+1","DDmod:AllInSkill+1"],"relics":["Burning Blood","Golden Egg","ReplayTheSpireMod:Ninjato","Chameleon Ring","MawBank","SlaversCollar","Molten Egg 2","Red Skull"],"acts_visited":["Exordium","TheCity"],"potions_floor_usage":[19,21,21],"damage_taken":[{"damage":0,"enemies":"Small Slimes","floor":1,"turns":4},{"damage":0,"enemies":"2 Louse","floor":2,"turns":4},{"damage":2,"enemies":"conspire:RoseBush","floor":4,"turns":4},{"damage":30,"enemies":"Lagavulin","floor":6,"turns":6},{"damage":11,"enemies":"Exordium Thugs","floor":8,"turns":4},{"damage":2,"enemies":"conspire:2 RoseBushes","floor":11,"turns":4},{"damage":38,"enemies":"Gremlin Nob","floor":12,"turns":5},{"damage":13,"enemies":"Large Slime","floor":13,"turns":6},{"damage":0,"enemies":"Replay:BlueRogue","floor":14,"turns":3},{"damage":52,"enemies":"Fading Forest","floor":16,"turns":11},{"damage":21,"enemies":"conspire:FuzzyDice","floor":18,"turns":8},{"damage":15,"enemies":"2 Thieves","floor":19,"turns":4},{"damage":14,"enemies":"3 Cultists","floor":20,"turns":4},{"damage":89,"enemies":"hubris:Merchant","floor":21,"turns":6}],"seed_played":"-962642812936787865","potions_obtained":[{"floor":2,"key":"blueLaboratory:RecallPotion"},{"floor":11,"key":"blueLaboratory:Moonshine"},{"floor":12,"key":"ColorlessPotion"},{"floor":13,"key":"BloodPotion"},{"floor":18,"key":"blueLaboratory:EmptyBottle"},{"floor":19,"key":"Dexterity Potion"}],"is_trial":false,"path_per_floor":["M","M","?","M","?","E","R","M","T","?","M","E","M","E","R","B",null,"M","M","M","$"],"character_chosen":"IRONCLAD","items_purchased":["Molten Egg 2","Red Skull"],"campfire_rested":1,"item_purchase_floors":[21,21],"current_hp_per_floor":[72,72,58,62,67,43,66,69,69,69,77,54,55,61,61,53,77,70,61,53,0,0],"gold":102,"neow_bonus":"RANDOM_COLORLESS_2","is_daily":false,"chose_seed":false,"campfire_upgraded":1,"win_rate":0.0,"timestamp":1610536662,"path_taken":["M","M","?","M","?","E","R","M","T","?","M","E","M","E","R","BOSS","M","M","M","$"],"items_purchased_type":["Relic","Relic"],"build_version":"2020-12-22","purchased_purges":0,"victory":false,"max_hp_per_floor":[72,72,72,72,77,77,77,77,77,77,77,77,77,77,77,77,77,77,77,77,77,77],"card_choices":[{"not_picked":["Secret Technique","Crow Ritual"],"picked":"The Bomb","floor":0},{"not_picked":["DDmod:CallousedSkill","Heavy Blade"],"picked":"Flex","floor":1},{"not_picked":["Run Through","Wild Strike"],"picked":"ReplayTheSpireMod:Stacked","floor":2},{"not_picked":["DDmod:CallousedSkill","Perfected Strike"],"picked":"Flex","floor":4},{"not_picked":["Disarm","Intimidate"],"picked":"Hemogenesis","floor":6},{"not_picked":["Clothesline","Pummel"],"picked":"DDmod:EasePowerCard","floor":8},{"not_picked":["Ghostly Armor","Warcry"],"picked":"hubris:ReadiedAction","floor":11},{"not_picked":["Cleave","ReplayTheSpireMod:Strike From Hell"],"picked":"Clash","floor":12},{"not_picked":["Seeing Red","Evolve"],"picked":"Pommel Strike","floor":13},{"not_picked":["ReplayTheSpireMod:Strike From Hell","Cleave"],"picked":"Immolate","floor":14},{"not_picked":["Hemogenesis","Fiend Fire"],"picked":"Impervious","floor":16},{"not_picked":["Thunderclap","DDmod:SpikedSkill"],"picked":"Iron Wave+1","floor":18},{"not_picked":["Whirlwind","Replay:Undeath\u0027s Touch"],"picked":"Hemokinesis+1","floor":19},{"not_picked":["ReplayTheSpireMod:Strike From Hell","DDmod:CallousedSkill"],"picked":"DDmod:AllInSkill","floor":20}],"player_experience":68110,"relics_obtained":[{"floor":6,"key":"Golden Egg"},{"floor":9,"key":"ReplayTheSpireMod:Ninjato"},{"floor":12,"key":"Chameleon Ring"},{"floor":14,"key":"MawBank"}],"event_choices":[{"damage_healed":0,"gold_gain":0,"player_choice":"Entered Light","damage_taken":14,"max_hp_gain":0,"max_hp_loss":0,"event_name":"Shining Light","floor":3,"gold_loss":0,"cards_upgraded":["Defend_R","The Bomb"]},{"damage_healed":0,"gold_gain":0,"player_choice":"Donut","damage_taken":0,"max_hp_gain":5,"max_hp_loss":0,"event_name":"Big Fish","floor":5,"gold_loss":0},{"damage_healed":0,"gold_gain":0,"cards_transformed":["Flex"],"player_choice":"Transformed","damage_taken":0,"max_hp_gain":0,"max_hp_loss":0,"event_name":"Transmorgrifier","floor":10,"gold_loss":0,"cards_obtained":["Searing Blow"]}],"is_beta":false,"boss_relics":[{"not_picked":["Ooze Armor","Cursed Key"],"picked":"SlaversCollar"}],"items_purged_floors":[],"is_endless":false,"potions_floor_spawned":[2,11,12,13,16,18,19],"killed_by":"hubris:Merchant","ascension_level":0}}