{"host":"xyxrly520c9wnx4a","time":1610572847,"event":{"mods":["AchievementEnabler","Act Like it!","BaseMod","Colored Powertips","Downfall","Minty Spire (QoL Compilation)","Quick Restart","Relic Stats","Replay The Spire","StSLib","Twitch Decklist","UnlockEverythingMod","【功能Mod】混沌之环修复补丁"],"gold_per_floor":[111,286,60,76,26,61,61,90,117,139,190,212,224,256,268,393,405,443,475,512,524,555,567,604,22,22,31,31,31],"floor_reached":28,"language":"ZHS","playtime":2102,"items_purged":["Sickly"],"score":354,"play_id":"9b38f203-65f4-4626-9574-2493bc630bc1","local_time":"20210114052047","is_ascension_mode":true,"campfire_choices":[{"data":"Apotheosis","floor":7.0,"key":"SMITH"},{"floor":13.0,"key":"REST"},{"floor":15.0,"key":"RECALL"},{"floor":23.0,"key":"REST"}],"circlet_count":0,"master_deck":["Strike_B","Strike_B","Strike_B","Defend_B","Defend_B","Defend_B","Defend_B","Zap","Dualcast","Redo","Doubt","Turbo","Apotheosis+1","Aggregate","Defragment","Glacier","Capacitor","Tempest","Tempest","Machine Learning","Chaos","Capacitor+1","Conserve Battery+1","Steam Power","Coolheaded","Decay"],"relics":["Cracked Core","NeowsBlessing","ReplayTheSpireMod:CursedCoin","Replay:Wax Seal","Geode","Regal Pillow","MawBank","CeramicFish","SlaversCollar","Centennial Puzzle","Bottled Tornado","Calipers"],"acts_visited":["Exordium","TheCity"],"potions_floor_usage":[],"damage_taken":[{"damage":0.0,"enemies":"2 Louse","floor":1.0,"turns":1.0},{"damage":0.0,"enemies":"Small Slimes","floor":4.0,"turns":1.0},{"damage":0.0,"enemies":"Gremlin Nob","floor":6.0,"turns":1.0},{"damage":32.0,"enemies":"Lagavulin","floor":8.0,"turns":6.0},{"damage":7.0,"enemies":"Jaw Worm","floor":10.0,"turns":2.0},{"damage":14.0,"enemies":"3 Sentries","floor":11.0,"turns":7.0},{"damage":3.0,"enemies":"3 Louse","floor":12.0,"turns":4.0},{"damage":0.0,"enemies":"2 Fungi Beasts","floor":14.0,"turns":4.0},{"damage":19.0,"enemies":"Hexaghost","floor":16.0,"turns":9.0},{"damage":2.0,"enemies":"Shell Parasite","floor":18.0,"turns":5.0},{"damage":12.0,"enemies":"3 Byrds","floor":19.0,"turns":3.0},{"damage":29.0,"enemies":"Shelled Parasite and Fungi","floor":20.0,"turns":7.0},{"damage":20.0,"enemies":"Snecko","floor":22.0,"turns":4.0},{"damage":29.0,"enemies":"Slavers","floor":24.0,"turns":4.0},{"damage":12,"enemies":"Book of Stabbing","floor":28,"turns":2}],"seed_played":"3888465064613702906","potions_obtained":[{"floor":4.0,"key":"Energy Potion"},{"floor":8.0,"key":"Dexterity Potion"},{"floor":11.0,"key":"SkillPotion"},{"floor":12.0,"key":"Block Potion"},{"floor":16.0,"key":"Toxic Potion"},{"floor":19.0,"key":"EssenceOfSteel"},{"floor":20.0,"key":"Adrenaline Potion"},{"floor":22.0,"key":"Fire Potion"}],"is_trial":false,"path_per_floor":["M","?","$","M","?","E","R","E","T","M","E","M","R","M","R","B",null,"M","M","M","?","M","R","E","$","T","?","E"],"character_chosen":"DEFECT","items_purchased":["ReplayTheSpireMod:CursedCoin","Turbo","Replay:Wax Seal","Apotheosis","Bottled Tornado","Calipers","Coolheaded"],"campfire_rested":2,"item_purchase_floors":[3,3,3,3,25,25,25],"current_hp_per_floor":[75,75,75,75,75,75,75,43,43,36,22,19,56,56,56,37,66,64,52,23,23,3,40,11,11,11,11,0,0],"gold":31,"neow_bonus":"THREE_ENEMY_KILL","is_daily":false,"chose_seed":false,"campfire_upgraded":1,"win_rate":0.0,"timestamp":1610572847,"path_taken":["M","?","$","M","?","E","R","E","T","M","E","M","R","M","R","BOSS","M","M","M","?","M","R","E","$","T","?","E"],"items_purchased_type":["Relic","Card","Relic","Card","Relic","Relic","Card"],"build_version":"2020-12-22","purchased_purges":1,"victory":false,"max_hp_per_floor":[75,75,75,75,75,75,75,75,75,75,75,75,75,75,75,75,75,75,75,75,75,75,75,75,75,75,75,75,75],"relic_stats":{"Regal Pillow":30,"Centennial Puzzle":[3],"counters":[15,60],"CeramicFish":81,"MawBank":192,"obtain_stats":[{"SlaversCollar":17,"Regal Pillow":8,"Centennial Puzzle":24,"Calipers":25,"NeowsBlessing":0,"ReplayTheSpireMod:CursedCoin":3,"CeramicFish":11,"Geode":6,"Replay:Wax Seal":3,"Bottled Tornado":25,"Cracked Core":0,"MawBank":9},{"SlaversCollar":9,"Regal Pillow":4,"Centennial Puzzle":14,"Calipers":14,"NeowsBlessing":0,"ReplayTheSpireMod:CursedCoin":1,"CeramicFish":6,"Geode":3,"Replay:Wax Seal":1,"Bottled Tornado":14,"Cracked Core":0,"MawBank":4},{"SlaversCollar":35,"Regal Pillow":9,"Centennial Puzzle":58,"Calipers":58,"NeowsBlessing":0,"ReplayTheSpireMod:CursedCoin":1,"CeramicFish":18,"Geode":3,"Replay:Wax Seal":1,"Bottled Tornado":58,"Cracked Core":0,"MawBank":9}]},"card_choices":[{"not_picked":["Blizzard","ReplaySort"],"picked":"Redo","floor":1.0},{"not_picked":["Cold Snap","Sweeping Beam"],"picked":"Aggregate","floor":4.0},{"not_picked":["Go for the Eyes","Heatsinks"],"picked":"Defragment","floor":6.0},{"not_picked":["ReplayGash","Leap"],"picked":"Glacier","floor":8.0},{"not_picked":["Doom and Gloom","Ball Lightning"],"picked":"Capacitor","floor":10.0},{"not_picked":["Fission","Panic Button"],"picked":"Tempest","floor":11.0},{"not_picked":["Doom and Gloom","Skim","FIFO Queue"],"picked":"SKIP","floor":12.0},{"not_picked":["BasicCrystalCard","Cold Snap"],"picked":"Tempest","floor":14.0},{"not_picked":["Meteor Strike","Mirror Shield"],"picked":"Machine Learning","floor":16.0},{"not_picked":["Glacier","Go for the Eyes"],"picked":"Chaos","floor":18.0},{"not_picked":["Hologram","FIFO Queue"],"picked":"Capacitor+1","floor":19.0},{"not_picked":["Cold Snap","Gash"],"picked":"Conserve Battery+1","floor":20.0},{"not_picked":["Skim","ReplayGash"],"picked":"Steam Power","floor":22.0},{"not_picked":["Leap","Rebound","BootSequence"],"picked":"SKIP","floor":24.0}],"player_experience":74938,"relics_obtained":[{"floor":6.0,"key":"Geode"},{"floor":8.0,"key":"Regal Pillow"},{"floor":9.0,"key":"MawBank"},{"floor":11.0,"key":"CeramicFish"},{"floor":24.0,"key":"Centennial Puzzle"}],"event_choices":[{"damage_healed":0.0,"max_hp_gain":0.0,"max_hp_loss":0.0,"gold_gain":175.0,"event_name":"Liars Game","player_choice":"AGREE","floor":2.0,"gold_loss":0.0,"damage_taken":0.0,"cards_obtained":["Doubt"]},{"cards_removed":["Strike_B"],"damage_healed":0.0,"max_hp_gain":0.0,"max_hp_loss":0.0,"gold_gain":0.0,"event_name":"The Cleric","player_choice":"Card Removal","floor":5.0,"gold_loss":50.0,"damage_taken":0.0},{"damage_healed":0.0,"max_hp_gain":0.0,"max_hp_loss":0.0,"gold_gain":0.0,"event_name":"Ghosts","player_choice":"Ignored","floor":21.0,"gold_loss":0.0,"damage_taken":0.0},{"damage_healed":0.0,"max_hp_gain":0.0,"max_hp_loss":0.0,"gold_gain":0.0,"event_name":"Forgotten Altar","player_choice":"Smashed Altar","floor":27.0,"gold_loss":0.0,"damage_taken":0.0,"cards_obtained":["Decay"]}],"is_beta":false,"boss_relics":[{"not_picked":["Velvet Choker","Replay:Bronze Core"],"picked":"SlaversCollar"}],"items_purged_floors":[3],"is_endless":false,"potions_floor_spawned":[4,8,11,12,16,19,20,22],"killed_by":"Book of Stabbing","ascension_level":5}}