{"host":"f0gpob8hq9vgebej","time":1610550898,"event":{"mods":["AchievementEnabler","BaseMod","Minty Spire (QoL Compilation)","Quick Restart","SuperFastMode"],"gold_per_floor":[115,129,146,146,163,163,192,204,251,251,251,251,263,273,273,371,371,381,401,326,342,359,359,112,112,112,112,112,127,127,127],"floor_reached":30,"language":"KOR","playtime":1046,"items_purged":["Hologram","Sweeping Beam"],"score":281,"play_id":"75cb5aef-2823-43a8-9397-58a33a0efe84","local_time":"20210114001458","is_ascension_mode":true,"campfire_choices":[{"data":"Zap","floor":6,"key":"SMITH"},{"data":"Loop","floor":10,"key":"SMITH"},{"data":"Capacitor","floor":12,"key":"SMITH"},{"data":"Ball Lightning","floor":15,"key":"SMITH"},{"data":"Creative AI","floor":23,"key":"SMITH"},{"data":"Echo Form","floor":25,"key":"SMITH"},{"floor":27,"key":"REST"}],"circlet_count":0,"master_deck":["Zap+1","Dualcast","Chill","Conserve Battery","Loop+1","Capacitor+1","Ball Lightning+1","Machine Learning","Creative AI+1","Steam Power","Melter","Electrodynamics","BootSequence","Echo Form+1"],"relics":["Cracked Core","Pocketwatch","Boot","Pandora\u0027s Box","Anchor","Frozen Egg 2"],"acts_visited":["Exordium","TheCity"],"potions_floor_usage":[7,13],"damage_taken":[{"damage":0,"enemies":"2 Louse","floor":1,"turns":3},{"damage":0,"enemies":"Jaw Worm","floor":2,"turns":3},{"damage":1,"enemies":"Cultist","floor":3,"turns":4},{"damage":27,"enemies":"Lots of Slimes","floor":5,"turns":6},{"damage":29,"enemies":"Lagavulin","floor":7,"turns":7},{"damage":7,"enemies":"Red Slaver","floor":8,"turns":3},{"damage":14,"enemies":"3 Louse","floor":13,"turns":3},{"damage":3,"enemies":"Exordium Wildlife","floor":14,"turns":3},{"damage":18,"enemies":"Hexaghost","floor":16,"turns":9},{"damage":21,"enemies":"Shell Parasite","floor":18,"turns":4},{"damage":5,"enemies":"2 Thieves","floor":19,"turns":3},{"damage":41,"enemies":"Shelled Parasite and Fungi","floor":21,"turns":5},{"damage":6,"enemies":"Centurion and Healer","floor":22,"turns":4},{"damage":18,"enemies":"Snake Plant","floor":29,"turns":4},{"damage":30,"enemies":"Cultist and Chosen","floor":30,"turns":4}],"seed_played":"-6688573950804583175","potions_obtained":[{"floor":1,"key":"BlessingOfTheForge"},{"floor":3,"key":"Ancient Potion"},{"floor":7,"key":"Fruit Juice"},{"floor":8,"key":"FairyPotion"},{"floor":19,"key":"Strength Potion"},{"floor":29,"key":"SteroidPotion"}],"is_trial":false,"path_per_floor":["M","M","M","?","M","R","E","M","T","R","?","R","M","M","R","B",null,"M","M","$","M","M","R","$","R","T","R","$","M","M"],"character_chosen":"DEFECT","items_purchased":["Anchor"],"campfire_rested":1,"item_purchase_floors":[24],"current_hp_per_floor":[68,68,67,72,45,45,21,14,14,14,14,14,23,20,20,2,78,57,52,52,11,5,5,5,5,5,28,28,10,0,0],"gold":127,"neow_bonus":"TRANSFORM_TWO_CARDS","is_daily":false,"chose_seed":false,"campfire_upgraded":6,"win_rate":0.0,"timestamp":1610550898,"path_taken":["M","M","M","?","M","R","E","M","T","R","?","R","M","?","R","BOSS","M","M","$","M","M","R","?","R","T","R","$","M","M"],"items_purchased_type":["Relic"],"build_version":"2020-12-22","purchased_purges":2,"victory":false,"max_hp_per_floor":[68,68,68,73,73,73,78,78,78,78,78,78,78,78,78,78,78,78,78,78,78,78,78,78,78,78,78,78,78,78,78],"card_choices":[{"not_picked":["Darkness","Rip and Tear"],"picked":"Loop","floor":1},{"not_picked":["Consume","FTL"],"picked":"Capacitor","floor":2},{"not_picked":["Melter","Rip and Tear","Redo"],"picked":"SKIP","floor":3},{"not_picked":["Steam","Leap","Turbo"],"picked":"SKIP","floor":5},{"not_picked":["Compile Driver","Rebound"],"picked":"Ball Lightning","floor":7},{"not_picked":["Cold Snap","Coolheaded"],"picked":"Machine Learning","floor":8},{"not_picked":["Streamline","Beam Cell","Sweeping Beam"],"picked":"SKIP","floor":13},{"not_picked":["Chaos","Conserve Battery","Stack"],"picked":"SKIP","floor":14},{"not_picked":["All For One","Machine Learning"],"picked":"Creative AI","floor":16},{"not_picked":["Compile Driver","Streamline","BootSequence+1"],"picked":"SKIP","floor":18},{"not_picked":["Leap","BootSequence","Gash"],"picked":"SKIP","floor":19},{"not_picked":["Melter","Aggregate","Sweeping Beam"],"picked":"SKIP","floor":21},{"not_picked":["Gash","Reprogram"],"picked":"Echo Form","floor":22},{"not_picked":["Streamline+1","Stack+1","Ball Lightning"],"picked":"SKIP","floor":29}],"player_experience":147410,"relics_obtained":[{"floor":7,"key":"Pocketwatch"},{"floor":9,"key":"Boot"},{"floor":26,"key":"Frozen Egg 2"}],"event_choices":[{"damage_healed":0,"gold_gain":0,"player_choice":"Donut","damage_taken":0,"max_hp_gain":5,"max_hp_loss":0,"event_name":"Big Fish","floor":4,"gold_loss":0},{"damage_healed":0,"gold_gain":0,"player_choice":"Bought 0 Potions","damage_taken":0,"max_hp_gain":0,"max_hp_loss":0,"event_name":"The Woman in Blue","floor":11,"gold_loss":0}],"is_beta":false,"boss_relics":[{"not_picked":["Tiny House","Runic Dome"],"picked":"Pandora\u0027s Box"}],"items_purged_floors":[20,24],"is_endless":false,"potions_floor_spawned":[1,3,7,8,19,29],"killed_by":"Cultist and Chosen","ascension_level":4}}