{"host":"9pqy5lt7vda52ebm","time":1610503548,"event":{"mods":["BaseMod","Fox Events","Minty Spire (QoL Compilation)","Optimize The Spire","Quick Restart","StSLib","The Marked"],"gold_per_floor":[116,116,116,41,61,61,72,72,72,99,199,229,248,248,248],"floor_reached":14,"language":"ENG","playtime":1050,"items_purged":["theMarked:Strike"],"score":142,"play_id":"58dcb3d7-1436-405f-b3ea-876f82a20ef9","local_time":"20210112210548","is_ascension_mode":true,"campfire_choices":[{"data":"theMarked:SoldierOfQuellstein","floor":6,"key":"SMITH"},{"floor":8,"key":"REST"}],"circlet_count":0,"master_deck":["theMarked:Strike","theMarked:Defend","theMarked:Defend","theMarked:Defend","theMarked:Defend","theMarked:SoldierOfQuellstein+1","theMarked:EmpowerWeapon","theMarked:CreepingChasm","theMarked:ChainLightning","theMarked:WastefulDefense","theMarked:Convert","theMarked:RepellingDischarge"],"relics":["theMarked:ArtifactOfAir","Girya","Pear","Tiny Chest","Pen Nib"],"acts_visited":["Exordium"],"potions_floor_usage":[13,14],"damage_taken":[{"damage":1,"enemies":"Cultist","floor":1,"turns":3},{"damage":1,"enemies":"2 Louse","floor":5,"turns":2},{"damage":0,"enemies":"Small Slimes","floor":7,"turns":2},{"damage":15,"enemies":"3 Sentries","floor":10,"turns":7},{"damage":18,"enemies":"Gremlin Nob","floor":12,"turns":4},{"damage":8,"enemies":"Gremlin Gang","floor":13,"turns":3},{"damage":20,"enemies":"3 Sentries","floor":14,"turns":6}],"seed_played":"6202529742584089775","potions_obtained":[{"floor":12,"key":"EssenceOfSteel"},{"floor":13,"key":"Regen Potion"}],"is_trial":false,"path_per_floor":["M","?","?","$","M","R","M","R","T","E","?","E","M","E"],"character_chosen":"THE_DEFAULT","items_purchased":[],"campfire_rested":1,"item_purchase_floors":[],"current_hp_per_floor":[44,37,19,19,18,18,18,39,49,34,34,16,8,3,3],"gold":248,"neow_bonus":"TRANSFORM_TWO_CARDS","is_daily":false,"chose_seed":false,"campfire_upgraded":1,"win_rate":0.0,"timestamp":1610503548,"path_taken":["M","?","?","$","M","R","M","R","T","E","?","E","?","E"],"items_purchased_type":[],"build_version":"2020-12-22","purchased_purges":1,"victory":false,"max_hp_per_floor":[70,70,70,70,70,70,70,70,80,80,80,80,80,80,80],"card_choices":[{"not_picked":["theMarked:Static","theMarked:Frustration"],"picked":"theMarked:ChainLightning","floor":1},{"not_picked":["theMarked:Generate","theMarked:PowerFlow"],"picked":"theMarked:WastefulDefense","floor":5},{"not_picked":["theMarked:MysticalArsenal","theMarked:HeightenedSenses"],"picked":"theMarked:Convert","floor":7},{"not_picked":["theMarked:ComboAttacks","theMarked:Electrify","theMarked:WastefulDefense"],"picked":"SKIP","floor":10},{"not_picked":["theMarked:KeepCalmAndFightOn","theMarked:HeightenedSenses","theMarked:ChainLightning"],"picked":"SKIP","floor":12},{"not_picked":["theMarked:HeightenedSenses","theMarked:Parkour"],"picked":"theMarked:RepellingDischarge","floor":13}],"player_experience":418054,"relics_obtained":[{"floor":9,"key":"Pear"},{"floor":10,"key":"Tiny Chest"},{"floor":12,"key":"Pen Nib"}],"event_choices":[{"cards_removed":["theMarked:Strike"],"damage_healed":0,"gold_gain":0,"player_choice":"Card Removal","damage_taken":7,"max_hp_gain":0,"max_hp_loss":0,"event_name":"Golden Wing","floor":2,"gold_loss":0},{"damage_healed":0,"gold_gain":0,"player_choice":"Success","damage_taken":18,"relics_obtained":["Girya"],"max_hp_gain":0,"max_hp_loss":0,"event_name":"Scrap Ooze","floor":3,"gold_loss":0},{"damage_healed":0,"gold_gain":100,"player_choice":"Pray","damage_taken":0,"max_hp_gain":0,"max_hp_loss":0,"event_name":"Golden Shrine","floor":11,"gold_loss":0}],"is_beta":false,"boss_relics":[],"items_purged_floors":[4],"is_endless":false,"potions_floor_spawned":[12,13],"killed_by":"3 Sentries","ascension_level":9}}