{"host":"t7kvkl97w82750ny","time":1610547638,"event":{"mods":["2.2 Compatiblity","BaseMod","Bestiary","Minty Spire (QoL Compilation)","Permanent Neow","Relic Stats","StSLib"],"gold_per_floor":[113,125,143,143,159,186,254,369,369,369,369],"floor_reached":10,"language":"ENG","playtime":211,"items_purged":[],"score":70,"play_id":"58129042-fdd0-4414-bda1-d34b92ab5c98","local_time":"20210113152038","is_ascension_mode":false,"campfire_choices":[],"circlet_count":0,"master_deck":["Strike_R","Strike_R","Strike_R","Strike_R","Strike_R","Defend_R","Defend_R","Defend_R","Defend_R","Bash+1","Clothesline","Reckless Charge","Hemokinesis","Immolate","Seeing Red"],"relics":["Burning Blood","SsserpentHead","Unceasing Top","Shuriken","Mercury Hourglass"],"acts_visited":["Exordium"],"potions_floor_usage":[8,10],"damage_taken":[{"damage":6,"enemies":"Cultist","floor":1,"turns":3},{"damage":11,"enemies":"Jaw Worm","floor":2,"turns":2},{"damage":0,"enemies":"2 Louse","floor":3,"turns":3},{"damage":18,"enemies":"Blue Slaver","floor":5,"turns":3},{"damage":35,"enemies":"3 Sentries","floor":6,"turns":7},{"damage":13,"enemies":"Exordium Wildlife","floor":7,"turns":2},{"damage":31,"enemies":"Lagavulin Event","floor":8,"turns":5},{"damage":0,"enemies":"Lagavulin","floor":10,"turns":3}],"seed_played":"5360003735825325540","potions_obtained":[{"floor":1,"key":"Regen Potion"},{"floor":8,"key":"BlessingOfTheForge"}],"is_trial":false,"path_per_floor":["M","M","M","?","M","E","M","?","T","E"],"character_chosen":"IRONCLAD","items_purchased":[],"campfire_rested":0,"item_purchase_floors":[],"current_hp_per_floor":[80,75,80,80,68,39,32,12,12,12,12],"gold":369,"neow_bonus":"UPGRADE_CARD","is_daily":false,"chose_seed":false,"campfire_upgraded":0,"win_rate":0.0,"timestamp":1610547638,"path_taken":["M","M","M","?","M","E","?","?","T","E"],"items_purchased_type":[],"build_version":"2020-12-22","purchased_purges":0,"victory":false,"max_hp_per_floor":[80,80,80,80,80,80,80,80,80,80,80],"relic_stats":{"SsserpentHead":100,"counters":[8,28],"Shuriken":[1],"obtain_stats":[{"SsserpentHead":4,"Shuriken":8,"Burning Blood":0,"Unceasing Top":6,"Mercury Hourglass":9},{"SsserpentHead":3,"Shuriken":7,"Burning Blood":0,"Unceasing Top":5,"Mercury Hourglass":7},{"SsserpentHead":8,"Shuriken":25,"Burning Blood":0,"Unceasing Top":18,"Mercury Hourglass":25}],"Burning Blood":41,"Unceasing Top":[0],"Mercury Hourglass":[3]},"card_choices":[{"not_picked":["Infernal Blade","Armaments"],"picked":"Clothesline","floor":1},{"not_picked":["Second Wind","Thunderclap"],"picked":"Reckless Charge","floor":2},{"not_picked":["Evolve","Iron Wave","Perfected Strike"],"picked":"SKIP","floor":3},{"not_picked":["Body Slam","Clash"],"picked":"Hemokinesis","floor":5},{"not_picked":["Entrench","Dual Wield","Warcry"],"picked":"SKIP","floor":6},{"not_picked":["Spot Weakness","Havoc"],"picked":"Immolate","floor":7},{"not_picked":["Bloodletting","Cleave"],"picked":"Seeing Red","floor":8}],"player_experience":1237855,"relics_obtained":[{"floor":6,"key":"Unceasing Top"},{"floor":8,"key":"Shuriken"},{"floor":9,"key":"Mercury Hourglass"}],"event_choices":[{"damage_healed":0,"gold_gain":0,"player_choice":"Trade","damage_taken":0,"relics_obtained":["SsserpentHead"],"max_hp_gain":0,"max_hp_loss":0,"event_name":"FaceTrader","floor":4,"gold_loss":0},{"damage_healed":0,"gold_gain":0,"player_choice":"Searched \u00271\u0027 times","damage_taken":0,"max_hp_gain":0,"max_hp_loss":0,"event_name":"Dead Adventurer","floor":8,"gold_loss":0}],"is_beta":false,"boss_relics":[],"items_purged_floors":[],"is_endless":false,"potions_floor_spawned":[1,8],"killed_by":"Lagavulin","ascension_level":0}}