{"host":"rolltorest","time":1610508702,"event":{"mods":["BaseMod","Minty Spire (QoL Compilation)","Relic Stats","Slay the Relics Exporter","StSLib","The Bladedancer"],"gold_per_floor":[113,60,210,210,285,285,314,331,355,373,408,19,36,70,70,144,144,160,179,179,189,189,222,222,236,236,236,265,279,41,51,51,127,127,145,145,156,203,53,53,78,78,130,158,172,198,217,217,217,217,217,217,38,70,70],"floor_reached":56,"language":"ENG","playtime":2296,"items_purged":["blademaster:Strike","Decay"],"score":2664,"play_id":"fdc34463-04b9-4d09-b4a4-339a752a0012","local_time":"20210112193142","is_ascension_mode":true,"campfire_choices":[{"data":"blademaster:RagingBlow","floor":6,"key":"SMITH"},{"data":"blademaster:Cut","floor":15,"key":"SMITH"},{"data":"blademaster:ThunderSlash","floor":24,"key":"SMITH"},{"data":"blademaster:EyeOfTheStorm","floor":27,"key":"SMITH"},{"data":"blademaster:FlockOfBlades","floor":32,"key":"SMITH"},{"floor":40,"key":"REST"},{"data":"blademaster:Blockade","floor":42,"key":"SMITH"},{"floor":49,"key":"RECALL"},{"data":"blademaster:ColdBlood","floor":52,"key":"SMITH"}],"circlet_count":0,"master_deck":["AscendersBane","blademaster:Strike+1","blademaster:Strike","blademaster:Strike+1","blademaster:Defend","blademaster:Defend","blademaster:Defend","blademaster:Defend","blademaster:RagingBlow+1","blademaster:HighVoltage","blademaster:ThunderingOpener","blademaster:Cut+1","blademaster:EyeOfTheStorm+1","blademaster:DaggerAndCloak","blademaster:Gust+1","blademaster:DaggerAndCloak+1","blademaster:ChargingUp+1","blademaster:DaggerAndCloak+1","blademaster:ColdBlood+1","blademaster:FuriousStrike","blademaster:Sharpen+1","RitualDagger","blademaster:CombatPrep+1","blademaster:HighVoltage+1","blademaster:ThunderSlash+1","blademaster:Blockade+1","blademaster:FlockOfBlades+1","blademaster:Safeguard+1","blademaster:FlockOfBlades","blademaster:Cut","blademaster:CombatPrep+1","blademaster:DragonStrike+1","blademaster:Flurry+1","blademaster:KiBarrier+1","blademaster:BladeMastery+1","blademaster:Flurry+1","blademaster:AwakeningDefend+1","blademaster:SlyStabs+1","blademaster:SlyStabs+1"],"relics":["blademaster:DancersAmulet","NeowsBlessing","Gremlin Horn","Whetstone","Toxic Egg 2","Bronze Scales","Medical Kit","Bottled Flame","Philosopher\u0027s Stone","Ornamental Fan","Torii","Blood Vial","Nunchaku","Cursed Key","TungstenRod","PreservedInsect","The Courier","Sundial","TheAbacus","Du-Vu Doll"],"acts_visited":["Exordium","TheCity","TheBeyond","TheEnding"],"potions_floor_usage":[55,55],"damage_taken":[{"damage":0,"enemies":"2 Louse","floor":1,"turns":1},{"damage":0,"enemies":"3 Sentries","floor":7,"turns":1},{"damage":0,"enemies":"Jaw Worm","floor":8,"turns":1},{"damage":5,"enemies":"Small Slimes","floor":10,"turns":2},{"damage":31,"enemies":"Gremlin Nob","floor":11,"turns":4},{"damage":0,"enemies":"2 Fungi Beasts","floor":13,"turns":2},{"damage":0,"enemies":"3 Sentries","floor":14,"turns":9},{"damage":0,"enemies":"Hexaghost","floor":16,"turns":6},{"damage":0,"enemies":"2 Thieves","floor":18,"turns":2},{"damage":0,"enemies":"3 Byrds","floor":19,"turns":3},{"damage":0,"enemies":"Centurion and Healer","floor":21,"turns":5},{"damage":0,"enemies":"Gremlin Leader","floor":23,"turns":7},{"damage":0,"enemies":"Chosen and Byrds","floor":25,"turns":2},{"damage":1,"enemies":"Book of Stabbing","floor":28,"turns":3},{"damage":1,"enemies":"Snake Plant","floor":29,"turns":3},{"damage":0,"enemies":"Centurion and Healer","floor":31,"turns":5},{"damage":31,"enemies":"Collector","floor":33,"turns":4},{"damage":0,"enemies":"3 Shapes","floor":35,"turns":3},{"damage":0,"enemies":"3 Darklings","floor":37,"turns":3},{"damage":50,"enemies":"2 Orb Walkers","floor":38,"turns":4},{"damage":5,"enemies":"Nemesis","floor":41,"turns":5},{"damage":0,"enemies":"Giant Head","floor":44,"turns":5},{"damage":0,"enemies":"Transient","floor":45,"turns":6},{"damage":0,"enemies":"Nemesis","floor":46,"turns":5},{"damage":0,"enemies":"4 Shapes","floor":47,"turns":2},{"damage":10,"enemies":"Donu and Deca","floor":50,"turns":6},{"damage":10,"enemies":"Shield and Spear","floor":54,"turns":5},{"damage":0,"enemies":"The Heart","floor":55,"turns":6}],"seed_played":"6700123069034527631","potions_obtained":[{"floor":7,"key":"EssenceOfSteel"},{"floor":11,"key":"Ancient Potion"},{"floor":13,"key":"Regen Potion"},{"floor":33,"key":"DuplicationPotion"}],"is_trial":false,"path_per_floor":["M","$","?","?","?","R","E","M","T","M","E","$","M","E","R","B",null,"M","M","?","M","?","E","R","M","T","R","E","M","$","M","R","B",null,"M","?","M","?","$","R","E","R","T","E","M","E","M","?","R","B",null,"R","$","E","B",null],"character_chosen":"THE_BLADEMASTER","items_purchased":["blademaster:Cut","Bronze Scales","Medical Kit","blademaster:DaggerAndCloak+1","Nunchaku","blademaster:Flurry+1","TheAbacus","blademaster:SlyStabs+1"],"campfire_rested":1,"item_purchase_floors":[2,12,12,12,30,39,53,53],"current_hp_per_floor":[64,64,64,64,53,53,53,59,59,60,35,35,41,47,47,53,67,71,71,65,71,71,71,71,71,71,71,71,71,71,71,71,46,65,71,71,71,27,27,48,51,51,51,59,67,71,71,71,71,67,70,70,70,67,71],"gold":70,"neow_bonus":"THREE_ENEMY_KILL","is_daily":false,"chose_seed":false,"campfire_upgraded":7,"win_rate":0.0,"timestamp":1610508702,"path_taken":["M","$","?","?","?","R","E","M","T","M","E","$","M","E","R","BOSS","M","M","?","M","?","E","R","?","T","R","E","M","$","M","R","BOSS","M","?","?","?","$","R","E","R","T","E","M","E","M","?","R","BOSS","R","$","E","BOSS"],"items_purchased_type":["Card","Relic","Relic","Card","Relic","Card","Relic","Card"],"build_version":"2020-12-18","purchased_purges":2,"victory":true,"max_hp_per_floor":[71,71,71,71,71,71,71,71,71,71,71,71,71,71,71,71,71,71,71,71,71,71,71,71,71,71,71,71,71,71,71,71,71,71,71,71,71,71,71,71,71,71,71,71,71,71,71,71,71,71,71,71,71,71,71],"relic_stats":{"Gremlin Horn":[26,26],"Torii":18,"counters":[28,110],"PreservedInsect":257,"Whetstone":["blademaster:Strike","blademaster:Strike"],"Medical Kit":[31],"Cursed Key":1,"Blood Vial":13,"Nunchaku":[26],"TheAbacus":[12],"Ornamental Fan":[308],"Sundial":[2],"Bronze Scales":[328],"obtain_stats":[{"Gremlin Horn":7,"Torii":26,"blademaster:BonusFuryPerk":11,"Whetstone":9,"Cursed Key":34,"Blood Vial":28,"Nunchaku":30,"TheAbacus":53,"Sundial":46,"Philosopher\u0027s Stone":17,"blademaster:LightningChargePerk":46,"blademaster:ComboEveryTurnPerk":23,"blademaster:DextrousPerk":28,"Toxic Egg 2":11,"blademaster:BleedingLaceratePerk":14,"NeowsBlessing":0,"blademaster:BonusComboPerk":38,"blademaster:StrongPerk":41,"PreservedInsect":41,"The Courier":44,"blademaster:RandomBladePerk":44,"Medical Kit":12,"Du-Vu Doll":54,"Bottled Flame":14,"Ornamental Fan":23,"Bronze Scales":12,"blademaster:BleedingMoreDamagePerk":54,"blademaster:StanceHealPerk":7,"blademaster:DancersAmulet":0,"TungstenRod":38},{"Gremlin Horn":2,"Torii":13,"blademaster:BonusFuryPerk":5,"Whetstone":3,"Cursed Key":17,"Blood Vial":14,"Nunchaku":15,"TheAbacus":26,"Sundial":24,"Philosopher\u0027s Stone":8,"blademaster:LightningChargePerk":24,"blademaster:ComboEveryTurnPerk":12,"blademaster:DextrousPerk":14,"Toxic Egg 2":5,"blademaster:BleedingLaceratePerk":7,"NeowsBlessing":0,"blademaster:BonusComboPerk":20,"blademaster:StrongPerk":21,"PreservedInsect":21,"The Courier":22,"blademaster:RandomBladePerk":22,"Medical Kit":5,"Du-Vu Doll":27,"Bottled Flame":7,"Ornamental Fan":12,"Bronze Scales":5,"blademaster:BleedingMoreDamagePerk":27,"blademaster:StanceHealPerk":2,"blademaster:DancersAmulet":0,"TungstenRod":20},{"Gremlin Horn":2,"Torii":45,"blademaster:BonusFuryPerk":9,"Whetstone":3,"Cursed Key":60,"Blood Vial":48,"Nunchaku":51,"TheAbacus":99,"Sundial":91,"Philosopher\u0027s Stone":26,"blademaster:LightningChargePerk":91,"blademaster:ComboEveryTurnPerk":43,"blademaster:DextrousPerk":48,"Toxic Egg 2":9,"blademaster:BleedingLaceratePerk":20,"NeowsBlessing":0,"blademaster:BonusComboPerk":70,"blademaster:StrongPerk":75,"PreservedInsect":75,"The Courier":80,"blademaster:RandomBladePerk":80,"Medical Kit":9,"Du-Vu Doll":104,"Bottled Flame":20,"Ornamental Fan":43,"Bronze Scales":9,"blademaster:BleedingMoreDamagePerk":104,"blademaster:StanceHealPerk":2,"blademaster:DancersAmulet":0,"TungstenRod":70}],"TungstenRod":12},"card_choices":[{"not_picked":["blademaster:AspectOfLightning","blademaster:Slice"],"picked":"blademaster:ThunderingOpener","floor":1},{"not_picked":["blademaster:AspectOfLightning","blademaster:AspectOfWind","blademaster:Sharpen"],"picked":"SKIP","floor":7},{"not_picked":["blademaster:WindSlash","blademaster:SharpBlades"],"picked":"blademaster:EyeOfTheStorm","floor":8},{"not_picked":["blademaster:BloodyBlow","blademaster:AirSlash"],"picked":"blademaster:DaggerAndCloak","floor":10},{"not_picked":["blademaster:AspectOfWind+1","blademaster:AspectOfLightning+1"],"picked":"blademaster:Gust+1","floor":11},{"not_picked":["blademaster:AwakeningDefend+1","blademaster:WindSlash"],"picked":"blademaster:ChargingUp+1","floor":13},{"not_picked":["blademaster:Vortex","blademaster:Stormstrike"],"picked":"blademaster:DaggerAndCloak+1","floor":14},{"not_picked":["blademaster:UnrelentingWind+1","blademaster:HighVoltage+1"],"picked":"blademaster:ColdBlood","floor":16},{"not_picked":["blademaster:Hailwind","blademaster:WindSlash"],"picked":"blademaster:FuriousStrike","floor":18},{"not_picked":["blademaster:AwakeningDefend+1","blademaster:AspectOfLightning+1"],"picked":"blademaster:Sharpen+1","floor":19},{"not_picked":["blademaster:ParryingStrike","blademaster:Meditate"],"picked":"blademaster:CombatPrep+1","floor":21},{"not_picked":["blademaster:Stormstrike","blademaster:AspectOfLightning+1"],"picked":"blademaster:ThunderSlash","floor":23},{"not_picked":["blademaster:Frontflip+1","blademaster:Sharpen+1"],"picked":"blademaster:Blockade","floor":25},{"not_picked":["blademaster:Momentum","blademaster:ChargingUp+1"],"picked":"blademaster:FlockOfBlades","floor":28},{"not_picked":["blademaster:AspectOfWind+1","blademaster:Meditate","blademaster:Stability"],"picked":"SKIP","floor":29},{"not_picked":["blademaster:DaggerAndCloak+1","blademaster:Vortex"],"picked":"blademaster:Safeguard+1","floor":31},{"not_picked":["blademaster:UnrelentingWind+1","blademaster:HighVoltage+1"],"picked":"blademaster:FlockOfBlades","floor":33},{"not_picked":["blademaster:ChargingUp+1","blademaster:AirSlash"],"picked":"blademaster:Cut","floor":35},{"not_picked":["blademaster:AspectOfWind+1","blademaster:FuriousStrike"],"picked":"blademaster:CombatPrep+1","floor":37},{"not_picked":["blademaster:Frenzy","blademaster:ChargingUp+1"],"picked":"blademaster:DragonStrike+1","floor":38},{"not_picked":["blademaster:BladeCross","blademaster:Vortex"],"picked":"blademaster:KiBarrier+1","floor":41},{"not_picked":["blademaster:Slice","blademaster:SlyStabs+1"],"picked":"blademaster:BladeMastery+1","floor":44},{"not_picked":["blademaster:AncestralHealing+1","blademaster:Frontflip+1"],"picked":"blademaster:Flurry+1","floor":45},{"not_picked":["blademaster:Vortex","blademaster:AirSlash"],"picked":"blademaster:AwakeningDefend+1","floor":46},{"not_picked":["blademaster:Stability","blademaster:DragonStrike+1","blademaster:Momentum+1"],"picked":"SKIP","floor":47},{"not_picked":["blademaster:BladeMastery+1","blademaster:ChargingUp+1"],"picked":"blademaster:SlyStabs+1","floor":54}],"player_experience":1768580,"relics_obtained":[{"floor":7,"key":"Gremlin Horn"},{"floor":7,"key":"blademaster:StanceHealPerk"},{"floor":9,"key":"Whetstone"},{"floor":11,"key":"Toxic Egg 2"},{"floor":11,"key":"blademaster:BonusFuryPerk"},{"floor":14,"key":"blademaster:BleedingLaceratePerk"},{"floor":14,"key":"Bottled Flame"},{"floor":23,"key":"Ornamental Fan"},{"floor":23,"key":"blademaster:ComboEveryTurnPerk"},{"floor":26,"key":"Torii"},{"floor":28,"key":"Blood Vial"},{"floor":28,"key":"blademaster:DextrousPerk"},{"floor":38,"key":"TungstenRod"},{"floor":38,"key":"blademaster:BonusComboPerk"},{"floor":41,"key":"PreservedInsect"},{"floor":41,"key":"blademaster:StrongPerk"},{"floor":44,"key":"The Courier"},{"floor":44,"key":"blademaster:RandomBladePerk"},{"floor":46,"key":"Sundial"},{"floor":46,"key":"blademaster:LightningChargePerk"},{"floor":54,"key":"Du-Vu Doll"},{"floor":54,"key":"blademaster:BleedingMoreDamagePerk"}],"event_choices":[{"damage_healed":0,"gold_gain":150,"player_choice":"AGREE","damage_taken":0,"max_hp_gain":0,"max_hp_loss":0,"event_name":"Liars Game","floor":3,"gold_loss":0,"cards_obtained":["Doubt"]},{"cards_removed":["Doubt"],"damage_healed":0,"gold_gain":0,"player_choice":"Forget","damage_taken":0,"max_hp_gain":0,"max_hp_loss":0,"event_name":"Living Wall","floor":4,"gold_loss":0},{"damage_healed":0,"gold_gain":75,"player_choice":"Gather Gold","damage_taken":11,"max_hp_gain":0,"max_hp_loss":0,"event_name":"World of Goop","floor":5,"gold_loss":0},{"damage_healed":0,"gold_gain":0,"player_choice":"Joined the Cult","damage_taken":6,"max_hp_gain":0,"max_hp_loss":0,"event_name":"Nest","floor":20,"gold_loss":0,"cards_obtained":["RitualDagger"]},{"damage_healed":0,"gold_gain":0,"player_choice":"Read","damage_taken":0,"max_hp_gain":0,"max_hp_loss":0,"event_name":"The Library","floor":22,"gold_loss":0,"cards_obtained":["blademaster:HighVoltage"]},{"damage_healed":0,"gold_gain":0,"player_choice":"Cursed","damage_taken":0,"max_hp_gain":0,"max_hp_loss":0,"event_name":"Wheel of Change","floor":36,"gold_loss":0,"cards_obtained":["Decay"]},{"damage_healed":0,"gold_gain":0,"player_choice":"Fight","damage_taken":0,"max_hp_gain":0,"max_hp_loss":0,"event_name":"Mysterious Sphere","floor":38,"gold_loss":0},{"cards_removed":["Shame"],"damage_healed":0,"gold_gain":0,"player_choice":"Removed Curses","damage_taken":0,"max_hp_gain":0,"max_hp_loss":0,"event_name":"Fountain of Cleansing","floor":48,"gold_loss":0}],"is_beta":true,"boss_relics":[{"not_picked":["SacredBark","Pandora\u0027s Box"],"picked":"Philosopher\u0027s Stone"},{"not_picked":["Black Star","Astrolabe"],"picked":"Cursed Key"}],"items_purged_floors":[30,39],"is_endless":false,"potions_floor_spawned":[7,11,13,23,25,31,33,37,38,44,47,54],"ascension_level":18}}