{"host":"ecaj4hn004xnnrw9","time":1610492522,"event":{"mods":["AchievementEnabler","BaseMod","Better Third Choice","Hermit","Hubris","Infinite Spire","Jorbs\u0027s Wanderer Trilogy","Minty Spire (QoL Compilation)","Quick Restart","Shop Mod","StSLib","The Construct","The Jungle","The Runesmith"],"gold_per_floor":[119,137,147,159,171,171,200,200,274,33,33,33,53,78,78,174,174,192,192,212,212,227,227,239,251,251,268,268,294,294,310,310,415,415,426,103,103,51,61,94,94,129,129,139,167,181,181,195,195,195,195],"floor_reached":50,"language":"ENG","playtime":5040,"items_purged":["Defend_R","Defend_R","Strike_R"],"score":901,"play_id":"45513028-1259-4abe-b4b1-72a8db77724b","local_time":"20210112230202","is_ascension_mode":true,"campfire_choices":[{"floor":6,"key":"REST"},{"floor":8,"key":"REST"},{"data":"Burning Pact","floor":12,"key":"SMITH"},{"floor":15,"key":"REST"},{"data":"J.A.X.","floor":23,"key":"SMITH"},{"data":"Rage","floor":28,"key":"SMITH"},{"floor":30,"key":"REST"},{"data":"Rage","floor":32,"key":"SMITH"},{"data":"Dark Embrace","floor":41,"key":"SMITH"},{"floor":49,"key":"REST"}],"circlet_count":0,"master_deck":["AscendersBane","Strike_R","Strike_R","Strike_R","Strike_R","Bash","Rage+1","Dropkick","infinitespire:OneForAll","Rage+1","Clothesline","Burning Pact+1","Dark Embrace+1","Swift Strike","True Grit","hubris:StunningStrike","Headbutt","J.A.X.+1","Dropkick","Uppercut+1","hubris:DuctTapeCard","hubris:NaturalOne","infinitespire:NeuralNetwork","Rage+1","Burning Pact"],"relics":["SlaversCollar","Pocketwatch","infinitespire:FocusingShard","hubris:Icosahedron","Odd Mushroom","Busted Crown","infinitespire:Lychee Nut","hubris:CrystalStatue","infinitespire:PuzzleCube","Empty Cage","hubris:HerbalPaste","Happy Flower","hubris:IronBody","Pen Nib","hubris:DuctTape","Incense Burner"],"acts_visited":["Exordium","TheCity","TheBeyond"],"potions_floor_usage":[5,14,16,18,22,27,27,33,39,40,46,48],"damage_taken":[{"damage":6,"enemies":"Cultist","floor":1,"turns":3},{"damage":4,"enemies":"2 Louse","floor":2,"turns":3},{"damage":8,"enemies":"Small Slimes","floor":3,"turns":4},{"damage":13,"enemies":"Exordium Wildlife","floor":4,"turns":5},{"damage":14,"enemies":"Exordium Thugs","floor":5,"turns":4},{"damage":37,"enemies":"Gremlin Nob","floor":7,"turns":5},{"damage":8,"enemies":"Blue Slaver","floor":13,"turns":4},{"damage":13,"enemies":"The Mushroom Lair","floor":14,"turns":4},{"damage":13,"enemies":"The Guardian","floor":16,"turns":14},{"damage":0,"enemies":"3 Byrds","floor":18,"turns":3},{"damage":9,"enemies":"Shell Parasite","floor":20,"turns":4},{"damage":6,"enemies":"Centurion and Healer","floor":22,"turns":5},{"damage":18,"enemies":"Snake Plant","floor":24,"turns":4},{"damage":15,"enemies":"Chosen and Byrds","floor":25,"turns":4},{"damage":16,"enemies":"Snecko","floor":27,"turns":4},{"damage":26,"enemies":"Book of Stabbing","floor":29,"turns":5},{"damage":15,"enemies":"Sentry and Sphere","floor":31,"turns":3},{"damage":35,"enemies":"Automaton","floor":33,"turns":10},{"damage":44,"enemies":"3 Shapes","floor":35,"turns":5},{"damage":21,"enemies":"3 Darklings","floor":39,"turns":5},{"damage":33,"enemies":"Reptomancer","floor":40,"turns":5},{"damage":3,"enemies":"Nemesis","floor":42,"turns":4},{"damage":21,"enemies":"Writhing Mass","floor":44,"turns":4},{"damage":8,"enemies":"Nightmare","floor":45,"turns":6},{"damage":23,"enemies":"Jaw Worm Horde","floor":46,"turns":4},{"damage":9,"enemies":"Sphere and 2 Shapes","floor":48,"turns":5},{"damage":54,"enemies":"Donu and Deca","floor":50,"turns":2}],"seed_played":"-5207594244158989760","potions_obtained":[{"floor":2,"key":"LiquidBronze"},{"floor":4,"key":"Fire Potion"},{"floor":13,"key":"Explosive Potion"},{"floor":14,"key":"Energy Potion"},{"floor":20,"key":"BlessingOfTheForge"},{"floor":25,"key":"AttackPotion"},{"floor":29,"key":"FairyPotion"},{"floor":31,"key":"Fire Potion"},{"floor":33,"key":"SpeedPotion"},{"floor":42,"key":"SpeedPotion"},{"floor":45,"key":"construct:ShiftPotion"},{"floor":46,"key":"SkillPotion"}],"is_trial":false,"path_per_floor":["M","M","M","M","M","R","E","R","T","$","?","R","M","?","R","B",null,"M","AVR","M","?","M","R","M","M","T","M","R","E","R","M","R","B",null,"M","$","?","$","M","E","R","E","T","M","NM","M","?","M","R","B"],"character_chosen":"IRONCLAD","items_purchased":["Dark Embrace","Swift Strike","hubris:HerbalPaste","Regen Potion","PowerPotion"],"campfire_rested":5,"item_purchase_floors":[10,10,36,36,38],"current_hp_per_floor":[66,62,54,41,27,51,14,38,38,38,38,38,30,17,41,28,67,67,60,53,53,53,53,41,32,32,22,22,2,20,10,10,54,59,19,19,19,19,21,6,6,18,18,12,24,16,16,25,43,0,0],"gold":195,"neow_bonus":"BOSS_RELIC","is_daily":false,"chose_seed":false,"campfire_upgraded":5,"win_rate":0.0,"timestamp":1610492522,"path_taken":["M","M","M","M","M","R","E","R","T","$","?","R","M","?","R","BOSS","M","AVR","M","?","M","R","M","M","T","M","R","E","R","M","R","BOSS","M","$","?","?","M","E","R","E","T","M","NM","M","?","M","R","BOSS"],"items_purchased_type":["Card","Card","Relic","Potion","Potion"],"build_version":"2020-12-22","purchased_purges":3,"victory":false,"max_hp_per_floor":[80,80,80,80,80,80,80,80,80,80,80,80,80,80,80,80,80,80,60,60,60,60,60,60,60,60,60,60,60,60,60,60,60,60,60,60,60,60,60,60,60,60,60,60,60,60,60,60,60,60,60],"card_choices":[{"not_picked":["Armaments","Sword Boomerang"],"picked":"Rage","floor":1},{"not_picked":["Wild Strike","Iron Wave"],"picked":"Dropkick","floor":2},{"not_picked":["Shrug It Off","Cleave"],"picked":"infinitespire:OneForAll","floor":3},{"not_picked":["Clash","Perfected Strike"],"picked":"Rage","floor":4},{"not_picked":["Warcry","Dual Wield"],"picked":"Clothesline","floor":5},{"not_picked":["Twin Strike","Thunderclap"],"picked":"Burning Pact","floor":7},{"not_picked":["Armaments","Twin Strike"],"picked":"True Grit","floor":13},{"not_picked":["Thunderclap","Twin Strike"],"picked":"hubris:StunningStrike","floor":14},{"not_picked":["Cleave"],"picked":"SKIP","floor":18},{"not_picked":[],"picked":"Headbutt","floor":20},{"not_picked":["Anger"],"picked":"SKIP","floor":22},{"not_picked":[],"picked":"Dropkick","floor":24},{"not_picked":["Armaments"],"picked":"SKIP","floor":25},{"not_picked":["Shrug It Off+1"],"picked":"SKIP","floor":27},{"not_picked":[],"picked":"Havoc+1","floor":29},{"not_picked":["Second Wind"],"picked":"SKIP","floor":31},{"not_picked":["Dark Embrace"],"picked":"SKIP","floor":35},{"not_picked":["Wild Strike+1"],"picked":"SKIP","floor":39},{"not_picked":[],"picked":"Uppercut+1","floor":40},{"not_picked":["Intimidate+1"],"picked":"SKIP","floor":42},{"not_picked":["hubris:ReadiedAction+1"],"picked":"SKIP","floor":44},{"not_picked":["infinitespire:Gouge","infinitespire:FutureSight"],"picked":"infinitespire:NeuralNetwork","floor":45},{"not_picked":["Armaments+1"],"picked":"SKIP","floor":45},{"not_picked":["Twin Strike+1"],"picked":"SKIP","floor":46},{"not_picked":[],"picked":"Burning Pact","floor":48}],"player_experience":299119,"relics_obtained":[{"floor":7,"key":"Pocketwatch"},{"floor":9,"key":"infinitespire:FocusingShard"},{"floor":14,"key":"Odd Mushroom"},{"floor":26,"key":"hubris:CrystalStatue"},{"floor":29,"key":"infinitespire:PuzzleCube"},{"floor":40,"key":"hubris:IronBody"},{"floor":42,"key":"Pen Nib"},{"floor":43,"key":"hubris:DuctTape"},{"floor":45,"key":"Incense Burner"}],"event_choices":[{"damage_healed":0,"gold_gain":0,"player_choice":"Fought Mushrooms","damage_taken":0,"max_hp_gain":0,"max_hp_loss":0,"event_name":"Mushrooms","floor":14,"gold_loss":0},{"damage_healed":0,"gold_gain":0,"player_choice":"Obtain J.A.X.","damage_taken":0,"max_hp_gain":0,"max_hp_loss":0,"event_name":"Drug Dealer","floor":21,"gold_loss":0,"cards_obtained":["J.A.X."]},{"damage_healed":0,"gold_gain":0,"player_choice":"Gave Potion","damage_taken":0,"relics_obtained":["Happy Flower"],"max_hp_gain":0,"max_hp_loss":0,"event_name":"WeMeetAgain","floor":37,"gold_loss":0},{"damage_healed":0,"gold_gain":0,"player_choice":"Copied","damage_taken":0,"max_hp_gain":0,"max_hp_loss":0,"event_name":"Duplicator","floor":47,"gold_loss":0,"cards_obtained":["Rage"]}],"is_beta":false,"boss_relics":[{"not_picked":["Runic Dome","Philosopher\u0027s Stone"],"picked":"Busted Crown"},{"not_picked":["hubris:Stopwatch","Pandora\u0027s Box"],"picked":"Empty Cage"}],"items_purged_floors":[10,19,36],"is_endless":true,"potions_floor_spawned":[2,4,13,14,20,25,29,31,33,42,45,46],"killed_by":"Donu and Deca","ascension_level":11}}