{"host":"52lujqhsyicpcskq","time":1610532831,"event":{"mods":["BaseMod","Colored Map","DeckTracker","Minty Spire (QoL Compilation)","Permanent Neow","StSLib","SuperFastMode","everything is the same but u backflip on backflip"],"gold_per_floor":[117,117,117,117,192,192,233,233,260,283,323,339,339,357,357,487,487,506,547,568,667,667,667,691,691,691,691,472,487,508,549,549,670,670,695,758,772,994,994,619,619,685,685,685,719,739,739,739],"floor_reached":47,"language":"KOR","playtime":1920,"items_purged":["Strike_R","Berserk"],"score":792,"play_id":"bf326b41-8ad1-4a1e-b7ce-94e7f7a01802","local_time":"20210113191351","is_ascension_mode":true,"campfire_choices":[{"data":"Anger","floor":6,"key":"SMITH"},{"data":"Havoc","floor":8,"key":"SMITH"},{"data":"Wild Strike","floor":13,"key":"SMITH"},{"data":"Bash","floor":15,"key":"SMITH"},{"data":"Reaper","floor":23,"key":"SMITH"},{"data":"Sword Boomerang","floor":25,"key":"SMITH"},{"data":"Battle Trance","floor":27,"key":"SMITH"},{"data":"Inflame","floor":32,"key":"SMITH"},{"data":"Rage","floor":41,"key":"SMITH"},{"floor":44,"key":"REST"}],"circlet_count":0,"master_deck":["Anger+1","Battle Trance+1","Havoc+1","Flex","Wild Strike+1","Spot Weakness","Reaper+1","Sword Boomerang+1","Feed","Shrug It Off+1","Flex","Inflame+1","Inflame+1","Offering","Cleave","Dark Embrace","Body Slam","Rage+1","Seeing Red","Fiend Fire","Clash","Heavy Blade+1","Wild Strike+1","Infernal Blade+1","Sword Boomerang","Flame Barrier","Juggernaut","Pummel+1"],"relics":["Burning Blood","Golden Idol","HornCleat","Sundial","Happy Flower","FossilizedHelix","Sozu","Red Mask","Art of War","ClockworkSouvenir","Bag of Preparation","Pandora\u0027s Box","Gambling Chip","Regal Pillow","Girya","The Courier","Bottled Lightning"],"acts_visited":["Exordium","TheCity","TheBeyond"],"potions_floor_usage":[16,24,30],"damage_taken":[{"damage":9,"enemies":"Jaw Worm","floor":1,"turns":3},{"damage":0,"enemies":"Gremlin Nob","floor":7,"turns":3},{"damage":8,"enemies":"2 Louse","floor":10,"turns":2},{"damage":25,"enemies":"3 Sentries","floor":11,"turns":9},{"damage":0,"enemies":"Small Slimes","floor":12,"turns":2},{"damage":0,"enemies":"Blue Slaver","floor":14,"turns":3},{"damage":19,"enemies":"Hexaghost","floor":16,"turns":7},{"damage":11,"enemies":"Spheric Guardian","floor":18,"turns":4},{"damage":25,"enemies":"Masked Bandits","floor":19,"turns":5},{"damage":0,"enemies":"Chosen","floor":20,"turns":3},{"damage":22,"enemies":"Snake Plant","floor":24,"turns":4},{"damage":0,"enemies":"Centurion and Healer","floor":29,"turns":4},{"damage":3,"enemies":"3 Cultists","floor":30,"turns":5},{"damage":33,"enemies":"Slavers","floor":31,"turns":5},{"damage":62,"enemies":"Collector","floor":33,"turns":7},{"damage":2,"enemies":"Orb Walker","floor":35,"turns":2},{"damage":34,"enemies":"Mind Bloom Boss Battle","floor":36,"turns":3},{"damage":0,"enemies":"3 Darklings","floor":37,"turns":3},{"damage":38,"enemies":"2 Orb Walkers","floor":42,"turns":4},{"damage":16,"enemies":"Nemesis","floor":45,"turns":3},{"damage":51,"enemies":"4 Shapes","floor":46,"turns":5},{"damage":53,"enemies":"Giant Head","floor":47,"turns":5}],"seed_played":"-3015576039810908278","potions_obtained":[{"floor":1,"key":"Explosive Potion"},{"floor":7,"key":"AttackPotion"},{"floor":12,"key":"BlessingOfTheForge"}],"is_trial":false,"path_per_floor":["M","$","?","?","?","R","E","R","T","M","E","M","R","M","R","B",null,"M","?","M","?","?","R","M","R","T","R","$","M","M","E","R","B",null,"M","?","M","?","?","$","R","?","T","R","E","M","E"],"character_chosen":"IRONCLAD","items_purchased":["ClockworkSouvenir","Regal Pillow","Sword Boomerang","Flame Barrier"],"campfire_rested":1,"item_purchase_floors":[28,40,40,40],"current_hp_per_floor":[69,69,69,66,55,55,61,61,61,59,40,46,46,52,52,39,65,69,57,69,69,69,69,60,60,60,60,60,76,80,76,76,49,75,86,58,86,86,86,86,86,54,54,86,76,34,0,0],"gold":739,"neow_bonus":"THREE_CARDS","is_daily":false,"chose_seed":false,"campfire_upgraded":9,"win_rate":0.0,"timestamp":1610532831,"path_taken":["M","$","?","?","?","R","E","R","T","M","E","M","R","M","R","BOSS","M","?","M","?","?","R","M","R","T","R","?","?","M","E","R","BOSS","M","?","M","?","?","$","R","?","T","R","E","M","E"],"items_purchased_type":["Relic","Relic","Card","Card"],"build_version":"2020-12-22","purchased_purges":2,"victory":false,"max_hp_per_floor":[80,80,74,74,74,74,74,74,74,74,74,74,74,74,74,74,74,74,74,74,74,74,74,74,74,74,74,74,77,80,83,83,83,83,86,86,86,86,86,86,86,86,86,86,86,89,89,89],"card_choices":[{"not_picked":["Clash","Clothesline"],"picked":"Anger","floor":0},{"not_picked":["Pommel Strike","Twin Strike"],"picked":"Battle Trance","floor":1},{"not_picked":["Demon Form","Perfected Strike"],"picked":"Havoc","floor":7},{"not_picked":["Armaments","Havoc"],"picked":"Flex","floor":10},{"not_picked":["Anger","Berserk","Reckless Charge"],"picked":"SKIP","floor":11},{"not_picked":["Searing Blow","Heavy Blade"],"picked":"Wild Strike","floor":12},{"not_picked":["Reckless Charge","Heavy Blade"],"picked":"Spot Weakness","floor":14},{"not_picked":["Feed","Exhume"],"picked":"Reaper","floor":16},{"not_picked":["Anger","Headbutt+1"],"picked":"Sword Boomerang","floor":18},{"not_picked":["Intimidate+1","True Grit"],"picked":"Feed","floor":19},{"not_picked":["True Grit","Havoc","Clash"],"picked":"SKIP","floor":20},{"not_picked":["Blood for Blood","Evolve"],"picked":"Shrug It Off+1","floor":24},{"not_picked":["Wild Strike","Shrug It Off"],"picked":"Flex","floor":29},{"not_picked":["Wild Strike","Dual Wield"],"picked":"Inflame+1","floor":30},{"not_picked":["Pommel Strike","Perfected Strike"],"picked":"Inflame","floor":31},{"not_picked":["Fiend Fire","Immolate"],"picked":"Offering","floor":33},{"not_picked":["Metallicize","Cleave"],"picked":"Heavy Blade+1","floor":35},{"not_picked":["Anger","Flex"],"picked":"Wild Strike+1","floor":36},{"not_picked":["Hemokinesis","Carnage+1"],"picked":"Infernal Blade+1","floor":37},{"not_picked":["Whirlwind","Sever Soul+1"],"picked":"Juggernaut","floor":42},{"not_picked":["Headbutt+1","Fire Breathing"],"picked":"Pummel+1","floor":45},{"not_picked":["Anger","Iron Wave","Cleave"],"picked":"SKIP","floor":46}],"player_experience":677967,"relics_obtained":[{"floor":7,"key":"Sundial"},{"floor":9,"key":"Happy Flower"},{"floor":11,"key":"FossilizedHelix"},{"floor":19,"key":"Red Mask"},{"floor":26,"key":"Art of War"},{"floor":31,"key":"Bag of Preparation"},{"floor":36,"key":"Gambling Chip"},{"floor":42,"key":"Girya"},{"floor":43,"key":"The Courier"},{"floor":45,"key":"Bottled Lightning"}],"event_choices":[{"damage_healed":0,"gold_gain":0,"player_choice":"Lose Max HP","damage_taken":0,"relics_obtained":["Golden Idol"],"max_hp_gain":0,"max_hp_loss":6,"event_name":"Golden Idol","floor":3,"gold_loss":0},{"damage_healed":0,"gold_gain":0,"player_choice":"Success","damage_taken":3,"relics_obtained":["HornCleat"],"max_hp_gain":0,"max_hp_loss":0,"event_name":"Scrap Ooze","floor":4,"gold_loss":0},{"damage_healed":0,"gold_gain":75,"player_choice":"Gather Gold","damage_taken":11,"max_hp_gain":0,"max_hp_loss":0,"event_name":"World of Goop","floor":5,"gold_loss":0},{"damage_healed":0,"gold_gain":0,"player_choice":"Fought Bandits","damage_taken":0,"max_hp_gain":0,"max_hp_loss":0,"event_name":"Masked Bandits","floor":19,"gold_loss":0},{"damage_healed":0,"gold_gain":99,"player_choice":"Stole From Cult","damage_taken":0,"max_hp_gain":0,"max_hp_loss":0,"event_name":"Nest","floor":21,"gold_loss":0},{"damage_healed":0,"gold_gain":0,"player_choice":"Ignored","damage_taken":0,"max_hp_gain":0,"max_hp_loss":0,"event_name":"Vampires","floor":22,"gold_loss":0},{"damage_healed":0,"gold_gain":0,"player_choice":"Fight","damage_taken":0,"max_hp_gain":0,"max_hp_loss":0,"event_name":"MindBloom","floor":36,"gold_loss":0},{"damage_healed":0,"gold_gain":222,"player_choice":"Wore Mask","damage_taken":0,"max_hp_gain":0,"max_hp_loss":0,"event_name":"Tomb of Lord Red Mask","floor":38,"gold_loss":0},{"cards_removed":["Bash"],"damage_healed":0,"gold_gain":0,"player_choice":"Removed Attack","damage_taken":0,"max_hp_gain":0,"max_hp_loss":0,"event_name":"Falling","floor":39,"gold_loss":0},{"damage_healed":0,"gold_gain":0,"player_choice":"Fight","damage_taken":0,"max_hp_gain":0,"max_hp_loss":0,"event_name":"Mysterious Sphere","floor":42,"gold_loss":0}],"is_beta":false,"boss_relics":[{"not_picked":["Snecko Eye","Cursed Key"],"picked":"Sozu"},{"not_picked":["Philosopher\u0027s Stone","Velvet Choker"],"picked":"Pandora\u0027s Box"}],"items_purged_floors":[28,40],"is_endless":false,"potions_floor_spawned":[1,7,12,18,29,30,31,36,37],"killed_by":"Giant Head","ascension_level":9}}