{"host":"roqztpbdbchtekes","time":1610571193,"event":{"mods":["A Magickal Journey","AchievementEnabler","BaseMod","Better Note","Better Third Choice","BetterRewards","Block Reminder","Colored Map","Colored Powertips","Curses Come First","DeckTracker","Minty Spire (QoL Compilation)","Relic Stats","Spicy Shops","StSLib"],"gold_per_floor":[113,288,238,65,80,80,1,32,32,44,44,44,60,90,90,192,192,204,129,44,44,44,44,72,72,72,72,84,115,115,128,128,231,231,250,14,30,83,133,133,149,182,182,214,214,214,234,268,268,268],"floor_reached":51,"language":"ENG","playtime":2934,"items_purged":["Pain","Regret"],"score":1084,"play_id":"304e3761-bd0c-44b8-b53c-55716ccf528a","local_time":"20210113215313","is_ascension_mode":true,"campfire_choices":[{"data":"Genetic Algorithm","floor":6,"key":"SMITH"},{"data":"Zap","floor":12,"key":"SMITH"},{"data":"Loop","floor":15,"key":"SMITH"},{"data":"Coolheaded","floor":23,"key":"SMITH"},{"floor":27,"key":"REST"},{"data":"Seek","floor":32,"key":"SMITH"},{"data":"Seek","floor":40,"key":"SMITH"},{"data":"Electrodynamics","floor":45,"key":"SMITH"},{"data":"Force Field","floor":49,"key":"SMITH"}],"circlet_count":0,"master_deck":["Strike_B","Strike_B","Strike_B","Strike_B","Defend_B","Defend_B","Defend_B","Defend_B","Zap+1","Dualcast","Genetic Algorithm+1","Loop+1","Doom and Gloom","Coolheaded+1","Go for the Eyes","Force Field+1","Reboot","Ball Lightning","Defragment+1","Seek+1","Leap+1","Seek+1","CurseOfTheBell","Compile Driver+1","Defragment+1","Electrodynamics+1","Loop+1","Seek","Doom and Gloom+1","Machine Learning"],"relics":["Cracked Core","NeowsBlessing","Pantograph","Mercury Hourglass","WarpedTongs","Pen Nib","Nuclear Battery","Happy Flower","Matryoshka","StrikeDummy","PreservedInsect","Calling Bell","DataDisk","Kunai","Emotion Chip","MealTicket","Vajra","CaptainsWheel","Ginger","Ornamental Fan","Lantern","The Courier","Bronze Scales","InkBottle"],"acts_visited":["Exordium","TheCity","TheBeyond"],"potions_floor_usage":[29,29,29,31,33,33,37,42,42,50],"damage_taken":[{"damage":0,"enemies":"2 Louse","floor":1,"turns":1},{"damage":0,"enemies":"Jaw Worm","floor":5,"turns":1},{"damage":0,"enemies":"Lagavulin","floor":8,"turns":3},{"damage":0,"enemies":"Cultist","floor":10,"turns":3},{"damage":8,"enemies":"Large Slime","floor":13,"turns":5},{"damage":19,"enemies":"Gremlin Nob","floor":14,"turns":4},{"damage":29,"enemies":"Hexaghost","floor":16,"turns":8},{"damage":15,"enemies":"2 Thieves","floor":18,"turns":4},{"damage":27,"enemies":"Slavers","floor":24,"turns":3},{"damage":2,"enemies":"Chosen","floor":28,"turns":3},{"damage":8,"enemies":"Book of Stabbing","floor":29,"turns":4},{"damage":1,"enemies":"Snake Plant","floor":31,"turns":3},{"damage":24,"enemies":"Automaton","floor":33,"turns":8},{"damage":0,"enemies":"Orb Walker","floor":35,"turns":3},{"damage":20,"enemies":"3 Shapes","floor":37,"turns":3},{"damage":11,"enemies":"2 Orb Walkers","floor":38,"turns":4},{"damage":0,"enemies":"Mind Bloom Boss Battle","floor":39,"turns":4},{"damage":2,"enemies":"3 Darklings","floor":41,"turns":3},{"damage":0,"enemies":"Reptomancer","floor":42,"turns":4},{"damage":6,"enemies":"Giant Head","floor":44,"turns":5},{"damage":0,"enemies":"Sphere and 2 Shapes","floor":47,"turns":4},{"damage":0,"enemies":"Reptomancer","floor":48,"turns":4},{"damage":29,"enemies":"Donu and Deca","floor":50,"turns":4}],"seed_played":"-1165816167607482678","potions_obtained":[{"floor":1,"key":"SpeedPotion"},{"floor":5,"key":"LiquidBronze"},{"floor":16,"key":"GamblersBrew"},{"floor":18,"key":"Ancient Potion"},{"floor":29,"key":"FocusPotion"},{"floor":30,"key":"Ancient Potion"},{"floor":30,"key":"PowerPotion"},{"floor":30,"key":"BlessingOfTheForge"},{"floor":33,"key":"BlessingOfTheForge"},{"floor":37,"key":"CultistPotion"},{"floor":41,"key":"SkillPotion"},{"floor":42,"key":"SteroidPotion"},{"floor":48,"key":"Swift Potion"}],"is_trial":false,"path_per_floor":["M","?","?","$","M","R","$","E","T","M","?","R","M","E","R","B",null,"M","$","?","?","?","R","E","?","T","R","M","E","?","M","R","B",null,"M","$","M","?","?","R","M","E","T","E","R","?","M","E","R","B",null],"character_chosen":"DEFECT","items_purchased":["Genetic Algorithm","Loop","Doom and Gloom","MealTicket","Vajra"],"campfire_rested":1,"item_purchase_floors":[4,4,7,36,36],"current_hp_per_floor":[75,75,75,75,75,75,75,75,75,75,75,75,67,48,48,44,67,52,52,52,52,38,38,11,11,11,35,33,25,25,24,24,25,66,66,66,46,35,60,60,58,58,58,52,52,52,52,52,52,48],"gold":268,"neow_bonus":"THREE_ENEMY_KILL","is_daily":false,"chose_seed":false,"campfire_upgraded":8,"win_rate":0.0,"timestamp":1610571193,"path_taken":["M","?","?","?","M","R","$","E","T","?","?","R","?","E","R","BOSS","M","$","?","?","?","R","E","?","T","R","M","E","?","M","R","BOSS","M","$","M","?","?","R","M","E","T","E","R","?","?","E","R","BOSS"],"items_purchased_type":["Card","Card","Card","Relic","Relic"],"build_version":"2020-12-22","purchased_purges":2,"victory":true,"max_hp_per_floor":[75,75,75,75,75,75,75,75,75,75,75,75,75,75,75,75,75,75,75,75,75,80,80,80,80,80,80,80,80,80,80,80,80,80,80,80,80,80,80,80,80,80,80,80,80,80,80,80,80,80],"relic_stats":{"Happy Flower":[19],"counters":[35,128],"Pen Nib":[12],"PreservedInsect":240,"Ginger":[3],"Mercury Hourglass":[343],"WarpedTongs":[74],"Emotion Chip":[20,8,3,5,4],"Ornamental Fan":[4],"Pantograph":100,"Bronze Scales":[27],"MealTicket":0,"Kunai":[8],"obtain_stats":[{"Lantern":43,"CeramicFish":7,"Vajra":36,"Ginger":39,"Emotion Chip":34,"Matryoshka":24,"Pantograph":8,"MealTicket":36,"WingedGreaves":13,"Kunai":34,"Toxic Egg 2":8,"Cracked Core":0,"InkBottle":48,"NeowsBlessing":0,"Happy Flower":20,"Pen Nib":14,"PreservedInsect":29,"The Courier":43,"Mercury Hourglass":9,"WarpedTongs":11,"Nuclear Battery":17,"Calling Bell":34,"DataDisk":34,"CaptainsWheel":38,"Ornamental Fan":42,"Bird Faced Urn":0,"Bronze Scales":44,"StrikeDummy":26,"Unceasing Top":6,"Meat on the Bone":9},{"Lantern":31,"CeramicFish":11,"Vajra":26,"Ginger":29,"Emotion Chip":25,"Matryoshka":21,"Pantograph":15,"MealTicket":26,"WingedGreaves":6,"Kunai":25,"Toxic Egg 2":4,"Cracked Core":0,"InkBottle":34,"NeowsBlessing":12,"Happy Flower":20,"Pen Nib":18,"PreservedInsect":23,"The Courier":31,"Mercury Hourglass":15,"WarpedTongs":16,"Nuclear Battery":19,"Calling Bell":25,"DataDisk":25,"CaptainsWheel":28,"Ornamental Fan":31,"Bird Faced Urn":0,"Bronze Scales":32,"StrikeDummy":21,"Unceasing Top":3,"Meat on the Bone":11},{"Lantern":113,"CeramicFish":43,"Vajra":96,"Ginger":107,"Emotion Chip":94,"Matryoshka":77,"Pantograph":51,"MealTicket":96,"WingedGreaves":21,"Kunai":94,"Toxic Egg 2":15,"Cracked Core":0,"InkBottle":124,"NeowsBlessing":46,"Happy Flower":74,"Pen Nib":62,"PreservedInsect":84,"The Courier":113,"Mercury Hourglass":51,"WarpedTongs":54,"Nuclear Battery":70,"Calling Bell":94,"DataDisk":94,"CaptainsWheel":103,"Ornamental Fan":113,"Bird Faced Urn":0,"Bronze Scales":118,"StrikeDummy":77,"Unceasing Top":11,"Meat on the Bone":43}],"InkBottle":[2]},"card_choices":[{"not_picked":["Lockon","Double Energy","Steam"],"picked":"SKIP","floor":1},{"not_picked":["Go for the Eyes","Steam","Rip and Tear"],"picked":"SKIP","floor":5},{"not_picked":["Sweeping Beam","Turbo"],"picked":"Coolheaded","floor":8},{"not_picked":["Consume","Leap","Coolheaded"],"picked":"SKIP","floor":10},{"not_picked":["Leap","Streamline"],"picked":"Go for the Eyes","floor":13},{"not_picked":["Hyperbeam","Turbo"],"picked":"Force Field","floor":14},{"not_picked":["Biased Cognition","Meteor Strike"],"picked":"Reboot","floor":16},{"not_picked":["BootSequence","Barrage"],"picked":"Ball Lightning","floor":18},{"not_picked":["Stack","Gash","Redo"],"picked":"SKIP","floor":24},{"not_picked":["Steam+1","Machine Learning"],"picked":"Defragment+1","floor":28},{"not_picked":["Hologram","Thunder Strike"],"picked":"Seek","floor":29},{"not_picked":["Steam","Ball Lightning"],"picked":"Leap+1","floor":31},{"not_picked":["Multi-Cast","Thunder Strike"],"picked":"Seek","floor":33},{"not_picked":["Auto Shields","Rip and Tear+1"],"picked":"Compile Driver+1","floor":35},{"not_picked":["Go for the Eyes+1","Gash","Blizzard"],"picked":"SKIP","floor":37},{"not_picked":["Stack","Hologram"],"picked":"Defragment+1","floor":38},{"not_picked":["Stack+1","Turbo+1"],"picked":"Electrodynamics","floor":39},{"not_picked":["Hello World","Redo"],"picked":"Loop+1","floor":41},{"not_picked":["Steam+1","Darkness","Conserve Battery+1"],"picked":"SKIP","floor":42},{"not_picked":["Redo+1","Conserve Battery"],"picked":"Seek","floor":44},{"not_picked":["Barrage","Conserve Battery"],"picked":"Doom and Gloom+1","floor":47},{"not_picked":["BootSequence","Streamline+1"],"picked":"Machine Learning","floor":48}],"player_experience":308795,"relics_obtained":[{"floor":8,"key":"Pantograph"},{"floor":9,"key":"Mercury Hourglass"},{"floor":14,"key":"Pen Nib"},{"floor":24,"key":"Matryoshka"},{"floor":26,"key":"StrikeDummy"},{"floor":29,"key":"PreservedInsect"},{"floor":34,"key":"DataDisk"},{"floor":34,"key":"Kunai"},{"floor":34,"key":"Emotion Chip"},{"floor":38,"key":"CaptainsWheel"},{"floor":39,"key":"Ginger"},{"floor":42,"key":"Ornamental Fan"},{"floor":43,"key":"Lantern"},{"floor":43,"key":"The Courier"},{"floor":44,"key":"Bronze Scales"},{"floor":48,"key":"InkBottle"}],"event_choices":[{"damage_healed":0,"gold_gain":175,"player_choice":"AGREE","damage_taken":113,"max_hp_gain":0,"max_hp_loss":0,"event_name":"betterThird:BetterSerpent","floor":2,"gold_loss":0},{"cards_removed":["Doubt"],"damage_healed":0,"gold_gain":0,"player_choice":"Card Removal","damage_taken":0,"max_hp_gain":0,"max_hp_loss":0,"event_name":"The Cleric","floor":3,"gold_loss":50},{"damage_healed":0,"gold_gain":0,"player_choice":"Rummage","damage_taken":0,"relics_obtained":["WarpedTongs"],"max_hp_gain":0,"max_hp_loss":0,"event_name":"Accursed Blacksmith","floor":11,"gold_loss":0,"cards_obtained":["Pain"]},{"damage_healed":0,"gold_gain":0,"player_choice":"Obtained Relic","damage_taken":0,"relics_obtained":["Happy Flower"],"max_hp_gain":0,"max_hp_loss":0,"event_name":"Addict","floor":20,"gold_loss":85},{"damage_healed":0,"gold_gain":0,"player_choice":"Ignored","damage_taken":0,"max_hp_gain":0,"max_hp_loss":0,"event_name":"The Mausoleum","floor":21,"gold_loss":0},{"damage_healed":0,"gold_gain":0,"player_choice":"Shed Blood","damage_taken":19,"max_hp_gain":5,"max_hp_loss":0,"event_name":"Forgotten Altar","floor":22,"gold_loss":0},{"damage_healed":0,"gold_gain":0,"player_choice":"Ignored","damage_taken":0,"max_hp_gain":0,"max_hp_loss":0,"event_name":"Ghosts","floor":25,"gold_loss":0},{"damage_healed":0,"gold_gain":0,"player_choice":"Got Potions","damage_taken":0,"max_hp_gain":0,"max_hp_loss":0,"event_name":"Lab","floor":30,"gold_loss":0},{"damage_healed":0,"gold_gain":0,"player_choice":"Fight","damage_taken":0,"max_hp_gain":0,"max_hp_loss":0,"event_name":"Mysterious Sphere","floor":38,"gold_loss":0},{"damage_healed":0,"gold_gain":0,"player_choice":"Fight","damage_taken":0,"max_hp_gain":0,"max_hp_loss":0,"event_name":"MindBloom","floor":39,"gold_loss":0},{"damage_healed":0,"gold_gain":0,"player_choice":"Ignored","damage_taken":0,"max_hp_gain":0,"max_hp_loss":0,"event_name":"betterThird:BetterPortal","floor":46,"gold_loss":0}],"is_beta":false,"boss_relics":[{"not_picked":["Ectoplasm","Runic Dome"],"picked":"Nuclear Battery"},{"not_picked":["Snecko Eye","Velvet Choker"],"picked":"Calling Bell"}],"items_purged_floors":[19,36],"is_endless":false,"potions_floor_spawned":[1,5,16,18,29,33,37,41,42,48],"ascension_level":5}}