{"host":"h4390p13uu6iw1q5","time":1610579384,"event":{"mods":["BaseMod","Colored Map","Minty Spire (QoL Compilation)"],"gold_per_floor":[18,18,38,58,58,58,70,99,169,169,198,212,230,250,250,346,346,366,381,381,25,25,25,25,25],"floor_reached":24,"language":"ENG","playtime":1052,"items_purged":["Defend_B"],"score":387,"play_id":"a1fd75b0-d0fc-4fb7-8432-acce033da7f8","local_time":"20210113180944","is_ascension_mode":true,"campfire_choices":[{"data":"Sunder","floor":6,"key":"SMITH"},{"floor":10,"key":"REST"},{"data":"Defragment","floor":15,"key":"SMITH"},{"floor":23,"key":"REST"}],"circlet_count":0,"master_deck":["AscendersBane","Defend_B","Defend_B","Zap+1","Dualcast","Compile Driver","Sunder+1","Barrage","Sweeping Beam","White Noise","Electrodynamics","Conserve Battery","Sweeping Beam","Defragment+1","Doom and Gloom+1","Go for the Eyes+1","Leap+1","FTL+1","Reinforced Body","Rebound"],"relics":["Cracked Core","TungstenRod","Bottled Flame","Oddly Smooth Stone","Astrolabe","InkBottle","Art of War"],"acts_visited":["Exordium","TheCity"],"potions_floor_usage":[8,12,14,16,24],"damage_taken":[{"damage":7,"enemies":"Jaw Worm","floor":1,"turns":2},{"damage":0,"enemies":"2 Louse","floor":3,"turns":1},{"damage":0,"enemies":"Cultist","floor":4,"turns":3},{"damage":7,"enemies":"3 Louse","floor":7,"turns":2},{"damage":35,"enemies":"Gremlin Nob","floor":8,"turns":4},{"damage":26,"enemies":"3 Sentries","floor":11,"turns":6},{"damage":0,"enemies":"Blue Slaver","floor":12,"turns":2},{"damage":4,"enemies":"Looter","floor":13,"turns":3},{"damage":0,"enemies":"Lots of Slimes","floor":14,"turns":2},{"damage":0,"enemies":"Slime Boss","floor":16,"turns":5},{"damage":39,"enemies":"2 Thieves","floor":18,"turns":4},{"damage":6,"enemies":"Shell Parasite","floor":19,"turns":6},{"damage":66,"enemies":"Book of Stabbing","floor":24,"turns":5}],"seed_played":"-3012165882520171279","potions_obtained":[{"floor":4,"key":"GamblersBrew"},{"floor":8,"key":"Weak Potion"},{"floor":11,"key":"Fire Potion"},{"floor":13,"key":"SpeedPotion"},{"floor":19,"key":"BlessingOfTheForge"}],"is_trial":false,"path_per_floor":["M","?","M","M","?","R","M","E","T","R","E","M","M","M","R","B",null,"M","M","?","$","?","R","E"],"character_chosen":"DEFECT","items_purchased":["Art of War","FairyPotion","Rebound"],"campfire_rested":2,"item_purchase_floors":[21,21,21],"current_hp_per_floor":[61,61,61,61,61,61,54,19,19,41,15,15,11,11,11,11,59,20,14,14,14,14,36,0,0],"gold":25,"neow_bonus":"REMOVE_TWO","is_daily":false,"chose_seed":false,"campfire_upgraded":2,"win_rate":0.0,"timestamp":1610579384,"path_taken":["M","?","M","M","?","R","M","E","T","R","E","M","M","M","R","BOSS","M","M","?","$","?","R","E"],"items_purchased_type":["Relic","Potion","Card"],"build_version":"2020-12-22","purchased_purges":1,"victory":false,"max_hp_per_floor":[75,75,75,75,75,75,75,75,75,75,75,75,75,75,75,75,75,75,75,75,75,75,75,75,75],"card_choices":[{"not_picked":["Skim","Chaos"],"picked":"Compile Driver","floor":1},{"not_picked":["Turbo","Self Repair"],"picked":"Sunder","floor":3},{"not_picked":["Steam","Redo"],"picked":"Barrage","floor":4},{"not_picked":["Barrage","Streamline"],"picked":"Sweeping Beam","floor":7},{"not_picked":["Redo","Hologram"],"picked":"White Noise","floor":8},{"not_picked":["Ball Lightning","Steam"],"picked":"Electrodynamics","floor":11},{"not_picked":["Gash","Compile Driver"],"picked":"Conserve Battery","floor":12},{"not_picked":["Steam Power","Tempest"],"picked":"Sweeping Beam","floor":13},{"not_picked":["Cold Snap","Ball Lightning"],"picked":"Defragment","floor":14},{"not_picked":["Amplify","Rainbow"],"picked":"Creative AI","floor":16},{"not_picked":["Beam Cell+1","Gash"],"picked":"FTL+1","floor":18},{"not_picked":["Hello World","Streamline"],"picked":"Reinforced Body","floor":19}],"player_experience":2450122,"relics_obtained":[{"floor":8,"key":"TungstenRod"},{"floor":9,"key":"Bottled Flame"},{"floor":11,"key":"Oddly Smooth Stone"}],"event_choices":[{"damage_healed":0,"gold_gain":0,"player_choice":"Grow","damage_taken":0,"max_hp_gain":0,"max_hp_loss":0,"event_name":"Living Wall","floor":2,"gold_loss":0,"cards_upgraded":["Zap"]},{"cards_removed":["Strike_B"],"damage_healed":0,"gold_gain":0,"player_choice":"Offered Basic","damage_taken":0,"max_hp_gain":0,"max_hp_loss":0,"event_name":"Bonfire Elementals","floor":5,"gold_loss":0},{"damage_healed":0,"gold_gain":0,"player_choice":"Opened","damage_taken":0,"relics_obtained":["InkBottle"],"max_hp_gain":0,"max_hp_loss":0,"event_name":"The Mausoleum","floor":20,"gold_loss":0}],"is_beta":false,"boss_relics":[{"not_picked":["Sozu","Runic Dome"],"picked":"Astrolabe"}],"items_purged_floors":[21],"is_endless":false,"potions_floor_spawned":[4,8,11,13,19],"killed_by":"Book of Stabbing","ascension_level":10}}