{"host":"f6w7z8zvb0mi4wy9","time":1610506472,"event":{"mods":["BaseMod","Colored Map","Minty Spire (QoL Compilation)","READ ME - Guardian Mod","StSLib","SuperFastMode","The Jungle"],"gold_per_floor":[114,129,39,39,52,52,85,104,180,280,92,121,121,135,135,232,232,248,259,270,286,56,87,87,113,113,148,58,58,58,90,90,194,194,214,1213,1223,1233,1252,1252,1283,1283,1359,1359,1393,1411,1463,1463,1463,1463],"floor_reached":51,"language":"KOR","playtime":2140,"items_purged":[],"score":933,"play_id":"022c62eb-167b-4c13-bc21-77945d3c7138","local_time":"20210113115432","is_ascension_mode":true,"campfire_choices":[{"data":"Zap","floor":6.0,"key":"SMITH"},{"data":"Defragment","floor":13.0,"key":"SMITH"},{"data":"Dualcast","floor":15.0,"key":"SMITH"},{"data":"Fusion","floor":29,"key":"SMITH"},{"data":"Fusion","floor":32,"key":"SMITH"},{"data":"Creative AI","floor":40,"key":"SMITH"},{"data":"Creative AI","floor":42,"key":"SMITH"},{"data":"Chaos","floor":44,"key":"SMITH"},{"floor":49,"key":"RECALL"}],"circlet_count":0,"master_deck":["Strike_B+1","Strike_B+1","Strike_B+1","Defend_B+1","Defend_B+1","Defend_B+1","Defend_B+1","Zap+1","Dualcast+1","Finesse","Go for the Eyes","Dramatic Entrance","Electrodynamics","Force Field","Heatsinks","FTL","Defragment+1","Tempest","FTL","Tempest","Reboot","Beam Cell+1","Coolheaded","Fusion+1","Gash+1","Core Surge","Echo Form","Fusion+1","Meteor Strike","Hologram","Creative AI+1","Go for the Eyes+1","Skim+1","White Noise","Creative AI+1","Self Repair+1","Chaos+1","Chill+1","White Noise+1","BootSequence","Go for the Eyes+1"],"relics":["Cracked Core","Prayer Wheel","Pear","Omamori","Potion Belt","Nuclear Battery","Runic Capacitor","Meat on the Bone","MealTicket","Eternal Feather","Mercury Hourglass","theJungle:ParSnip","The Courier","Inserter","Bag of Preparation","Frozen Egg 2","Molten Egg 2","Ginger"],"acts_visited":["Exordium","Exordium","TheBeyond"],"potions_floor_usage":[33,41,41,47,47,50,50,50,50],"damage_taken":[{"damage":1.0,"enemies":"2 Louse","floor":1.0,"turns":2.0},{"damage":0.0,"enemies":"Cultist","floor":2.0,"turns":3.0},{"damage":3.0,"enemies":"Jaw Worm","floor":5.0,"turns":3.0},{"damage":12.0,"enemies":"Lagavulin","floor":7.0,"turns":5.0},{"damage":5.0,"enemies":"Looter","floor":8.0,"turns":2.0},{"damage":18.0,"enemies":"3 Sentries","floor":12.0,"turns":4.0},{"damage":0.0,"enemies":"3 Louse","floor":14.0,"turns":1.0},{"damage":26.0,"enemies":"Hexaghost","floor":16.0,"turns":7.0},{"damage":4.0,"enemies":"theJungle:GiantWrat","floor":18.0,"turns":3.0},{"damage":12.0,"enemies":"Shell Parasite","floor":19.0,"turns":2.0},{"damage":0.0,"enemies":"theJungle:2_Snecko_Cultists","floor":20.0,"turns":2.0},{"damage":0.0,"enemies":"theJungle:Lyon","floor":21.0,"turns":3.0},{"damage":28.0,"enemies":"theJungle:2_Phrogs","floor":23.0,"turns":3.0},{"damage":26.0,"enemies":"theJungle:MamaSnecko","floor":25.0,"turns":5.0},{"damage":0.0,"enemies":"theJungle:2_Phrogs","floor":27.0,"turns":6.0},{"damage":6,"enemies":"theJungle:Cassacara","floor":31,"turns":5},{"damage":8,"enemies":"theJungle:QueenSpyder","floor":33,"turns":10},{"damage":22,"enemies":"3 Darklings","floor":35,"turns":4},{"damage":7,"enemies":"Orb Walker","floor":37,"turns":2},{"damage":15,"enemies":"Maw","floor":38,"turns":6},{"damage":6,"enemies":"Spire Growth","floor":39,"turns":6},{"damage":68,"enemies":"Reptomancer","floor":41,"turns":5},{"damage":17,"enemies":"Nemesis","floor":45,"turns":6},{"damage":22,"enemies":"Writhing Mass","floor":46,"turns":5},{"damage":0,"enemies":"2 Orb Walkers","floor":47,"turns":4},{"damage":21,"enemies":"Awakened One","floor":50,"turns":8}],"seed_played":"4214602741662217618","potions_obtained":[{"floor":1.0,"key":"SneckoOil"},{"floor":5.0,"key":"LiquidBronze"},{"floor":12.0,"key":"DuplicationPotion"},{"floor":16.0,"key":"PowerPotion"},{"floor":20.0,"key":"Block Potion"},{"floor":25.0,"key":"Swift Potion"},{"floor":31,"key":"Dexterity Potion"},{"floor":35,"key":"FearPotion"},{"floor":37,"key":"SneckoOil"},{"floor":41,"key":"EssenceOfSteel"},{"floor":46,"key":"ColorlessPotion"},{"floor":47,"key":"PowerPotion"}],"is_trial":false,"path_per_floor":["M","M","$","?","M","R","E","M","T","?","$","E","R","M","R","B",null,"M","M","M","M","$","E","?","E","T","E","?","R","?","E","R","B",null,"M","?","M","M","M","R","E","R","T","R","E","M","?","?","R","B",null],"character_chosen":"DEFECT","items_purchased":["Dramatic Entrance","Defragment","Omamori","Runic Capacitor","Core Surge"],"campfire_rested":0,"item_purchase_floors":[3,11,11,22,22],"current_hp_per_floor":[74,74,74,74,71,71,59,54,64,64,64,46,46,46,46,20,85,81,69,69,69,69,41,33,20,20,36,36,54,54,48,66,59,85,63,63,56,53,47,68,13,34,34,55,50,50,50,50,74,73],"gold":1463,"neow_bonus":"RANDOM_COLORLESS","is_daily":false,"chose_seed":false,"campfire_upgraded":8,"win_rate":0.0,"timestamp":1610506472,"path_taken":["M","M","$","?","?","R","E","M","T","?","?","E","R","M","R","BOSS","M","M","M","M","$","E","?","E","T","E","?","R","?","E","R","BOSS","M","?","M","M","M","R","E","R","T","R","E","M","?","?","R","BOSS"],"items_purchased_type":["Card","Card","Relic","Relic","Card"],"build_version":"2020-12-22","purchased_purges":0,"victory":true,"max_hp_per_floor":[75,75,75,75,75,75,75,75,85,85,85,85,85,85,85,85,85,85,85,85,85,85,85,85,85,85,85,85,85,85,85,85,85,85,85,85,85,85,85,85,85,85,85,85,85,85,85,85,85,85],"card_choices":[{"not_picked":["Good Instincts","Panacea"],"picked":"Finesse","floor":0.0},{"not_picked":["Rebound","Cold Snap"],"picked":"Sweeping Beam","floor":1.0},{"not_picked":["Conserve Battery","Stack"],"picked":"Go for the Eyes","floor":2.0},{"not_picked":["Redo","Go for the Eyes"],"picked":"Electrodynamics","floor":5.0},{"not_picked":["Double Energy","Leap"],"picked":"Force Field","floor":7.0},{"not_picked":["Stack","Leap"],"picked":"Heatsinks","floor":8.0},{"not_picked":["Consume","Auto Shields","FTL"],"picked":"SKIP","floor":8.0},{"not_picked":["Consume","Auto Shields"],"picked":"FTL","floor":8.0},{"not_picked":["Barrage","Cold Snap"],"picked":"Tempest","floor":12.0},{"not_picked":["Barrage","Rip and Tear"],"picked":"FTL","floor":14.0},{"not_picked":["Steam Power","Stack"],"picked":"Tempest","floor":14.0},{"not_picked":["All For One","Multi-Cast"],"picked":"Reboot","floor":16.0},{"not_picked":["Stack","Leap+1"],"picked":"Beam Cell+1","floor":18.0},{"not_picked":["Stack","Compile Driver+1","Auto Shields"],"picked":"SKIP","floor":18.0},{"not_picked":["Stack","Undo+1"],"picked":"Coolheaded","floor":19.0},{"not_picked":["Leap","Barrage+1","Ball Lightning"],"picked":"SKIP","floor":19.0},{"not_picked":["Steam","Undo","Go for the Eyes"],"picked":"SKIP","floor":20.0},{"not_picked":["Go for the Eyes","Hologram","Blizzard"],"picked":"SKIP","floor":20.0},{"not_picked":["Cold Snap","Compile Driver"],"picked":"Fusion","floor":21.0},{"not_picked":["Redo","Beam Cell"],"picked":"Gash+1","floor":21.0},{"not_picked":["Blizzard","Compile Driver+1"],"picked":"Echo Form","floor":23.0},{"not_picked":["Ball Lightning","Hologram"],"picked":"Fusion","floor":25.0},{"not_picked":["Coolheaded","Go for the Eyes"],"picked":"Meteor Strike","floor":27.0},{"not_picked":["Gash+1","Turbo"],"picked":"Hologram","floor":31},{"not_picked":["Hyperbeam","Biased Cognition"],"picked":"Creative AI","floor":33},{"not_picked":["Stack","Gash"],"picked":"Go for the Eyes+1","floor":35},{"not_picked":["Conserve Battery+1","Turbo"],"picked":"Skim+1","floor":35},{"not_picked":["Streamline+1","Go for the Eyes"],"picked":"White Noise","floor":37},{"not_picked":["Rebound+1","Darkness+1","Stack"],"picked":"SKIP","floor":37},{"not_picked":["Auto Shields+1","Capacitor"],"picked":"Creative AI","floor":38},{"not_picked":["Go for the Eyes+1","Streamline+1","Auto Shields+1"],"picked":"SKIP","floor":38},{"not_picked":["Reprogram","Redo"],"picked":"Self Repair+1","floor":39},{"not_picked":["Cold Snap","Barrage+1","Gash"],"picked":"SKIP","floor":39},{"not_picked":["Ball Lightning+1","Stack"],"picked":"Chaos","floor":41},{"not_picked":["Sweeping Beam+1","Ball Lightning+1"],"picked":"Chill+1","floor":45},{"not_picked":["Steam","Redo+1"],"picked":"White Noise+1","floor":46},{"not_picked":["Loop+1","Steam+1"],"picked":"BootSequence","floor":46},{"not_picked":["Static Discharge+1","Rebound+1"],"picked":"Go for the Eyes+1","floor":47}],"player_experience":864837,"relics_obtained":[{"floor":7.0,"key":"Prayer Wheel"},{"floor":9.0,"key":"Pear"},{"floor":12.0,"key":"Potion Belt"},{"floor":23.0,"key":"Meat on the Bone"},{"floor":25.0,"key":"MealTicket"},{"floor":26.0,"key":"Eternal Feather"},{"floor":27.0,"key":"Mercury Hourglass"},{"floor":31,"key":"The Courier"},{"floor":41,"key":"Bag of Preparation"},{"floor":43,"key":"Frozen Egg 2"},{"floor":45,"key":"Molten Egg 2"},{"floor":47,"key":"Ginger"}],"event_choices":[{"cards_removed":["Strike_B"],"damage_healed":0.0,"max_hp_gain":0.0,"max_hp_loss":0.0,"gold_gain":0.0,"event_name":"Bonfire Elementals","player_choice":"Offered Basic","floor":4.0,"gold_loss":0.0,"damage_taken":0.0},{"damage_healed":0.0,"max_hp_gain":0.0,"max_hp_loss":0.0,"gold_gain":100.0,"event_name":"Golden Shrine","player_choice":"Pray","floor":10.0,"gold_loss":0.0,"damage_taken":0.0},{"damage_healed":0,"gold_gain":999,"player_choice":"Gold","damage_taken":0,"max_hp_gain":0,"max_hp_loss":0,"event_name":"MindBloom","floor":36,"gold_loss":0,"cards_obtained":["Normality","Normality"]},{"damage_healed":0,"gold_gain":0,"player_choice":"Fight","damage_taken":0,"max_hp_gain":0,"max_hp_loss":0,"event_name":"Mysterious Sphere","floor":47,"gold_loss":0},{"cards_removed":["Sweeping Beam"],"damage_healed":0,"gold_gain":0,"player_choice":"Removed Attack","damage_taken":0,"max_hp_gain":0,"max_hp_loss":0,"event_name":"Falling","floor":48,"gold_loss":0}],"is_beta":false,"boss_relics":[{"not_picked":["Tiny House","Pandora\u0027s Box"],"picked":"Nuclear Battery"},{"not_picked":["SlaversCollar","Busted Crown"],"picked":"Inserter"}],"items_purged_floors":[],"is_endless":false,"potions_floor_spawned":[1,5,12,16,20,25,31,35,37,41,46,47],"ascension_level":1}}