{"host":"icfpfg8l7slpscsh","time":1610506376,"event":{"mods":["AchievementEnabler","BaseMod","Colored Map","Colored Powertips","Highlight Path","Minty Spire (QoL Compilation)","Permanent Neow","Quick Restart","StSLib"],"gold_per_floor":[114,129,144,219,234,264,264,279,279,279,54,69,84,114,114,214,214,229,154,169,184,199,238,238,277,286,286,301,316,355,464,464,582,582,597,612,627,97,112,62,77,92,151,101,101,101,101,116,116,125],"floor_reached":51,"language":"ENG","playtime":1873,"items_purged":["Clumsy","Normality","Clumsy","Parasite"],"score":1000,"play_id":"83f867e9-91f2-48a7-8aef-f61d6c70ddbd","local_time":"20210112215256","daily_mods":["Cursed Run","Vintage","Lethality"],"is_ascension_mode":false,"campfire_choices":[{"data":"Eruption","floor":7,"key":"SMITH"},{"data":"Vigilance","floor":10,"key":"SMITH"},{"data":"BowlingBash","floor":15,"key":"SMITH"},{"data":"Vault","floor":24,"key":"SMITH"},{"data":"BowlingBash","floor":27,"key":"SMITH"},{"data":"ThirdEye","floor":32,"key":"SMITH"},{"data":"Vault","floor":46,"key":"SMITH"},{"data":"CutThroughFate","floor":49,"key":"SMITH"}],"circlet_count":0,"master_deck":["Strike_P+1","Strike_P","Strike_P+1","Defend_P","Defend_P+1","Defend_P","Eruption+1","Vigilance+1","BowlingBash+1","BowlingBash+1","Brilliance","Vault+1","EmptyFist","ThirdEye+1","CutThroughFate+1","Vault+1","Parasite"],"relics":["Cursed Key","Darkstone Periapt","Du-Vu Doll","Pen Nib","Happy Flower","PreservedInsect","Potion Belt","Meat on the Bone","Orichalcum","White Beast Statue","ClockworkSouvenir","Bottled Flame","Smiling Mask","War Paint","SacredBark","Blue Candle","Pantograph","Blood Vial","CeramicFish","Centennial Puzzle","Bronze Scales","Gremlin Horn","Juzu Bracelet","Dream Catcher","Bag of Marbles","Ginger","InkBottle","Black Star","Toxic Egg 2","The Courier","Dead Branch","Lee\u0027s Waffle","Oddly Smooth Stone","Anchor","Whetstone","Yang","Akabeko","Vajra","Bag of Preparation","Mercury Hourglass"],"acts_visited":["Exordium","TheCity","TheBeyond"],"potions_floor_usage":[22,23,25,25,25,28,30,50,50,50,50,50,50,50,50,50],"damage_taken":[{"damage":0,"enemies":"Cultist","floor":1,"turns":2},{"damage":1,"enemies":"Jaw Worm","floor":2,"turns":3},{"damage":0,"enemies":"2 Louse","floor":3,"turns":2},{"damage":0,"enemies":"Exordium Thugs","floor":5,"turns":2},{"damage":0,"enemies":"Gremlin Nob","floor":6,"turns":2},{"damage":0,"enemies":"Exordium Wildlife","floor":8,"turns":2},{"damage":0,"enemies":"Looter","floor":12,"turns":2},{"damage":0,"enemies":"Large Slime","floor":13,"turns":2},{"damage":0,"enemies":"Lagavulin","floor":14,"turns":2},{"damage":17,"enemies":"Slime Boss","floor":16,"turns":5},{"damage":0,"enemies":"Shell Parasite","floor":18,"turns":2},{"damage":0,"enemies":"Spheric Guardian","floor":20,"turns":1},{"damage":0,"enemies":"Snecko","floor":21,"turns":3},{"damage":5,"enemies":"Snake Plant","floor":22,"turns":3},{"damage":0,"enemies":"Slavers","floor":23,"turns":3},{"damage":0,"enemies":"Gremlin Leader","floor":25,"turns":1},{"damage":0,"enemies":"Centurion and Healer","floor":28,"turns":1},{"damage":0,"enemies":"Snecko","floor":29,"turns":3},{"damage":0,"enemies":"Book of Stabbing","floor":30,"turns":1},{"damage":0,"enemies":"Colosseum Slavers","floor":31,"turns":2},{"damage":0,"enemies":"Colosseum Nobs","floor":31,"turns":2},{"damage":38,"enemies":"Collector","floor":33,"turns":5},{"damage":0,"enemies":"Orb Walker","floor":35,"turns":1},{"damage":2,"enemies":"3 Darklings","floor":36,"turns":2},{"damage":18,"enemies":"Writhing Mass","floor":37,"turns":5},{"damage":1,"enemies":"Jaw Worm Horde","floor":39,"turns":2},{"damage":0,"enemies":"Maw","floor":41,"turns":4},{"damage":0,"enemies":"3 Darklings","floor":42,"turns":2},{"damage":0,"enemies":"Writhing Mass","floor":48,"turns":1},{"damage":0,"enemies":"Donu and Deca","floor":50,"turns":3}],"seed_played":"-4624312993155624390","potions_obtained":[{"floor":2,"key":"Ambrosia"},{"floor":3,"key":"Fire Potion"},{"floor":5,"key":"LiquidBronze"},{"floor":8,"key":"FearPotion"},{"floor":12,"key":"Block Potion"},{"floor":14,"key":"Strength Potion"},{"floor":22,"key":"AttackPotion"},{"floor":23,"key":"AttackPotion"},{"floor":25,"key":"Fruit Juice"},{"floor":28,"key":"BlessingOfTheForge"},{"floor":29,"key":"EntropicBrew"},{"floor":30,"key":"Dexterity Potion"},{"floor":31,"key":"SpeedPotion"},{"floor":39,"key":"PowerPotion"}],"is_trial":false,"path_per_floor":["M","M","M","?","M","E","R","M","T","R","$","M","M","E","R","B",null,"M","?","M","M","M","E","R","E","T","R","M","M","E","?","R","B",null,"M","M","M","$","M","$","M","M","T","$","?","R","?","M","R","B",null],"character_chosen":"WATCHER","items_purchased":["ClockworkSouvenir","Lee\u0027s Waffle","Oddly Smooth Stone","Anchor","Whetstone"],"campfire_rested":0,"item_purchase_floors":[11,38,38,38,38],"current_hp_per_floor":[72,71,71,60,60,60,60,60,66,66,66,66,66,66,66,55,84,84,84,84,84,79,81,81,93,99,99,100,100,100,100,100,68,106,106,104,88,113,112,112,113,113,119,116,116,116,116,116,116,122],"gold":125,"neow_bonus":"","is_daily":true,"chose_seed":false,"campfire_upgraded":8,"win_rate":0.0,"timestamp":1610506376,"path_taken":["M","M","M","?","M","E","R","M","T","R","$","M","M","E","R","BOSS","M","?","M","M","M","E","R","E","T","R","M","M","E","?","R","BOSS","M","M","M","$","M","$","M","M","T","$","?","R","?","M","R","BOSS"],"items_purchased_type":["Relic","Relic","Relic","Relic","Relic"],"build_version":"2020-12-22","purchased_purges":4,"victory":true,"max_hp_per_floor":[72,72,72,72,72,72,72,72,78,78,78,78,78,78,78,84,84,84,84,84,84,84,84,84,94,100,100,100,100,100,100,100,106,106,106,106,106,113,113,113,113,113,119,116,116,116,116,116,116,122],"card_choices":[{"not_picked":["Halt","ClearTheMind"],"picked":"BowlingBash","floor":6},{"not_picked":["Nirvana","Halt"],"picked":"BowlingBash","floor":14},{"not_picked":["ConjureBlade","MasterReality"],"picked":"Brilliance","floor":16},{"not_picked":["FlyingSleeves","Wish"],"picked":"Vault","floor":23},{"not_picked":["Swivel","Wireheading"],"picked":"EmptyFist","floor":25},{"not_picked":["TalkToTheHand","Wish"],"picked":"ThirdEye","floor":30},{"not_picked":["Worship","Halt"],"picked":"CutThroughFate","floor":31},{"not_picked":["DeusExMachina","Judgement"],"picked":"Vault","floor":33}],"player_experience":1427675,"relics_obtained":[{"floor":1,"key":"Pen Nib"},{"floor":2,"key":"Happy Flower"},{"floor":3,"key":"PreservedInsect"},{"floor":5,"key":"Potion Belt"},{"floor":6,"key":"Meat on the Bone"},{"floor":8,"key":"Orichalcum"},{"floor":9,"key":"White Beast Statue"},{"floor":12,"key":"Bottled Flame"},{"floor":13,"key":"Smiling Mask"},{"floor":14,"key":"War Paint"},{"floor":18,"key":"Blue Candle"},{"floor":20,"key":"Pantograph"},{"floor":21,"key":"Blood Vial"},{"floor":22,"key":"CeramicFish"},{"floor":23,"key":"Centennial Puzzle"},{"floor":25,"key":"Bronze Scales"},{"floor":26,"key":"Gremlin Horn"},{"floor":28,"key":"Juzu Bracelet"},{"floor":29,"key":"Dream Catcher"},{"floor":30,"key":"Bag of Marbles"},{"floor":31,"key":"Ginger"},{"floor":31,"key":"InkBottle"},{"floor":35,"key":"Toxic Egg 2"},{"floor":36,"key":"The Courier"},{"floor":37,"key":"Dead Branch"},{"floor":39,"key":"Yang"},{"floor":41,"key":"Akabeko"},{"floor":42,"key":"Vajra"},{"floor":43,"key":"Bag of Preparation"},{"floor":48,"key":"Mercury Hourglass"}],"event_choices":[{"damage_healed":0,"gold_gain":75,"player_choice":"Gather Gold","damage_taken":11,"max_hp_gain":0,"max_hp_loss":0,"event_name":"World of Goop","floor":4,"gold_loss":0},{"cards_removed":["Writhe"],"damage_healed":0,"gold_gain":0,"player_choice":"Gave Gold","damage_taken":0,"max_hp_gain":0,"max_hp_loss":0,"event_name":"Beggar","floor":19,"gold_loss":75},{"damage_healed":0,"gold_gain":0,"player_choice":"Fight","damage_taken":0,"max_hp_gain":0,"max_hp_loss":0,"event_name":"Colosseum","floor":31,"gold_loss":0},{"damage_healed":0,"gold_gain":0,"player_choice":"Fought Nobs","damage_taken":0,"max_hp_gain":0,"max_hp_loss":0,"event_name":"Colosseum","floor":31,"gold_loss":0},{"cards_removed":["Defend_P"],"damage_healed":0,"gold_gain":0,"player_choice":"Removed Skill","damage_taken":0,"max_hp_gain":0,"max_hp_loss":0,"event_name":"Falling","floor":45,"gold_loss":0},{"cards_removed":["Strike_P"],"damage_healed":0,"gold_gain":0,"player_choice":"Offered Basic","damage_taken":0,"max_hp_gain":0,"max_hp_loss":0,"event_name":"Bonfire Elementals","floor":47,"gold_loss":0}],"is_beta":false,"boss_relics":[{"not_picked":["Ectoplasm","Empty Cage"],"picked":"SacredBark"},{"not_picked":["Tiny House","Velvet Choker"],"picked":"Black Star"}],"items_purged_floors":[11,38,40,44],"is_endless":false,"potions_floor_spawned":[2,3,5,8,12,13,14,16,18,20,21,22,23,25,28,29,30,31,31,33,35,36,37,39,41,42,48],"ascension_level":0}}