{"host":"0jile2yd1dg679g0","time":1610509972,"event":{"mods":["AchievementEnabler","Act Like it!","BaseMod","Better Third Choice","Colored Map","Colored Powertips","Gensokyo","Hermit","Luminous","Marisa????????","Minty Spire (QoL Compilation)","Random Character Button","Spicy Shops","StSLib","The Servant 0.9.4","Transform Curses","Waifu the Spire"],"gold_per_floor":[119,119,119,133,133,171,171,202,202,238,238,271,285,250,250,369,369,388,409,430,28,28,28],"floor_reached":22,"language":"ENG","playtime":1586,"items_purged":[],"score":296,"play_id":"8770ddf5-9a10-4bce-8837-c70cdee3bd88","local_time":"20210112225252","is_ascension_mode":true,"campfire_choices":[{"floor":7,"key":"REST"},{"floor":11,"key":"REST"},{"floor":15,"key":"REST"}],"circlet_count":0,"master_deck":["Strike_G","Strike_G+1","Strike_G","Strike_G","Defend_G","Defend_G","Defend_G","Defend_G","Defend_G","Survivor+1","Neutralize","Escape Plan","Cloak And Dagger","Footwork","Infinite Blades","PiercingWail","Envenom","Footwork","Storm of Steel","Deadly Poison","Outmaneuver+1"],"relics":["Ring of the Snake","NeowsBlessing","Golden Idol","Letter Opener","Bronze Scales","InkBottle","Orichalcum","Gremlin Horn","WristBlade","Toxic Egg 2","Regal Pillow"],"acts_visited":["Exordium","TheCity"],"potions_floor_usage":[10,12,16,22,22,22],"damage_taken":[{"damage":0,"enemies":"2 Louse","floor":1,"turns":1},{"damage":0,"enemies":"Jaw Worm","floor":4,"turns":1},{"damage":0,"enemies":"Lagavulin","floor":6,"turns":1},{"damage":33,"enemies":"3 Sentries","floor":8,"turns":12},{"damage":14,"enemies":"Gremlin Nob","floor":10,"turns":4},{"damage":14,"enemies":"Lagavulin","floor":12,"turns":7},{"damage":0,"enemies":"Cultist","floor":13,"turns":4},{"damage":40,"enemies":"The Guardian","floor":16,"turns":12},{"damage":21,"enemies":"Spheric Guardian","floor":18,"turns":4},{"damage":6,"enemies":"Chosen","floor":19,"turns":5},{"damage":27,"enemies":"Shelled Parasite and Fungi","floor":20,"turns":5},{"damage":3,"enemies":"Cultist and Chosen","floor":22,"turns":1}],"seed_played":"8940654303716531031","potions_obtained":[{"floor":1,"key":"Energy Potion"},{"floor":10,"key":"Energy Potion"},{"floor":12,"key":"CunningPotion"},{"floor":13,"key":"Strength Potion"},{"floor":19,"key":"LiquidBronze"},{"floor":20,"key":"PowerPotion"}],"is_trial":false,"path_per_floor":["M","?","?","M","?","E","R","E","T","E","R","E","M","?","R","B",null,"M","M","M","$","M"],"character_chosen":"THE_SILENT","items_purchased":["Toxic Egg 2","Regal Pillow"],"campfire_rested":3,"item_purchase_floors":[21,21],"current_hp_per_floor":[70,53,39,39,39,39,60,27,27,13,34,20,20,37,58,18,57,36,30,3,3,0,0],"gold":28,"neow_bonus":"THREE_ENEMY_KILL","is_daily":false,"chose_seed":false,"campfire_upgraded":0,"win_rate":0.0,"timestamp":1610509972,"path_taken":["M","?","?","M","?","E","R","E","T","E","R","E","?","?","R","BOSS","M","M","M","$","M"],"items_purchased_type":["Relic","Relic"],"build_version":"2020-12-22","purchased_purges":0,"victory":false,"max_hp_per_floor":[70,70,70,70,70,70,70,70,70,70,70,70,70,70,70,70,70,70,70,70,70,70,70],"card_choices":[{"not_picked":["Underhanded Strike","Dagger Throw"],"picked":"Escape Plan","floor":1},{"not_picked":["Dagger Throw","Catalyst"],"picked":"Cloak And Dagger","floor":4},{"not_picked":["Eviscerate","Dagger Throw"],"picked":"Footwork","floor":6},{"not_picked":["Well Laid Plans","Choke"],"picked":"Infinite Blades","floor":8},{"not_picked":["Well Laid Plans","Acrobatics"],"picked":"PiercingWail","floor":10},{"not_picked":["Poisoned Stab","Slice"],"picked":"Envenom","floor":12},{"not_picked":["Outmaneuver","Deadly Poison"],"picked":"Footwork","floor":13},{"not_picked":["Phantasmal Killer","After Image"],"picked":"Storm of Steel","floor":16},{"not_picked":["Sucker Punch","Quick Slash","Poisoned Stab"],"picked":"SKIP","floor":18},{"not_picked":["Well Laid Plans+1","Poisoned Stab"],"picked":"Deadly Poison","floor":19},{"not_picked":["Bane","Dagger Throw"],"picked":"Outmaneuver+1","floor":20}],"player_experience":275976,"relics_obtained":[{"floor":6,"key":"Letter Opener"},{"floor":8,"key":"Bronze Scales"},{"floor":9,"key":"InkBottle"},{"floor":10,"key":"Orichalcum"},{"floor":12,"key":"Gremlin Horn"}],"event_choices":[{"damage_healed":0,"gold_gain":0,"player_choice":"Take Damage","damage_taken":17,"relics_obtained":["Golden Idol"],"max_hp_gain":0,"max_hp_loss":0,"event_name":"Golden Idol","floor":2,"gold_loss":0},{"damage_healed":53,"gold_gain":0,"player_choice":"Upgrade","damage_taken":14,"max_hp_gain":0,"max_hp_loss":70,"event_name":"betterThird:BetterShining","floor":3,"gold_loss":0,"cards_upgraded":["Strike_G","Survivor"]},{"cards_removed":["Strike_G"],"damage_healed":0,"gold_gain":0,"player_choice":"Offered Basic","damage_taken":0,"max_hp_gain":0,"max_hp_loss":0,"event_name":"Bonfire Elementals","floor":5,"gold_loss":0},{"damage_healed":17,"gold_gain":0,"player_choice":"Healed","damage_taken":0,"max_hp_gain":0,"max_hp_loss":0,"event_name":"The Cleric","floor":14,"gold_loss":35}],"is_beta":false,"boss_relics":[{"not_picked":["Pandora\u0027s Box","Calling Bell"],"picked":"WristBlade"}],"items_purged_floors":[],"is_endless":false,"potions_floor_spawned":[1,10,12,13,19,20],"killed_by":"Cultist and Chosen","ascension_level":5}}