{"host":"18wi9kpcl4eah7pe","time":1610517671,"event":{"mods":["BaseMod","Colored Powertips","Downfall","Minty Spire (QoL Compilation)","StSLib"],"gold_per_floor":[99,274,292,292,374,224,224,236,249,249,267,117,134,166,182,182,182,182],"floor_reached":16,"language":"ENG","playtime":797,"items_purged":[],"score":127,"play_id":"d6e8215c-2441-42b0-8463-487f8809a4db","local_time":"20210113000111","is_ascension_mode":false,"campfire_choices":[{"floor":1,"key":"RECALL"},{"data":"champ:Backstep","floor":12,"key":"SMITH"}],"circlet_count":0,"master_deck":["champ:Strike","champ:Strike","champ:Strike","champ:Defend","champ:Defend","champ:Defend","champ:Defend","champ:Execute","champ:Taunt","Doubt","champ:ArenaPreparation","champ:GutPunch","champ:BladeFlurry","champ:Backstep+1","champ:TornadoPunch","champ:EndlessRage","champ:CrookedStrike"],"relics":["champ:ChampionCrown","Smiling Mask","Bottled Lightning","Happy Flower","downfall:HeartBlessingRed","downfall:HeartBlessingBlue","Unceasing Top"],"acts_visited":["Exordium"],"potions_floor_usage":[14,16],"damage_taken":[{"damage":13,"enemies":"2 Louse","floor":3,"turns":4},{"damage":21,"enemies":"Small Slimes","floor":8,"turns":5},{"damage":5,"enemies":"Jaw Worm","floor":9,"turns":3},{"damage":39,"enemies":"2 Fungi Beasts","floor":11,"turns":3},{"damage":21,"enemies":"Red Slaver","floor":13,"turns":3},{"damage":39,"enemies":"Gremlin Nob","floor":14,"turns":3},{"damage":22,"enemies":"Exordium Wildlife","floor":15,"turns":7},{"damage":86,"enemies":"downfall:Silent","floor":16,"turns":16}],"seed_played":"-6608765098686753064","potions_obtained":[{"floor":3,"key":"Regen Potion"},{"floor":14,"key":"Ancient Potion"}],"is_trial":false,"path_per_floor":["R","?","M","?","T","?","T","M","M","?","M","R","M","E","M","B"],"character_chosen":"THE_CHAMP","items_purchased":[],"campfire_rested":0,"item_purchase_floors":[],"current_hp_per_floor":[90,90,82,82,82,100,100,97,97,97,87,97,86,81,80,0,0,0],"gold":182,"neow_bonus":"RANDOM_COMMON_RELIC","is_daily":false,"chose_seed":false,"campfire_upgraded":1,"win_rate":0.0,"timestamp":1610517671,"path_taken":["R","?","M","?","?","?","T","M","?","?","M","R","?","E","M","BOSS"],"items_purchased_type":[],"build_version":"2020-12-22","purchased_purges":0,"victory":false,"max_hp_per_floor":[90,90,90,90,90,100,100,100,100,100,100,110,110,110,110,110,110,110],"card_choices":[{"not_picked":["champ:DefensiveShout","champ:CrookedStrike"],"picked":"champ:ArenaPreparation","floor":3},{"not_picked":["champ:AdrenalArmor","champ:GladiatorsShout"],"picked":"champ:GutPunch","floor":8},{"not_picked":["champ:StanceDance","champ:BerserkersShout"],"picked":"champ:BladeFlurry","floor":9},{"not_picked":["champ:Circumvent","champ:Haymaker"],"picked":"champ:Backstep","floor":11},{"not_picked":["champ:ShieldSlam","champ:BladeFlurry"],"picked":"champ:TornadoPunch","floor":13},{"not_picked":["champ:Haymaker","champ:Backstep"],"picked":"champ:EndlessRage","floor":14},{"not_picked":["champ:PerfectedStrike","champ:FightOn"],"picked":"champ:CrookedStrike","floor":15}],"player_experience":899279,"relics_obtained":[{"floor":7,"key":"Bottled Lightning"},{"floor":10,"key":"Happy Flower"},{"floor":14,"key":"Unceasing Top"}],"event_choices":[{"damage_healed":0,"gold_gain":0,"player_choice":"Relic","damage_taken":0,"max_hp_gain":0,"max_hp_loss":0,"event_name":"Wheel of Change","floor":10,"gold_loss":0}],"is_beta":false,"boss_relics":[],"items_purged_floors":[],"is_endless":false,"potions_floor_spawned":[3,14],"killed_by":"downfall:Silent","ascension_level":0}}