{"host":"a1eatafr7pisesky","time":1610556341,"event":{"mods":["AchievementEnabler","BaseMod","Colored Map","Keyboard Shortcuts","Minty Spire (QoL Compilation)","Say the Spire","StSLib","SuperFastMode","everything is the same but u backflip on backflip"],"gold_per_floor":[111,61,78,3,3,33,33,62,62,62,82,116,116,16,16,111,111,128,128,79,79,97,97,97],"floor_reached":23,"language":"KOR","playtime":545,"items_purged":["Strike_R","Strike_R"],"score":418,"play_id":"9e1ddd7c-02de-4372-bbac-87ec9d785fcb","local_time":"20210114014541","is_ascension_mode":true,"campfire_choices":[{"data":"Blood for Blood","floor":7.0,"key":"SMITH"},{"data":"Bash","floor":13.0,"key":"SMITH"},{"floor":15.0,"key":"REST"}],"circlet_count":0,"master_deck":["AscendersBane","Defend_R","Defend_R+1","Defend_R","Bash+1","Evolve+1","Pommel Strike","Blood for Blood+1","Ghostly Armor","Twin Strike","Entrench","Feed","Second Wind+1","Demon Form+1","Shrug It Off","Sentinel"],"relics":["Burning Blood","NeowsBlessing","Mango","White Beast Statue","Sundial","Juzu Bracelet","Astrolabe"],"acts_visited":["Exordium","TheCity"],"potions_floor_usage":[23,23],"damage_taken":[{"damage":0.0,"enemies":"Cultist","floor":1.0,"turns":1.0},{"damage":0.0,"enemies":"2 Louse","floor":3.0,"turns":1.0},{"damage":0.0,"enemies":"Gremlin Nob","floor":6.0,"turns":1.0},{"damage":48.0,"enemies":"Lagavulin","floor":8.0,"turns":6.0},{"damage":4.0,"enemies":"Jaw Worm","floor":11.0,"turns":2.0},{"damage":22.0,"enemies":"3 Sentries","floor":12.0,"turns":6.0},{"damage":41.0,"enemies":"Slime Boss","floor":16.0,"turns":12.0},{"damage":34.0,"enemies":"2 Thieves","floor":18.0,"turns":4.0},{"damage":28.0,"enemies":"3 Byrds","floor":22.0,"turns":6.0},{"damage":49,"enemies":"Gremlin Leader","floor":23,"turns":4}],"seed_played":"6043590508258860296","potions_obtained":[{"floor":1.0,"key":"SteroidPotion"},{"floor":3.0,"key":"Weak Potion"},{"floor":6.0,"key":"EssenceOfSteel"},{"floor":16.0,"key":"Swift Potion"},{"floor":18.0,"key":"ColorlessPotion"}],"is_trial":false,"path_per_floor":["M","?","M","$","?","E","R","E","T","?","M","E","R","$","R","B",null,"M","?","$","?","M","E"],"character_chosen":"IRONCLAD","items_purchased":["Shrug It Off"],"campfire_rested":1,"item_purchase_floors":[20],"current_hp_per_floor":[78,78,80,80,64,84,84,42,42,47,49,33,33,33,62,27,81,56,102,102,81,62,13,13],"gold":97,"neow_bonus":"THREE_ENEMY_KILL","is_daily":false,"chose_seed":false,"campfire_upgraded":2,"win_rate":0.0,"timestamp":1610556341,"path_taken":["M","?","M","$","?","E","R","E","T","?","?","E","R","$","R","BOSS","M","?","$","?","M","E"],"items_purchased_type":["Card"],"build_version":"2020-12-22","purchased_purges":2,"victory":false,"max_hp_per_floor":[80,80,80,80,80,94,94,94,94,99,99,99,99,99,99,99,99,102,102,102,107,110,110,110],"card_choices":[{"not_picked":["Flex","Feel No Pain"],"picked":"Evolve","floor":1.0},{"not_picked":["Infernal Blade","Heavy Blade"],"picked":"Pommel Strike","floor":3.0},{"not_picked":["Combust","True Grit"],"picked":"Blood for Blood","floor":6.0},{"not_picked":["True Grit","Sever Soul"],"picked":"Ghostly Armor","floor":8.0},{"not_picked":["Havoc","Clothesline"],"picked":"Twin Strike","floor":11.0},{"not_picked":["Rage","Warcry"],"picked":"Entrench","floor":12.0},{"not_picked":["Double Tap","Reaper"],"picked":"Feed","floor":16.0},{"not_picked":["Rupture","Iron Wave","Metallicize"],"picked":"SKIP","floor":18.0},{"not_picked":["Shrug It Off","Warcry"],"picked":"Sentinel","floor":22.0}],"player_experience":314764,"relics_obtained":[{"floor":6.0,"key":"Mango"},{"floor":8.0,"key":"White Beast Statue"},{"floor":9.0,"key":"Sundial"},{"floor":12.0,"key":"Juzu Bracelet"}],"event_choices":[{"cards_removed":["Strike_R"],"damage_healed":0.0,"max_hp_gain":0.0,"max_hp_loss":0.0,"gold_gain":0.0,"event_name":"The Cleric","player_choice":"Card Removal","floor":2.0,"gold_loss":50.0,"damage_taken":0.0},{"damage_healed":0.0,"max_hp_gain":0.0,"max_hp_loss":0.0,"gold_gain":0.0,"event_name":"Shining Light","player_choice":"Entered Light","floor":5.0,"gold_loss":0.0,"damage_taken":16.0,"cards_upgraded":["Evolve","Defend_R"]},{"damage_healed":0.0,"max_hp_gain":5.0,"max_hp_loss":0.0,"gold_gain":0.0,"event_name":"Big Fish","player_choice":"Donut","floor":10.0,"gold_loss":0.0,"damage_taken":0.0},{"cards_removed":["Searing Blow"],"damage_healed":46.0,"max_hp_gain":0.0,"max_hp_loss":0.0,"gold_gain":0.0,"event_name":"Bonfire Elementals","player_choice":"Offered Uncommon","floor":19.0,"gold_loss":0.0,"damage_taken":0.0},{"damage_healed":0.0,"max_hp_gain":5.0,"max_hp_loss":0.0,"gold_gain":0.0,"event_name":"Forgotten Altar","player_choice":"Shed Blood","floor":21.0,"gold_loss":0.0,"damage_taken":26.0}],"is_beta":false,"boss_relics":[{"not_picked":["Mark of Pain","Black Blood"],"picked":"Astrolabe"}],"items_purged_floors":[4,14],"is_endless":false,"potions_floor_spawned":[1,3,6,11,12,16,18,22],"killed_by":"Gremlin Leader","ascension_level":12}}