{"host":"hk3n60c9tb8azi3z","time":1610575013,"event":{"mods":["AchievementEnabler","BaseMod","Minty Spire (QoL Compilation)","Relic Sorter","Relic Stats"],"gold_per_floor":[115,115,133,133,153,179,179,213,213,248,248,275,275,302,302,377,377,394,26,26,26,39,74,109,142,142,170,170,170,5,40,40,116,166,182,182,194,229,229,259,293,320,343,343,343,56,85,35,35,35,35],"floor_reached":52,"language":"ENG","playtime":4884,"items_purged":["Shame"],"score":2823,"play_id":"164bf4c3-f5f8-4645-a6d0-7a7d8ee6661c","local_time":"20210113225653","daily_mods":["SealedDeck","Heirloom","Flight","DeadlyEvents","Cursed Run"],"is_ascension_mode":true,"campfire_choices":[{"data":"Coolheaded","floor":7,"key":"SMITH"},{"data":"Coolheaded","floor":11,"key":"SMITH"},{"data":"Defragment","floor":13,"key":"SMITH"},{"data":"Defragment","floor":15,"key":"SMITH"},{"floor":28,"key":"REST"},{"data":"Capacitor","floor":29,"key":"SMITH"},{"floor":32,"key":"REST"},{"data":"Echo Form","floor":44,"key":"SMITH"},{"floor":45,"key":"REST"},{"data":"Biased Cognition","floor":49,"key":"SMITH"}],"circlet_count":0,"master_deck":["AscendersBane","Fusion+1","Undo","Conserve Battery","Compile Driver","Conserve Battery","Coolheaded+1","Conserve Battery","Ball Lightning","Defragment+1","Defragment+1","Ball Lightning","Biased Cognition","Coolheaded+1","Compile Driver","Defragment","Sweeping Beam","Tempest","Echo Form+1","Loop","Loop","Hologram","Capacitor+1","Machine Learning","Electrodynamics","Cold Snap","Hologram+1","Core Surge","Turbo+1","Chill","Biased Cognition+1","The Bomb","Secret Technique","Double Energy+1","Darkness+1","Pain","Normality"],"relics":["Cursed Key","Darkstone Periapt","Du-Vu Doll","Emotion Chip","Toy Ornithopter","Nunchaku","Unceasing Top","Gambling Chip","Omamori","Matryoshka","Dream Catcher","Calling Bell","Smiling Mask","Letter Opener","Mango","White Beast Statue","MutagenicStrength","Bag of Marbles","Meat on the Bone","Blood Vial","Orichalcum","Runic Capacitor","Ornamental Fan","Tiny House","DataDisk","Strawberry","Molten Egg 2","Frozen Egg 2","PreservedInsect","Bag of Preparation","OrangePellets","Pear"],"acts_visited":["Exordium","TheCity","TheBeyond"],"potions_floor_usage":[8,18,18,24,25,27,31,38,38,40,41,51],"damage_taken":[{"damage":5,"enemies":"Jaw Worm","floor":1,"turns":3},{"damage":0,"enemies":"Cultist","floor":3,"turns":3},{"damage":0,"enemies":"2 Louse","floor":5,"turns":2},{"damage":0,"enemies":"Lagavulin","floor":6,"turns":4},{"damage":0,"enemies":"Gremlin Nob","floor":8,"turns":3},{"damage":0,"enemies":"3 Sentries","floor":10,"turns":6},{"damage":0,"enemies":"Gremlin Nob","floor":12,"turns":3},{"damage":0,"enemies":"Lagavulin","floor":14,"turns":3},{"damage":0,"enemies":"Slime Boss","floor":16,"turns":6},{"damage":0,"enemies":"3 Byrds","floor":18,"turns":3},{"damage":11,"enemies":"Chosen","floor":22,"turns":4},{"damage":3,"enemies":"Book of Stabbing","floor":23,"turns":6},{"damage":38,"enemies":"Slavers","floor":24,"turns":4},{"damage":4,"enemies":"Book of Stabbing","floor":25,"turns":5},{"damage":38,"enemies":"Gremlin Leader","floor":27,"turns":5},{"damage":38,"enemies":"Slavers","floor":31,"turns":3},{"damage":20,"enemies":"Champ","floor":33,"turns":8},{"damage":20,"enemies":"Orb Walker","floor":35,"turns":4},{"damage":18,"enemies":"3 Darklings","floor":37,"turns":4},{"damage":15,"enemies":"Nemesis","floor":38,"turns":9},{"damage":19,"enemies":"Reptomancer","floor":40,"turns":4},{"damage":0,"enemies":"Giant Head","floor":41,"turns":9},{"damage":29,"enemies":"Reptomancer","floor":42,"turns":4},{"damage":1,"enemies":"Giant Head","floor":47,"turns":8},{"damage":40,"enemies":"Awakened One","floor":50,"turns":10},{"damage":0,"enemies":"Donu and Deca","floor":51,"turns":4}],"seed_played":"-589766581940396820","potions_obtained":[{"floor":5,"key":"Swift Potion"},{"floor":6,"key":"BlessingOfTheForge"},{"floor":8,"key":"Strength Potion"},{"floor":10,"key":"DistilledChaos"},{"floor":22,"key":"Ancient Potion"},{"floor":23,"key":"Regen Potion"},{"floor":24,"key":"Dexterity Potion"},{"floor":25,"key":"SteroidPotion"},{"floor":27,"key":"EssenceOfDarkness"},{"floor":31,"key":"SteroidPotion"},{"floor":33,"key":"Energy Potion"},{"floor":34,"key":"SpeedPotion"},{"floor":37,"key":"GamblersBrew"},{"floor":38,"key":"Regen Potion"},{"floor":40,"key":"EssenceOfSteel"},{"floor":41,"key":"CultistPotion"},{"floor":42,"key":"ColorlessPotion"}],"is_trial":true,"path_per_floor":["M","?","M","?","M","E","R","E","T","E","R","E","R","E","R","B",null,"M","$","?","?","M","E","E","E","T","E","R","R","$","E","R","B",null,"M","?","M","E","?","E","E","E","T","R","R","$","E","$","R","B","B",null],"character_chosen":"DEFECT","items_purchased":["White Beast Statue","Loop","Runic Capacitor","OrangePellets","FairyPotion"],"campfire_rested":3,"item_purchase_floors":[19,19,30,46,46],"current_hp_per_floor":[59,59,59,59,59,59,59,64,64,64,64,64,64,64,64,64,83,85,85,85,85,74,71,38,53,53,34,59,59,59,40,65,53,87,69,69,53,50,40,56,63,48,54,54,85,85,96,96,96,76,89],"gold":35,"neow_bonus":"","is_daily":false,"chose_seed":false,"campfire_upgraded":7,"win_rate":0.0,"timestamp":1610575013,"path_taken":["M","?","?","?","?","E","R","E","T","E","R","E","R","?","R","BOSS","M","$","?","?","?","E","E","E","T","E","R","R","$","E","R","BOSS","M","?","?","?","?","E","E","E","T","R","R","$","E","?","R","BOSS","BOSS"],"items_purchased_type":["Relic","Card","Relic","Relic","Potion"],"build_version":"2020-12-22","purchased_purges":1,"victory":true,"max_hp_per_floor":[71,71,71,71,71,71,71,71,71,71,71,71,71,71,71,71,85,85,85,85,85,85,85,85,85,85,85,85,85,85,85,85,91,96,96,93,93,93,93,100,100,100,106,106,106,106,116,116,116,122,128],"relic_stats":{"Darkstone Periapt":24,"counters":[26,126],"PreservedInsect":130,"Bag of Preparation":[6],"Letter Opener":[225],"Orichalcum":[84],"Cursed Key":1,"Smiling Mask":25,"Blood Vial":24,"OrangePellets":[9],"Emotion Chip":[73,27,26,12,8],"Nunchaku":[15],"Dream Catcher":3,"Ornamental Fan":[32],"Gambling Chip":[32],"obtain_stats":[{"Darkstone Periapt":0,"Tiny House":34,"Mango":17,"Runic Capacitor":30,"Bag of Preparation":43,"Cursed Key":0,"Smiling Mask":17,"Blood Vial":25,"Emotion Chip":0,"Nunchaku":4,"Dream Catcher":14,"Matryoshka":12,"Gambling Chip":8,"Strawberry":40,"Pear":47,"PreservedInsect":43,"Omamori":10,"Letter Opener":17,"Orichalcum":27,"Frozen Egg 2":42,"White Beast Statue":19,"Du-Vu Doll":0,"Calling Bell":17,"OrangePellets":46,"DataDisk":38,"Ornamental Fan":31,"MutagenicStrength":21,"Molten Egg 2":41,"Bag of Marbles":23,"Toy Ornithopter":2,"Unceasing Top":6,"Meat on the Bone":24},{"Darkstone Periapt":0,"Tiny House":17,"Mango":9,"Runic Capacitor":15,"Bag of Preparation":23,"Cursed Key":0,"Smiling Mask":9,"Blood Vial":14,"Emotion Chip":0,"Nunchaku":2,"Dream Catcher":8,"Matryoshka":7,"Gambling Chip":5,"Strawberry":21,"Pear":24,"PreservedInsect":23,"Omamori":6,"Letter Opener":9,"Orichalcum":15,"Frozen Egg 2":23,"White Beast Statue":10,"Du-Vu Doll":0,"Calling Bell":9,"OrangePellets":23,"DataDisk":20,"Ornamental Fan":16,"MutagenicStrength":10,"Molten Egg 2":22,"Bag of Marbles":12,"Toy Ornithopter":1,"Unceasing Top":4,"Meat on the Bone":13},{"Darkstone Periapt":0,"Tiny House":71,"Mango":33,"Runic Capacitor":60,"Bag of Preparation":104,"Cursed Key":0,"Smiling Mask":33,"Blood Vial":55,"Emotion Chip":0,"Nunchaku":6,"Dream Catcher":27,"Matryoshka":24,"Gambling Chip":15,"Strawberry":92,"Pear":112,"PreservedInsect":104,"Omamori":21,"Letter Opener":33,"Orichalcum":60,"Frozen Egg 2":104,"White Beast Statue":36,"Du-Vu Doll":0,"Calling Bell":33,"OrangePellets":104,"DataDisk":88,"Ornamental Fan":63,"MutagenicStrength":36,"Molten Egg 2":101,"Bag of Marbles":46,"Toy Ornithopter":3,"Unceasing Top":12,"Meat on the Bone":50}],"Toy Ornithopter":52,"Unceasing Top":[5],"Meat on the Bone":60},"card_choices":[{"not_picked":["Streamline","Rebound"],"picked":"Ball Lightning","floor":1},{"not_picked":["BootSequence","Gash"],"picked":"Darkness","floor":3},{"not_picked":["Compile Driver","Stack"],"picked":"Biased Cognition","floor":5},{"not_picked":["Steam","Beam Cell"],"picked":"Coolheaded","floor":6},{"not_picked":["Steam","Creative AI"],"picked":"Compile Driver","floor":8},{"not_picked":["Conserve Battery","Compile Driver"],"picked":"Defragment","floor":10},{"not_picked":["Melter","Steam"],"picked":"Sweeping Beam","floor":12},{"not_picked":["Compile Driver","Consume"],"picked":"Tempest","floor":14},{"not_picked":["Hyperbeam","Amplify"],"picked":"Echo Form","floor":16},{"not_picked":["Reinforced Body+1","Self Repair"],"picked":"Loop","floor":18},{"not_picked":["Tempest","Leap"],"picked":"Hologram","floor":22},{"not_picked":["Stack","Scrape","Leap"],"picked":"SKIP","floor":23},{"not_picked":["Sunder","Conserve Battery"],"picked":"Capacitor","floor":24},{"not_picked":["Leap","White Noise"],"picked":"Machine Learning","floor":25},{"not_picked":["Hologram","Gash"],"picked":"Electrodynamics","floor":27},{"not_picked":["Double Energy","Static Discharge"],"picked":"Cold Snap","floor":31},{"not_picked":["Self Repair+1","White Noise"],"picked":"Hologram+1","floor":32},{"not_picked":["Thunder Strike","Creative AI"],"picked":"Core Surge","floor":33},{"not_picked":["Go for the Eyes","Doom and Gloom"],"picked":"Turbo+1","floor":34},{"not_picked":["Genetic Algorithm","Self Repair+1"],"picked":"Chill","floor":35},{"not_picked":["Turbo+1","Leap","Rebound"],"picked":"SKIP","floor":37},{"not_picked":["Sunder","Go for the Eyes"],"picked":"Biased Cognition","floor":38},{"not_picked":["Impatience","Good Instincts"],"picked":"The Bomb","floor":39},{"not_picked":["Enlightenment","Finesse"],"picked":"Secret Technique","floor":39},{"not_picked":["Conserve Battery+1","Gash","Static Discharge"],"picked":"SKIP","floor":40},{"not_picked":["Stack+1","Beam Cell+1"],"picked":"Double Energy+1","floor":41},{"not_picked":["Double Energy","Cold Snap+1","Auto Shields"],"picked":"SKIP","floor":42},{"not_picked":["Barrage+1","Reinforced Body"],"picked":"Darkness+1","floor":47}],"player_experience":1465874,"relics_obtained":[{"floor":2,"key":"Toy Ornithopter"},{"floor":6,"key":"Unceasing Top"},{"floor":8,"key":"Gambling Chip"},{"floor":10,"key":"Omamori"},{"floor":12,"key":"Matryoshka"},{"floor":14,"key":"Dream Catcher"},{"floor":17,"key":"Smiling Mask"},{"floor":17,"key":"Letter Opener"},{"floor":17,"key":"Mango"},{"floor":23,"key":"Bag of Marbles"},{"floor":24,"key":"Meat on the Bone"},{"floor":25,"key":"Blood Vial"},{"floor":27,"key":"Orichalcum"},{"floor":31,"key":"Ornamental Fan"},{"floor":38,"key":"DataDisk"},{"floor":40,"key":"Strawberry"},{"floor":41,"key":"Molten Egg 2"},{"floor":42,"key":"Frozen Egg 2"},{"floor":43,"key":"PreservedInsect"},{"floor":43,"key":"Bag of Preparation"},{"floor":47,"key":"Pear"}],"event_choices":[{"damage_healed":0,"gold_gain":0,"player_choice":"Relic","damage_taken":0,"max_hp_gain":0,"max_hp_loss":0,"event_name":"Wheel of Change","floor":2,"gold_loss":0},{"cards_removed":["Darkness"],"damage_healed":0,"gold_gain":0,"player_choice":"Gave Card","damage_taken":0,"relics_obtained":["Nunchaku"],"max_hp_gain":0,"max_hp_loss":0,"event_name":"WeMeetAgain","floor":4,"gold_loss":0},{"damage_healed":0,"gold_gain":0,"player_choice":"Ignored","damage_taken":0,"max_hp_gain":0,"max_hp_loss":0,"event_name":"Vampires","floor":20,"gold_loss":0},{"damage_healed":0,"gold_gain":0,"player_choice":"Inject Mutagens","damage_taken":0,"relics_obtained":["MutagenicStrength"],"max_hp_gain":0,"max_hp_loss":0,"event_name":"Drug Dealer","floor":21,"gold_loss":0},{"cards_removed":["Parasite"],"damage_healed":0,"gold_gain":0,"player_choice":"Purged","damage_taken":0,"max_hp_gain":0,"max_hp_loss":0,"event_name":"Purifier","floor":36,"gold_loss":0},{"damage_healed":0,"gold_gain":0,"player_choice":"Memory 3","damage_taken":10,"max_hp_gain":0,"max_hp_loss":0,"event_name":"SensoryStone","floor":39,"gold_loss":0}],"is_beta":false,"boss_relics":[{"not_picked":["Snecko Eye","Busted Crown"],"picked":"Calling Bell"},{"not_picked":["Inserter","Velvet Choker"],"picked":"Tiny House"}],"items_purged_floors":[48],"is_endless":false,"potions_floor_spawned":[5,6,8,10,22,23,24,25,27,31,33,35,37,38,40,41,42,47],"ascension_level":20}}