{"host":"mfnyjbfkyfsz33u9","time":1610501720,"event":{"mods":["2.2 Compatiblity","BaseMod","Colored Powertips","Downfall","Marisa£¨Ùöéë¡¡Øª×âÞÞ£©","Minty Spire (QoL Compilation)","Rare Cards Sparkle","Replay The Spire","StSLib","SuperFastMode","The Cursed"],"gold_per_floor":[116,116,135,310,327,313,332,332,332,367,367,386,403,376,376,376,376],"floor_reached":16,"language":"ENG","playtime":560,"items_purged":[],"score":117,"play_id":"4355f138-7266-4515-a2e9-eb672b0a8556","local_time":"20210113103520","is_ascension_mode":true,"campfire_choices":[{"floor":8,"key":"REST"},{"data":"Calculated Gamble","floor":11,"key":"SMITH"},{"floor":15,"key":"REST"}],"circlet_count":0,"master_deck":["Strike_G","Strike_G","Strike_G","Strike_G","Strike_G","Defend_G","Defend_G","Defend_G","Defend_G","Defend_G","Survivor","Neutralize","Night Terror+1","ReplayTheSpireMod:Scrap Shanks","Dagger Spray","Doubt","Deadly Poison","Die Die Die","Calculated Gamble+1","Sneak Up","Deflect","Underhanded Strike"],"relics":["Ring of the Snake","StoneCalendar","Replay:Bottled Steam"],"acts_visited":["Exordium"],"potions_floor_usage":[10,13,16],"damage_taken":[{"damage":3,"enemies":"Small Slimes","floor":1,"turns":5},{"damage":14,"enemies":"Jaw Worm","floor":3,"turns":8},{"damage":4,"enemies":"2 Louse","floor":5,"turns":3},{"damage":31,"enemies":"Exordium Thugs","floor":6,"turns":4},{"damage":11,"enemies":"3 Louse","floor":7,"turns":3},{"damage":9,"enemies":"3 Sentries","floor":10,"turns":5},{"damage":9,"enemies":"Large Slime","floor":12,"turns":7},{"damage":4,"enemies":"Exordium Wildlife","floor":13,"turns":5},{"damage":5,"enemies":"Exordium Thugs","floor":14,"turns":5},{"damage":22,"enemies":"Hexaghost","floor":16,"turns":7}],"seed_played":"-2209310766056289653","potions_obtained":[{"floor":5,"key":"Cursed Concoction"},{"floor":7,"key":"Swift Potion"},{"floor":12,"key":"Block Potion"},{"floor":13,"key":"LiquidMemories"}],"is_trial":false,"path_per_floor":["M","?","M","?","M","M","M","R","T","E","R","M","M","M","R","B"],"character_chosen":"THE_SILENT","items_purchased":[],"campfire_rested":2,"item_purchase_floors":[],"current_hp_per_floor":[67,67,53,53,49,18,7,28,28,19,19,10,6,1,22,0,0],"gold":376,"neow_bonus":"ONE_RANDOM_RARE_CARD","is_daily":false,"chose_seed":false,"campfire_upgraded":1,"win_rate":0.0,"timestamp":1610501720,"path_taken":["M","?","M","?","M","M","M","R","T","E","R","M","M","M","R","BOSS"],"items_purchased_type":[],"build_version":"2020-12-22","purchased_purges":0,"victory":false,"max_hp_per_floor":[70,70,70,70,70,70,70,70,70,70,70,70,70,70,70,70,70],"card_choices":[{"not_picked":["PiercingWail","Outmaneuver"],"picked":"ReplayTheSpireMod:Scrap Shanks","floor":1},{"not_picked":["Terror","Hidden Blade"],"picked":"Dagger Spray","floor":3},{"not_picked":["Accuracy","Sucker Punch"],"picked":"Deadly Poison","floor":5},{"not_picked":["Draining Mist","Backflip"],"picked":"Die Die Die","floor":6},{"not_picked":["Noxious Fumes","Blade Dance"],"picked":"Calculated Gamble","floor":7},{"not_picked":["Caltrops","Underhanded Strike"],"picked":"Sneak Up","floor":10},{"not_picked":["Masterful Stab","Dagger Spray","Poisoned Stab"],"picked":"SKIP","floor":12},{"not_picked":["Blade Dance","Deadly Poison"],"picked":"Deflect","floor":13},{"not_picked":["Dagger Throw","Acrobatics"],"picked":"Underhanded Strike","floor":14}],"player_experience":43733,"relics_obtained":[{"floor":9,"key":"StoneCalendar"},{"floor":10,"key":"Replay:Bottled Steam"}],"event_choices":[{"damage_healed":0,"gold_gain":0,"player_choice":"Grow","damage_taken":0,"max_hp_gain":0,"max_hp_loss":0,"event_name":"Living Wall","floor":2,"gold_loss":0,"cards_upgraded":["Night Terror"]},{"damage_healed":0,"gold_gain":175,"player_choice":"AGREE","damage_taken":0,"max_hp_gain":0,"max_hp_loss":0,"event_name":"Liars Game","floor":4,"gold_loss":0,"cards_obtained":["Doubt"]}],"is_beta":false,"boss_relics":[],"items_purged_floors":[],"is_endless":false,"potions_floor_spawned":[5,7,12,13],"killed_by":"Hexaghost","ascension_level":2}}