{"host":"2nhpogk5xa0u9xre","time":1610540552,"event":{"mods":["Aspiration","BaseMod","Colored Powertips","Googly Eyes","Hubris","Infinite Spire","Minty Spire (QoL Compilation)","Rare Cards Sparkle","Replay The Spire","StSLib","The Construct","The Hayseed","The Hierophant","The Runesmith","The Senshi","everything is the same but u backflip on backflip"],"gold_per_floor":[112,112,112,127,147,172,172,202,270,286,138,138,158,169,169,268,268,284,300,316,331,331,331,331,343,343,343,343,378,378,413,413,509,509,529,544,558,106,122,149,184,224,247,291,291,337,406,475,475,517,517],"floor_reached":50,"language":"ENG","playtime":2309,"items_purged":[],"score":678,"play_id":"3adec3ff-e681-4ee9-a232-0f2eb634b763","local_time":"20210113072232","daily_mods":["Draft"],"is_ascension_mode":false,"campfire_choices":[{"data":"TheSimpletonMod:Potatoes","floor":7,"key":"SMITH"},{"data":"TheSimpletonMod:DoubleDigging","floor":15,"key":"SMITH"},{"floor":23,"key":"REST"},{"floor":27,"key":"REST"},{"floor":32,"key":"REST"},{"floor":45,"key":"REST"},{"floor":49,"key":"REST"}],"circlet_count":0,"master_deck":["TheSimpletonMod:RootDown","TheSimpletonMod:SpiceUp","TheSimpletonMod:SpiceUp","TheSimpletonMod:CloseScrape","TheSimpletonMod:Swelter","TheSimpletonMod:CloseScrape","TheSimpletonMod:Squash","TheSimpletonMod:Onions","TheSimpletonMod:PestManagement","TheSimpletonMod:OnionBloom","TheSimpletonMod:Turnips","TheSimpletonMod:OnionBloom","TheSimpletonMod:BumperCrop","TheSimpletonMod:Potatoes+1","TheSimpletonMod:CloseScrape","TheSimpletonMod:OnionBloom","TheSimpletonMod:RootDown","TheSimpletonMod:DoubleDigging+1","TheSimpletonMod:Swelter","TheSimpletonMod:Polyculture","TheSimpletonMod:CloseScrape","TheSimpletonMod:Photosynthesis","TheSimpletonMod:Rake+1","TheSimpletonMod:Sunseed+1","CurseOfTheBell","TheSimpletonMod:VolatileFumes+1","hubris:DuctTapeCard","TheSimpletonMod:PestManagement","TheSimpletonMod:RootDown","TheSimpletonMod:ControlledBurn+1","TheSimpletonMod:Potatoes","TheSimpletonMod:BirdFeeder","TheSimpletonMod:OnionBloom","TheSimpletonMod:Fertilaser+1","Mayhem","TheSimpletonMod:OnionBloom+1","TheSimpletonMod:Sunchoke+1","TheSimpletonMod:Spinach","TheSimpletonMod:Sunseed","TheSimpletonMod:SpiceUp+1","TheSimpletonMod:SlashAndBurn","TheSimpletonMod:DoubleBarrel","TheSimpletonMod:Potatoes","ReplayTheSpireMod:Splinters","TheSimpletonMod:Germinate+1","TheSimpletonMod:DoubleBarrel","TheSimpletonMod:Potatoes+1"],"relics":["TheSimpletonMod:SpudOfTheInnocent","TheSimpletonMod:NightSoil","TheSimpletonMod:TheHarvester","hubris:FunFungus","aspiration:HatOfInfinitePower","Bottled Lightning","Nunchaku","construct:ClawGrip","Calling Bell","Boot","aspiration:HummingbirdHeart","Shuriken","Dream Catcher","hubris:DuctTape","Replay:Mystery Machine","TheSimpletonMod:GasCan","SlaversCollar","hubris:MysteriousPyramids","Replay:Bandana","aspiration:ChemicalBlood","Girya","Regal Pillow"],"acts_visited":["Exordium","TheCity","TheBeyond"],"potions_floor_usage":[8,8,21,31,33,35,41,46,50,50,50,50],"damage_taken":[{"damage":4,"enemies":"Jaw Worm","floor":1,"turns":3},{"damage":3,"enemies":"2 Louse","floor":4,"turns":2},{"damage":0,"enemies":"Cultist","floor":5,"turns":3},{"damage":9,"enemies":"Replay:BlueRogue","floor":6,"turns":5},{"damage":5,"enemies":"3 Sentries","floor":8,"turns":5},{"damage":5,"enemies":"Red Slaver","floor":10,"turns":3},{"damage":0,"enemies":"Large Slime","floor":13,"turns":4},{"damage":4,"enemies":"Gremlin Gang","floor":14,"turns":3},{"damage":16,"enemies":"Hexaghost","floor":16,"turns":9},{"damage":9,"enemies":"Shell Parasite","floor":18,"turns":3},{"damage":9,"enemies":"Chosen","floor":19,"turns":4},{"damage":11,"enemies":"Centurion and Healer","floor":20,"turns":6},{"damage":37,"enemies":"Shelled Parasite and Fungi","floor":21,"turns":6},{"damage":10,"enemies":"Cultist and Chosen","floor":25,"turns":6},{"damage":0,"enemies":"Replay:Snechameleon","floor":29,"turns":4},{"damage":21,"enemies":"Nightmare","floor":31,"turns":5},{"damage":6,"enemies":"Automaton","floor":33,"turns":5},{"damage":10,"enemies":"3 Darklings","floor":35,"turns":4},{"damage":32,"enemies":"3 Shapes","floor":36,"turns":3},{"damage":19,"enemies":"Writhing Mass","floor":37,"turns":6},{"damage":22,"enemies":"Maw","floor":39,"turns":6},{"damage":12,"enemies":"Reptomancer","floor":40,"turns":3},{"damage":5,"enemies":"Sphere and 2 Shapes","floor":41,"turns":4},{"damage":2,"enemies":"Spire Growth","floor":42,"turns":4},{"damage":1,"enemies":"Writhing Mass","floor":44,"turns":3},{"damage":15,"enemies":"3 Darklings","floor":46,"turns":4},{"damage":16,"enemies":"2 Orb Walkers","floor":47,"turns":3},{"damage":87,"enemies":"infinitespire:MassOfShapes","floor":50,"turns":6}],"seed_played":"165615248778519543","potions_obtained":[{"floor":4,"key":"SkillPotion"},{"floor":6,"key":"BlessingOfTheForge"},{"floor":8,"key":"GamblersBrew"},{"floor":13,"key":"SteroidPotion"},{"floor":14,"key":"Explosive Potion"},{"floor":18,"key":"Weak Potion"},{"floor":20,"key":"BlessingOfTheForge"},{"floor":33,"key":"Energy Potion"},{"floor":36,"key":"FearPotion"},{"floor":40,"key":"Weak Potion"},{"floor":41,"key":"Death Potion"},{"floor":44,"key":"Energy Potion"},{"floor":46,"key":"FearPotion"},{"floor":47,"key":"SteroidPotion"}],"is_trial":true,"path_per_floor":["M","?","?","M","M","E","R","E","T","M","$","?","M","M","R","B",null,"M","M","M","M","AVR","R","?","M","T","R","?","E","?","NM","R","B",null,"M","M","M","$","M","E","M","M","T","M","R","M","?","?","R","B"],"character_chosen":"THE_SIMPLETON","items_purchased":["Nunchaku","Mayhem","hubris:MysteriousPyramids"],"campfire_rested":5,"item_purchase_floors":[11,38,38],"current_hp_per_floor":[71,71,71,68,68,59,59,60,60,56,56,56,57,55,55,46,75,67,59,49,13,13,35,35,28,28,50,50,52,52,37,59,58,75,75,43,38,38,30,19,20,21,21,20,42,40,26,26,63,0,0],"gold":517,"neow_bonus":"","is_daily":false,"chose_seed":false,"campfire_upgraded":2,"win_rate":0.0,"timestamp":1610540552,"path_taken":["M","?","?","M","M","E","R","E","T","?","?","?","?","M","R","BOSS","M","M","M","?","AVR","R","?","M","T","R","?","E","?","NM","R","BOSS","M","?","M","$","M","E","M","M","T","M","R","M","?","?","R","BOSS"],"items_purchased_type":["Relic","Card","Relic"],"build_version":"2020-12-22","purchased_purges":0,"victory":false,"max_hp_per_floor":[75,75,75,75,75,75,75,75,75,75,75,75,75,75,75,75,75,75,75,75,75,75,75,75,75,75,75,75,75,75,75,75,75,75,75,75,75,75,75,75,75,75,75,75,75,75,75,75,75,75,75],"card_choices":[{"not_picked":["TheSimpletonMod:Sunchoke","TheSimpletonMod:SaladShooter"],"picked":"TheSimpletonMod:RootDown","floor":0},{"not_picked":["TheSimpletonMod:Sunchoke","TheSimpletonMod:Artichokes"],"picked":"TheSimpletonMod:Onions","floor":0},{"not_picked":["TheSimpletonMod:ToughenUp","TheSimpletonMod:DigIn"],"picked":"TheSimpletonMod:SpiceUp","floor":0},{"not_picked":["TheSimpletonMod:Fertilaser","TheSimpletonMod:DoubleBarrel"],"picked":"TheSimpletonMod:SpiceUp","floor":0},{"not_picked":["TheSimpletonMod:SaladShooter","TheSimpletonMod:SpiceUp"],"picked":"TheSimpletonMod:CloseScrape","floor":0},{"not_picked":["TheSimpletonMod:Coffee","TheSimpletonMod:Ferment"],"picked":"TheSimpletonMod:Swelter","floor":0},{"not_picked":["TheSimpletonMod:BumperCrop","TheSimpletonMod:VineRipen"],"picked":"TheSimpletonMod:CloseScrape","floor":0},{"not_picked":["TheSimpletonMod:CropRotation","TheSimpletonMod:ToughenUp"],"picked":"TheSimpletonMod:Squash","floor":0},{"not_picked":["TheSimpletonMod:KeenEdge","TheSimpletonMod:CropRotation"],"picked":"TheSimpletonMod:Onions","floor":0},{"not_picked":["TheSimpletonMod:Ferment","TheSimpletonMod:CullingStrike"],"picked":"TheSimpletonMod:PestManagement","floor":0},{"not_picked":["TheSimpletonMod:SaladShooter","TheSimpletonMod:Mulch"],"picked":"TheSimpletonMod:OnionBloom","floor":0},{"not_picked":["TheSimpletonMod:Polyculture","TheSimpletonMod:Aerate"],"picked":"TheSimpletonMod:Turnips","floor":0},{"not_picked":["TheSimpletonMod:ControlledBurn","TheSimpletonMod:Pruning"],"picked":"TheSimpletonMod:OnionBloom","floor":0},{"not_picked":["TheSimpletonMod:Coffee","TheSimpletonMod:SaladShooter"],"picked":"TheSimpletonMod:BumperCrop","floor":0},{"not_picked":["TheSimpletonMod:GoToMarket","TheSimpletonMod:SaladShooter"],"picked":"TheSimpletonMod:Potatoes","floor":0},{"not_picked":["TheSimpletonMod:BumperCrop","TheSimpletonMod:VineRipen"],"picked":"TheSimpletonMod:CloseScrape","floor":1},{"not_picked":["TheSimpletonMod:Sunseed","TheSimpletonMod:KeenEdge"],"picked":"TheSimpletonMod:OnionBloom","floor":4},{"not_picked":["TheSimpletonMod:Germinate","TheSimpletonMod:Ferment","TheSimpletonMod:SeedCoat"],"picked":"SKIP","floor":5},{"not_picked":["TheSimpletonMod:SlashAndBurn","TheSimpletonMod:Potatoes"],"picked":"TheSimpletonMod:RootDown","floor":6},{"not_picked":["TheSimpletonMod:SeedCoat","TheSimpletonMod:KeenEdge"],"picked":"TheSimpletonMod:DoubleDigging","floor":8},{"not_picked":["TheSimpletonMod:SpiceUp","TheSimpletonMod:DoubleBarrel"],"picked":"TheSimpletonMod:Swelter","floor":10},{"not_picked":["TheSimpletonMod:Rototilling","TheSimpletonMod:DoubleBarrel"],"picked":"TheSimpletonMod:CloseScrape","floor":13},{"not_picked":["TheSimpletonMod:CullingStrike","TheSimpletonMod:Polyculture"],"picked":"TheSimpletonMod:Sunchoke","floor":14},{"not_picked":["TheSimpletonMod:BuzzBomb","TheSimpletonMod:Surplus"],"picked":"TheSimpletonMod:Photosynthesis","floor":16},{"not_picked":["TheSimpletonMod:ToughenUp","TheSimpletonMod:Potatoes"],"picked":"TheSimpletonMod:Rake+1","floor":18},{"not_picked":["TheSimpletonMod:Rototilling","TheSimpletonMod:DoubleBarrel+1"],"picked":"TheSimpletonMod:Swelter","floor":19},{"not_picked":["TheSimpletonMod:Rototilling","TheSimpletonMod:SoilSample"],"picked":"TheSimpletonMod:Sunseed+1","floor":20},{"not_picked":["TheSimpletonMod:CropRotation","TheSimpletonMod:BumperCrop"],"picked":"TheSimpletonMod:Pruning+1","floor":21},{"not_picked":["TheSimpletonMod:Potatoes","TheSimpletonMod:DigIn"],"picked":"TheSimpletonMod:VolatileFumes","floor":25},{"not_picked":["TheSimpletonMod:GoToMarket","TheSimpletonMod:SaladShooter+1"],"picked":"TheSimpletonMod:PestManagement","floor":27},{"not_picked":["TheSimpletonMod:DesperatePlunge","TheSimpletonMod:SoilSample"],"picked":"TheSimpletonMod:RootDown","floor":29},{"not_picked":["TheSimpletonMod:OnionBloom","TheSimpletonMod:PestManagement"],"picked":"TheSimpletonMod:ControlledBurn+1","floor":31},{"not_picked":["TheSimpletonMod:BuzzBomb","TheSimpletonMod:Artichokes"],"picked":"TheSimpletonMod:Potatoes","floor":32},{"not_picked":["TheSimpletonMod:ErosionControl","TheSimpletonMod:HitTheSack"],"picked":"TheSimpletonMod:BirdFeeder","floor":33},{"not_picked":["TheSimpletonMod:SaladShooter+1","TheSimpletonMod:ToughenUp"],"picked":"TheSimpletonMod:OnionBloom","floor":35},{"not_picked":["TheSimpletonMod:BumperCrop","TheSimpletonMod:Sunseed+1"],"picked":"TheSimpletonMod:Fertilaser+1","floor":36},{"not_picked":["TheSimpletonMod:Aerate+1","TheSimpletonMod:SeedCoat","TheSimpletonMod:Thresh"],"picked":"SKIP","floor":37},{"not_picked":["TheSimpletonMod:SeedCoat","TheSimpletonMod:SoilSample"],"picked":"TheSimpletonMod:OnionBloom+1","floor":39},{"not_picked":["TheSimpletonMod:Aerate","TheSimpletonMod:Ferment+1"],"picked":"TheSimpletonMod:Sunchoke+1","floor":40},{"not_picked":["TheSimpletonMod:Ferment+1","TheSimpletonMod:SoilSample"],"picked":"TheSimpletonMod:Spinach","floor":41},{"not_picked":["TheSimpletonMod:Polyculture+1","TheSimpletonMod:Rototilling+1"],"picked":"TheSimpletonMod:Sunseed","floor":42},{"not_picked":["TheSimpletonMod:Pruning","TheSimpletonMod:SoilSample"],"picked":"TheSimpletonMod:SpiceUp+1","floor":44},{"not_picked":["TheSimpletonMod:Pruning","TheSimpletonMod:PestManagement"],"picked":"TheSimpletonMod:SlashAndBurn","floor":45},{"not_picked":["TheSimpletonMod:SaladShooter","TheSimpletonMod:Pruning"],"picked":"TheSimpletonMod:DoubleBarrel","floor":46},{"not_picked":["TheSimpletonMod:GoToMarket","TheSimpletonMod:SpiceUp"],"picked":"TheSimpletonMod:Potatoes","floor":47},{"not_picked":["TheSimpletonMod:CullingStrike+1","TheSimpletonMod:OnionBloom"],"picked":"TheSimpletonMod:Germinate+1","floor":48},{"not_picked":["TheSimpletonMod:Mulch+1","TheSimpletonMod:SaladShooter+1"],"picked":"TheSimpletonMod:DoubleBarrel","floor":48},{"not_picked":["TheSimpletonMod:Pruning+1","TheSimpletonMod:CullingStrike"],"picked":"TheSimpletonMod:Potatoes+1","floor":49}],"player_experience":240460,"relics_obtained":[{"floor":6,"key":"hubris:FunFungus"},{"floor":8,"key":"aspiration:HatOfInfinitePower"},{"floor":9,"key":"Bottled Lightning"},{"floor":22,"key":"Boot"},{"floor":22,"key":"aspiration:HummingbirdHeart"},{"floor":22,"key":"Shuriken"},{"floor":26,"key":"hubris:DuctTape"},{"floor":29,"key":"Replay:Mystery Machine"},{"floor":31,"key":"TheSimpletonMod:GasCan"},{"floor":40,"key":"Replay:Bandana"},{"floor":43,"key":"aspiration:ChemicalBlood"},{"floor":47,"key":"Girya"},{"floor":48,"key":"Regal Pillow"}],"event_choices":[{"damage_healed":0,"gold_gain":0,"player_choice":"Bought 0 Potions","damage_taken":0,"max_hp_gain":0,"max_hp_loss":0,"event_name":"The Woman in Blue","floor":3,"gold_loss":0},{"damage_healed":0,"gold_gain":0,"cards_transformed":["TheSimpletonMod:Onions"],"player_choice":"Transformed","damage_taken":0,"max_hp_gain":0,"max_hp_loss":0,"event_name":"Transmorgrifier","floor":12,"gold_loss":0,"cards_obtained":["TheSimpletonMod:Polyculture"]},{"damage_healed":0,"gold_gain":0,"player_choice":"Ignored","damage_taken":0,"max_hp_gain":0,"max_hp_loss":0,"event_name":"NoteForYourself","floor":30,"gold_loss":0},{"damage_healed":0,"gold_gain":0,"player_choice":"Fight","damage_taken":0,"max_hp_gain":0,"max_hp_loss":0,"event_name":"Mysterious Sphere","floor":47,"gold_loss":0}],"is_beta":false,"boss_relics":[{"not_picked":["Abe\u0027s Treasure","hubris:Stopwatch"],"picked":"construct:ClawGrip"},{"not_picked":["Runic Dome","aspiration:RitualDagger"],"picked":"SlaversCollar"}],"items_purged_floors":[],"is_endless":true,"potions_floor_spawned":[4,6,8,13,14,16,18,20,33,36,40,41,44,46],"killed_by":"infinitespire:MassOfShapes","ascension_level":0}}