{"host":"e52c7hvho6xny3hd","time":1610539162,"event":{"mods":["AchievementEnabler","BaseMod","Colored Map","DeckTracker","Minty Spire (QoL Compilation)","Permanent Neow","StSLib"],"gold_per_floor":[116,127,145,161,176,176,195,195,195,220,239,239,274,274,274,348,348,366,416,432,65,75,75,92,106,106,106,137,137,157,185,185,256,256,275,287,307,360,372,384,219,219,267,267,0,21,21,38,38,38,38],"floor_reached":50,"language":"KOR","playtime":2660,"items_purged":["Gash","Recycle"],"score":851,"play_id":"cac41f61-c72c-42f3-add0-4ad19fcd552e","local_time":"20210113205922","is_ascension_mode":true,"campfire_choices":[{"data":"Fission","floor":6,"key":"SMITH"},{"data":"Defragment","floor":8,"key":"SMITH"},{"data":"Zap","floor":12,"key":"SMITH"},{"floor":15,"key":"REST"},{"data":"Fission","floor":23,"key":"SMITH"},{"data":"Dualcast","floor":27,"key":"SMITH"},{"floor":29,"key":"REST"},{"floor":32,"key":"REST"},{"data":"Fission","floor":40,"key":"SMITH"},{"data":"Echo Form","floor":42,"key":"SMITH"},{"data":"Creative AI","floor":44,"key":"SMITH"},{"data":"Coolheaded","floor":49,"key":"SMITH"}],"circlet_count":0,"master_deck":["AscendersBane","Zap+1","Dualcast+1","Electrodynamics","Auto Shields","Conserve Battery","Defragment+1","Fission+1","Capacitor","Cold Snap","Coolheaded+1","Chaos","Creative AI+1","Conserve Battery","Hello World","Reboot","Fission+1","Cold Snap","Leap+1","Biased Cognition","Biased Cognition","Cold Snap","Echo Form+1","Force Field","Self Repair","Core Surge","Fission+1","Cold Snap","Self Repair","Self Repair","Coolheaded+1"],"relics":["Cracked Core","Ornamental Fan","Odd Mushroom","Peace Pipe","Centennial Puzzle","Pandora\u0027s Box","Orrery","Matryoshka","Symbiotic Virus","Dream Catcher","Sozu","Shuriken","MawBank","Question Card","CeramicFish","Red Mask"],"acts_visited":["Exordium","TheCity","TheBeyond"],"potions_floor_usage":[7,50],"damage_taken":[{"damage":0,"enemies":"Small Slimes","floor":1,"turns":3},{"damage":0,"enemies":"Cultist","floor":2,"turns":3},{"damage":4,"enemies":"2 Louse","floor":3,"turns":2},{"damage":8,"enemies":"Blue Slaver","floor":4,"turns":4},{"damage":9,"enemies":"Red Slaver","floor":5,"turns":3},{"damage":0,"enemies":"2 Fungi Beasts","floor":7,"turns":3},{"damage":0,"enemies":"The Mushroom Lair","floor":10,"turns":2},{"damage":8,"enemies":"3 Louse","floor":11,"turns":2},{"damage":9,"enemies":"Lagavulin","floor":13,"turns":6},{"damage":16,"enemies":"Hexaghost","floor":16,"turns":11},{"damage":19,"enemies":"Shell Parasite","floor":18,"turns":7},{"damage":0,"enemies":"Spheric Guardian","floor":20,"turns":4},{"damage":14,"enemies":"Snake Plant","floor":22,"turns":3},{"damage":0,"enemies":"3 Cultists","floor":24,"turns":3},{"damage":0,"enemies":"Snecko","floor":25,"turns":7},{"damage":3,"enemies":"Book of Stabbing","floor":28,"turns":5},{"damage":17,"enemies":"Snake Plant","floor":30,"turns":4},{"damage":29,"enemies":"Slavers","floor":31,"turns":5},{"damage":2,"enemies":"Champ","floor":33,"turns":8},{"damage":22,"enemies":"3 Shapes","floor":35,"turns":2},{"damage":2,"enemies":"Orb Walker","floor":36,"turns":4},{"damage":33,"enemies":"Jaw Worm Horde","floor":37,"turns":5},{"damage":14,"enemies":"3 Darklings","floor":46,"turns":9},{"damage":15,"enemies":"Transient","floor":48,"turns":5},{"damage":55,"enemies":"Time Eater","floor":50,"turns":15}],"seed_played":"2194283826069716031","potions_obtained":[{"floor":3,"key":"Explosive Potion"},{"floor":4,"key":"SpeedPotion"},{"floor":13,"key":"Weak Potion"},{"floor":30,"key":"LiquidMemories"}],"is_trial":false,"path_per_floor":["M","M","M","M","M","R","M","R","T","?","M","R","E","?","R","B",null,"M","?","M","$","M","R","M","M","T","R","E","R","M","E","R","B",null,"M","M","M","T","$","R","$","R","T","R","?","M","$","M","R","B"],"character_chosen":"DEFECT","items_purchased":["Biased Cognition","Orrery","Self Repair"],"campfire_rested":3,"item_purchase_floors":[21,21,41],"current_hp_per_floor":[64,64,60,52,43,43,43,43,43,43,35,35,26,26,45,29,55,36,36,36,36,22,22,22,22,22,22,19,38,35,13,32,30,56,41,53,34,34,34,34,34,34,34,34,34,55,55,64,64,9,9],"gold":38,"neow_bonus":"TRANSFORM_TWO_CARDS","is_daily":false,"chose_seed":false,"campfire_upgraded":9,"win_rate":0.0,"timestamp":1610539162,"path_taken":["M","M","M","M","M","R","M","R","T","?","M","R","E","?","R","BOSS","M","?","M","$","M","R","M","M","T","R","E","R","M","E","R","BOSS","M","?","M","?","?","R","$","R","T","R","?","M","?","?","R","BOSS"],"items_purchased_type":["Card","Relic","Card"],"build_version":"2020-12-22","purchased_purges":2,"victory":false,"max_hp_per_floor":[64,64,64,64,64,64,64,64,64,64,64,64,64,64,64,64,64,64,64,64,64,64,64,64,64,64,64,64,64,64,64,64,64,64,64,64,64,64,64,64,64,64,64,64,64,64,64,64,64,64,64],"card_choices":[{"not_picked":["Scrape","Hologram"],"picked":"Conserve Battery","floor":1},{"not_picked":["Leap","Conserve Battery"],"picked":"Defragment","floor":2},{"not_picked":["Beam Cell","Storm","Force Field"],"picked":"SKIP","floor":3},{"not_picked":["Rip and Tear","Hologram","Melter"],"picked":"SKIP","floor":4},{"not_picked":["Conserve Battery","Stack"],"picked":"Fission","floor":5},{"not_picked":["Chill","Self Repair"],"picked":"Capacitor","floor":7},{"not_picked":["Compile Driver","Rebound"],"picked":"Cold Snap","floor":10},{"not_picked":["Aggregate","Skim"],"picked":"Coolheaded","floor":11},{"not_picked":["Streamline","Force Field"],"picked":"Chaos","floor":13},{"not_picked":["Seek","Machine Learning"],"picked":"Creative AI","floor":16},{"not_picked":["Streamline","Aggregate"],"picked":"Cold Snap","floor":18},{"not_picked":["Loop","Reprogram+1"],"picked":"Leap+1","floor":20},{"not_picked":["Steam","Stack"],"picked":"Biased Cognition","floor":21},{"not_picked":["Blizzard+1","Hello World"],"picked":"Cold Snap","floor":21},{"not_picked":["Go for the Eyes","Gash","Streamline"],"picked":"SKIP","floor":22},{"not_picked":["Genetic Algorithm+1","Steam"],"picked":"Echo Form","floor":24},{"not_picked":["Barrage","Scrape"],"picked":"Force Field","floor":25},{"not_picked":["Turbo","Sweeping Beam"],"picked":"Self Repair","floor":28},{"not_picked":["Hello World","Hologram","Conserve Battery"],"picked":"SKIP","floor":30},{"not_picked":["Force Field","Hologram"],"picked":"Core Surge","floor":31},{"not_picked":["Meteor Strike","Creative AI"],"picked":"Fission","floor":33},{"not_picked":["Ball Lightning","Leap+1","Steam"],"picked":"SKIP","floor":35},{"not_picked":["Consume","Static Discharge"],"picked":"Cold Snap","floor":36},{"not_picked":["Stack","Fusion+1"],"picked":"Self Repair","floor":37},{"not_picked":["Streamline","Go for the Eyes","Redo"],"picked":"Coolheaded+1","floor":46},{"not_picked":["Aggregate","FTL","Redo","Reprogram"],"picked":"SKIP","floor":48}],"player_experience":669243,"relics_obtained":[{"floor":9,"key":"Ornamental Fan"},{"floor":10,"key":"Odd Mushroom"},{"floor":13,"key":"Peace Pipe"},{"floor":14,"key":"Centennial Puzzle"},{"floor":26,"key":"Matryoshka"},{"floor":28,"key":"Symbiotic Virus"},{"floor":31,"key":"Dream Catcher"},{"floor":38,"key":"Shuriken"},{"floor":38,"key":"MawBank"},{"floor":43,"key":"Question Card"},{"floor":43,"key":"CeramicFish"}],"event_choices":[{"damage_healed":0,"gold_gain":0,"player_choice":"Fought Mushrooms","damage_taken":0,"max_hp_gain":0,"max_hp_loss":0,"event_name":"Mushrooms","floor":10,"gold_loss":0},{"damage_healed":0,"gold_gain":0,"player_choice":"Relic","damage_taken":0,"max_hp_gain":0,"max_hp_loss":0,"event_name":"Wheel of Change","floor":14,"gold_loss":0},{"damage_healed":0,"gold_gain":100,"player_choice":"Bet on Murderer","damage_taken":0,"max_hp_gain":0,"max_hp_loss":0,"event_name":"The Joust","floor":19,"gold_loss":50},{"damage_healed":0,"gold_gain":0,"player_choice":"Paid","damage_taken":0,"relics_obtained":["Red Mask"],"max_hp_gain":0,"max_hp_loss":0,"event_name":"Tomb of Lord Red Mask","floor":45,"gold_loss":267}],"is_beta":false,"boss_relics":[{"not_picked":["Runic Pyramid","Nuclear Battery"],"picked":"Pandora\u0027s Box"},{"not_picked":["Velvet Choker","Calling Bell"],"picked":"Sozu"}],"items_purged_floors":[21,41],"is_endless":false,"potions_floor_spawned":[3,4,13,18,20,30,33,37,48],"killed_by":"Time Eater","ascension_level":14}}