{"host":"utcbn1j9ebmpc40m","time":1610568941,"event":{"mods":["BaseMod","Better Match","Minty Spire (QoL Compilation)","Poor People Problems","StSLib","SuperFastMode","The IronCluck"],"gold_per_floor":[119,119,194,212,192,192,219,219,298,298,331,344,401,291,291,386,386,406,406,406,406,424,424,453,470,470,485,89,108,108,136,136,237,237,249,68,78,0,0,33,33,49,74,90,19,30,30,41,41,41,41],"floor_reached":50,"language":"ENG","playtime":2129,"items_purged":["Doubt","Parasite"],"score":776,"play_id":"341ba687-e17e-44f4-9379-d4e719cd75a5","local_time":"20210113151541","is_ascension_mode":true,"campfire_choices":[{"data":"Armaments","floor":6,"key":"SMITH"},{"floor":8,"key":"REST"},{"floor":10,"key":"REST"},{"floor":15,"key":"REST"},{"floor":23,"key":"REST"},{"floor":30,"key":"REST"},{"data":"Rage","floor":32,"key":"SMITH"},{"floor":41,"key":"REST"},{"floor":47,"key":"REST"},{"data":"The Bomb","floor":49,"key":"SMITH"}],"circlet_count":0,"master_deck":["Strike_R","Strike_R","Strike_R","Strike_R","Defend_R","Defend_R","Defend_R","Defend_R","Bash","Armaments+1","Shrug It Off","Heavy Blade","Feel No Pain","Infernal Blade","Berserk","Entrench","Juggernaut","Rage+1","Perfected Strike+1","Body Slam","Anger","Carnage+1","Warcry+1","Rage+1","Flame Barrier+1","Whirlwind","Body Slam+1","Juggernaut","Thunderclap+1","Ghostly Armor+1","Metallicize+1","Ghostly Armor+1","Battle Trance+1","The Bomb+1","Heavy Blade+1","Headbutt+1","Shame","Shrug It Off+1","Entrench","Whirlwind+1","Flex+1"],"relics":["Cursed Key","Turnip","Prayer Wheel","HornCleat","Happy Flower","Mummified Hand","Snecko Eye","MutagenicStrength","Shuriken","Dead Branch","Pen Nib","Chemical X","Pear","Astrolabe","Red Mask","Bottled Tornado","Anchor"],"acts_visited":["Exordium","TheCity","TheBeyond"],"potions_floor_usage":[7,16,25,27,40,42,50,50],"damage_taken":[{"damage":0,"enemies":"2 Louse","floor":1,"turns":3},{"damage":2,"enemies":"Jaw Worm","floor":4,"turns":3},{"damage":11,"enemies":"Lagavulin","floor":7,"turns":5},{"damage":19,"enemies":"Gremlin Nob","floor":11,"turns":5},{"damage":0,"enemies":"Cultist","floor":12,"turns":3},{"damage":25,"enemies":"Lagavulin Event","floor":13,"turns":8},{"damage":24,"enemies":"The Guardian","floor":16,"turns":14},{"damage":0,"enemies":"Chosen","floor":18,"turns":4},{"damage":8,"enemies":"Shell Parasite","floor":22,"turns":4},{"damage":11,"enemies":"Gremlin Leader","floor":24,"turns":5},{"damage":0,"enemies":"Snake Plant","floor":25,"turns":1},{"damage":15,"enemies":"Centurion and Healer","floor":27,"turns":4},{"damage":15,"enemies":"Shelled Parasite and Fungi","floor":29,"turns":3},{"damage":2,"enemies":"Book of Stabbing","floor":31,"turns":3},{"damage":27,"enemies":"Collector","floor":33,"turns":5},{"damage":1,"enemies":"3 Shapes","floor":35,"turns":4},{"damage":6,"enemies":"Orb Walker","floor":37,"turns":2},{"damage":16,"enemies":"Giant Head","floor":40,"turns":6},{"damage":35,"enemies":"4 Shapes","floor":42,"turns":2},{"damage":0,"enemies":"Sphere and 2 Shapes","floor":44,"turns":3},{"damage":0,"enemies":"Spire Growth","floor":46,"turns":2},{"damage":9,"enemies":"3 Darklings","floor":48,"turns":5},{"damage":114,"enemies":"Awakened One","floor":50,"turns":7}],"seed_played":"8010461655283615671","potions_obtained":[{"floor":5,"key":"SkillPotion"},{"floor":11,"key":"FairyPotion"},{"floor":12,"key":"Block Potion"},{"floor":16,"key":"ElixirPotion"},{"floor":24,"key":"Swift Potion"},{"floor":25,"key":"DistilledChaos"},{"floor":33,"key":"BloodPotion"},{"floor":44,"key":"Dexterity Potion"},{"floor":46,"key":"Ancient Potion"}],"is_trial":false,"path_per_floor":["M","?","?","M","?","R","E","R","T","R","E","M","?","$","R","B",null,"M","?","?","?","M","R","E","M","T","M","$","M","R","E","R","B",null,"M","$","M","?","?","E","R","M","T","M","$","M","R","M","R","B"],"character_chosen":"IRONCLAD","items_purchased":["Entrench","Pen Nib","Chemical X","The Bomb","Entrench"],"campfire_rested":7,"item_purchase_floors":[14,28,28,36,45],"current_hp_per_floor":[72,60,49,47,47,47,36,60,60,80,61,61,36,36,60,36,69,69,69,69,69,61,80,69,69,69,54,54,39,62,70,70,43,76,75,75,69,69,69,53,79,61,61,61,61,61,87,78,78,0,0],"gold":41,"neow_bonus":"BOSS_RELIC","is_daily":false,"chose_seed":false,"campfire_upgraded":3,"win_rate":0.0,"timestamp":1610568941,"path_taken":["M","?","?","M","?","R","E","R","T","R","E","?","?","$","R","BOSS","M","?","?","?","M","R","E","M","T","M","$","M","R","E","R","BOSS","M","$","M","?","?","E","R","M","T","M","$","M","R","M","R","BOSS"],"items_purchased_type":["Card","Relic","Relic","Card","Card"],"build_version":"2020-12-22","purchased_purges":2,"victory":false,"max_hp_per_floor":[80,80,80,80,80,80,80,80,80,80,80,80,80,80,80,80,80,80,80,80,80,80,80,80,80,80,80,77,77,77,87,87,87,87,87,87,87,87,87,87,87,87,87,87,87,87,87,87,87,87,87],"card_choices":[{"not_picked":["Headbutt","Clash"],"picked":"Armaments","floor":1},{"not_picked":["Clothesline","Headbutt"],"picked":"Shrug It Off","floor":4},{"not_picked":["Dual Wield","Dark Embrace"],"picked":"Heavy Blade","floor":7},{"not_picked":["Havoc","Dark Embrace"],"picked":"Feel No Pain","floor":11},{"not_picked":["Hemokinesis","Sentinel"],"picked":"Infernal Blade","floor":12},{"not_picked":["Headbutt","Clash","Combust"],"picked":"SKIP","floor":12},{"not_picked":["Sever Soul","Twin Strike"],"picked":"Berserk","floor":13},{"not_picked":["Offering","Feed"],"picked":"Juggernaut","floor":16},{"not_picked":["Cleave","Warcry+1"],"picked":"Rage","floor":18},{"not_picked":["Thunderclap","Sword Boomerang"],"picked":"Perfected Strike+1","floor":18},{"not_picked":["Wild Strike","Rampage"],"picked":"Disarm","floor":22},{"not_picked":["Cleave","Clothesline+1"],"picked":"Anger","floor":22},{"not_picked":["Searing Blow","Body Slam"],"picked":"Carnage+1","floor":24},{"not_picked":["Headbutt","Flex"],"picked":"Warcry+1","floor":25},{"not_picked":["Impervious","Pommel Strike"],"picked":"Rage+1","floor":25},{"not_picked":["Second Wind","Disarm"],"picked":"Flame Barrier+1","floor":27},{"not_picked":["Cleave","Sword Boomerang"],"picked":"Whirlwind","floor":27},{"not_picked":["Clothesline","Iron Wave"],"picked":"Feel No Pain","floor":29},{"not_picked":["Perfected Strike","Heavy Blade","Clothesline+1"],"picked":"SKIP","floor":29},{"not_picked":["Flex","Cleave"],"picked":"Body Slam+1","floor":31},{"not_picked":["Offering","Berserk"],"picked":"Juggernaut","floor":33},{"not_picked":["Headbutt+1","Cleave+1"],"picked":"Ghostly Armor+1","floor":35},{"not_picked":["Warcry","Cleave+1"],"picked":"Battle Trance+1","floor":35},{"not_picked":["Metallicize","Wild Strike","Havoc"],"picked":"SKIP","floor":37},{"not_picked":["Thunderclap","Anger","Evolve"],"picked":"SKIP","floor":37},{"not_picked":["Iron Wave+1","Combust+1"],"picked":"Heavy Blade+1","floor":40},{"not_picked":["Wild Strike","Warcry"],"picked":"Headbutt+1","floor":42},{"not_picked":["Anger","Clash+1","Twin Strike+1"],"picked":"SKIP","floor":42},{"not_picked":["Shockwave","Thunderclap+1"],"picked":"Shrug It Off+1","floor":44},{"not_picked":["Blood for Blood+1","True Grit","Cleave+1"],"picked":"SKIP","floor":44},{"not_picked":["Sever Soul","Berserk","Iron Wave"],"picked":"SKIP","floor":46},{"not_picked":["Evolve","Armaments","Sword Boomerang+1"],"picked":"SKIP","floor":46},{"not_picked":["Headbutt","Flex+1"],"picked":"Whirlwind+1","floor":48},{"not_picked":["Thunderclap","Searing Blow"],"picked":"Flex+1","floor":48}],"player_experience":471683,"relics_obtained":[{"floor":7,"key":"Prayer Wheel"},{"floor":9,"key":"HornCleat"},{"floor":11,"key":"Happy Flower"},{"floor":13,"key":"Mummified Hand"},{"floor":24,"key":"Shuriken"},{"floor":26,"key":"Dead Branch"},{"floor":31,"key":"Pear"},{"floor":40,"key":"Bottled Tornado"},{"floor":43,"key":"Anchor"}],"event_choices":[{"damage_healed":0,"gold_gain":0,"player_choice":"Success","damage_taken":12,"relics_obtained":["Turnip"],"max_hp_gain":0,"max_hp_loss":0,"event_name":"Scrap Ooze","floor":2,"gold_loss":0},{"damage_healed":0,"gold_gain":75,"player_choice":"Gather Gold","damage_taken":11,"max_hp_gain":0,"max_hp_loss":0,"event_name":"World of Goop","floor":3,"gold_loss":0},{"damage_healed":0,"gold_gain":0,"player_choice":"Bought 1 Potion","damage_taken":0,"max_hp_gain":0,"max_hp_loss":0,"event_name":"The Woman in Blue","floor":5,"gold_loss":0},{"damage_healed":0,"gold_gain":30,"player_choice":"Searched \u00273\u0027 times","damage_taken":0,"max_hp_gain":0,"max_hp_loss":0,"event_name":"Dead Adventurer","floor":13,"gold_loss":0},{"damage_healed":0,"gold_gain":0,"player_choice":"Inject Mutagens","damage_taken":0,"relics_obtained":["MutagenicStrength"],"max_hp_gain":0,"max_hp_loss":0,"event_name":"Drug Dealer","floor":19,"gold_loss":0},{"damage_healed":0,"gold_gain":0,"player_choice":"Ignored","damage_taken":0,"max_hp_gain":0,"max_hp_loss":0,"event_name":"Vampires","floor":20,"gold_loss":0},{"damage_healed":0,"gold_gain":0,"player_choice":"Read","damage_taken":0,"max_hp_gain":0,"max_hp_loss":0,"event_name":"The Library","floor":21,"gold_loss":0,"cards_obtained":["Body Slam"]},{"damage_healed":0,"gold_gain":0,"player_choice":"Paid","damage_taken":0,"relics_obtained":["Red Mask"],"max_hp_gain":0,"max_hp_loss":0,"event_name":"Tomb of Lord Red Mask","floor":38,"gold_loss":78},{"damage_healed":0,"gold_gain":0,"player_choice":"Ignored","damage_taken":0,"max_hp_gain":0,"max_hp_loss":0,"event_name":"Mysterious Sphere","floor":39,"gold_loss":0}],"is_beta":false,"boss_relics":[{"not_picked":["Empty Cage","Velvet Choker"],"picked":"Snecko Eye"},{"not_picked":["SacredBark","Runic Pyramid"],"picked":"Astrolabe"}],"items_purged_floors":[14,28],"is_endless":false,"potions_floor_spawned":[11,12,16,24,25,33,40,44,46],"killed_by":"Awakened One","ascension_level":9}}