{"host":"q9718omregw4er46","time":1610552704,"event":{"mods":["BaseMod","Bestiary","Colored Powertips","Minty Spire (QoL Compilation)","Quick Restart","Relic Stats"],"gold_per_floor":[109,109,109,127,43,78,78,153,225,225,150,163,163,199,199,297,297,318,4,19,69,69,69,100,116,143,155,191,239,266,278,278],"floor_reached":31,"language":"ENG","playtime":840,"items_purged":["Strike_B","Strike_B"],"score":612,"play_id":"ab7b663b-3778-46e8-a4aa-2d47c89f21c1","local_time":"20210113204504","is_ascension_mode":true,"campfire_choices":[{"data":"Coolheaded","floor":10.0,"key":"SMITH"},{"data":"Melter","floor":13.0,"key":"SMITH"},{"data":"Cold Snap","floor":15.0,"key":"SMITH"},{"floor":23.0,"key":"REST"},{"floor":27.0,"key":"REST"}],"circlet_count":0,"master_deck":["AscendersBane","Strike_B","Strike_B","Defend_B","Defend_B","Defend_B","Defend_B","Zap","Dualcast","Coolheaded+1","White Noise","BootSequence","Melter+1","Cold Snap+1","Machine Learning","White Noise+1","Loop","Ball Lightning","Necronomicurse","Glacier+1","Compile Driver","Glacier+1","Conserve Battery+1"],"relics":["Cracked Core","NeowsBlessing","TungstenRod","Mango","Golden Idol","Toxic Egg 2","Mummified Hand","Fusion Hammer","Membership Card","Bronze Scales","Necronomicon","Calipers","MawBank","Darkstone Periapt"],"acts_visited":["Exordium","TheCity"],"potions_floor_usage":[31],"damage_taken":[{"damage":0.0,"enemies":"Jaw Worm","floor":1.0,"turns":1.0},{"damage":0.0,"enemies":"Small Slimes","floor":4.0,"turns":1.0},{"damage":0.0,"enemies":"Gremlin Nob","floor":6.0,"turns":1.0},{"damage":3.0,"enemies":"Cultist","floor":12.0,"turns":5.0},{"damage":22.0,"enemies":"Lagavulin","floor":14.0,"turns":8.0},{"damage":25.0,"enemies":"The Guardian","floor":16.0,"turns":16.0},{"damage":0.0,"enemies":"Spheric Guardian","floor":18.0,"turns":1.0},{"damage":0.0,"enemies":"3 Byrds","floor":20.0,"turns":2.0},{"damage":16.0,"enemies":"Gremlin Leader","floor":24.0,"turns":5.0},{"damage":10.0,"enemies":"3 Cultists","floor":25.0,"turns":4.0},{"damage":1.0,"enemies":"Centurion and Healer","floor":28.0,"turns":9.0},{"damage":37.0,"enemies":"Book of Stabbing","floor":29.0,"turns":5.0},{"damage":7.0,"enemies":"Snake Plant","floor":30.0,"turns":3.0},{"damage":29,"enemies":"Slavers","floor":31,"turns":3}],"seed_played":"-5800695679571405466","potions_obtained":[{"floor":1.0,"key":"Weak Potion"},{"floor":3.0,"key":"Explosive Potion"},{"floor":16.0,"key":"EssenceOfSteel"},{"floor":29.0,"key":"Ancient Potion"},{"floor":30.0,"key":"Block Potion"}],"is_trial":false,"path_per_floor":["M","?","?","M","$","E","?","?","T","R","$","M","R","E","R","B",null,"M","$","M","?","?","R","E","M","T","R","M","E","M","E"],"character_chosen":"DEFECT","items_purchased":["White Noise","Membership Card","Bronze Scales","Loop"],"campfire_rested":2,"item_purchase_floors":[5,19,19,19],"current_hp_per_floor":[64,53,53,53,53,67,67,57,57,57,57,54,54,32,32,7,60,60,60,60,60,43,66,50,40,40,63,62,25,18,0,0],"gold":278,"neow_bonus":"THREE_ENEMY_KILL","is_daily":false,"chose_seed":false,"campfire_upgraded":3,"win_rate":0.0,"timestamp":1610552704,"path_taken":["M","?","?","?","$","E","?","?","T","R","?","M","R","E","R","BOSS","M","$","M","?","?","R","E","M","T","R","M","E","M","E"],"items_purchased_type":["Card","Relic","Relic","Card"],"build_version":"2020-12-22","purchased_purges":2,"victory":false,"max_hp_per_floor":[71,71,71,71,71,85,77,77,77,77,77,77,77,77,77,77,77,77,77,77,77,77,77,77,77,77,77,77,77,77,77,77],"relic_stats":{"Darkstone Periapt":0,"counters":[14,64],"Golden Idol":61,"Mummified Hand":[29],"Bronze Scales":[161],"Necronomicon":[1],"MawBank":60,"obtain_stats":[{"Darkstone Periapt":29,"Calipers":24,"NeowsBlessing":0,"Golden Idol":7,"Mango":6,"MawBank":26,"Mummified Hand":14,"Bronze Scales":19,"Fusion Hammer":17,"Necronomicon":22,"Membership Card":19,"Toxic Egg 2":9,"Cracked Core":0,"TungstenRod":2},{"Darkstone Periapt":12,"Calipers":9,"NeowsBlessing":0,"Golden Idol":3,"Mango":3,"MawBank":10,"Mummified Hand":5,"Bronze Scales":7,"Fusion Hammer":6,"Necronomicon":8,"Membership Card":7,"Toxic Egg 2":3,"Cracked Core":0,"TungstenRod":1},{"Darkstone Periapt":58,"Calipers":40,"NeowsBlessing":0,"Golden Idol":3,"Mango":3,"MawBank":44,"Mummified Hand":16,"Bronze Scales":33,"Fusion Hammer":32,"Necronomicon":35,"Membership Card":33,"Toxic Egg 2":3,"Cracked Core":0,"TungstenRod":1}],"TungstenRod":34},"card_choices":[{"not_picked":["Conserve Battery","Blizzard","Coolheaded"],"picked":"SKIP","floor":1.0},{"not_picked":["Hologram","Gash"],"picked":"Coolheaded","floor":4.0},{"not_picked":["Reprogram","Gash"],"picked":"BootSequence","floor":6.0},{"not_picked":["Redo+1","Auto Shields+1"],"picked":"Melter","floor":12.0},{"not_picked":["Leap+1","Amplify+1"],"picked":"Cold Snap","floor":14.0},{"not_picked":["All For One","Meteor Strike"],"picked":"Machine Learning","floor":16.0},{"not_picked":["Turbo+1","FTL"],"picked":"White Noise+1","floor":18.0},{"not_picked":["Streamline","Tempest+1"],"picked":"Ball Lightning","floor":20.0},{"not_picked":["Scrape","Hello World","Streamline"],"picked":"SKIP","floor":24.0},{"not_picked":["Undo+1","Auto Shields+1"],"picked":"Glacier+1","floor":25.0},{"not_picked":["Sweeping Beam+1","Steam+1"],"picked":"Compile Driver","floor":28.0},{"not_picked":["Recycle+1","Stack+1"],"picked":"Glacier+1","floor":29.0},{"not_picked":["Static Discharge+1","Rebound+1"],"picked":"Conserve Battery+1","floor":30.0}],"player_experience":1204198,"relics_obtained":[{"floor":6.0,"key":"Mango"},{"floor":9.0,"key":"Toxic Egg 2"},{"floor":14.0,"key":"Mummified Hand"},{"floor":22.0,"key":"Necronomicon"},{"floor":24.0,"key":"Calipers"},{"floor":26.0,"key":"MawBank"},{"floor":29.0,"key":"Darkstone Periapt"}],"event_choices":[{"damage_healed":0.0,"max_hp_gain":0.0,"max_hp_loss":0.0,"gold_gain":0.0,"event_name":"Scrap Ooze","player_choice":"Success","floor":2.0,"gold_loss":0.0,"damage_taken":11.0,"relics_obtained":["TungstenRod"]},{"damage_healed":0.0,"max_hp_gain":0.0,"max_hp_loss":0.0,"gold_gain":0.0,"event_name":"Lab","player_choice":"Got Potions","floor":3.0,"gold_loss":0.0,"damage_taken":0.0},{"damage_healed":0.0,"max_hp_gain":0.0,"max_hp_loss":8.0,"gold_gain":0.0,"event_name":"Golden Idol","player_choice":"Lose Max HP","floor":7.0,"gold_loss":0.0,"damage_taken":0.0,"relics_obtained":["Golden Idol"]},{"damage_healed":0.0,"max_hp_gain":0.0,"max_hp_loss":0.0,"gold_gain":75.0,"event_name":"World of Goop","player_choice":"Gather Gold","floor":8.0,"gold_loss":0.0,"damage_taken":11.0},{"damage_healed":0.0,"max_hp_gain":0.0,"max_hp_loss":0.0,"gold_gain":50.0,"event_name":"Nest","player_choice":"Stole From Cult","floor":21.0,"gold_loss":0.0,"damage_taken":0.0},{"damage_healed":0.0,"max_hp_gain":0.0,"max_hp_loss":0.0,"gold_gain":0.0,"event_name":"Cursed Tome","player_choice":"Obtained Book","floor":22.0,"gold_loss":0.0,"damage_taken":21.0}],"is_beta":false,"boss_relics":[{"not_picked":["Sozu","Empty Cage"],"picked":"Fusion Hammer"}],"items_purged_floors":[11,19],"is_endless":false,"potions_floor_spawned":[1,16,29,30],"killed_by":"Slavers","ascension_level":20}}