{"host":"Qube","time":1610512527,"event":{"mods":["AchievementEnabler","BaseMod","Colored Map","Colored Powertips","Minty Spire (QoL Compilation)","Quick Restart","Random Character Button","StSLib"],"gold_per_floor":[110,127,145,165,179,211,211,239,321,321,350,362,374,395,395,470,470,485,485,499,515,531,531,548,579,579,579,592,592,592],"floor_reached":29,"language":"ENG","playtime":1371,"items_purged":[],"score":542,"play_id":"8571cf62-e3ca-418a-b4be-cff68d6eaed8","local_time":"20210112203527","is_ascension_mode":true,"campfire_choices":[{"floor":7.0,"key":"REST"},{"data":"Noxious Fumes","floor":10.0,"key":"SMITH"},{"floor":15,"key":"REST"},{"floor":23,"key":"REST"},{"floor":27,"key":"REST"}],"circlet_count":0,"master_deck":["AscendersBane","Strike_G","Strike_G","Strike_G","Strike_G","Strike_G","Defend_G","Defend_G","Defend_G","Survivor","Neutralize","Poisoned Stab","Quick Slash","Cloak And Dagger","Poisoned Stab","Noxious Fumes+1","Cloak And Dagger","Catalyst","After Image","Backflip","Catalyst","Glass Knife+1","Footwork","Acrobatics","Deflect","Bane+1","Poisoned Stab+1"],"relics":["Ring of the Snake","Bronze Scales","Lizard Tail","Molten Egg 2","Incense Burner","Odd Mushroom","Velvet Choker","Vajra","Paper Crane"],"acts_visited":["Exordium","TheCity"],"potions_floor_usage":[11,14,21,24,24,29],"damage_taken":[{"damage":1.0,"enemies":"Jaw Worm","floor":1.0,"turns":4.0},{"damage":1.0,"enemies":"Cultist","floor":2.0,"turns":4.0},{"damage":0.0,"enemies":"Small Slimes","floor":3.0,"turns":3.0},{"damage":20.0,"enemies":"Exordium Thugs","floor":4.0,"turns":5.0},{"damage":1.0,"enemies":"Blue Slaver","floor":5.0,"turns":3.0},{"damage":12.0,"enemies":"3 Sentries","floor":6.0,"turns":8.0},{"damage":1.0,"enemies":"Lagavulin","floor":8.0,"turns":6.0},{"damage":28,"enemies":"Gremlin Nob","floor":11,"turns":4},{"damage":6,"enemies":"3 Louse","floor":12,"turns":3},{"damage":0,"enemies":"2 Fungi Beasts","floor":13,"turns":3},{"damage":5,"enemies":"The Mushroom Lair","floor":14,"turns":4},{"damage":8,"enemies":"Slime Boss","floor":16,"turns":10},{"damage":14,"enemies":"Spheric Guardian","floor":18,"turns":4},{"damage":0,"enemies":"3 Byrds","floor":20,"turns":4},{"damage":13,"enemies":"Snecko","floor":21,"turns":4},{"damage":13,"enemies":"Chosen and Byrds","floor":22,"turns":5},{"damage":26,"enemies":"Snake Plant","floor":24,"turns":4},{"damage":20,"enemies":"Book of Stabbing","floor":25,"turns":5},{"damage":17,"enemies":"Sentry and Sphere","floor":28,"turns":6},{"damage":27,"enemies":"Slavers","floor":29,"turns":3}],"seed_played":"-5659685624561812088","potions_obtained":[{"floor":2.0,"key":"Weak Potion"},{"floor":4.0,"key":"Fruit Juice"},{"floor":5.0,"key":"SpeedPotion"},{"floor":8.0,"key":"Regen Potion"},{"floor":12,"key":"SpeedPotion"},{"floor":13,"key":"DistilledChaos"},{"floor":20,"key":"CunningPotion"},{"floor":22,"key":"Strength Potion"},{"floor":28,"key":"Dexterity Potion"}],"is_trial":false,"path_per_floor":["M","M","M","M","M","E","R","E","T","R","E","M","M","?","R","B",null,"M","?","M","M","M","R","M","E","T","R","M","E"],"character_chosen":"THE_SILENT","items_purchased":[],"campfire_rested":4,"item_purchase_floors":[],"current_hp_per_floor":[58,57,57,37,36,24,42,41,41,41,25,19,19,14,32,24,51,37,37,37,24,11,29,8,22,22,41,24,0,0],"gold":592,"neow_bonus":"REMOVE_TWO","is_daily":false,"chose_seed":false,"campfire_upgraded":1,"win_rate":0.0,"timestamp":1610512527,"path_taken":["M","M","M","M","M","E","R","E","T","R","E","M","M","?","R","BOSS","M","?","M","?","M","R","?","E","T","R","M","E"],"items_purchased_type":[],"build_version":"2020-12-18","purchased_purges":0,"victory":false,"max_hp_per_floor":[60,60,60,60,60,60,60,60,60,60,60,60,60,60,60,60,60,60,60,60,60,60,60,65,65,65,65,65,65,65],"card_choices":[{"not_picked":["PiercingWail","Flying Knee"],"picked":"Poisoned Stab","floor":1.0},{"not_picked":["Expertise","Underhanded Strike"],"picked":"Quick Slash","floor":2.0},{"not_picked":["Prepared","Wraith Form v2"],"picked":"Cloak And Dagger","floor":3.0},{"not_picked":["Accuracy","Quick Slash"],"picked":"Poisoned Stab","floor":4.0},{"not_picked":["Prepared","Quick Slash"],"picked":"Blade Dance","floor":5.0},{"not_picked":["Eviscerate","Reflex"],"picked":"Noxious Fumes","floor":6.0},{"not_picked":["Expertise","Endless Agony"],"picked":"Cloak And Dagger","floor":8.0},{"not_picked":["Eviscerate+1","Flying Knee+1"],"picked":"Catalyst","floor":11},{"not_picked":["Dagger Throw+1","Dodge and Roll"],"picked":"After Image","floor":12},{"not_picked":["Deflect","Prepared"],"picked":"Backflip","floor":13},{"not_picked":["Dagger Throw+1","Deadly Poison"],"picked":"Catalyst","floor":14},{"not_picked":["Wraith Form v2","Adrenaline"],"picked":"Glass Knife+1","floor":16},{"not_picked":["Dagger Throw+1","Deadly Poison+1"],"picked":"Footwork","floor":18},{"not_picked":["Calculated Gamble","All Out Attack+1"],"picked":"Acrobatics","floor":20},{"not_picked":["Footwork","Bouncing Flask"],"picked":"Deflect","floor":21},{"not_picked":["Well Laid Plans","Concentrate","Crippling Poison"],"picked":"SKIP","floor":22},{"not_picked":["Outmaneuver","Endless Agony+1"],"picked":"Bane+1","floor":24},{"not_picked":["Cloak And Dagger","Escape Plan","Prepared"],"picked":"SKIP","floor":25},{"not_picked":["Eviscerate+1","Cloak And Dagger"],"picked":"Poisoned Stab+1","floor":28}],"player_experience":888472,"relics_obtained":[{"floor":6.0,"key":"Bronze Scales"},{"floor":8.0,"key":"Lizard Tail"},{"floor":9.0,"key":"Molten Egg 2"},{"floor":11,"key":"Incense Burner"},{"floor":14,"key":"Odd Mushroom"},{"floor":25,"key":"Vajra"},{"floor":26,"key":"Paper Crane"}],"event_choices":[{"damage_healed":0,"gold_gain":0,"player_choice":"Fought Mushrooms","damage_taken":0,"max_hp_gain":0,"max_hp_loss":0,"event_name":"Mushrooms","floor":14,"gold_loss":0},{"cards_removed":["Blade Dance"],"damage_healed":0,"gold_gain":0,"player_choice":"Purged","damage_taken":0,"max_hp_gain":0,"max_hp_loss":0,"event_name":"Purifier","floor":19,"gold_loss":0}],"is_beta":true,"boss_relics":[{"not_picked":["Runic Dome","Cursed Key"],"picked":"Velvet Choker"}],"items_purged_floors":[],"is_endless":false,"potions_floor_spawned":[2,4,5,8,12,13,20,22,28],"killed_by":"Slavers","ascension_level":20}}