{"host":"z9grmtg2w0nmz8n1","time":1610527650,"event":{"mods":["Aspiration","Bard","BaseMod","Beaked The Cultist","Better Altar","Better Match","Better Note","Better Sensory Stone","Better Skull","Better Third Choice","BetterRewards","CCEM","Colored Map","Conspire","Downfall","GifTheSpireLib","Googly Eyes","Halation","Hermit","Highlight Path","Hubris","Hunter ??","Jedi Mod","Jorbs\u0027s Wanderer Trilogy","Mad Scientist","Marisa????????","Minty Spire (QoL Compilation)","Permanent Neow","Replay The Spire","Shade Mod","Shop Mod","Spicy Shops","StSLib","Stuff the Spire","The Bug Knight","The Construct","The Necromancer","The Runesmith","The Witch"],"gold_per_floor":[110,110,126,146,166,166,166],"floor_reached":6,"language":"ENG","playtime":275,"items_purged":[],"score":38,"play_id":"ca7f134e-260a-46e4-a8b0-91d690ce1642","local_time":"20210113064730","is_ascension_mode":false,"campfire_choices":[],"circlet_count":0,"master_deck":["Runesmith:Strike_RS","Runesmith:Strike_RS","Runesmith:Strike_RS","Runesmith:Strike_RS","Runesmith:Defend_RS","Runesmith:Defend_RS","Runesmith:Defend_RS","Runesmith:Defend_RS","Runesmith:CraftFirestone","Runesmith:Fortify","Runesmith:Firewall","Hallucinations","Runesmith:ChaoticBlast"],"relics":["Runesmith:BrokenRuby","Bird Faced Urn","Ring of Hypnosis","ReplayTheSpireMod:Ring of Exchange"],"acts_visited":["Exordium"],"potions_floor_usage":[6],"damage_taken":[{"damage":0,"enemies":"Small Slimes","floor":1,"turns":3},{"damage":4,"enemies":"Cultist","floor":3,"turns":4},{"damage":3,"enemies":"2 Louse","floor":4,"turns":2},{"damage":0,"enemies":"3 Louse","floor":5,"turns":2},{"damage":43,"enemies":"Gremlin Nob","floor":6,"turns":6}],"seed_played":"1762641151785745616","potions_obtained":[{"floor":1,"key":"conspire:TimeTravelPotion"},{"floor":4,"key":"SkillPotion"},{"floor":5,"key":"Explosive Potion"}],"is_trial":false,"path_per_floor":["M","?","M","M","M","E"],"character_chosen":"RUNESMITH_CLASS","items_purchased":[],"campfire_rested":0,"item_purchase_floors":[],"current_hp_per_floor":[63,63,59,56,56,13,13],"gold":166,"neow_bonus":"ONE_RARE_RELIC","is_daily":false,"chose_seed":false,"campfire_upgraded":0,"win_rate":0.0,"timestamp":1610527650,"path_taken":["M","?","M","M","M","E"],"items_purchased_type":[],"build_version":"2020-12-22","purchased_purges":0,"victory":false,"max_hp_per_floor":[63,63,63,63,63,63,63],"card_choices":[{"not_picked":["Runesmith:Discharge","Runesmith:MakeshiftArmor"],"picked":"Runesmith:Firewall","floor":1},{"not_picked":["Runesmith:UnstableHammer","Runesmith:HammerThrow"],"picked":"Runesmith:ChaoticBlast","floor":3},{"not_picked":["Runesmith:HammerThrow","Runesmith:CraftObretio","Runesmith:CraftVitae"],"picked":"SKIP","floor":4},{"not_picked":["Runesmith:UnstableHammer","Runesmith:ChiselStab","Runesmith:CraftIndustria"],"picked":"SKIP","floor":5}],"player_experience":861090,"relics_obtained":[{"floor":2,"key":"Ring of Hypnosis"},{"floor":2,"key":"ReplayTheSpireMod:Ring of Exchange"}],"event_choices":[],"is_beta":false,"boss_relics":[],"items_purged_floors":[],"is_endless":false,"potions_floor_spawned":[1,4,5],"killed_by":"Gremlin Nob","ascension_level":0}}