{"host":"dftyqn972q7tuon4","time":1610560237,"event":{"mods":["AchievementEnabler","BaseMod","Better Altar","Better Match","Better Note","Better Sensory Stone","Better Skull","Better Third Choice","Colored Powertips","Highlight Path","Minty Spire (QoL Compilation)","Permanent Neow","Quick Restart","StSLib"],"gold_per_floor":[117,117,134,148,22,22,32,46,46,80,109,121,133,145,157,268,280,305,7,282,60,72,72,102,102,102,112,125,158,158,173,173,173,173],"floor_reached":33,"language":"ENG","playtime":1916,"items_purged":["Strike_R"],"score":387,"play_id":"538cd522-4291-4a98-8a91-e027421399f4","local_time":"20210113185037","is_ascension_mode":true,"campfire_choices":[{"data":"Shockwave","floor":6.0,"key":"SMITH"},{"data":"Sword Boomerang","floor":13.0,"key":"SMITH"},{"data":"Demon Form","floor":15.0,"key":"SMITH"},{"data":"Regret","floor":23.0,"key":"PURGE"},{"data":"Regret","floor":25.0,"key":"PURGE"},{"data":"Pain","floor":30.0,"key":"PURGE"},{"data":"Defend_R","floor":32.0,"key":"PURGE"}],"circlet_count":0,"master_deck":["Strike_R","Strike_R","Strike_R+1","Defend_R","Defend_R","Defend_R","Bash+1","Demon Form+1","Rage","Shockwave+1","Infernal Blade","Sword Boomerang+1","Dropkick","Sword Boomerang+1","Cleave","Shrug It Off","Immolate","Shrug It Off","Whirlwind","Rage+1","Shrug It Off","Armaments","Seeing Red","Berserk","Twin Strike+1"],"relics":["Burning Blood","Anchor","MawBank","HornCleat","Cursed Key","Peace Pipe","Oddly Smooth Stone","Matryoshka","Whetstone","Molten Egg 2","Tiny Chest"],"acts_visited":["Exordium","TheCity"],"potions_floor_usage":[],"damage_taken":[{"damage":9.0,"enemies":"2 Louse","floor":1.0,"turns":4.0},{"damage":5.0,"enemies":"Jaw Worm","floor":3.0,"turns":5.0},{"damage":2.0,"enemies":"Cultist","floor":4.0,"turns":4.0},{"damage":8.0,"enemies":"Blue Slaver","floor":7.0,"turns":5.0},{"damage":0.0,"enemies":"Exordium Thugs","floor":8.0,"turns":3.0},{"damage":20.0,"enemies":"Gremlin Nob","floor":10.0,"turns":4.0},{"damage":6.0,"enemies":"Gremlin Gang","floor":11.0,"turns":4.0},{"damage":20.0,"enemies":"The Guardian","floor":16.0,"turns":6.0},{"damage":21.0,"enemies":"Spheric Guardian","floor":18.0,"turns":4.0},{"damage":4.0,"enemies":"2 Thieves","floor":22.0,"turns":3.0},{"damage":4.0,"enemies":"Book of Stabbing","floor":24.0,"turns":4.0},{"damage":1.0,"enemies":"Chosen and Byrds","floor":27.0,"turns":3.0},{"damage":4.0,"enemies":"Cultist and Chosen","floor":28.0,"turns":4.0},{"damage":20.0,"enemies":"Slavers","floor":29.0,"turns":3.0},{"damage":13.0,"enemies":"Snake Plant","floor":31.0,"turns":5.0},{"damage":21,"enemies":"Automaton","floor":33,"turns":6}],"seed_played":"1331692604266183514","potions_obtained":[{"floor":1.0,"key":"Explosive Potion"},{"floor":4.0,"key":"Energy Potion"},{"floor":11.0,"key":"SteroidPotion"},{"floor":16.0,"key":"Swift Potion"},{"floor":22.0,"key":"ColorlessPotion"},{"floor":27.0,"key":"Strength Potion"},{"floor":28.0,"key":"Ancient Potion"}],"is_trial":false,"path_per_floor":["M","?","M","M","$","R","M","M","T","E","M","?","R","?","R","B",null,"M","$","?","$","M","R","E","R","T","M","M","E","R","M","R","B"],"character_chosen":"IRONCLAD","items_purchased":["Sword Boomerang","Peace Pipe","Whirlwind","Oddly Smooth Stone"],"campfire_rested":0,"item_purchase_floors":[5,19,21,21],"current_hp_per_floor":[69,62,63,67,67,67,65,71,71,57,57,57,57,57,57,43,71,56,56,56,56,58,58,60,60,60,65,67,53,53,46,46,25,25],"gold":173,"neow_bonus":"ONE_RANDOM_RARE_CARD","is_daily":false,"chose_seed":false,"campfire_upgraded":3,"win_rate":0.0,"timestamp":1610560237,"path_taken":["M","?","M","M","$","R","M","M","T","E","M","?","R","?","R","BOSS","M","?","?","$","M","R","E","R","T","M","M","E","R","M","R","BOSS"],"items_purchased_type":["Card","Relic","Card","Relic"],"build_version":"2020-12-22","purchased_purges":1,"victory":false,"max_hp_per_floor":[80,80,80,80,80,80,80,80,80,80,80,80,80,80,80,80,80,80,80,80,80,80,80,80,80,80,80,80,80,80,80,80,80,80],"card_choices":[{"not_picked":["Dual Wield","Perfected Strike"],"picked":"Rage","floor":1.0},{"not_picked":["Sever Soul","Anger"],"picked":"Shockwave","floor":3.0},{"not_picked":["Dropkick","Body Slam"],"picked":"Infernal Blade","floor":4.0},{"not_picked":["Thunderclap","Inflame"],"picked":"Dropkick","floor":7.0},{"not_picked":["Heavy Blade","Havoc"],"picked":"Sword Boomerang","floor":8.0},{"not_picked":["Disarm","Clothesline"],"picked":"Cleave","floor":10.0},{"not_picked":["Fire Breathing","Anger"],"picked":"Shrug It Off","floor":11.0},{"not_picked":["Offering","Juggernaut"],"picked":"Immolate","floor":16.0},{"not_picked":["Searing Blow+1","Cleave+1"],"picked":"Shrug It Off","floor":18.0},{"not_picked":["Headbutt+1","Infernal Blade"],"picked":"Rage+1","floor":22.0},{"not_picked":["Perfected Strike+1","Flex+1"],"picked":"Shrug It Off","floor":24.0},{"not_picked":["Twin Strike+1","Havoc"],"picked":"Armaments","floor":27.0},{"not_picked":["Warcry+1","Heavy Blade+1"],"picked":"Seeing Red","floor":28.0},{"not_picked":["Headbutt+1","Havoc"],"picked":"Berserk","floor":29.0},{"not_picked":["True Grit","Wild Strike+1"],"picked":"Twin Strike+1","floor":31.0}],"player_experience":625312,"relics_obtained":[{"floor":9.0,"key":"Anchor"},{"floor":10.0,"key":"MawBank"},{"floor":24.0,"key":"Matryoshka"},{"floor":26.0,"key":"Whetstone"},{"floor":26.0,"key":"Molten Egg 2"},{"floor":29.0,"key":"Tiny Chest"}],"event_choices":[{"cards_removed":["Strike_R"],"damage_healed":0.0,"max_hp_gain":0.0,"max_hp_loss":0.0,"gold_gain":0.0,"event_name":"Golden Wing","player_choice":"Card Removal","floor":2.0,"gold_loss":0.0,"damage_taken":7.0},{"damage_healed":0.0,"max_hp_gain":0.0,"max_hp_loss":0.0,"gold_gain":0.0,"event_name":"Big Fish","player_choice":"Box","floor":12.0,"gold_loss":0.0,"damage_taken":0.0,"relics_obtained":["HornCleat"],"cards_obtained":["Regret"]},{"damage_healed":0.0,"max_hp_gain":0.0,"max_hp_loss":0.0,"gold_gain":0.0,"event_name":"Upgrade Shrine","player_choice":"Upgraded","floor":14.0,"gold_loss":0.0,"damage_taken":0.0,"cards_upgraded":["Sword Boomerang"]},{"damage_healed":0.0,"max_hp_gain":0.0,"max_hp_loss":0.0,"gold_gain":275.0,"event_name":"Golden Shrine","player_choice":"Desecrate","floor":20.0,"gold_loss":0.0,"damage_taken":0.0,"cards_obtained":["Regret"]}],"is_beta":false,"boss_relics":[{"not_picked":["Pandora\u0027s Box","Fusion Hammer"],"picked":"Cursed Key"}],"items_purged_floors":[5],"is_endless":false,"potions_floor_spawned":[1,4,11,16,22,27,28],"killed_by":"Automaton","ascension_level":7}}