{"host":"0v07cr0k93jhgkpm","time":1610572955,"event":{"mods":["BaseMod","Colored Map","DeckTracker","Minty Spire (QoL Compilation)","Quick Restart","SuperFastMode"],"gold_per_floor":[214,139,150,170,187,187,201,201,250,400,380,400,99,125,125,201,201,219,236,256,268,287,287,304,304,304,304,304,304,318,330,330,405,405,450,487,538,422,422,422],"floor_reached":39,"language":"KOR","playtime":1983,"items_purged":["Doubt"],"score":774,"play_id":"dd7d298b-2ab0-427b-82a2-912d03b8f0b6","local_time":"20210114062235","is_ascension_mode":true,"campfire_choices":[{"data":"Eruption","floor":6.0,"key":"SMITH"},{"data":"Halt","floor":8.0,"key":"SMITH"},{"floor":15.0,"key":"REST"},{"floor":23.0,"key":"REST"},{"data":"Adaptation","floor":25.0,"key":"SMITH"},{"floor":27.0,"key":"REST"},{"data":"Collect","floor":29.0,"key":"SMITH"},{"floor":32.0,"key":"REST"}],"circlet_count":0,"master_deck":["AscendersBane","Strike_P","Strike_P","Strike_P","Strike_P","Defend_P","Defend_P","Defend_P","Eruption+1","Vigilance","CutThroughFate","Consecrate","EmptyBody","SandsOfTime","Halt+1","Collect+1","Adaptation+1","EmptyFist","InnerPeace","FollowUp","Scrawl+1","Wish","EmptyFist+1","Prostrate+1","Protect","Tantrum","DevaForm","EmptyMind"],"relics":["PureWater","Lantern","HornCleat","SlaversCollar","Happy Flower","Sozu","CaptainsWheel","Blood Vial"],"acts_visited":["Exordium","TheCity","TheBeyond"],"potions_floor_usage":[],"damage_taken":[{"damage":6.0,"enemies":"Jaw Worm","floor":1.0,"turns":4.0},{"damage":0.0,"enemies":"Cultist","floor":3.0,"turns":3.0},{"damage":0.0,"enemies":"2 Louse","floor":4.0,"turns":3.0},{"damage":3.0,"enemies":"Looter","floor":5.0,"turns":2.0},{"damage":0.0,"enemies":"2 Fungi Beasts","floor":7.0,"turns":3.0},{"damage":6.0,"enemies":"3 Louse","floor":12.0,"turns":3.0},{"damage":20.0,"enemies":"Gremlin Nob","floor":14.0,"turns":4.0},{"damage":17.0,"enemies":"The Guardian","floor":16.0,"turns":9.0},{"damage":21.0,"enemies":"Shell Parasite","floor":18.0,"turns":3.0},{"damage":0.0,"enemies":"Chosen","floor":19.0,"turns":1.0},{"damage":22.0,"enemies":"Snake Plant","floor":20.0,"turns":4.0},{"damage":13.0,"enemies":"Centurion and Healer","floor":21.0,"turns":5.0},{"damage":0.0,"enemies":"Snecko","floor":22.0,"turns":3.0},{"damage":5.0,"enemies":"3 Cultists","floor":24.0,"turns":4.0},{"damage":18.0,"enemies":"Shelled Parasite and Fungi","floor":30.0,"turns":6.0},{"damage":7.0,"enemies":"Snake Plant","floor":31.0,"turns":5.0},{"damage":27.0,"enemies":"Automaton","floor":33.0,"turns":6.0},{"damage":23.0,"enemies":"3 Shapes","floor":35.0,"turns":7.0},{"damage":0.0,"enemies":"Orb Walker","floor":36.0,"turns":2.0},{"damage":13,"enemies":"2 Orb Walkers","floor":37,"turns":3},{"damage":18,"enemies":"Spire Growth","floor":39,"turns":2}],"seed_played":"1464339977402382903","potions_obtained":[{"floor":4.0,"key":"ColorlessPotion"},{"floor":7.0,"key":"BlessingOfTheForge"},{"floor":11.0,"key":"LiquidBronze"},{"floor":16.0,"key":"Explosive Potion"},{"floor":18.0,"key":"SteroidPotion"},{"floor":20.0,"key":"LiquidMemories"},{"floor":21.0,"key":"Strength Potion"},{"floor":24.0,"key":"Block Potion"}],"is_trial":false,"path_per_floor":["M","?","M","M","M","R","M","R","T","?","?","M","$","E","R","B",null,"M","M","M","M","M","R","M","R","T","R","?","R","M","M","R","B",null,"M","M","?","?","M"],"character_chosen":"WATCHER","items_purchased":["Adaptation","EmptyFist","InnerPeace","FollowUp"],"campfire_rested":4,"item_purchase_floors":[13,13,13,13],"current_hp_per_floor":[55,55,55,55,52,52,52,52,52,52,52,46,46,26,46,29,58,37,37,15,2,2,22,17,17,17,37,37,37,19,12,32,5,52,29,29,16,16,0,0],"gold":422,"neow_bonus":"HUNDRED_GOLD","is_daily":false,"chose_seed":false,"campfire_upgraded":4,"win_rate":0.0,"timestamp":1610572955,"path_taken":["M","?","M","M","M","R","M","R","T","?","?","M","$","E","R","BOSS","M","M","M","?","M","R","M","R","T","R","?","R","M","?","R","BOSS","M","M","?","?","M"],"items_purchased_type":["Card","Card","Card","Card"],"build_version":"2020-12-22","purchased_purges":1,"victory":false,"max_hp_per_floor":[68,68,68,68,68,68,68,68,68,68,68,68,68,68,68,68,68,68,68,68,68,68,68,68,68,68,68,68,68,68,68,68,68,68,68,68,68,68,68,68],"card_choices":[{"not_picked":["Prostrate","BowlingBash"],"picked":"CutThroughFate","floor":1.0},{"not_picked":["Sanctity","Crescendo"],"picked":"Consecrate","floor":3.0},{"not_picked":["WreathOfFlame","WindmillStrike"],"picked":"EmptyBody","floor":4.0},{"not_picked":["InnerPeace","Alpha"],"picked":"SandsOfTime","floor":5.0},{"not_picked":["Prostrate","Nirvana"],"picked":"Halt","floor":7.0},{"not_picked":["EmptyBody","ThirdEye"],"picked":"Collect","floor":12.0},{"not_picked":["PathToVictory","Judgement"],"picked":"Scrawl","floor":14.0},{"not_picked":["Alpha","Devotion"],"picked":"Wish","floor":16.0},{"not_picked":["Perseverance","Evaluate"],"picked":"EmptyFist+1","floor":18.0},{"not_picked":["FlyingSleeves","Ragnarok","Worship"],"picked":"SKIP","floor":19.0},{"not_picked":["Evaluate","CutThroughFate","WheelKick"],"picked":"SKIP","floor":20.0},{"not_picked":["EmptyBody","CutThroughFate"],"picked":"Prostrate+1","floor":21.0},{"not_picked":["SandsOfTime","EmptyFist"],"picked":"Protect","floor":22.0},{"not_picked":["FlyingSleeves","PathToVictory","CrushJoints"],"picked":"SKIP","floor":24.0},{"not_picked":["SandsOfTime","CutThroughFate","BattleHymn"],"picked":"SKIP","floor":30.0},{"not_picked":["ClearTheMind","MasterReality"],"picked":"Tantrum","floor":31.0},{"not_picked":["LessonLearned","DeusExMachina"],"picked":"DevaForm","floor":33.0},{"not_picked":["ClearTheMind","Halt","ThirdEye"],"picked":"SKIP","floor":35.0},{"not_picked":["SashWhip+1","Indignation"],"picked":"EmptyMind","floor":36.0}],"player_experience":2493508,"relics_obtained":[{"floor":9.0,"key":"Lantern"},{"floor":14.0,"key":"HornCleat"},{"floor":26.0,"key":"Happy Flower"},{"floor":37,"key":"CaptainsWheel"}],"event_choices":[{"cards_removed":["Defend_P"],"damage_healed":0.0,"max_hp_gain":0.0,"max_hp_loss":0.0,"gold_gain":0.0,"event_name":"The Cleric","player_choice":"Card Removal","floor":2.0,"gold_loss":75.0,"damage_taken":0.0},{"damage_healed":0.0,"max_hp_gain":0.0,"max_hp_loss":0.0,"gold_gain":150.0,"event_name":"Liars Game","player_choice":"AGREE","floor":10.0,"gold_loss":0.0,"damage_taken":0.0,"cards_obtained":["Doubt"]},{"damage_healed":0.0,"max_hp_gain":0.0,"max_hp_loss":0.0,"gold_gain":0.0,"event_name":"The Woman in Blue","player_choice":"Bought 1 Potion","floor":11.0,"gold_loss":0.0,"damage_taken":0.0},{"damage_healed":0.0,"max_hp_gain":0.0,"max_hp_loss":0.0,"gold_gain":0.0,"event_name":"Accursed Blacksmith","player_choice":"Forge","floor":28.0,"gold_loss":0.0,"damage_taken":0.0,"cards_upgraded":["Scrawl"]},{"damage_healed":0,"gold_gain":0,"player_choice":"Fight","damage_taken":0,"max_hp_gain":0,"max_hp_loss":0,"event_name":"Mysterious Sphere","floor":37,"gold_loss":0},{"damage_healed":0,"gold_gain":0,"player_choice":"Paid Gold","damage_taken":0,"relics_obtained":["Blood Vial"],"max_hp_gain":0,"max_hp_loss":0,"event_name":"WeMeetAgain","floor":38,"gold_loss":116}],"is_beta":false,"boss_relics":[{"not_picked":["Cursed Key","Velvet Choker"],"picked":"SlaversCollar"},{"not_picked":["Coffee Dripper","Calling Bell"],"picked":"Sozu"}],"items_purged_floors":[13],"is_endless":false,"potions_floor_spawned":[4,7,16,18,20,21,24],"killed_by":"Spire Growth","ascension_level":20}}