{"host":"s6mlqkqtr3ey2mm2","time":1610541588,"event":{"mods":["2.2 Compatiblity","AchievementEnabler","Aspiration","Bard","BaseMod","Beaked The Cultist","Better Note","Better Vampires","BetterRewards","Challenge The Spire","Colored Map","Colored Powertips","Conspire","Curses Come First","Downfall","Emptier Cage","Energized Spire","GifTheSpireLib","GungeonMod","Halation","Hermit","Hubris","Infinite Spire","Ironclad Rager","Magitek Elite","Marked Mod","Minty Spire (QoL Compilation)","Poor People Problems","Quick Restart","RatMod","Replay The Spire","Retaliation","Robot Space Explorer","Shade Mod","Somnambulant","Spicy Shops","StSLib","Stuff the Spire","The Blue Laboratory","The Construct","The Druid","The Hayseed","The Hierophant","The IronCluck","The Necromancer","The Poker Player","The Runesmith","The Servant 0.9.4","The Valiant","vexMod"],"gold_per_floor":[99,118,118,118,118,144,144,163,88,118,134,152,152,172,183,183,183,183],"floor_reached":16,"language":"ENG","playtime":1827,"items_purged":[],"score":187,"play_id":"f6752e8b-a721-4d8e-9954-a3cfe2d248f0","local_time":"20210113073948","is_ascension_mode":false,"campfire_choices":[{"floor":1,"key":"RECALL"},{"floor":9,"key":"REST"},{"data":"hexamod:FastForward","floor":13,"key":"SMITH"}],"circlet_count":0,"master_deck":["conspire:GhostlyStrike","conspire:GhostlyStrike","conspire:GhostlyStrike","conspire:GhostlyStrike","conspire:GhostlyDefend","conspire:GhostlyDefend","conspire:GhostlyDefend","conspire:GhostlyDefend","hexamod:Sear","hexamod:Float","hexamod:ExtraCrispy","hexamod:FourthSeal","hexamod:ThermalTransfer","hexamod:FlamesFromBeyond","hexamod:FastForward+1","hexamod:RecurringNightmare","hexamod:FifthSeal","hexamod:SixthSeal","hexamod:InspiringFlames"],"relics":["hexamod:SpiritBrand","StuffTheSpire:Gunfinga","Ring of Hypnosis","hubris:Icosahedron","Toy Ornithopter","StuffTheSpire:Tea","downfall:HeartBlessingRed","Onion Ring"],"acts_visited":["Exordium"],"potions_floor_usage":[14],"damage_taken":[{"damage":0,"enemies":"Small Slimes","floor":2,"turns":3},{"damage":46,"enemies":"3 Sentries","floor":6,"turns":8},{"damage":4,"enemies":"conspire:RoseBush","floor":8,"turns":3},{"damage":0,"enemies":"Replay:BlueRogue","floor":10,"turns":6},{"damage":4,"enemies":"Jaw Worm","floor":11,"turns":2},{"damage":4,"enemies":"Lots of Slimes","floor":12,"turns":4},{"damage":18,"enemies":"Gremlin Gang","floor":14,"turns":4},{"damage":11,"enemies":"Red Slaver","floor":15,"turns":4},{"damage":12,"enemies":"downfall:Silent","floor":16,"turns":2}],"seed_played":"5714137943062271769","potions_obtained":[{"floor":8,"key":"Slimebound:ThreeZeroPotion"},{"floor":10,"key":"Adrenaline Potion"},{"floor":11,"key":"blueLaboratory:EnragingPotion"},{"floor":12,"key":"Milkshake"},{"floor":14,"key":"infinitespire:BlackPotion"}],"is_trial":false,"path_per_floor":["R","M","?","?","?","E","T","M","R","E","M","M","R","M","M","B"],"character_chosen":"THE_SPIRIT","items_purchased":[],"campfire_rested":1,"item_purchase_floors":[],"current_hp_per_floor":[70,70,70,70,70,24,24,20,41,41,37,33,33,20,9,0,0,0],"gold":183,"neow_bonus":"RANDOM_COMMON_RELIC","is_daily":false,"chose_seed":false,"campfire_upgraded":1,"win_rate":0.0,"timestamp":1610541588,"path_taken":["R","M","?","?","?","E","T","M","R","E","?","?","R","M","M","BOSS"],"items_purchased_type":[],"build_version":"2020-12-22","purchased_purges":0,"victory":false,"max_hp_per_floor":[70,70,70,70,70,70,70,70,70,70,70,70,70,70,70,70,70,70],"card_choices":[{"not_picked":["hexamod:HauntingEcho","hexamod:RainOfEmbers"],"picked":"hexamod:ExtraCrispy","floor":2},{"not_picked":["hexamod:ShieldOfDarkness","hexamod:RainOfEmbers"],"picked":"hexamod:FourthSeal","floor":6},{"not_picked":["hexamod:GhostLash","hexamod:RainOfEmbers"],"picked":"hexamod:ThermalTransfer","floor":8},{"not_picked":["hexamod:NightmareStrike","hexamod:GhostflameInferno"],"picked":"hexamod:FlamesFromBeyond","floor":10},{"not_picked":["hexamod:PhantomCloak","hexamod:SpectralAdrenaline"],"picked":"hexamod:FastForward","floor":11},{"not_picked":["hexamod:GhostOfSpireFuture","hexamod:SpectersWail"],"picked":"hexamod:RecurringNightmare","floor":12},{"not_picked":["hexamod:GhostShield","hexamod:FastForward"],"picked":"hexamod:FifthSeal","floor":14},{"not_picked":["hexamod:SecondSeal","hexamod:FirstSeal"],"picked":"hexamod:SixthSeal","floor":15},{"not_picked":["hexamod:Hexaguard","hexamod:GhostShield"],"picked":"hexamod:InspiringFlames","floor":15}],"player_experience":91998,"relics_obtained":[{"floor":3,"key":"Ring of Hypnosis"},{"floor":6,"key":"Toy Ornithopter"},{"floor":7,"key":"StuffTheSpire:Tea"},{"floor":10,"key":"Onion Ring"}],"event_choices":[{"damage_healed":0,"gold_gain":0,"player_choice":"Agree","damage_taken":0,"max_hp_gain":0,"max_hp_loss":0,"event_name":"conspire:LoneGhost","floor":5,"gold_loss":0}],"is_beta":false,"boss_relics":[],"items_purged_floors":[],"is_endless":false,"potions_floor_spawned":[12,15],"killed_by":"downfall:Silent","ascension_level":0}}