{"host":"4sgoj70bvr8ov3jh","time":1610523622,"event":{"mods":["2.2 Compatiblity","AchievementEnabler","BaseMod","Chen","GifTheSpireLib","Hero for Fun","Marisa????????","Minty Spire (QoL Compilation)","Permanent Neow","Remilia_Scarlet Moed?????·?????3.3.5","StSLib","The Alterego","The Servant 0.9.4"],"gold_per_floor":[119,119,119,294,259,259,312,346,346,346,371,407,425,465,465,590,590,603,603,627,59,75,118,134,118614,118614,118637,118637,118637,118655,118695,118695,118814,118814,118830,118844,112236,112569,117013,117013,117042,0,46,76,76,89,89,144,144,144,144,144,118248,118273,118273],"floor_reached":56,"language":"ENG","playtime":5426,"items_purged":[],"score":1973,"play_id":"4fe8379f-5e8f-44dc-8214-5e169996dfa1","local_time":"20210112234022","is_ascension_mode":true,"campfire_choices":[{"data":"Armaments","floor":6.0,"key":"SMITH"},{"floor":10.0,"key":"RECALL"},{"data":"1","floor":15.0,"key":"LIFT"},{"data":"alterego_mod:Palingenesis+1","floor":32.0,"key":"SMITH"},{"data":"2","floor":40,"key":"LIFT"},{"data":"3","floor":49,"key":"LIFT"},{"data":"RemiliaMod:CPFWZL+1","floor":52,"key":"SMITH"}],"circlet_count":1,"master_deck":["Strike_R+1","Strike_R+1","Strike_R+1","Strike_R+1","Strike_R+1","Defend_R+1","Defend_R+1","Defend_R+1","Defend_R+1","Bash+1","Armaments+1","PowerUp+1","Doubt","StarlightTyphoon+1","Outmaneuver+1","Advance+1","Static Discharge+1","alterego_mod:Palingenesis+2","PropBag+1","Hello World+1","Discovery+1","Havoc+1","HandOfGreed+1","Forethought+1","alterego_mod:TrashNCrash+1","RemiliaMod:CXXSJ+1","Terrifying_Presence+1","Dark Shackles+1","Chrysalis+1","Mind Blast+1","Discovery+1","Chrysalis+1","RemiliaMod:CPFWZL+1","alterego_mod:Birthday+1","Chen:ShikigamiForm+1","Inflame+1","Secret Weapon+1","Bandage Up+1","Barricade+1","Barricade+1","Barricade+1","JustLucky+1","Violence+1","alterego_mod:DestructionOfProperty+1","Foresight+1","PathToVictory+1","Finesse+1","Discovery+1","Panache+1","Melter+1","Inflame+1","Infernal Blade+1","Anger+1","Flash of Steel+1","Secret Weapon+1","Infernal Blade+1","Warcry+1","Twin Strike+1","Perfected Strike+1","Master of Strategy+1","Discovery+1","Secret Technique+1","Madness+1","Rampage+1","Ghostly Armor+1","Body Slam+1","Anger+1","Wild Strike+1","Perfected Strike+1","alterego_mod:TrashNCrash+1"],"relics":["Burning Blood","Uniform","Unceasing Top","Dead Branch","Ice Cream","Toxic Egg 2","Molten Egg 2","Frozen Egg 2","Shuriken","Kunai","Shuriken","Shuriken","Shuriken","Shuriken","Shuriken","Shuriken","Shuriken","Shuriken","Kunai","Kunai","Kunai","Kunai","Kunai","Kunai","Kunai","Kunai","Kunai","Kunai","Kunai","Kunai","Kunai","Kunai","Kunai","Kunai","Kunai","Kunai","Kunai","Kunai","Kunai","Kunai","Kunai","Kunai","Kunai","Kunai","Shuriken","Shuriken","Shuriken","Shuriken","Shuriken","Shuriken","Shuriken","Shuriken","Shuriken","Shuriken","Shuriken","Shuriken","Shuriken","Shuriken","Shuriken","Shuriken","Shuriken","Shuriken","Shuriken","Kunai","Kunai","Kunai","Black Blood","Bronze Scales","Enchiridion","Cables","Nuclear Battery","PrismaticShard","The Courier","FossilizedHelix","Turnip","Dead Branch","Girya","SlaversCollar","Nloth\u0027s Gift","Mummified Hand","InkBottle","War Paint","PrismaticShard","Pocketwatch","Ornamental Fan","White Beast Statue","Ice Cream","Dream Catcher","Oddly Smooth Stone","Cursed Key","Bird Faced Urn","Mercury Hourglass","Ancient Tea Set","Darkstone Periapt","Meat on the Bone","Bag of Preparation","Molten Egg 2","CaptainsWheel","Ginger","Art of War","Self Forming Clay","Blue Candle","Pear","Bottled Tornado","PreservedInsect","Bottled Flame","Boot","MealTicket","HornCleat","Gremlin Horn","Pen Nib","Omamori","Matryoshka","Lizard Tail","Toxic Egg 2","Singing Bowl","Kunai","Orichalcum","Nunchaku","Frozen Egg 2","Happy Flower","Vajra","Blood Vial","Paper Frog","Potion Belt","Letter Opener","Bronze Scales","Lantern","Omamori","KneeBrace","Oddly Smooth Stone","Mummified Hand","Whetstone","WarpedTongs","Turnip","ExperimentalFamiliar","Torii","Ginger","StrikeDummy","Torii","TungstenRod","TungstenRod","TungstenRod","TungstenRod","TungstenRod","TungstenRod","TungstenRod","TungstenRod","TungstenRod","TungstenRod","TungstenRod","TungstenRod","TungstenRod","TungstenRod","TungstenRod","TungstenRod","TungstenRod","TungstenRod","TungstenRod","TungstenRod","TungstenRod","TungstenRod","TungstenRod","TungstenRod","TungstenRod","TungstenRod","TungstenRod","TungstenRod","TungstenRod","TungstenRod","TungstenRod","TungstenRod","TungstenRod","TungstenRod","TungstenRod","TungstenRod","TungstenRod","TungstenRod","TungstenRod","TungstenRod","TungstenRod","TungstenRod","TungstenRod","TungstenRod","TungstenRod","TungstenRod","TungstenRod","TungstenRod","TungstenRod","TungstenRod","TungstenRod","TungstenRod","TungstenRod","TungstenRod","TungstenRod","Torii","Torii","Torii","Torii","Torii","Torii","Torii","Torii","Torii","Torii","Torii","Torii","Torii","Torii","Torii","Torii","Torii","Torii","Torii","Torii","Torii","Torii","Torii","TungstenRod","StrikeDummy","StrikeDummy","StrikeDummy","StrikeDummy","Oddly Smooth Stone","Oddly Smooth Stone","StrikeDummy","StrikeDummy","Oddly Smooth Stone","Oddly Smooth Stone","Oddly Smooth Stone","Oddly Smooth Stone","Oddly Smooth Stone","Oddly Smooth Stone","Oddly Smooth Stone","Oddly Smooth Stone","Oddly Smooth Stone","Oddly Smooth Stone","Oddly Smooth Stone","Oddly Smooth Stone","Oddly Smooth Stone","Oddly Smooth Stone","Oddly Smooth Stone","Oddly Smooth Stone","Oddly Smooth Stone","Oddly Smooth Stone","Oddly Smooth Stone","Oddly Smooth Stone","Oddly Smooth Stone","Oddly Smooth Stone","Oddly Smooth Stone","Oddly Smooth Stone","Oddly Smooth Stone","Oddly Smooth Stone","Oddly Smooth Stone","Oddly Smooth Stone","Oddly Smooth Stone","Oddly Smooth Stone","Nuclear Battery","Shuriken","Kunai","Kunai","Kunai","Kunai","Kunai","Kunai","Kunai","Kunai","Kunai","Kunai","Kunai","Kunai","Kunai","Kunai","Kunai","Kunai","Kunai","Shuriken","Kunai","Kunai","Shuriken","Shuriken","Shuriken","Shuriken","Shuriken","Shuriken","Shuriken","Shuriken","Shuriken","Shuriken","Shuriken","Shuriken","Shuriken","Shuriken","Shuriken","Shuriken","Shuriken","Shuriken","Shuriken","Shuriken","Shuriken","Shuriken","Shuriken","Shuriken","Shuriken","Shuriken","Shuriken","Shuriken","Shuriken","Shuriken","Shuriken","Shuriken","Shuriken","Shuriken","Kunai","Kunai","Kunai","Shuriken","Kunai","Kunai","Kunai","Kunai","Kunai","Kunai","Kunai","Kunai","Kunai","Kunai","Kunai","Kunai","Kunai","Kunai","Kunai","Kunai","Kunai","Charon\u0027s Ashes","Champion Belt","Chemical X","Sling","Sling","Sling","Inserter","Symbiotic Virus","Symbiotic Virus","Symbiotic Virus","Bronze Scales","Bronze Scales","Bronze Scales","Bronze Scales","Bronze Scales","Bronze Scales","Bronze Scales","Bronze Scales","Bronze Scales","Bronze Scales","Bronze Scales","Bronze Scales","Bronze Scales","Bronze Scales","Bronze Scales","Bronze Scales","Bronze Scales","Bronze Scales","Bronze Scales","Bronze Scales","Bronze Scales","Bronze Scales","Bronze Scales","Bronze Scales","Bronze Scales","Bronze Scales","Bronze Scales","Bronze Scales","Bronze Scales","Bronze Scales","Bronze Scales","Bronze Scales","Bronze Scales","Bronze Scales","Bronze Scales","Bronze Scales","Bronze Scales","Bronze Scales","Bronze Scales","Bronze Scales","Bronze Scales","Bronze Scales","Bronze Scales","Bronze Scales","Bronze Scales","Bronze Scales","Bronze Scales","Bronze Scales","Bronze Scales","Bronze Scales","Bronze Scales","Bronze Scales","Bronze Scales","Bronze Scales","Bronze Scales","Bronze Scales","Bronze Scales","Bronze Scales","Bronze Scales","Bronze Scales","Bronze Scales","Bronze Scales","Bronze Scales","Bronze Scales","Bronze Scales","Bronze Scales","Bronze Scales","Bronze Scales","Bronze Scales","Bronze Scales","Odd Mushroom","Odd Mushroom","Odd Mushroom","Odd Mushroom","Odd Mushroom","Odd Mushroom","Odd Mushroom","Mango","Mango","Mango","Mango","Mango","Mango","Mango","Mango","Mango","Mango","Mango","Mango","Mango","Mango","Mango","Mango","Mango","Mango","Mango","Mango","Mango","Mango","Mango","Mango","Mango","Mango","Mango","Mango","Mango","Mango","Mango","Mango","Mango","Mango","Mango","Mango","Mango","Mango","Mango","Mango","Mango","Mango","Mango","Mango","Mango","Mango","Mango","Mango","Mango","Mango","Mango","Mango","Mango","Mango","Mango","RemiliaMod:RXiangDui","Calipers","Gambling Chip","Mango","Torii","TungstenRod","StoneCalendar","Prayer Wheel","Question Card","Bottled Lightning","Lantern","Bag of Marbles","Eternal Feather","Red Mask","Regal Pillow","Toy Ornithopter","Smiling Mask","Shuriken","Incense Burner","AmplifyWand","CatCart","The Courier","Membership Card","Akabeko","Thread and Needle","Champion Belt","Unceasing Top","OrangePellets","Magic Flower","Charon\u0027s Ashes","Du-Vu Doll","Circlet"],"acts_visited":["Exordium","TheCity","TheBeyond","TheEnding"],"potions_floor_usage":[55],"damage_taken":[{"damage":4.0,"enemies":"Small Slimes","floor":1.0,"turns":2.0},{"damage":0.0,"enemies":"3 Sentries","floor":8.0,"turns":3.0},{"damage":0.0,"enemies":"2 Louse","floor":11.0,"turns":1.0},{"damage":0.0,"enemies":"Gremlin Nob","floor":12.0,"turns":2.0},{"damage":0.0,"enemies":"Cultist","floor":13.0,"turns":2.0},{"damage":0.0,"enemies":"Lagavulin","floor":14.0,"turns":3.0},{"damage":2.0,"enemies":"Slime Boss","floor":16.0,"turns":5.0},{"damage":11.0,"enemies":"2 Thieves","floor":18.0,"turns":2.0},{"damage":5.0,"enemies":"3 Byrds","floor":20.0,"turns":1.0},{"damage":0.0,"enemies":"Shelled Parasite and Fungi","floor":22.0,"turns":1.0},{"damage":4.0,"enemies":"Slavers","floor":23.0,"turns":2.0},{"damage":0.0,"enemies":"Centurion and Healer","floor":24.0,"turns":1.0},{"damage":0.0,"enemies":"Snake Plant","floor":27.0,"turns":1.0},{"damage":0.0,"enemies":"Snecko","floor":30.0,"turns":1.0},{"damage":0.0,"enemies":"Cultist and Chosen","floor":31.0,"turns":2.0},{"damage":0.0,"enemies":"Champ","floor":33.0,"turns":6.0},{"damage":0.0,"enemies":"3 Darklings","floor":35.0,"turns":1.0},{"damage":0.0,"enemies":"Orb Walker","floor":36.0,"turns":2.0},{"damage":471.0,"enemies":"Remilia_Byz","floor":39.0,"turns":25.0},{"damage":0,"enemies":"Nemesis","floor":41,"turns":3},{"damage":0,"enemies":"Reptomancer","floor":44,"turns":2},{"damage":0,"enemies":"4 Shapes","floor":46,"turns":3},{"damage":0,"enemies":"Orin","floor":48,"turns":2},{"damage":0,"enemies":"Time Eater","floor":50,"turns":1},{"damage":0,"enemies":"Shield and Spear","floor":54,"turns":1},{"damage":0,"enemies":"The Heart","floor":55,"turns":2}],"seed_played":"-6091765482355501560","potions_obtained":[{"floor":11.0,"key":"BloodPotion"},{"floor":14.0,"key":"Fire Potion"},{"floor":16.0,"key":"PowerPotion"},{"floor":27.0,"key":"Ancient Potion"},{"floor":30.0,"key":"FairyPotion"},{"floor":39,"key":"SneckoOil"},{"floor":41,"key":"Fire Potion"},{"floor":44,"key":"ElixirPotion"},{"floor":46,"key":"Swift Potion"},{"floor":54,"key":"SkillPotion"}],"is_trial":false,"path_per_floor":["M","?","?","?","?","R","T","E","T","R","M","E","M","E","R","B",null,"M","?","M","$","M","E","M","$","T","M","?","?","M","M","R","B",null,"M","M","$","?","?","R","E","?","T","E","T","M","?","?","R","B",null,"R","$","E","B",null],"character_chosen":"IRONCLAD","items_purchased":["Flex+1","InkBottle","Discovery+1","Havoc+1","HandOfGreed+1","Forethought+1","Dark Shackles+1","PrismaticShard","Pocketwatch","Ornamental Fan","White Beast Statue","Ice Cream","Chrysalis+1","Mind Blast+1","Discovery+1","Chrysalis+1","Secret Weapon+1","Bird Faced Urn","Mercury Hourglass","Ancient Tea Set","Darkstone Periapt","Meat on the Bone","Bag of Preparation","Molten Egg 2","CaptainsWheel","Ginger","Art of War","Self Forming Clay","Blue Candle","Pear","Bottled Tornado","PreservedInsect","Bottled Flame","Boot","MealTicket","HornCleat","Gremlin Horn","Pen Nib","Omamori","Matryoshka","Lizard Tail","Toxic Egg 2","Singing Bowl","Kunai","Orichalcum","Nunchaku","Frozen Egg 2","Happy Flower","Vajra","Blood Vial","Paper Frog","Potion Belt","Letter Opener","Bandage Up+1","Bronze Scales","Inflame+1","Infernal Blade+1","Anger+1","Flash of Steel+1","Secret Weapon+1","Thread and Needle","Champion Belt","Unceasing Top","OrangePellets","Magic Flower","Charon\u0027s Ashes","Du-Vu Doll","Infernal Blade+1","Warcry+1","Twin Strike+1","Perfected Strike+1","Master of Strategy+1","Discovery+1","Secret Technique+1","Madness+1","Rampage+1","Ghostly Armor+1","Body Slam+1","Anger+1","Wild Strike+1","Perfected Strike+1"],"campfire_rested":0,"item_purchase_floors":[21,21,21,21,21,21,25,25,25,25,25,25,25,25,25,25,37,37,37,37,37,37,37,37,37,37,37,37,37,37,37,37,37,37,37,37,37,37,37,37,37,37,37,37,37,37,37,37,37,37,37,37,37,37,37,53,53,53,53,53,53,53,53,53,53,53,53,53,53,53,53,53,53,53,53,53,53,53,53,53,53],"current_hp_per_floor":[80,60,60,60,80,80,80,80,80,80,80,80,80,80,80,80,80,80,80,80,80,80,80,80,80,80,80,80,80,80,80,80,80,80,80,80,90,90,766,766,766,766,766,766,766,766,766,766,766,766,766,766,766,766,766],"gold":118273,"neow_bonus":"THREE_CARDS","is_daily":false,"chose_seed":false,"campfire_upgraded":3,"win_rate":0.0,"timestamp":1610523622,"path_taken":["M","?","?","?","?","R","?","E","T","R","M","E","M","E","R","BOSS","M","?","?","$","M","E","M","$","T","M","?","?","M","M","R","BOSS","M","?","$","?","?","R","E","?","T","E","?","?","?","?","R","BOSS","R","$","E","BOSS"],"items_purchased_type":["Card","Relic","Card","Card","Card","Card","Card","Relic","Relic","Relic","Relic","Relic","Card","Card","Card","Card","Card","Relic","Relic","Relic","Relic","Relic","Relic","Relic","Relic","Relic","Relic","Relic","Relic","Relic","Relic","Relic","Relic","Relic","Relic","Relic","Relic","Relic","Relic","Relic","Relic","Relic","Relic","Relic","Relic","Relic","Relic","Relic","Relic","Relic","Relic","Relic","Relic","Card","Relic","Card","Card","Card","Card","Card","Relic","Relic","Relic","Relic","Relic","Relic","Relic","Card","Card","Card","Card","Card","Card","Card","Card","Card","Card","Card","Card","Card","Card"],"build_version":"2020-12-22","purchased_purges":0,"victory":true,"max_hp_per_floor":[80,80,80,80,80,80,80,80,80,80,80,80,80,80,80,80,80,80,80,80,80,80,80,80,80,80,80,80,80,80,80,80,80,80,80,80,90,90,766,766,766,766,766,766,766,766,766,766,766,766,766,766,766,766,766],"card_choices":[{"not_picked":["Headbutt","Rupture"],"picked":"Armaments","floor":0.0},{"not_picked":["SashWhip+1","Crescendo+1"],"picked":"PowerUp+1","floor":1.0},{"not_picked":["RealityMarble+1","Chen:Sweep+1"],"picked":"StarlightTyphoon+1","floor":8.0},{"not_picked":["Warcry+1","RemiliaMod:CFPLL+1"],"picked":"Outmaneuver+1","floor":11.0},{"not_picked":["alterego_mod:PerceptionDisorder+1","Halt+1","alterego_mod:SakuraPetals+1"],"picked":"SKIP","floor":12.0},{"not_picked":["RemiliaMod:CJNYSFZ+1","alterego_mod:Bloomers+1"],"picked":"Advance+1","floor":13.0},{"not_picked":["EmptyBody+1","Chen:MisdirectSwipe+1"],"picked":"Static Discharge+1","floor":14.0},{"not_picked":["Transmutation+1","Chen:RapidfireEvasive+1"],"picked":"alterego_mod:Palingenesis+1","floor":16.0},{"not_picked":["GravityBeat+1","Occultation+1"],"picked":"PropBag+1","floor":18.0},{"not_picked":["Aggregate+1","Flying Knee+1"],"picked":"Hello World+1","floor":20.0},{"not_picked":["Chen:Flit+1","Collapse+1"],"picked":"alterego_mod:TrashNCrash+1","floor":22.0},{"not_picked":["Solidify+1","Predator+1"],"picked":"RemiliaMod:CXXSJ+1","floor":23.0},{"not_picked":["alterego_mod:GachaTicket+1","Barrage+1"],"picked":"Terrifying_Presence+1","floor":24.0},{"not_picked":["Perseverance+1","Chen:Sweep+1"],"picked":"RemiliaMod:CPFWZL+1","floor":27.0},{"not_picked":["Deadly Poison+1","Heavy Blade+1","Chen:Sidestep+1"],"picked":"SKIP","floor":30.0},{"not_picked":["ReturningBlade+1","BowlingBash+1"],"picked":"alterego_mod:Birthday+1","floor":31.0},{"not_picked":["Chen:PhoenixWings+1","FloweringNight+1"],"picked":"Chen:ShikigamiForm+1","floor":33.0},{"not_picked":["Rearm+1","Headbutt+1"],"picked":"Inflame+1","floor":35.0},{"not_picked":["DragonMeteor+1","MilkyWay+1","GalacticHalo+1"],"picked":"SKIP","floor":36.0},{"not_picked":["Chen:Shot+1","Berserk+1"],"picked":"JustLucky+1","floor":39},{"not_picked":["MillisecondPulsars+1","Prepared+1","Collect+1"],"picked":"Violence+1","floor":41},{"not_picked":["Footwork+1","Pray+1","Cleave+1"],"picked":"alterego_mod:DestructionOfProperty+1","floor":44},{"not_picked":["Chill+1","Prostrate+1","Shrug It Off+1"],"picked":"Foresight+1","floor":46},{"not_picked":["Leap+1","DarkMatter+1","Flash of Steel+1"],"picked":"PathToVictory+1","floor":46},{"not_picked":["PanicButton+1","Forethought+1","Good Instincts+1"],"picked":"Finesse+1","floor":47},{"not_picked":["Dark Shackles+1","Forethought+1","Bandage Up+1"],"picked":"Discovery+1","floor":47},{"not_picked":["The Bomb+1","Violence+1","Secret Technique+1"],"picked":"Panache+1","floor":47},{"not_picked":["StarlightTyphoon+1","Crippling Poison+1","Steam+1"],"picked":"Melter+1","floor":48},{"not_picked":["Protect+1","Fasting2+1","RemiliaMod:CJNSJDF+1"],"picked":"alterego_mod:TrashNCrash+1","floor":54}],"player_experience":199628,"relics_obtained":[{"floor":8.0,"key":"FossilizedHelix"},{"floor":9.0,"key":"Turnip"},{"floor":12.0,"key":"Dead Branch"},{"floor":14.0,"key":"Girya"},{"floor":23.0,"key":"War Paint"},{"floor":26.0,"key":"Dream Catcher"},{"floor":39,"key":"Calipers"},{"floor":39,"key":"Gambling Chip"},{"floor":39,"key":"Mango"},{"floor":39,"key":"Torii"},{"floor":39,"key":"TungstenRod"},{"floor":39,"key":"StoneCalendar"},{"floor":39,"key":"Prayer Wheel"},{"floor":39,"key":"Question Card"},{"floor":39,"key":"Bottled Lightning"},{"floor":39,"key":"Lantern"},{"floor":39,"key":"Bag of Marbles"},{"floor":41,"key":"Eternal Feather"},{"floor":43,"key":"Regal Pillow"},{"floor":43,"key":"Toy Ornithopter"},{"floor":44,"key":"Smiling Mask"},{"floor":45,"key":"Shuriken"},{"floor":45,"key":"Incense Burner"},{"floor":48,"key":"CatCart"},{"floor":54,"key":"Circlet"}],"event_choices":[{"damage_healed":0.0,"max_hp_gain":0.0,"max_hp_loss":0.0,"gold_gain":0.0,"event_name":"Golden Idol","player_choice":"Take Damage","floor":2.0,"gold_loss":0.0,"damage_taken":20.0,"relics_obtained":["Golden Idol"]},{"damage_healed":0.0,"max_hp_gain":0.0,"max_hp_loss":0.0,"gold_gain":0.0,"event_name":"Golden Wing","player_choice":"Ignored","floor":3.0,"gold_loss":0.0,"damage_taken":0.0},{"damage_healed":0.0,"max_hp_gain":0.0,"max_hp_loss":0.0,"gold_gain":175.0,"event_name":"Liars Game","player_choice":"AGREE","floor":4.0,"gold_loss":0.0,"damage_taken":0.0,"cards_obtained":["Doubt"]},{"damage_healed":20.0,"max_hp_gain":0.0,"max_hp_loss":0.0,"gold_gain":0.0,"event_name":"The Cleric","player_choice":"Healed","floor":5.0,"gold_loss":35.0,"damage_taken":0.0},{"damage_healed":0.0,"max_hp_gain":0.0,"max_hp_loss":0.0,"gold_gain":0.0,"event_name":"N\u0027loth","player_choice":"Traded Relic","floor":19.0,"relics_lost":["Shuriken"],"gold_loss":0.0,"damage_taken":0.0,"relics_obtained":["Nloth\u0027s Gift"]},{"damage_healed":0.0,"max_hp_gain":0.0,"max_hp_loss":0.0,"gold_gain":0.0,"event_name":"Back to Basics","player_choice":"Simplicity","floor":28.0,"gold_loss":0.0,"damage_taken":0.0,"cards_upgraded":["Strike_R","Strike_R","Strike_R","Strike_R","Strike_R","Defend_R","Defend_R"]},{"cards_removed":["Flex"],"damage_healed":0.0,"max_hp_gain":0.0,"max_hp_loss":0.0,"gold_gain":0.0,"event_name":"WeMeetAgain","player_choice":"Gave Card","floor":29.0,"gold_loss":0.0,"damage_taken":0.0,"relics_obtained":["Oddly Smooth Stone"]},{"damage_healed":0.0,"max_hp_gain":0.0,"max_hp_loss":0.0,"gold_gain":333.0,"event_name":"The Moai Head","player_choice":"Gave Idol","floor":38.0,"relics_lost":["Golden Idol"],"gold_loss":0.0,"damage_taken":0.0},{"damage_healed":766,"gold_gain":0,"player_choice":"Heal","damage_taken":0,"max_hp_gain":0,"max_hp_loss":108,"event_name":"The Moai Head","floor":39,"gold_loss":0},{"damage_healed":0,"gold_gain":0,"player_choice":"Paid","damage_taken":0,"relics_obtained":["Red Mask"],"max_hp_gain":0,"max_hp_loss":0,"event_name":"Tomb of Lord Red Mask","floor":42,"gold_loss":117042},{"damage_healed":0,"gold_gain":0,"player_choice":"Memory 3","damage_taken":10,"max_hp_gain":0,"max_hp_loss":0,"event_name":"SensoryStone","floor":47,"gold_loss":0},{"damage_healed":0,"gold_gain":0,"player_choice":"Fight","damage_taken":0,"max_hp_gain":0,"max_hp_loss":0,"event_name":"OrinTheCat","floor":48,"gold_loss":0}],"is_beta":false,"boss_relics":[{"not_picked":["Coffee Dripper","Sozu"],"picked":"SlaversCollar"},{"not_picked":["Runic Dome","Runic Pyramid"],"picked":"Cursed Key"}],"items_purged_floors":[],"is_endless":false,"potions_floor_spawned":[11,14,16,18,22,27,30,31,33,35,36,39,41,44,46,48,54],"ascension_level":2}}