{"host":"jl3raagrljzztomj","time":1610506112,"event":{"mods":["BaseMod","BetterRewards","Colored Map","Colored Powertips","Custom Start","Hermit","Highlight Path","Minty Spire (QoL Compilation)","Permanent Neow","StSLib","SuperFastMode"],"gold_per_floor":[110,126,126,126,151,151,36,36,36,53,84,99,127,149,149,250,250,273,273,123,123,38,43,43],"floor_reached":23,"language":"ENG","playtime":1198,"items_purged":[],"score":249,"play_id":"6c8a8ea0-e0c6-49bf-be70-fcdd2873066d","local_time":"20210112204832","is_ascension_mode":false,"campfire_choices":[{"data":"hermit:Determination","floor":6,"key":"SMITH"},{"floor":8,"key":"REST"},{"floor":15,"key":"REST"}],"circlet_count":0,"master_deck":["hermit:Strike_Hermit","hermit:Strike_Hermit","hermit:Strike_Hermit","hermit:Defend_Hermit","hermit:Defend_Hermit+1","hermit:Defend_Hermit","hermit:Defend_Hermit","hermit:Snapshot","hermit:OverwhelmingPower+1","hermit:Determination+1","hermit:Scavenge","hermit:FinalCanter","hermit:GhostlyPresence","hermit:ShadowCloak","hermit:Grudge","hermit:LowProfile","hermit:FatalDesire","hermit:FromBeyond"],"relics":["hermit:Momento","Juzu Bracelet","Kunai","Art of War","MutagenicStrength","Regal Pillow","Toxic Egg 2"],"acts_visited":["Exordium","TheCity"],"potions_floor_usage":[14,16,23],"damage_taken":[{"damage":9,"enemies":"Jaw Worm","floor":1,"turns":4},{"damage":10,"enemies":"Small Slimes","floor":2,"turns":3},{"damage":0,"enemies":"Cultist","floor":5,"turns":4},{"damage":6,"enemies":"Large Slime","floor":10,"turns":9},{"damage":26,"enemies":"Lagavulin","floor":11,"turns":8},{"damage":3,"enemies":"Looter","floor":12,"turns":4},{"damage":19,"enemies":"3 Sentries","floor":13,"turns":13},{"damage":0,"enemies":"3 Louse","floor":14,"turns":4},{"damage":2,"enemies":"The Guardian","floor":16,"turns":18},{"damage":17,"enemies":"Spheric Guardian","floor":18,"turns":8},{"damage":63,"enemies":"Slavers","floor":23,"turns":5}],"seed_played":"2997508753773756314","potions_obtained":[{"floor":2,"key":"SpeedPotion"},{"floor":10,"key":"EssenceOfSteel"},{"floor":12,"key":"AttackPotion"},{"floor":13,"key":"Fire Potion"},{"floor":16,"key":"Energy Potion"}],"is_trial":false,"path_per_floor":["M","M","?","?","M","R","$","R","T","M","E","M","E","M","R","B",null,"M","?","$","?","?","E"],"character_chosen":"HERMIT","items_purchased":["hermit:GhostlyPresence","hermit:ShadowCloak","Regal Pillow"],"campfire_rested":2,"item_purchase_floors":[7,7,20],"current_hp_per_floor":[66,56,41,41,41,41,41,63,63,57,31,28,9,9,31,29,75,58,58,58,58,58,0,0],"gold":43,"neow_bonus":"TRANSFORM_CARD","is_daily":false,"chose_seed":false,"campfire_upgraded":1,"win_rate":0.0,"timestamp":1610506112,"path_taken":["M","M","?","?","M","R","$","R","T","M","E","M","E","M","R","BOSS","M","?","$","?","?","E"],"items_purchased_type":["Card","Card","Relic"],"build_version":"2020-12-22","purchased_purges":0,"victory":false,"max_hp_per_floor":[75,75,75,75,75,75,75,75,75,75,75,75,75,75,75,75,75,75,75,75,75,75,75,75],"card_choices":[{"not_picked":["hermit:Dive","hermit:Vantage"],"picked":"hermit:Determination","floor":1},{"not_picked":["hermit:Glare","hermit:Horror"],"picked":"hermit:Scavenge","floor":2},{"not_picked":["hermit:Desperado","hermit:EyeOfTheStorm"],"picked":"hermit:FinalCanter","floor":5},{"not_picked":["hermit:HoleUp","hermit:Vantage"],"picked":"hermit:Grudge","floor":10},{"not_picked":["hermit:CursedWeapon","hermit:Vantage","hermit:TakeCover"],"picked":"SKIP","floor":11},{"not_picked":["hermit:HoleUp","hermit:Grudge"],"picked":"hermit:LowProfile","floor":12},{"not_picked":["hermit:TrackingShot","hermit:Shortfuse"],"picked":"hermit:FatalDesire","floor":13},{"not_picked":["hermit:Enervate","hermit:HighCaliber","hermit:ItchyTrigger"],"picked":"SKIP","floor":14},{"not_picked":["hermit:HeroicBravado","hermit:Adapt"],"picked":"hermit:FromBeyond","floor":16},{"not_picked":["hermit:Brawl","hermit:Enervate+1","hermit:Manifest"],"picked":"SKIP","floor":18}],"player_experience":915151,"relics_obtained":[{"floor":9,"key":"Juzu Bracelet"},{"floor":11,"key":"Kunai"},{"floor":13,"key":"Art of War"}],"event_choices":[{"damage_healed":0,"gold_gain":0,"player_choice":"Entered Light","damage_taken":15,"max_hp_gain":0,"max_hp_loss":0,"event_name":"Shining Light","floor":3,"gold_loss":0,"cards_upgraded":["hermit:OverwhelmingPower","hermit:Defend_Hermit"]},{"cards_removed":["hermit:Strike_Hermit"],"damage_healed":0,"gold_gain":0,"player_choice":"Card Removal","damage_taken":0,"max_hp_gain":0,"max_hp_loss":0,"event_name":"Wheel of Change","floor":4,"gold_loss":0},{"damage_healed":0,"gold_gain":0,"player_choice":"Inject Mutagens","damage_taken":0,"relics_obtained":["MutagenicStrength"],"max_hp_gain":0,"max_hp_loss":0,"event_name":"Drug Dealer","floor":19,"gold_loss":0},{"damage_healed":0,"gold_gain":0,"player_choice":"Ignored","damage_taken":0,"max_hp_gain":0,"max_hp_loss":0,"event_name":"Beggar","floor":21,"gold_loss":0},{"damage_healed":0,"gold_gain":0,"player_choice":"Obtained Relic","damage_taken":0,"relics_obtained":["Toxic Egg 2"],"max_hp_gain":0,"max_hp_loss":0,"event_name":"Addict","floor":22,"gold_loss":85}],"is_beta":false,"boss_relics":[{"not_picked":["Busted Crown","Pandora\u0027s Box","Astrolabe"]}],"items_purged_floors":[],"is_endless":false,"potions_floor_spawned":[2,10,12,13,16],"killed_by":"Slavers","ascension_level":0}}