{"host":"c5slkkw8hp42e20v","time":1610513504,"event":{"mods":["AchievementEnabler","BaseMod","Better Note","BetterRewards","Colored Powertips","DeckTracker","Friendly Minions","GifTheSpireLib","Hermit","Highlight Path","Minty Spire (QoL Compilation)","Quick Restart","Rare Cards Sparkle","Replay The Spire","Spicy Shops","StSLib","The Animator","The Hierophant","The Poker Player","????"],"gold_per_floor":[133,155,255,287,5,13,13],"floor_reached":6,"language":"ENG","playtime":328,"items_purged":[],"score":38,"play_id":"e00f8f5e-9c82-4ada-8647-76d720ff4a9e","local_time":"20210112225144","is_ascension_mode":true,"campfire_choices":[],"circlet_count":0,"master_deck":["Strike_R","Strike_R","Strike_R","Strike_R","Strike_R","Defend_R","Defend_R","Defend_R","Defend_R","Bash","Thunderclap","Armaments","Havoc","Twin Strike","Fire Breathing","Apotheosis","Metallicize","Shrug It Off"],"relics":["Burning Blood","Runic Pyramid","Replay:Bandana","Membership Card","Vajra","ReplayTheSpireMod:CursedCoin","Bag of Marbles"],"acts_visited":["Exordium"],"potions_floor_usage":[],"damage_taken":[{"damage":5,"enemies":"Small Slimes","floor":1,"turns":3},{"damage":5,"enemies":"Cultist","floor":2,"turns":4},{"damage":1,"enemies":"Jaw Worm","floor":4,"turns":3},{"damage":164,"enemies":"Lagavulin","floor":6,"turns":4}],"seed_played":"-6034892291893032437","potions_obtained":[{"floor":4,"key":"AttackPotion"}],"is_trial":false,"path_per_floor":["M","M","?","M","$","E"],"character_chosen":"IRONCLAD","items_purchased":["Replay:Bandana","Thunderclap","Armaments","Membership Card","Vajra","ReplayTheSpireMod:CursedCoin","Apotheosis","Bag of Marbles","Metallicize","Shrug It Off"],"campfire_rested":0,"item_purchase_floors":[0,0,0,5,5,5,5,5,5,5],"current_hp_per_floor":[80,80,80,80,80,0,0],"gold":13,"neow_bonus":"","is_daily":false,"chose_seed":false,"campfire_upgraded":0,"win_rate":0.0,"timestamp":1610513504,"path_taken":["M","M","?","?","$","E"],"items_purchased_type":["Relic","Card","Card","Relic","Relic","Relic","Card","Relic","Card","Card"],"build_version":"2020-12-22","purchased_purges":0,"victory":false,"max_hp_per_floor":[80,80,80,80,80,80,80],"card_choices":[{"not_picked":["Run Through","Abandon"],"picked":"Havoc","floor":1},{"not_picked":["Run Through","Blood for Blood"],"picked":"Twin Strike","floor":2},{"not_picked":["Wild Strike","Evolve"],"picked":"Fire Breathing","floor":4}],"player_experience":44465,"relics_obtained":[],"event_choices":[{"damage_healed":0,"gold_gain":100,"player_choice":"Pray","damage_taken":0,"max_hp_gain":0,"max_hp_loss":0,"event_name":"Golden Shrine","floor":3,"gold_loss":0}],"is_beta":false,"boss_relics":[],"items_purged_floors":[],"is_endless":false,"potions_floor_spawned":[4],"killed_by":"Lagavulin","ascension_level":1}}