{"host":"h9d5il8g1iqie9ys","time":1610523381,"event":{"mods":["BaseMod","Colored Powertips","Decade(???)","Hero for Fun","Luminous","Marisa????????","Minty Spire (QoL Compilation)","StSLib","The Administrix","The Animator","The Bug Knight","The Cursed","The Exalted","The Necromancer","The Poker Player","The Saiyan","The Servant 0.9.4","The Wild Card"],"gold_per_floor":[119,135,135,135,310,335,335,396,396,396,74,91,91,21,21,117,117,83,97,111,121,121,121],"floor_reached":22,"language":"ENG","playtime":1134,"items_purged":[],"score":209,"play_id":"752e639d-c884-4450-b6f9-f46f3bed1913","local_time":"20210113143621","is_ascension_mode":false,"campfire_choices":[{"floor":7,"key":"RECALL"},{"floor":10,"key":"REST"},{"floor":13,"key":"REST"},{"data":"theWildCard:Odin","floor":15,"key":"SMITH"}],"circlet_count":0,"master_deck":["Luminous:Light_Flash_Shower","Luminous:Light_Flash_Shower","Luminous:Light_Flash_Shower","Luminous:Dark_Abyssal_Drop","Luminous:Dark_Abyssal_Drop","Luminous:Dark_Abyssal_Drop","Luminous:Defend_Luminous","Luminous:Defend_Luminous","Luminous:Defend_Luminous","Luminous:Defend_Luminous","Luminous:Switch_Luminous","Luminous:Accumulation_Luminous","Luminous:Fast_Spell_Luminous","theWildCard:Odin+1","Regret","Doubt","Luminous:Light_Disperse","Luminous:Light_Wash_Luminous","Apotheosis+1","Luminous:Arcane_Rage_Luminous+1","Luminous:Mana_Well_Luminous+1","Luminous:Dark_Arcane_Pitch","Luminous:Magic_Accelerate_Luminous+1","Luminous:Freud_Wisdom1_Luminous+1","Luminous:Dark_Arcane_Pitch","Luminous:Dark_Dim_Erosion","Luminous:Freud_Wisdom1_Luminous+1","Luminous:Mirror_Force_Luminous+1"],"relics":["Luminous:MirrorRelic","NeowsBlessing","Du-Vu Doll","Toxic Egg 2","Question Card","Bromod:ArcaneEnergize"],"acts_visited":["Exordium","TheCity"],"potions_floor_usage":[],"damage_taken":[{"damage":0,"enemies":"Jaw Worm","floor":1,"turns":1},{"damage":0,"enemies":"Small Slimes","floor":2,"turns":1},{"damage":0,"enemies":"HollowMod:MossKnight","floor":6,"turns":1},{"damage":26,"enemies":"Lagavulin Event","floor":8,"turns":9},{"damage":8,"enemies":"2 Louse","floor":12,"turns":3},{"damage":33,"enemies":"The Guardian","floor":16,"turns":12},{"damage":25,"enemies":"2 Thieves","floor":18,"turns":5},{"damage":2,"enemies":"Chosen","floor":19,"turns":8},{"damage":11,"enemies":"Snake Plant","floor":20,"turns":5},{"damage":54,"enemies":"Cultist and Chosen","floor":21,"turns":12},{"damage":0,"enemies":"Sentry and Sphere","floor":22,"turns":2}],"seed_played":"6625727391916430340","potions_obtained":[{"floor":12,"key":"SteroidPotion"},{"floor":16,"key":"Energy Potion"},{"floor":19,"key":"Dexterity Potion"}],"is_trial":false,"path_per_floor":["M","M","?","?","?","E","R","?","T","R","$","M","R","$","R","B",null,"M","M","M","M","M"],"character_chosen":"LuminousClass","items_purchased":["Apotheosis+1","Luminous:Arcane_Rage_Luminous+1","Luminous:Mana_Well_Luminous+1","Luminous:Magic_Accelerate_Luminous+1"],"campfire_rested":2,"item_purchase_floors":[11,11,11,14],"current_hp_per_floor":[75,75,75,75,75,75,75,49,49,71,71,63,75,75,75,42,75,54,56,49,3,3,3],"gold":121,"neow_bonus":"THREE_ENEMY_KILL","is_daily":false,"chose_seed":false,"campfire_upgraded":1,"win_rate":0.0,"timestamp":1610523381,"path_taken":["M","M","?","?","?","E","R","?","T","R","$","M","R","?","R","BOSS","M","M","M","?","?"],"items_purchased_type":["Card","Card","Card","Card"],"build_version":"2020-12-22","purchased_purges":0,"victory":false,"max_hp_per_floor":[75,75,75,75,75,75,75,75,75,75,75,75,75,75,75,75,75,75,75,75,75,75,75],"card_choices":[{"not_picked":["Luminous:Dark_Pressure_Void","Luminous:Light_Disperse"],"picked":"Luminous:Accumulation_Luminous","floor":1},{"not_picked":["Luminous:Concentrate_Luminous","Luminous:Light_Disperse"],"picked":"Luminous:Fast_Spell_Luminous","floor":2},{"not_picked":["Luminous:Dark_Raid","Luminous:Dark_Dim_Erosion"],"picked":"Luminous:Light_Disperse","floor":6},{"not_picked":["Luminous:Mana_Overload_Luminous","Luminous:Concentrate_Luminous+1","Luminous:Lights_Protection_Luminous+1"],"picked":"Luminous:Light_Wash_Luminous","floor":8},{"not_picked":["Luminous:Dark_Extract","Luminous:Dark_Morning_Star","Luminous:Light_Gather"],"picked":"Luminous:Dark_Arcane_Pitch","floor":12},{"not_picked":["Luminous:Ethereal_Form_Luminous","Luminous:Dark_Crescendo_Luminous","Luminous:Erosion_Luminous+1"],"picked":"Luminous:Freud_Wisdom1_Luminous+1","floor":16},{"not_picked":["Luminous:Dark_Raid","Luminous:Blinding_Pillar_Luminous+1","Luminous:Light_Disperse"],"picked":"Luminous:Dark_Arcane_Pitch","floor":18},{"not_picked":["Luminous:Blinding_Pillar_Luminous+1","Luminous:Light_Wash_Luminous","Luminous:Light_Sylvan_Lance"],"picked":"Luminous:Dark_Dim_Erosion","floor":19},{"not_picked":["Luminous:Light_Disperse","Luminous:Dark_Pressure_Void+1","Luminous:Concentrate_Luminous+1"],"picked":"Luminous:Freud_Wisdom1_Luminous+1","floor":20},{"not_picked":["Luminous:Concentrate_Luminous+1","Luminous:Accumulation_Luminous+1","Luminous:Blinding_Pillar_Luminous+1"],"picked":"Luminous:Mirror_Force_Luminous+1","floor":21}],"player_experience":200261,"relics_obtained":[{"floor":6,"key":"Toxic Egg 2"}],"event_choices":[{"damage_healed":0,"gold_gain":0,"player_choice":"Box","damage_taken":0,"relics_obtained":["Du-Vu Doll"],"max_hp_gain":0,"max_hp_loss":0,"event_name":"Big Fish","floor":4,"gold_loss":0,"cards_obtained":["Regret"]},{"damage_healed":0,"gold_gain":175,"player_choice":"AGREE","damage_taken":0,"max_hp_gain":0,"max_hp_loss":0,"event_name":"Liars Game","floor":5,"gold_loss":0,"cards_obtained":["Doubt"]},{"damage_healed":0,"gold_gain":0,"player_choice":"Searched \u00273\u0027 times","damage_taken":0,"relics_obtained":["Question Card"],"max_hp_gain":0,"max_hp_loss":0,"event_name":"Dead Adventurer","floor":8,"gold_loss":0}],"is_beta":false,"boss_relics":[{"not_picked":["Velvet Choker","Tiny House"],"picked":"Bromod:ArcaneEnergize"}],"items_purged_floors":[],"is_endless":false,"potions_floor_spawned":[12,16,19],"killed_by":"Sentry and Sphere","ascension_level":0}}