{"host":"rupmf8lnk599ormj","time":1610500943,"event":{"mods":["2.2 Compatiblity","AchievementEnabler","BaseMod","Better Match","Better Third Choice","BetterRewards","Colored Map","Colored Powertips","Conspire","Downfall","Evolution","Gold Saver","Googly Eyes","Hubris","Minty Spire (QoL Compilation)","Quick Restart","Rare Cards Sparkle","Replay The Spire","Spicy Shops","StSLib","The Cursed","The Jungle","The Necromancer"],"gold_per_floor":[458,458,458,178,191,221,236,250,273,273,273,198,214,225,225,323,323,339,339,339,352,452,481,492,504,504,504,577,594,432,463,463,566,566,576,198,198,212,230,259,259,287,287,287,298,141,157,173,173,173],"floor_reached":51,"language":"ENG","playtime":3440,"items_purged":[],"score":829,"play_id":"96dc1361-3e2d-4b8d-8824-a08e9677ff77","local_time":"20210112202223","is_ascension_mode":false,"campfire_choices":[{"data":"Negative_Energy_Shield","floor":11,"key":"SMITH"},{"data":"Summon_Undead_Army","floor":15,"key":"SMITH"},{"floor":27,"key":"REST"},{"data":"Summon_Undead_Army+1","floor":32,"key":"SMITH"},{"floor":41,"key":"REST"},{"floor":49,"key":"REST"}],"circlet_count":0,"master_deck":["Strike_W","Strike_W","Strike_W","Strike_W","Negative_Energy_Arrows","Bone_Wall","Negative_Energy_Shield+1","Apotheosis+1","Flesh_Made_Foul","Negative_Energy_Burst","Summon_Undead_Army+2","Spectral_Armor","Bone_Prison+1","Vampiric_Strike","Consume_Illness+1","Bone_Spikes","Corrupt","Hellfire","Toxic_Smoke_Screen","theJungle:Gourd","theJungle:Gourd","theJungle:Gourd","theJungle:Gourd","theJungle:Gourd","expansioncontent:YouAreMine+1","Summon_Lich","Necrotic_Claws","Bone_Bullets","Blood_Curse+1","Bone_Shift+1","ReplayTheSpireMod:Splinters","Siphon_Strength","Grasp_Heart","Bone_Armory","Scare","Dark Shackles","expansioncontent:StudyTheSpire","Replay:Parry","Thousand_Bone_Knives","Scare+1","Slay_Living","Grasp_Heart","Doubt","Negative_Energy_Shield+1","ReplayTheSpireMod:Private Reserves","expansioncontent:DashGenerateEvil","Bandage Up","Good Instincts","Bones_to_Steel+1","Life_Drain"],"relics":["Vampire_Amulet","EVO:Axolotl","hubris:TenFootPole","Bag of Marbles","Replay:Baseball","conspire:SpecialSausage","conspire:TopHat","hubris:Zylophone","hubris:PeanutButter","Frozen Eye","hubris:64BitClover","conspire:InfiniteJournal","hubris:ScarierMask","Sling","Garlic","Art of War","Pondfish Scales","Regal Pillow","ReplayTheSpireMod:ShopPack","conspire:DeflatedDodgeball"],"acts_visited":["Exordium","Exordium","TheBeyond"],"potions_floor_usage":[33,40,40,50,50],"damage_taken":[{"damage":4,"enemies":"Small Slimes","floor":1,"turns":5},{"damage":2,"enemies":"conspire:RoseBush","floor":5,"turns":2},{"damage":2,"enemies":"Gremlin Nob","floor":6,"turns":3},{"damage":2,"enemies":"Cultist","floor":7,"turns":3},{"damage":0,"enemies":"Blue Slaver","floor":8,"turns":3},{"damage":8,"enemies":"conspire:2 RoseBushes","floor":13,"turns":4},{"damage":11,"enemies":"Gremlin Gang","floor":14,"turns":3},{"damage":8,"enemies":"The Guardian","floor":16,"turns":10},{"damage":0,"enemies":"Shell Parasite","floor":18,"turns":4},{"damage":4,"enemies":"theJungle:MUSHROOMGANG","floor":21,"turns":5},{"damage":10,"enemies":"theJungle:Cassacara","floor":23,"turns":8},{"damage":20,"enemies":"theJungle:2_Snecko_Cultists","floor":24,"turns":5},{"damage":17,"enemies":"Snake Plant","floor":25,"turns":3},{"damage":0,"enemies":"theJungle:JungleHuntersEncounter","floor":29,"turns":3},{"damage":57,"enemies":"theJungle:TotemBoss","floor":33,"turns":8},{"damage":0,"enemies":"3 Shapes","floor":35,"turns":4},{"damage":9,"enemies":"3 Darklings","floor":38,"turns":4},{"damage":8,"enemies":"Jaw Worm Horde","floor":39,"turns":3},{"damage":54,"enemies":"Giant Head","floor":40,"turns":11},{"damage":31,"enemies":"Reptomancer","floor":42,"turns":6},{"damage":30,"enemies":"Spire Growth","floor":45,"turns":6},{"damage":1,"enemies":"3 Darklings","floor":47,"turns":6},{"damage":47,"enemies":"Transient","floor":48,"turns":5},{"damage":50,"enemies":"Awakened One","floor":50,"turns":14}],"seed_played":"-5089981202433415604","potions_obtained":[{"floor":5,"key":"Adrenaline Potion"},{"floor":6,"key":"Flashbang"},{"floor":7,"key":"BlessingOfTheForge"},{"floor":8,"key":"FairyPotion"},{"floor":33,"key":"hexamod:EctoCoolerPotion"},{"floor":40,"key":"Venom Potion"},{"floor":45,"key":"Elixir"}],"is_trial":false,"path_per_floor":["M","?","?","$","M","E","M","M","T","?","R","?","M","M","R","B",null,"M","?","?","M","?","E","M","M","T","R","T","M","$","?","R","B",null,"M","$","?","M","M","E","R","E","T","?","M","$","M","M","R","B",null],"character_chosen":"NECROMANCER","items_purchased":["Bag of Marbles","Flesh_Made_Foul","Negative_Energy_Burst","Frozen Eye","hubris:64BitClover","Sling","Garlic","Scare","ReplayTheSpireMod:ShopPack","ReplayTheSpireMod:Private Reserves"],"campfire_rested":3,"item_purchase_floors":[4,4,4,30,30,36,36,36,46,46],"current_hp_per_floor":[80,80,77,77,77,77,77,79,79,79,79,79,78,75,75,73,82,82,82,82,82,80,82,66,51,51,75,75,81,81,81,81,37,82,82,82,77,70,66,19,43,25,25,82,54,54,62,24,63,36],"gold":173,"neow_bonus":"TEN_PERCENT_HP_BONUS","is_daily":false,"chose_seed":false,"campfire_upgraded":3,"win_rate":0.0,"timestamp":1610500943,"path_taken":["M","?","?","$","M","E","M","M","T","?","R","?","M","M","R","BOSS","M","?","?","M","?","E","M","M","T","R","?","?","$","?","R","BOSS","M","$","?","M","M","E","R","E","T","?","M","?","M","M","R","BOSS"],"items_purchased_type":["Relic","Card","Card","Relic","Relic","Relic","Relic","Card","Relic","Card"],"build_version":"2020-12-22","purchased_purges":0,"victory":true,"max_hp_per_floor":[82,82,82,82,82,82,82,82,82,82,82,82,82,82,82,82,82,82,82,82,82,82,82,82,82,82,82,82,82,82,82,82,82,82,82,82,82,82,82,82,82,82,82,82,82,82,82,82,82,82],"card_choices":[{"not_picked":["Exploit","Life_Drain"],"picked":"Negative_Energy_Shield","floor":1},{"not_picked":["Negative_Energy_Sphere","Shackles_Of_Pain"],"picked":"Summon_Undead_Army","floor":5},{"not_picked":["Consume_Illness","Necrotic_Claws"],"picked":"Spectral_Armor","floor":6},{"not_picked":["Death_March_Dance","Siphon_Strength"],"picked":"Bone_Prison","floor":7},{"not_picked":["Negative_Energy_Sphere","Hellfire"],"picked":"Vampiric_Strike","floor":8},{"not_picked":["Blood_Whip+1","Chill_Blood+1"],"picked":"Consume_Illness+1","floor":12},{"not_picked":["Negative_Energy_Javelin","Uncharnel"],"picked":"Bone_Spikes","floor":13},{"not_picked":["Negative_Energy_Shield","Blood_Curse"],"picked":"Corrupt","floor":14},{"not_picked":["Blood_Magic","Cloudkill"],"picked":"Hellfire","floor":16},{"not_picked":["Blood_Curse","Bone_Shift"],"picked":"Toxic_Smoke_Screen","floor":18},{"not_picked":["Mind Blast+1","Dark Shackles+1"],"picked":"expansioncontent:YouAreMine+1","floor":20},{"not_picked":["Shackles_Of_Pain","Chill_Blood"],"picked":"Summon_Lich","floor":21},{"not_picked":["Negative_Energy_Sphere","Reap_The_Weak"],"picked":"Necrotic_Claws","floor":23},{"not_picked":["Summon_Undead_Army","Finger_Of_Death"],"picked":"Bone_Bullets","floor":24},{"not_picked":["Chill_Blood","Death_Knell"],"picked":"Blood_Curse+1","floor":25},{"not_picked":["Summon_Undead_Army","Violent_Necrosis"],"picked":"Bone_Shift+1","floor":29},{"not_picked":["Shackles_Of_Pain+1","Summon_Undead_Army"],"picked":"Siphon_Strength","floor":31},{"not_picked":["Reap_The_Weak","Blood_Wake"],"picked":"Grasp_Heart","floor":33},{"not_picked":["Negative_Energy_Javelin+1","Chill_Blood"],"picked":"Bone_Armory","floor":35},{"not_picked":["Crow Ritual","Mayhem"],"picked":"Dark Shackles","floor":37},{"not_picked":["Chrysalis","expansioncontent:FaceSlap"],"picked":"expansioncontent:StudyTheSpire","floor":37},{"not_picked":["Flash of Steel","Poisoned Strike"],"picked":"Replay:Parry","floor":37},{"not_picked":["Consume_Illness+1","Bone_Bullets"],"picked":"Thousand_Bone_Knives","floor":38},{"not_picked":["Corrupt+1","Death_Coil"],"picked":"Scare+1","floor":39},{"not_picked":["Negative_Energy_Javelin","Plague_Bolt+1"],"picked":"Slay_Living","floor":40},{"not_picked":["Blood_Curse+1","Stop_Heart"],"picked":"Grasp_Heart","floor":42},{"not_picked":["Scare+1","Corrupt"],"picked":"Negative_Energy_Shield+1","floor":45},{"not_picked":["ReplayTheSpireMod:Brewmster","Violence"],"picked":"expansioncontent:DashGenerateEvil","floor":46},{"not_picked":["expansioncontent:AwakenDeath","ReplayTheSpireMod:Uncanny Aura"],"picked":"Bandage Up","floor":46},{"not_picked":["Trip","Replay:Sssssssssstrike"],"picked":"Good Instincts","floor":46},{"not_picked":["Bone_Shift","Shackles_Of_Pain"],"picked":"Bones_to_Steel+1","floor":47},{"not_picked":["Negative_Energy_Sphere","Acid_Javelin+1"],"picked":"Life_Drain","floor":48}],"player_experience":198595,"relics_obtained":[{"floor":6,"key":"Replay:Baseball"},{"floor":23,"key":"conspire:TopHat"},{"floor":26,"key":"hubris:Zylophone"},{"floor":28,"key":"hubris:PeanutButter"},{"floor":31,"key":"conspire:InfiniteJournal"},{"floor":40,"key":"Art of War"},{"floor":42,"key":"Pondfish Scales"},{"floor":43,"key":"Regal Pillow"},{"floor":48,"key":"conspire:DeflatedDodgeball"}],"event_choices":[{"damage_healed":80,"gold_gain":0,"player_choice":"Embrace","damage_taken":0,"max_hp_gain":0,"max_hp_loss":82,"event_name":"betterThird:BetterShining","floor":2,"gold_loss":0},{"damage_healed":0,"gold_gain":0,"player_choice":"Relic ","damage_taken":3,"max_hp_gain":0,"max_hp_loss":0,"event_name":"betterThird:BetterScrap","floor":3,"gold_loss":0,"cards_obtained":["Infinite Blades"]},{"damage_healed":0,"gold_gain":0,"player_choice":"Grow","damage_taken":0,"max_hp_gain":0,"max_hp_loss":0,"event_name":"Living Wall","floor":10,"gold_loss":0,"cards_upgraded":["Bone_Prison"]},{"damage_healed":0,"gold_gain":0,"player_choice":"2","damage_taken":0,"max_hp_gain":0,"max_hp_loss":0,"event_name":"betterMatch:BetterMatch","floor":12,"gold_loss":0,"cards_obtained":["betterMatch:CommonCard"]},{"damage_healed":0,"gold_gain":0,"player_choice":"2","damage_taken":0,"max_hp_gain":0,"max_hp_loss":0,"event_name":"betterMatch:BetterMatch","floor":20,"gold_loss":0,"cards_obtained":["betterMatch:ColorlessUncommonCard"]},{"damage_healed":0,"gold_gain":0,"player_choice":"Memory 3","damage_taken":10,"max_hp_gain":0,"max_hp_loss":0,"event_name":"SensoryStone","floor":37,"gold_loss":0},{"damage_healed":57,"gold_gain":0,"player_choice":"Heal","damage_taken":0,"max_hp_gain":0,"max_hp_loss":0,"event_name":"MindBloom","floor":44,"gold_loss":0,"cards_obtained":["Doubt"]}],"is_beta":false,"boss_relics":[{"not_picked":["Ectoplasm","Empty Cage"],"picked":"conspire:SpecialSausage"},{"not_picked":["Fusion Hammer","Philosopher\u0027s Stone"],"picked":"hubris:ScarierMask"}],"items_purged_floors":[],"is_endless":false,"potions_floor_spawned":[5,6,7,8,14,21,33,35,40,45,48],"ascension_level":0}}