{"host":"fnk117zi8wf5078t","time":1610513922,"event":{"mods":["AchievementEnabler","BaseMod","Colored Map","Minty Spire (QoL Compilation)","Rare Cards Sparkle","SuperFastMode","everything is the same but u backflip on backflip"],"gold_per_floor":[118,135,52,66,76,76,1,20,20,20,20,20,20,95,95,170,170,182,182,182,153,153,153,68,68,92,92,106,106,65,65,65,144,144,155,155,202,202,47,47,65,65,134,160,160,185,185,201,201,201,201],"floor_reached":50,"language":"KOR","playtime":1735,"items_purged":["Strike_R"],"score":979,"play_id":"20380034-b755-4e2a-8506-519cf5447c7b","local_time":"20210113135842","is_ascension_mode":true,"campfire_choices":[{"data":"Limit Break","floor":6.0,"key":"SMITH"},{"floor":11.0,"key":"REST"},{"floor":15.0,"key":"REST"},{"data":"Inflame","floor":23.0,"key":"SMITH"},{"data":"Pummel","floor":25.0,"key":"SMITH"},{"data":"Flex","floor":27.0,"key":"SMITH"},{"data":"Heavy Blade","floor":32.0,"key":"SMITH"},{"data":"Shockwave","floor":40.0,"key":"SMITH"},{"floor":42.0,"key":"REST"},{"floor":45,"key":"REST"},{"data":"Armaments","floor":49,"key":"SMITH"}],"circlet_count":0,"master_deck":["AscendersBane","Strike_R","Strike_R","Defend_R","Defend_R","Defend_R","Defend_R","Bash","Limit Break+1","Ghostly Armor","Infernal Blade","Rupture+1","Exhume","Whirlwind+1","Impervious","Immolate","CurseOfTheBell","Second Wind+1","Limit Break+1","Flex+1","Pummel+1","Heavy Blade+1","Combust+1","Writhe","Berserk+1","Twin Strike+1","Flex+1","Inflame+1","Shockwave+1","Headbutt+1","Sentinel","Armaments+1"],"relics":["Burning Blood","HornCleat","Ornamental Fan","Calling Bell","Bag of Marbles","Frozen Egg 2","Pocketwatch","Blood Vial","Enchiridion","Strawberry","Philosopher\u0027s Stone","Unceasing Top","The Courier","Omamori","Magic Flower"],"acts_visited":["Exordium","TheCity","TheBeyond"],"potions_floor_usage":[47,50],"damage_taken":[{"damage":24.0,"enemies":"Jaw Worm","floor":1.0,"turns":4.0},{"damage":7.0,"enemies":"2 Louse","floor":2.0,"turns":3.0},{"damage":3.0,"enemies":"Small Slimes","floor":4.0,"turns":3.0},{"damage":7.0,"enemies":"3 Louse","floor":5.0,"turns":4.0},{"damage":20.0,"enemies":"Looter","floor":8.0,"turns":4.0},{"damage":30.0,"enemies":"The Guardian","floor":16.0,"turns":10.0},{"damage":0.0,"enemies":"Chosen","floor":18.0,"turns":5.0},{"damage":0.0,"enemies":"Shell Parasite","floor":28.0,"turns":2.0},{"damage":59.0,"enemies":"Champ","floor":33.0,"turns":9.0},{"damage":9.0,"enemies":"3 Shapes","floor":35.0,"turns":5.0},{"damage":24.0,"enemies":"2 Orb Walkers","floor":37.0,"turns":3.0},{"damage":35.0,"enemies":"3 Darklings","floor":41.0,"turns":5.0},{"damage":16,"enemies":"Giant Head","floor":44,"turns":4},{"damage":1,"enemies":"Mind Bloom Boss Battle","floor":46,"turns":3},{"damage":0,"enemies":"Transient","floor":47,"turns":2},{"damage":13,"enemies":"Writhing Mass","floor":48,"turns":4},{"damage":75,"enemies":"Time Eater","floor":50,"turns":6}],"seed_played":"-298599882374947035","potions_obtained":[{"floor":4.0,"key":"AttackPotion"},{"floor":5.0,"key":"Regen Potion"},{"floor":18.0,"key":"DistilledChaos"},{"floor":33.0,"key":"SteroidPotion"},{"floor":37.0,"key":"SmokeBomb"},{"floor":44,"key":"EssenceOfSteel"}],"is_trial":false,"path_per_floor":["M","M","$","M","M","R","$","M","T","?","R","?","?","?","R","B",null,"M","?","$","$","?","R","$","R","T","R","M","?","$","?","R","B",null,"M","?","?","?","$","R","M","R","T","E","R","?","M","M","R","B"],"character_chosen":"IRONCLAD","items_purchased":["Inflame","Flex","Pummel","Combust+1","Inflame+1","Shockwave"],"campfire_rested":4,"item_purchase_floors":[3,21,24,30,39,39],"current_hp_per_floor":[50,49,49,52,51,51,51,37,37,32,52,52,32,21,41,17,55,61,61,61,61,61,61,61,61,61,61,68,47,47,54,54,12,59,58,58,42,42,42,42,15,37,37,29,51,58,70,69,69,0,0],"gold":201,"neow_bonus":"THREE_RARE_CARDS","is_daily":false,"chose_seed":false,"campfire_upgraded":7,"win_rate":0.0,"timestamp":1610513922,"path_taken":["M","M","$","M","M","R","$","M","T","?","R","?","?","?","R","BOSS","M","?","?","$","?","R","$","R","T","R","M","?","?","?","R","BOSS","M","?","?","?","$","R","M","R","T","E","R","?","?","M","R","BOSS"],"items_purchased_type":["Card","Card","Card","Card","Card","Card"],"build_version":"2020-12-22","purchased_purges":1,"victory":false,"max_hp_per_floor":[68,68,68,68,68,68,68,68,68,68,68,68,68,68,68,68,68,68,68,68,68,68,68,68,68,68,68,68,68,68,75,75,75,75,75,75,75,75,75,75,75,75,75,75,75,75,75,75,75,75,75],"card_choices":[{"not_picked":["Bludgeon","Brutality"],"picked":"Limit Break","floor":0.0},{"not_picked":["Armaments","Pommel Strike"],"picked":"Ghostly Armor","floor":1.0},{"not_picked":["Clothesline","Clash"],"picked":"Infernal Blade","floor":2.0},{"not_picked":["Heavy Blade","Pommel Strike"],"picked":"Rupture","floor":4.0},{"not_picked":["Rupture","Carnage"],"picked":"Exhume","floor":5.0},{"not_picked":["Anger","Body Slam"],"picked":"Whirlwind","floor":8.0},{"not_picked":["Bludgeon","Corruption"],"picked":"Immolate","floor":16.0},{"not_picked":["Dark Embrace+1","True Grit"],"picked":"Second Wind+1","floor":18.0},{"not_picked":["Searing Blow+1","Pommel Strike"],"picked":"Heavy Blade","floor":28.0},{"not_picked":["Reaper","Fiend Fire"],"picked":"Berserk+1","floor":33.0},{"not_picked":["Metallicize+1","Clothesline"],"picked":"Twin Strike+1","floor":35.0},{"not_picked":["Flame Barrier","Iron Wave"],"picked":"Flex+1","floor":37.0},{"not_picked":["Havoc","Perfected Strike"],"picked":"Headbutt+1","floor":41.0},{"not_picked":["Body Slam","Bludgeon"],"picked":"Sentinel","floor":44},{"not_picked":["Dark Embrace+1","Flex+1"],"picked":"Armaments","floor":48}],"player_experience":385061,"relics_obtained":[{"floor":9.0,"key":"HornCleat"},{"floor":17.0,"key":"Bag of Marbles"},{"floor":17.0,"key":"Frozen Egg 2"},{"floor":17.0,"key":"Pocketwatch"},{"floor":26.0,"key":"Blood Vial"},{"floor":29.0,"key":"Enchiridion"},{"floor":37.0,"key":"Unceasing Top"},{"floor":43.0,"key":"The Courier"},{"floor":44,"key":"Omamori"},{"floor":46,"key":"Magic Flower"}],"event_choices":[{"damage_healed":0.0,"max_hp_gain":0.0,"max_hp_loss":0.0,"gold_gain":0.0,"event_name":"Scrap Ooze","player_choice":"Success","floor":10.0,"gold_loss":0.0,"damage_taken":5.0,"relics_obtained":["Ornamental Fan"]},{"damage_healed":0.0,"max_hp_gain":0.0,"max_hp_loss":0.0,"gold_gain":0.0,"cards_transformed":["Strike_R"],"event_name":"Living Wall","player_choice":"Change","floor":12.0,"gold_loss":0.0,"damage_taken":0.0,"cards_obtained":["Impervious"]},{"damage_healed":0.0,"max_hp_gain":0.0,"max_hp_loss":0.0,"gold_gain":0.0,"event_name":"Shining Light","player_choice":"Entered Light","floor":13.0,"gold_loss":0.0,"damage_taken":20.0,"cards_upgraded":["Whirlwind","Rupture"]},{"damage_healed":0.0,"max_hp_gain":0.0,"max_hp_loss":0.0,"gold_gain":75.0,"event_name":"World of Goop","player_choice":"Gather Gold","floor":14.0,"gold_loss":0.0,"damage_taken":11.0},{"damage_healed":0.0,"max_hp_gain":0.0,"max_hp_loss":0.0,"gold_gain":0.0,"event_name":"Duplicator","player_choice":"Copied","floor":19.0,"gold_loss":0.0,"damage_taken":0.0,"cards_obtained":["Limit Break"]},{"cards_removed":["Strike_R"],"damage_healed":0.0,"max_hp_gain":0.0,"max_hp_loss":0.0,"gold_gain":0.0,"event_name":"Back to Basics","player_choice":"Elegance","floor":22.0,"gold_loss":0.0,"damage_taken":0.0},{"damage_healed":0.0,"max_hp_gain":0.0,"max_hp_loss":0.0,"gold_gain":0.0,"event_name":"Cursed Tome","player_choice":"Obtained Book","floor":29.0,"gold_loss":0.0,"damage_taken":21.0},{"damage_healed":0.0,"max_hp_gain":0.0,"max_hp_loss":0.0,"gold_gain":0.0,"event_name":"The Mausoleum","player_choice":"Opened","floor":31.0,"gold_loss":0.0,"damage_taken":0.0,"relics_obtained":["Strawberry"],"cards_obtained":["Writhe"]},{"damage_healed":0.0,"max_hp_gain":0.0,"max_hp_loss":0.0,"gold_gain":0.0,"event_name":"Tomb of Lord Red Mask","player_choice":"Ignored","floor":36.0,"gold_loss":0.0,"damage_taken":0.0},{"damage_healed":0.0,"max_hp_gain":0.0,"max_hp_loss":0.0,"gold_gain":0.0,"event_name":"Mysterious Sphere","player_choice":"Fight","floor":37.0,"gold_loss":0.0,"damage_taken":0.0},{"cards_removed":["Inflame"],"damage_healed":0.0,"max_hp_gain":0.0,"max_hp_loss":0.0,"gold_gain":0.0,"event_name":"Falling","player_choice":"Removed Power","floor":38.0,"gold_loss":0.0,"damage_taken":0.0},{"damage_healed":0,"gold_gain":0,"player_choice":"Fight","damage_taken":0,"max_hp_gain":0,"max_hp_loss":0,"event_name":"MindBloom","floor":46,"gold_loss":0}],"is_beta":false,"boss_relics":[{"not_picked":["Busted Crown","Runic Dome"],"picked":"Calling Bell"},{"not_picked":["Astrolabe","Coffee Dripper"],"picked":"Philosopher\u0027s Stone"}],"items_purged_floors":[7],"is_endless":false,"potions_floor_spawned":[4,5,18,33,37,44,47],"killed_by":"Time Eater","ascension_level":20}}