{"host":"1hzg86ju9fvxh562","time":1610574463,"event":{"mods":["AchievementEnabler","Act Like it!","AlwaysNeverKeys","BaseMod","Bestiary","Better Altar","Better Match","Better Note","Better Sensory Stone","Better Skull","Better Third Choice","Colored Map","Colored Powertips","Curses Come First","Displayed Cursed Tome","Filter the Spire","Highlight Path","Keyboard Shortcuts","Minty Spire (QoL Compilation)","Rare Cards Sparkle","Relic Sorter","Relic Stats","Spicy Shops","StSLib","everything is the same but u backflip on backflip","slay the spire mod where everything is the same but ironclad has a cowboy hat"],"gold_per_floor":[110,110,110,120,120,120,150,172,210,239,263,275,275],"floor_reached":12,"language":"ENG","playtime":469,"items_purged":[],"score":132,"play_id":"ce2e3c0d-dbae-4516-998e-be772b42782d","local_time":"20210113194743","is_ascension_mode":true,"campfire_choices":[{"data":"Zap","floor":6,"key":"SMITH"}],"circlet_count":0,"master_deck":["AscendersBane","Strike_B","Strike_B","Strike_B","Defend_B","Defend_B","Defend_B","Zap+1","Dualcast","Defragment","Rebound","Sweeping Beam","Fission","Ball Lightning"],"relics":["Nuclear Battery","Potion Belt","MawBank","Toy Ornithopter"],"acts_visited":["Exordium"],"potions_floor_usage":[7,12],"damage_taken":[{"damage":1,"enemies":"2 Louse","floor":1,"turns":4},{"damage":3,"enemies":"Small Slimes","floor":4,"turns":4},{"damage":36,"enemies":"Gremlin Nob","floor":7,"turns":5},{"damage":1,"enemies":"Cultist","floor":8,"turns":4},{"damage":6,"enemies":"Blue Slaver","floor":10,"turns":3},{"damage":8,"enemies":"Red Slaver","floor":11,"turns":3},{"damage":10,"enemies":"Lagavulin","floor":12,"turns":5}],"seed_played":"-7068775906447021878","potions_obtained":[{"floor":1,"key":"Strength Potion"},{"floor":4,"key":"BlessingOfTheForge"},{"floor":10,"key":"ColorlessPotion"}],"is_trial":false,"path_per_floor":["M","?","?","M","?","R","E","M","T","M","M","E"],"character_chosen":"DEFECT","items_purchased":[],"campfire_rested":0,"item_purchase_floors":[],"current_hp_per_floor":[67,60,60,57,57,57,21,20,20,14,6,1,1],"gold":275,"neow_bonus":"BOSS_RELIC","is_daily":false,"chose_seed":false,"campfire_upgraded":1,"win_rate":0.0,"timestamp":1610574463,"path_taken":["M","?","?","?","?","R","E","M","T","M","M","E"],"items_purchased_type":[],"build_version":"2020-12-22","purchased_purges":0,"victory":false,"max_hp_per_floor":[75,75,75,75,75,75,75,75,75,75,75,75,75],"relic_stats":{"counters":[7,28],"MawBank":60,"obtain_stats":[{"Potion Belt":5,"Cracked Core":0,"MawBank":7,"Toy Ornithopter":9,"Nuclear Battery":0},{"Potion Belt":2,"Cracked Core":0,"MawBank":3,"Toy Ornithopter":4,"Nuclear Battery":0},{"Potion Belt":8,"Cracked Core":0,"MawBank":13,"Toy Ornithopter":17,"Nuclear Battery":0}],"Toy Ornithopter":5},"card_choices":[{"not_picked":["Steam","Beam Cell"],"picked":"Defragment","floor":1},{"not_picked":["Force Field","Go for the Eyes","Steam"],"picked":"SKIP","floor":4},{"not_picked":["Darkness","Static Discharge"],"picked":"Rebound","floor":7},{"not_picked":["Stack","Rebound"],"picked":"Sweeping Beam","floor":8},{"not_picked":["Sunder","Melter"],"picked":"Fission","floor":10},{"not_picked":["Redo","Hello World"],"picked":"Ball Lightning","floor":11}],"player_experience":465545,"relics_obtained":[{"floor":7,"key":"MawBank"},{"floor":9,"key":"Toy Ornithopter"}],"event_choices":[{"cards_removed":["Defend_B"],"damage_healed":0,"gold_gain":0,"player_choice":"Card Removal","damage_taken":7,"max_hp_gain":0,"max_hp_loss":0,"event_name":"Golden Wing","floor":2,"gold_loss":0},{"cards_removed":["Strike_B"],"damage_healed":0,"gold_gain":0,"player_choice":"Offered Basic","damage_taken":0,"max_hp_gain":0,"max_hp_loss":0,"event_name":"Bonfire Elementals","floor":3,"gold_loss":0},{"damage_healed":0,"gold_gain":0,"player_choice":"Gave Potion","damage_taken":0,"relics_obtained":["Potion Belt"],"max_hp_gain":0,"max_hp_loss":0,"event_name":"WeMeetAgain","floor":5,"gold_loss":0}],"is_beta":false,"boss_relics":[],"items_purged_floors":[],"is_endless":false,"potions_floor_spawned":[1,4,10],"killed_by":"Lagavulin","ascension_level":13}}