{"host":"fnk117zi8wf5078t","time":1610554725,"event":{"mods":["AchievementEnabler","BaseMod","Colored Map","Minty Spire (QoL Compilation)","Rare Cards Sparkle","SuperFastMode","everything is the same but u backflip on backflip"],"gold_per_floor":[113,113,113,128,139,139,39,39,115,133,143,143,143,155,155,229,229,241,40,53,72,72,107,107,141,167,167,167,179,191,191,191,266,266,283,283,283,283],"floor_reached":37,"language":"KOR","playtime":1520,"items_purged":[],"score":898,"play_id":"d0e810d9-e695-4e8b-8240-4659e5ccbac8","local_time":"20210114011845","is_ascension_mode":true,"campfire_choices":[{"data":"Perfected Strike","floor":6.0,"key":"SMITH"},{"data":"Trip","floor":8.0,"key":"SMITH"},{"data":"Shockwave","floor":12.0,"key":"SMITH"},{"floor":15.0,"key":"REST"},{"data":"Armaments","floor":24.0,"key":"SMITH"},{"data":"Rupture","floor":28.0,"key":"SMITH"},{"floor":32,"key":"REST"}],"circlet_count":0,"master_deck":["AscendersBane","Strike_R","Strike_R+1","Strike_R","Strike_R","Strike_R","Defend_R+1","Defend_R","Bash+1","Perfected Strike+1","Shockwave+1","Clash","Pommel Strike","Trip+1","Offering","Immolate","Pommel Strike+1","Headbutt","Brutality","Twin Strike","Perfected Strike","Second Wind","Twin Strike","Rupture+1","Limit Break+1","Armaments+1","Clash","Combust","J.A.X.","Rage","Impervious","Twin Strike"],"relics":["Burning Blood","NeowsBlessing","Bottled Lightning","Sozu","Orrery","Lantern","Happy Flower","War Paint","Runic Cube"],"acts_visited":["Exordium","TheCity","TheBeyond"],"potions_floor_usage":[33],"damage_taken":[{"damage":0.0,"enemies":"2 Louse","floor":1.0,"turns":1.0},{"damage":0.0,"enemies":"Jaw Worm","floor":4.0,"turns":1.0},{"damage":0.0,"enemies":"Small Slimes","floor":5.0,"turns":1.0},{"damage":1.0,"enemies":"Exordium Wildlife","floor":10.0,"turns":3.0},{"damage":11.0,"enemies":"Looter","floor":11.0,"turns":3.0},{"damage":16.0,"enemies":"2 Fungi Beasts","floor":14.0,"turns":3.0},{"damage":6.0,"enemies":"Slime Boss","floor":16.0,"turns":6.0},{"damage":6.0,"enemies":"Spheric Guardian","floor":18.0,"turns":3.0},{"damage":7.0,"enemies":"3 Byrds","floor":20.0,"turns":2.0},{"damage":7.0,"enemies":"Snake Plant","floor":21.0,"turns":2.0},{"damage":28.0,"enemies":"Gremlin Leader","floor":23.0,"turns":2.0},{"damage":23.0,"enemies":"Slavers","floor":25.0,"turns":4.0},{"damage":27,"enemies":"Centurion and Healer","floor":29,"turns":4},{"damage":6,"enemies":"Snecko","floor":30,"turns":1},{"damage":48,"enemies":"Champ","floor":33,"turns":5},{"damage":14,"enemies":"3 Darklings","floor":35,"turns":3},{"damage":62,"enemies":"Donu and Deca","floor":37,"turns":4}],"seed_played":"-9018108260695305060","potions_obtained":[{"floor":4.0,"key":"SneckoOil"},{"floor":5.0,"key":"DuplicationPotion"},{"floor":14.0,"key":"FairyPotion"},{"floor":16.0,"key":"PowerPotion"}],"is_trial":false,"path_per_floor":["M","?","?","M","M","R","$","R","T","M","M","R","?","M","R","B",null,"M","$","M","M","?","E","R","E","T","?","R","M","M","$","R","B",null,"M","?","B"],"character_chosen":"IRONCLAD","items_purchased":["Trip","Orrery","Twin Strike"],"campfire_rested":2,"item_purchase_floors":[7,19,19],"current_hp_per_floor":[74,67,67,73,75,75,75,75,75,75,70,70,47,37,59,59,71,71,71,70,69,69,47,47,30,30,30,30,9,9,9,31,23,62,54,54,0,0],"gold":283,"neow_bonus":"THREE_ENEMY_KILL","is_daily":false,"chose_seed":false,"campfire_upgraded":5,"win_rate":0.0,"timestamp":1610554725,"path_taken":["M","?","?","?","M","R","$","R","T","M","M","R","?","M","R","BOSS","M","$","M","M","?","E","R","E","T","?","R","M","M","$","R","BOSS","M","?","BOSS"],"items_purchased_type":["Card","Relic","Card"],"build_version":"2020-12-22","purchased_purges":0,"victory":false,"max_hp_per_floor":[75,75,75,75,75,75,75,75,75,75,75,75,75,75,75,75,75,75,75,75,75,75,75,75,75,75,75,75,75,75,75,75,75,75,75,75,75,75],"card_choices":[{"not_picked":["Heavy Blade","Blood for Blood"],"picked":"Perfected Strike","floor":1.0},{"not_picked":["True Grit","Flex"],"picked":"Clash","floor":4.0},{"not_picked":["Body Slam","Thunderclap"],"picked":"Pommel Strike","floor":5.0},{"not_picked":["Flex","Heavy Blade","Sword Boomerang"],"picked":"SKIP","floor":10.0},{"not_picked":["True Grit","Rupture","Whirlwind"],"picked":"SKIP","floor":11.0},{"not_picked":["Rage","Heavy Blade"],"picked":"Offering","floor":14.0},{"not_picked":["Brutality","Exhume"],"picked":"Immolate","floor":16.0},{"not_picked":["Armaments","Warcry"],"picked":"Pommel Strike+1","floor":18.0},{"not_picked":["Thunderclap","Entrench"],"picked":"Headbutt","floor":19.0},{"not_picked":["Immolate","Metallicize"],"picked":"Brutality","floor":19.0},{"not_picked":["Warcry","Blood for Blood+1"],"picked":"Twin Strike","floor":19.0},{"not_picked":["Headbutt+1","Inflame"],"picked":"Perfected Strike","floor":19.0},{"not_picked":["Feel No Pain+1","Pommel Strike"],"picked":"Second Wind","floor":19.0},{"not_picked":["Sword Boomerang","Rupture","Heavy Blade"],"picked":"SKIP","floor":20.0},{"not_picked":["Sword Boomerang","Heavy Blade"],"picked":"Rupture","floor":20.0},{"not_picked":["Twin Strike","Burning Pact+1"],"picked":"Limit Break","floor":21.0},{"not_picked":["True Grit+1","Fire Breathing"],"picked":"Clash","floor":23.0},{"not_picked":["Iron Wave","Clash"],"picked":"Combust","floor":25.0},{"not_picked":["Cleave+1","Sword Boomerang","Carnage"],"picked":"SKIP","floor":29},{"not_picked":["Flame Barrier","Reckless Charge"],"picked":"Rage","floor":30},{"not_picked":["Reaper","Exhume"],"picked":"Impervious","floor":33},{"not_picked":["Flex","Thunderclap"],"picked":"Twin Strike","floor":35}],"player_experience":392199,"relics_obtained":[{"floor":9.0,"key":"Bottled Lightning"},{"floor":23.0,"key":"Lantern"},{"floor":25.0,"key":"Happy Flower"},{"floor":26.0,"key":"War Paint"}],"event_choices":[{"cards_removed":["Defend_R"],"damage_healed":0.0,"max_hp_gain":0.0,"max_hp_loss":0.0,"gold_gain":0.0,"event_name":"Golden Wing","player_choice":"Card Removal","floor":2.0,"gold_loss":0.0,"damage_taken":7.0},{"damage_healed":0.0,"max_hp_gain":0.0,"max_hp_loss":0.0,"gold_gain":0.0,"cards_transformed":["Defend_R"],"event_name":"Living Wall","player_choice":"Change","floor":3.0,"gold_loss":0.0,"damage_taken":0.0,"cards_obtained":["Shockwave"]},{"damage_healed":0.0,"max_hp_gain":0.0,"max_hp_loss":0.0,"gold_gain":0.0,"event_name":"Shining Light","player_choice":"Entered Light","floor":13.0,"gold_loss":0.0,"damage_taken":23.0,"cards_upgraded":["Strike_R","Bash"]},{"damage_healed":0.0,"max_hp_gain":0.0,"max_hp_loss":0.0,"gold_gain":0.0,"event_name":"The Library","player_choice":"Read","floor":22.0,"gold_loss":0.0,"damage_taken":0.0,"cards_obtained":["Armaments"]},{"damage_healed":0.0,"max_hp_gain":0.0,"max_hp_loss":0.0,"gold_gain":0.0,"event_name":"Drug Dealer","player_choice":"Obtain J.A.X.","floor":27.0,"gold_loss":0.0,"damage_taken":0.0,"cards_obtained":["J.A.X."]},{"damage_healed":0,"gold_gain":0,"player_choice":"Took Portal","damage_taken":0,"max_hp_gain":0,"max_hp_loss":0,"event_name":"SecretPortal","floor":36,"gold_loss":0}],"is_beta":false,"boss_relics":[{"not_picked":["Pandora\u0027s Box","Busted Crown"],"picked":"Sozu"},{"not_picked":["Cursed Key","Black Star"],"picked":"Runic Cube"}],"items_purged_floors":[],"is_endless":false,"potions_floor_spawned":[4,5,14,16,18,23,25,30,33],"killed_by":"Donu and Deca","ascension_level":20}}