{"host":"neshiy0twyn5josp","time":1610546841,"event":{"mods":["AchievementEnabler","Act Like it!","AlwaysNeverKeys","Aspiration","BaseMod","Better Note","Better Silent Start","Better Third Choice","Challenge The Spire","Colored Powertips","Conspire","Emptier Cage","Energized Spire","GifTheSpireLib","Hubris","Minty Spire (QoL Compilation)","Pale of the Ancients","Permanent Neow","Quick Restart","Rare Cards Sparkle","Replay The Spire","Reworked Bosses","StSLib","Stuff the Spire"],"gold_per_floor":[109,30,0,0,20,30,48,48,48,58,58,91,41,41,41,144,144,163,176,176,176,192,221,231,231,257,257,291,311,329,344,344,344,344],"floor_reached":33,"language":"ENG","playtime":2517,"items_purged":[],"score":364,"play_id":"15f2ac99-6761-4e5b-81a2-41d3d1349199","local_time":"20210113060721","is_ascension_mode":false,"campfire_choices":[{"data":"Enlightenment","floor":8,"key":"SMITH"},{"data":"Neutralize","floor":11,"key":"SMITH"},{"floor":15,"key":"DIG"},{"data":"Burst","floor":25,"key":"SMITH"},{"data":"Burst","floor":27,"key":"SMITH"},{"data":"Sneak Up","floor":32,"key":"SMITH"}],"circlet_count":0,"master_deck":["Strike_G","Strike_G","Strike_G","Defend_G","Defend_G","Defend_G","Defend_G","Survivor","Neutralize+1","StuffTheSpire:DoubleShiv","ReplayTheSpireMod:Scrap Shanks","Enlightenment+1","Dagger Throw","StuffTheSpire:DoubleShiv","Hidden Blade","Burst+1","Blade Dance","Concentrate","Strike_G","Strike_G","Strike_G","Defend_G","Defend_G","Defend_G","Defend_G","Survivor","Neutralize+1","StuffTheSpire:DoubleShiv","ReplayTheSpireMod:Scrap Shanks","Enlightenment+1","Dagger Throw","StuffTheSpire:DoubleShiv","Hidden Blade","Burst+1","Blade Dance","Concentrate","Sneak Up","Infinite Blades","Sneak Up+1","StuffTheSpire:MirrorStance","hubris:Sniper","ReplayTheSpireMod:Scrap Shanks+1"],"relics":["Ring of the Snake","NeowsBlessing","conspire:Flyswatter","Nunchaku","hubris:GrandSneckoEye","Shuriken","PreservedInsect","Kunai","BranchBurnRelic"],"acts_visited":["Exordium","TheCity"],"potions_floor_usage":[12,16,16,16,19,28,29,33,33],"damage_taken":[{"damage":0,"enemies":"Small Slimes","floor":1,"turns":1},{"damage":0,"enemies":"Jaw Worm","floor":5,"turns":1},{"damage":0,"enemies":"Cultist","floor":6,"turns":1},{"damage":3,"enemies":"3 Louse","floor":7,"turns":3},{"damage":13,"enemies":"2 Fungi Beasts","floor":10,"turns":3},{"damage":2,"enemies":"Lagavulin","floor":12,"turns":6},{"damage":19,"enemies":"Fading Forest","floor":16,"turns":11},{"damage":0,"enemies":"3 Byrds","floor":18,"turns":2},{"damage":0,"enemies":"Spheric Guardian","floor":19,"turns":3},{"damage":0,"enemies":"Snecko","floor":22,"turns":3},{"damage":9,"enemies":"Gremlin Leader","floor":23,"turns":4},{"damage":0,"enemies":"3 Cultists","floor":24,"turns":3},{"damage":6,"enemies":"Slavers","floor":28,"turns":2},{"damage":2,"enemies":"Chosen and Byrds","floor":29,"turns":3},{"damage":21,"enemies":"Shelled Parasite and Fungi","floor":30,"turns":4},{"damage":3,"enemies":"Centurion and Healer","floor":31,"turns":3},{"damage":0,"enemies":"bossMod:newChamp","floor":33,"turns":2}],"seed_played":"5141833344840652650","potions_obtained":[{"floor":4,"key":"Strength Potion"},{"floor":4,"key":"Venom Potion"},{"floor":4,"key":"CultistPotion"},{"floor":12,"key":"Reflective Coating"},{"floor":16,"key":"BlessingOfTheForge"},{"floor":18,"key":"Energy Potion"},{"floor":24,"key":"Adrenaline Potion"},{"floor":28,"key":"Explosive Potion"},{"floor":31,"key":"AttackPotion"}],"is_trial":false,"path_per_floor":["M","$","?","?","M","M","M","R","T","M","R","E","?","?","R","B",null,"M","M","?","$","M","E","M","R","T","R","E","M","M","M","R","B"],"character_chosen":"THE_SILENT","items_purchased":["ReplayTheSpireMod:Scrap Shanks"],"campfire_rested":0,"item_purchase_floors":[2],"current_hp_per_floor":[70,70,76,76,76,76,73,73,73,60,60,58,58,63,63,48,81,81,81,81,81,81,72,72,72,72,72,66,64,43,40,40,45,45],"gold":344,"neow_bonus":"THREE_ENEMY_KILL","is_daily":false,"chose_seed":false,"campfire_upgraded":5,"win_rate":0.0,"timestamp":1610546841,"path_taken":["M","$","?","?","?","M","M","R","T","M","R","E","?","?","R","BOSS","M","M","?","$","M","E","?","R","T","R","E","M","M","M","R","BOSS"],"items_purchased_type":["Card"],"build_version":"2020-12-22","purchased_purges":0,"victory":false,"max_hp_per_floor":[70,70,76,76,76,76,76,76,76,76,76,76,76,81,81,81,81,81,81,81,81,81,81,81,81,81,81,81,81,81,81,81,81,81],"card_choices":[{"not_picked":["Dagger Spray","Underhanded Strike"],"picked":"StuffTheSpire:DoubleShiv","floor":1},{"not_picked":["StuffTheSpire:BumpUp","Tactician"],"picked":"Dagger Throw","floor":5},{"not_picked":["Sucker Punch","Flying Knee"],"picked":"StuffTheSpire:DoubleShiv","floor":6},{"not_picked":["Bane","Underhanded Strike"],"picked":"Hidden Blade","floor":7},{"not_picked":["StuffTheSpire:Python","Sucker Punch","Bane"],"picked":"SKIP","floor":10},{"not_picked":["Bullet Time","Sucker Punch","StuffTheSpire:Python"],"picked":"SKIP","floor":12},{"not_picked":["Adrenaline","Venomology"],"picked":"Burst","floor":16},{"not_picked":["Underhanded Strike+1","Poisoned Stab"],"picked":"Blade Dance","floor":18},{"not_picked":["Noxious Fumes+1","Blade Dance"],"picked":"Concentrate","floor":19},{"not_picked":["Acrobatics","PiercingWail"],"picked":"Sneak Up","floor":22},{"not_picked":["Dagger Spray","Riddle With Holes+1","Grand Finale"],"picked":"SKIP","floor":23},{"not_picked":["StuffTheSpire:Repulse","ReplayTheSpireMod:Tripwire"],"picked":"Infinite Blades","floor":24},{"not_picked":["Cloak And Dagger","Malaise"],"picked":"Sneak Up","floor":28},{"not_picked":["StuffTheSpire:BumpUp","Bane"],"picked":"StuffTheSpire:MirrorStance","floor":29},{"not_picked":["Draining Mist","ReplayTheSpireMod:Shiv Toss+1"],"picked":"hubris:Sniper","floor":30},{"not_picked":["PiercingWail","StuffTheSpire:ClusterCrunch"],"picked":"ReplayTheSpireMod:Scrap Shanks+1","floor":31}],"player_experience":280660,"relics_obtained":[{"floor":9,"key":"conspire:Flyswatter"},{"floor":12,"key":"Dead Branch"},{"floor":15,"key":"Nunchaku"},{"floor":23,"key":"Shuriken"},{"floor":26,"key":"PreservedInsect"},{"floor":28,"key":"Kunai"}],"event_choices":[{"damage_healed":0,"gold_gain":0,"player_choice":"RENOUNCE","damage_taken":30,"max_hp_gain":0,"max_hp_loss":0,"event_name":"betterThird:BetterSerpent","floor":3,"gold_loss":30,"cards_obtained":["Enlightenment"]},{"damage_healed":0,"gold_gain":0,"player_choice":"Got Potions","damage_taken":0,"max_hp_gain":0,"max_hp_loss":0,"event_name":"Lab","floor":4,"gold_loss":0},{"cards_removed":["Strike_G"],"damage_healed":0,"gold_gain":0,"player_choice":"Card Removal","damage_taken":0,"max_hp_gain":0,"max_hp_loss":0,"event_name":"The Cleric","floor":13,"gold_loss":50},{"damage_healed":0,"gold_gain":0,"player_choice":"Donut","damage_taken":0,"max_hp_gain":5,"max_hp_loss":0,"event_name":"Big Fish","floor":14,"gold_loss":0}],"is_beta":false,"boss_relics":[{"not_picked":["SlaversCollar","energizedSpire:PogoStick"],"picked":"hubris:GrandSneckoEye"}],"items_purged_floors":[],"is_endless":false,"potions_floor_spawned":[7,12,16,18,24,28,31],"killed_by":"bossMod:newChamp","ascension_level":0}}