{"host":"z6c1sol8rulx2ubz","time":1610573837,"event":{"mods":["AchievementEnabler","Act Like it!","BaseMod","Better Note","Better Third Choice","Gold Saver","Hallownest","Hubris","Infinite Spire","Minty Spire (QoL Compilation)","Quick Restart","Rare Cards Sparkle","StSLib","The Bug Knight","Wandering Minibosses"],"gold_per_floor":[112,112,112,124,143,143,143,143,143,160,193,32,52,86,86,184,184,199,215,170,170,170],"floor_reached":21,"language":"ENG","playtime":1387,"items_purged":[],"score":189,"play_id":"ca17be62-c5f5-4260-bc1e-a32772b18410","local_time":"20210113213717","is_ascension_mode":false,"campfire_choices":[{"floor":7,"key":"RECALL"},{"data":"HollowMod:BrokenVessel","floor":15,"key":"SMITH"}],"circlet_count":0,"master_deck":["HollowMod:NailStrikeStart","HollowMod:NailStrikeStart","HollowMod:NailStrikeStart","HollowMod:QuickDashStart","HollowMod:QuickDashStart","HollowMod:QuickDashStart+1","HollowMod:QuickDashStart","HollowMod:FocusHealStart","HollowMod:PogoStrike","HollowMod:BrokenVessel+1","HollowMod:DoubleDash","HollowMod:BrokenVessel","HollowMod:TaintedHusks+1","HollowMod:LuriensSpire","HollowMod:BrokenVessel","HollowMod:NewJinnsSoul","HollowMod:InfectedCysts","HollowMod:Hiveblood","HollowMod:MothsMistake+1"],"relics":["HollowMod:VesselMask","Hallownest:DreamNailRelic","War Paint","Bag of Marbles","SlaversCollar"],"acts_visited":["Hallownest:Greenpath","Hallownest:CityofTears"],"potions_floor_usage":[11,14,21],"damage_taken":[{"damage":2,"enemies":"Hallownest:2_MossCreeps","floor":1,"turns":5},{"damage":9,"enemies":"2_ Uuma","floor":4,"turns":6},{"damage":7,"enemies":"Hallownest:monsterHuskGuard","floor":5,"turns":5},{"damage":2,"enemies":"Hallownest:monsterAspidMother","floor":6,"turns":4},{"damage":4,"enemies":"Hallownest:monsterMossCharger","floor":10,"turns":13},{"damage":20,"enemies":"Hallownest:eliteCrystalGuardian","floor":11,"turns":7},{"damage":11,"enemies":"Hallownest:monsterFoolEater","floor":13,"turns":4},{"damage":3,"enemies":"Hallownest:eliteMossKnight","floor":14,"turns":8},{"damage":27,"enemies":"Hallownest:BossFalseKnight","floor":16,"turns":10},{"damage":83,"enemies":"Hallownest:3_Youths","floor":18,"turns":5},{"damage":43,"enemies":"Hallownest:2_Mistakes","floor":19,"turns":10},{"damage":10,"enemies":"Hallownest:2_Flukemon","floor":21,"turns":1}],"seed_played":"-6789534322619807555","potions_obtained":[{"floor":1,"key":"Block Potion"},{"floor":5,"key":"SteroidPotion"},{"floor":10,"key":"Energy Potion"},{"floor":14,"key":"SteroidPotion"},{"floor":19,"key":"ColorlessPotion"}],"is_trial":false,"path_per_floor":["M","?","?","M","M","M","R","?","T","M","?","$","M","E","R","B",null,"M","M","?","M"],"character_chosen":"THE_BUGKNIGHT","items_purchased":["HollowMod:BrokenVessel","HollowMod:NewJinnsSoul","HollowMod:InfectedCysts"],"campfire_rested":0,"item_purchase_floors":[12,12,12],"current_hp_per_floor":[82,82,82,79,78,76,76,76,76,81,67,67,56,59,59,42,82,20,2,8,0,0],"gold":170,"neow_bonus":"TEN_PERCENT_HP_BONUS","is_daily":false,"chose_seed":false,"campfire_upgraded":1,"win_rate":0.0,"timestamp":1610573837,"path_taken":["M","?","?","M","?","M","R","?","T","M","?","$","M","E","R","BOSS","M","M","?","M"],"items_purchased_type":["Card","Card","Card"],"build_version":"2020-12-22","purchased_purges":0,"victory":false,"max_hp_per_floor":[82,82,82,82,82,82,82,82,82,82,82,82,82,82,82,82,82,82,82,88,88,88],"card_choices":[{"not_picked":["HollowMod:TaintedHusks","HollowMod:SharpenedNail"],"picked":"HollowMod:BrokenVessel","floor":1},{"not_picked":["HollowMod:VengefulSpirit","HollowMod:CoiledNail","HollowMod:SoulStrike"],"picked":"SKIP","floor":4},{"not_picked":["HollowMod:QuirrelsAssistance","HollowMod:CycloneSlash"],"picked":"HollowMod:DoubleDash","floor":5},{"not_picked":["HollowMod:ShadowDash","HollowMod:Grubsong","HollowMod:VengefulVoid"],"picked":"SKIP","floor":6},{"not_picked":["HollowMod:CrystalDash","HollowMod:GoodIntentions"],"picked":"HollowMod:TaintedHusks","floor":10},{"not_picked":["HollowMod:LifebloodCocoon","HollowMod:DescendingDark"],"picked":"HollowMod:LuriensSpire","floor":11},{"not_picked":["HollowMod:ShadowDash","HollowMod:CoiledNail","HollowMod:FastStrike"],"picked":"SKIP","floor":13},{"not_picked":["HollowMod:DescendingDark","HollowMod:ElderbugsWisdom","HollowMod:SharpenedNail"],"picked":"SKIP","floor":14},{"not_picked":["HollowMod:MidwifesHunger","HollowMod:ElderbugsWisdom"],"picked":"HollowMod:Hiveblood","floor":16},{"not_picked":["HollowMod:PerfectDash","HollowMod:GreatSlash+1"],"picked":"HollowMod:MothsMistake+1","floor":18},{"not_picked":["HollowMod:SoulEater+1","HollowMod:VengefulVoid","HollowMod:TaintedHusks+1"],"picked":"SKIP","floor":19}],"player_experience":152842,"relics_obtained":[{"floor":11,"key":"War Paint"},{"floor":14,"key":"Bag of Marbles"}],"event_choices":[],"is_beta":false,"boss_relics":[{"not_picked":["hubris:GrandSneckoEye","hubris:Backtick"],"picked":"SlaversCollar"}],"items_purged_floors":[],"is_endless":false,"potions_floor_spawned":[1,5,10,14,19],"killed_by":"Hallownest:2_Flukemon","ascension_level":0}}