{"host":"s41rn2jhghpwfrvz","time":1610522793,"event":{"mods":["BaseMod","Minty Spire (QoL Compilation)","Quick Restart","Relic Stats","SuperFastMode"],"gold_per_floor":[117,117,132,152,165,177,206,206,259,292,311,345,345,8,8,82,82,100,116,130,147,164,190,204,237,261,261,291,302,320,347,347,420,420,432,432,432,444,474,486,175,192,215,270,288,305,330,363,363,363,363,363,363,141,176,176],"floor_reached":57,"language":"ENG","playtime":1817,"items_purged":["Coolheaded"],"score":3605,"play_id":"d1bb0558-93ec-40fe-bcc2-6be8fc3055bf","local_time":"20210113092633","daily_mods":["SealedDeck","Vintage","Diverse"],"is_ascension_mode":true,"campfire_choices":[{"data":"Pommel Strike","floor":13,"key":"SMITH"},{"data":"InnerPeace","floor":15,"key":"SMITH"},{"data":"BattleHymn","floor":27,"key":"PURGE"},{"data":"Conserve Battery","floor":32,"key":"PURGE"},{"floor":40,"key":"RECALL"},{"data":"InnerPeace+1","floor":49,"key":"PURGE"},{"data":"1","floor":53,"key":"LIFT"}],"circlet_count":0,"master_deck":["AscendersBane","Burning Pact","PiercingWail","Sanctity+1","Footwork","Pommel Strike+1","Adrenaline+1","Backflip+1"],"relics":["Burning Blood","InkBottle","Frozen Egg 2","Bag of Marbles","Pantograph","Self Forming Clay","Meat on the Bone","Smiling Mask","Lizard Tail","Torii","Sundial","Black Star","Boot","Paper Frog","Bottled Lightning","Mercury Hourglass","Matryoshka","Potion Belt","War Paint","Juzu Bracelet","Peace Pipe","Turnip","Darkstone Periapt","Strawberry","Girya","Prayer Wheel","Letter Opener","Happy Flower","MealTicket","Whetstone","SacredBark","Ancient Tea Set","MawBank","Bottled Tornado","Ginger","Singing Bowl","Dream Catcher","Red Skull","Pen Nib","Bronze Scales","Pocketwatch","Mango","CeramicFish","Anchor","Centennial Puzzle","Bag of Preparation"],"acts_visited":["Exordium","TheCity","TheBeyond","TheEnding"],"potions_floor_usage":[10,56,56,56,56],"damage_taken":[{"damage":0,"enemies":"2 Louse","floor":1,"turns":5},{"damage":0,"enemies":"Cultist","floor":3,"turns":4},{"damage":9,"enemies":"Jaw Worm","floor":4,"turns":6},{"damage":0,"enemies":"2 Fungi Beasts","floor":5,"turns":4},{"damage":10,"enemies":"3 Louse","floor":6,"turns":6},{"damage":12,"enemies":"3 Sentries","floor":7,"turns":9},{"damage":26,"enemies":"Gremlin Nob","floor":10,"turns":4},{"damage":2,"enemies":"Blue Slaver","floor":11,"turns":5},{"damage":20,"enemies":"Lagavulin","floor":12,"turns":9},{"damage":24,"enemies":"Slime Boss","floor":16,"turns":4},{"damage":0,"enemies":"3 Byrds","floor":18,"turns":2},{"damage":0,"enemies":"Spheric Guardian","floor":19,"turns":2},{"damage":30,"enemies":"Cultist and Chosen","floor":20,"turns":5},{"damage":0,"enemies":"Sentry and Sphere","floor":21,"turns":1},{"damage":0,"enemies":"Centurion and Healer","floor":22,"turns":1},{"damage":22,"enemies":"Slavers","floor":23,"turns":2},{"damage":0,"enemies":"Snake Plant","floor":24,"turns":1},{"damage":0,"enemies":"Book of Stabbing","floor":25,"turns":1},{"damage":0,"enemies":"Slavers","floor":28,"turns":1},{"damage":0,"enemies":"Cultist and Chosen","floor":29,"turns":1},{"damage":0,"enemies":"Snecko","floor":30,"turns":1},{"damage":0,"enemies":"Gremlin Leader","floor":31,"turns":1},{"damage":0,"enemies":"Automaton","floor":33,"turns":1},{"damage":0,"enemies":"3 Darklings","floor":35,"turns":1},{"damage":0,"enemies":"Orb Walker","floor":38,"turns":1},{"damage":0,"enemies":"Sphere and 2 Shapes","floor":39,"turns":1},{"damage":0,"enemies":"Jaw Worm Horde","floor":42,"turns":1},{"damage":0,"enemies":"3 Darklings","floor":45,"turns":1},{"damage":0,"enemies":"Spire Growth","floor":46,"turns":1},{"damage":0,"enemies":"Mind Bloom Boss Battle","floor":47,"turns":1},{"damage":0,"enemies":"Giant Head","floor":48,"turns":1},{"damage":0,"enemies":"Time Eater","floor":50,"turns":8},{"damage":0,"enemies":"Awakened One","floor":51,"turns":2},{"damage":0,"enemies":"Shield and Spear","floor":55,"turns":1},{"damage":0,"enemies":"The Heart","floor":56,"turns":4}],"seed_played":"5093818339814325459","potions_obtained":[{"floor":5,"key":"Dexterity Potion"},{"floor":6,"key":"FearPotion"},{"floor":11,"key":"FairyPotion"},{"floor":12,"key":"DuplicationPotion"},{"floor":24,"key":"BlessingOfTheForge"},{"floor":35,"key":"DuplicationPotion"},{"floor":47,"key":"DistilledChaos"},{"floor":55,"key":"FearPotion"}],"is_trial":true,"path_per_floor":["M","?","M","M","M","M","E","?","T","E","M","E","R","$","R","B",null,"M","M","M","M","M","E","M","E","T","R","E","M","M","E","R","B",null,"M","?","?","M","M","R","$","M","T","T","M","M","?","E","R","B","B",null,"R","$","E","B",null],"character_chosen":"IRONCLAD","items_purchased":["Sundial","Ginger","Anchor","Swift Potion"],"campfire_rested":0,"item_purchase_floors":[14,41,54,54],"current_hp_per_floor":[74,74,75,72,75,71,65,58,58,50,54,52,52,52,52,57,71,75,75,51,57,63,47,53,59,66,66,72,78,82,82,82,82,82,82,82,82,82,82,82,82,82,82,82,82,82,98,100,100,100,100,100,100,100,102,102],"gold":176,"neow_bonus":"","is_daily":false,"chose_seed":false,"campfire_upgraded":2,"win_rate":0.0,"timestamp":1610522793,"path_taken":["M","?","?","M","?","M","E","?","T","E","M","E","R","$","R","BOSS","M","M","M","M","M","E","M","E","T","R","E","M","M","E","R","BOSS","M","?","?","M","M","R","$","M","T","?","M","M","?","E","R","BOSS","BOSS","R","$","E","BOSS"],"items_purchased_type":["Relic","Relic","Relic","Potion"],"build_version":"2020-12-22","purchased_purges":1,"victory":true,"max_hp_per_floor":[75,75,75,75,75,75,75,75,75,75,75,75,75,75,75,75,75,75,75,75,75,75,75,75,75,82,82,82,82,82,82,82,82,82,82,82,82,82,82,82,82,82,82,82,82,82,98,100,100,100,100,100,100,100,102,102],"relic_stats":{"Darkstone Periapt":0,"Torii":1,"Singing Bowl":6,"CeramicFish":0,"Juzu Bracelet":0,"Bag of Preparation":[2],"Whetstone":["Sweeping Beam"],"Ginger":[4],"Smiling Mask":25,"Boot":[13],"Burning Blood":108,"Lizard Tail":0,"Dream Catcher":0,"Centennial Puzzle":[0],"Sundial":[950],"Pantograph":23,"Prayer Wheel":0,"MealTicket":0,"InkBottle":[24],"Happy Flower":[8],"counters":[35,99],"Self Forming Clay":[42],"Pen Nib":[18],"Letter Opener":[559],"War Paint":["Sanctity","Adrenaline"],"MawBank":36,"Mercury Hourglass":[141],"Peace Pipe":3,"Bronze Scales":[72],"Turnip":[4],"Black Star":6,"obtain_stats":[{"Darkstone Periapt":26,"Torii":12,"Singing Bowl":42,"SacredBark":34,"CeramicFish":48,"Mango":47,"Juzu Bracelet":24,"Bag of Preparation":55,"Whetstone":31,"Ginger":41,"Bottled Tornado":39,"Smiling Mask":10,"Boot":18,"Ancient Tea Set":35,"Burning Blood":0,"Lizard Tail":11,"Dream Catcher":43,"Centennial Puzzle":55,"Matryoshka":22,"Sundial":14,"Pantograph":5,"Strawberry":26,"Prayer Wheel":28,"MealTicket":31,"InkBottle":1,"Red Skull":43,"Paper Frog":19,"Potion Belt":23,"Girya":28,"Happy Flower":30,"Self Forming Clay":6,"Pen Nib":44,"Letter Opener":29,"Frozen Egg 2":3,"War Paint":23,"MawBank":38,"Mercury Hourglass":21,"Peace Pipe":25,"Anchor":54,"Bronze Scales":45,"Turnip":25,"Bag of Marbles":4,"Black Star":17,"Bottled Lightning":20,"Meat on the Bone":7,"Pocketwatch":46},{"Darkstone Periapt":18,"Torii":9,"Singing Bowl":27,"SacredBark":23,"CeramicFish":31,"Mango":30,"Juzu Bracelet":17,"Bag of Preparation":34,"Whetstone":22,"Ginger":26,"Bottled Tornado":26,"Smiling Mask":7,"Boot":11,"Ancient Tea Set":24,"Burning Blood":0,"Lizard Tail":8,"Dream Catcher":27,"Centennial Puzzle":34,"Matryoshka":15,"Sundial":9,"Pantograph":4,"Strawberry":18,"Prayer Wheel":19,"MealTicket":22,"InkBottle":1,"Red Skull":27,"Paper Frog":12,"Potion Belt":16,"Girya":19,"Happy Flower":21,"Self Forming Clay":5,"Pen Nib":27,"Letter Opener":20,"Frozen Egg 2":2,"War Paint":16,"MawBank":25,"Mercury Hourglass":14,"Peace Pipe":18,"Anchor":33,"Bronze Scales":28,"Turnip":18,"Bag of Marbles":3,"Black Star":10,"Bottled Lightning":13,"Meat on the Bone":6,"Pocketwatch":29},{"Darkstone Periapt":71,"Torii":52,"Singing Bowl":80,"SacredBark":76,"CeramicFish":84,"Mango":83,"Juzu Bracelet":70,"Bag of Preparation":95,"Whetstone":75,"Ginger":79,"Bottled Tornado":79,"Smiling Mask":38,"Boot":58,"Ancient Tea Set":77,"Burning Blood":0,"Lizard Tail":43,"Dream Catcher":80,"Centennial Puzzle":95,"Matryoshka":67,"Sundial":52,"Pantograph":19,"Strawberry":71,"Prayer Wheel":72,"MealTicket":75,"InkBottle":5,"Red Skull":80,"Paper Frog":60,"Potion Belt":69,"Girya":72,"Happy Flower":74,"Self Forming Clay":25,"Pen Nib":80,"Letter Opener":73,"Frozen Egg 2":9,"War Paint":69,"MawBank":78,"Mercury Hourglass":66,"Peace Pipe":71,"Anchor":94,"Bronze Scales":81,"Turnip":71,"Bag of Marbles":15,"Black Star":56,"Bottled Lightning":65,"Meat on the Bone":34,"Pocketwatch":82}],"Meat on the Bone":24,"Pocketwatch":[0]},"card_choices":[{"not_picked":["Headbutt","Flex","Twin Strike"],"picked":"SKIP","floor":7},{"not_picked":["Consume","Carnage"],"picked":"Sweeping Beam","floor":10},{"not_picked":["True Grit","Bloodletting","Uppercut"],"picked":"SKIP","floor":12},{"not_picked":["MasterReality+1","Rainbow"],"picked":"Adrenaline","floor":16},{"not_picked":["Well Laid Plans+1","Halt+1"],"picked":"Backflip+1","floor":23},{"not_picked":["Cold Snap","Gash","Clash"],"picked":"SKIP","floor":25},{"not_picked":["Gash","WindmillStrike","Acrobatics"],"picked":"SKIP","floor":28},{"not_picked":["Outmaneuver","Disarm+1","TalkToTheHand"],"picked":"SKIP","floor":31},{"not_picked":["Prostrate","Carnage","Auto Shields+1"],"picked":"Singing Bowl","floor":47},{"not_picked":["Heatsinks+1","PathToVictory","Sweeping Beam+1"],"picked":"Singing Bowl","floor":48},{"not_picked":["ReachHeaven+1","Twin Strike","CarveReality+1"],"picked":"Singing Bowl","floor":55}],"player_experience":1720043,"relics_obtained":[{"floor":1,"key":"InkBottle"},{"floor":3,"key":"Frozen Egg 2"},{"floor":4,"key":"Bag of Marbles"},{"floor":5,"key":"Pantograph"},{"floor":6,"key":"Self Forming Clay"},{"floor":7,"key":"Meat on the Bone"},{"floor":10,"key":"Smiling Mask"},{"floor":11,"key":"Lizard Tail"},{"floor":12,"key":"Torii"},{"floor":18,"key":"Boot"},{"floor":19,"key":"Paper Frog"},{"floor":20,"key":"Bottled Lightning"},{"floor":21,"key":"Mercury Hourglass"},{"floor":22,"key":"Matryoshka"},{"floor":23,"key":"Potion Belt"},{"floor":23,"key":"War Paint"},{"floor":24,"key":"Juzu Bracelet"},{"floor":25,"key":"Peace Pipe"},{"floor":25,"key":"Turnip"},{"floor":26,"key":"Darkstone Periapt"},{"floor":26,"key":"Strawberry"},{"floor":28,"key":"Girya"},{"floor":28,"key":"Prayer Wheel"},{"floor":29,"key":"Letter Opener"},{"floor":30,"key":"Happy Flower"},{"floor":31,"key":"MealTicket"},{"floor":31,"key":"Whetstone"},{"floor":35,"key":"Ancient Tea Set"},{"floor":38,"key":"MawBank"},{"floor":39,"key":"Bottled Tornado"},{"floor":42,"key":"Singing Bowl"},{"floor":43,"key":"Dream Catcher"},{"floor":43,"key":"Red Skull"},{"floor":44,"key":"Pen Nib"},{"floor":45,"key":"Bronze Scales"},{"floor":46,"key":"Pocketwatch"},{"floor":47,"key":"Mango"},{"floor":48,"key":"CeramicFish"},{"floor":55,"key":"Centennial Puzzle"},{"floor":55,"key":"Bag of Preparation"}],"event_choices":[{"damage_healed":0,"gold_gain":0,"cards_transformed":["Conserve Battery"],"player_choice":"Transformed","damage_taken":0,"max_hp_gain":0,"max_hp_loss":0,"event_name":"Transmorgrifier","floor":2,"gold_loss":0,"cards_obtained":["BattleHymn"]},{"cards_removed":["Poisoned Stab"],"damage_healed":0,"gold_gain":0,"player_choice":"Card Removal","damage_taken":7,"max_hp_gain":0,"max_hp_loss":0,"event_name":"Golden Wing","floor":8,"gold_loss":0},{"cards_removed":["Sweeping Beam"],"damage_healed":0,"gold_gain":0,"player_choice":"Removed Attack","damage_taken":0,"max_hp_gain":0,"max_hp_loss":0,"event_name":"Falling","floor":36,"gold_loss":0},{"damage_healed":0,"gold_gain":0,"player_choice":"Ignored","damage_taken":0,"max_hp_gain":0,"max_hp_loss":0,"event_name":"Tomb of Lord Red Mask","floor":37,"gold_loss":0},{"damage_healed":0,"gold_gain":0,"player_choice":"Fight","damage_taken":0,"max_hp_gain":0,"max_hp_loss":0,"event_name":"MindBloom","floor":47,"gold_loss":0}],"is_beta":false,"boss_relics":[{"not_picked":["Philosopher\u0027s Stone","Cursed Key"],"picked":"Black Star"},{"not_picked":["Velvet Choker","Sozu"],"picked":"SacredBark"}],"items_purged_floors":[14],"is_endless":false,"potions_floor_spawned":[5,6,11,12,16,18,20,21,22,24,35,47,48,55],"ascension_level":20}}