{"host":"f5h077e5av00giy4","time":1610555102,"event":{"mods":["100% Spire Juice","Act Like it!","Aspiration","BaseMod","Colored Powertips","Conspire","Decade(王小明)","Hermit","Hunter 猎人","KinomotoSakuraMod(木之本樱)","Koishi","KomeijiMod","Marisa（F雨　魔理沙）","Marked Mod","Minty Spire (QoL Compilation)","MostiFishMod","Pale of the Ancients","Quick Restart","Reimu（博丽灵梦）","Relic Stats","Remilia（蕾米莉亚）","Replay The Spire","RumiaBox-露米娅的神秘盒子","SOS（斯巴达之子）","Shop Mod","Spicy Shops","StSLib","TestMod","The Blackbeard","The Gatherer","The Mystic","The Poker Player","The Runesmith","The Servant 0.9.4","Yakumo Yukari mod","Youmu（魂魄妖梦）","Yuri Mod","Yuyuko","noobMod","vexMod","【功能Mod】聪明的最终Boss","【遗物卡牌】REMEMod","篝火指南"],"gold_per_floor":[115,130,130,144,160,15,47,125,5,22,22,35,46,46,46,144,144,155,168,80,80,20,47,47,61,106,0,20,20,20,50,50,155,155,166,179,196,206,223,254,98,124,124,153,153,153,172,184,57,87,102,113,113,38,38,56,56,56,56,86],"floor_reached":61,"language":"ZHS","playtime":2497,"items_purged":["Pain"],"score":1856,"play_id":"d3ef6c1b-30a5-4c39-bb5c-f40850bfe447","local_time":"20210114002502","is_ascension_mode":false,"campfire_choices":[{"data":"Human_Monster_Realm_purple","floor":11,"key":"SMITH"},{"data":"Moonworks:CloudOfSeagulls","floor":15,"key":"SMITH"},{"data":"Greed_TH","floor":27,"key":"PURGE"},{"data":"Moonworks:MetallicMonocoque","floor":30,"key":"SMITH"},{"data":"Moonworks:ReflectiveShell","floor":32,"key":"SMITH"},{"data":"Moonworks:HolyNight","floor":55,"key":"SMITH"},{"data":"Moonworks:SinkOrSwim","floor":57,"key":"SMITH"}],"circlet_count":0,"master_deck":["Moonworks:Strike","Moonworks:Strike","Moonworks:Strike","Moonworks:Strike","Moonworks:Defend","Moonworks:Defend","Moonworks:Defend","Moonworks:Defend","Moonworks:Ambush","Moonworks:LongDistanceShot","Human_Monster_Realm_purple+1","Moonworks:CloudOfSeagulls+1","Moonworks:EvilSpyWorkPreparation","Moonworks:ForcedRevival","Moonworks:AnotherUltimateWeapon","Moonworks:LulusLuckyEgg","Moonworks:DevilHand","Moonworks:MixPhenomenon","Moonworks:StarBlastingFuse","Moonworks:ImOnFire","Pot Of Greed","Moonworks:MetallicMonocoque+1","Moonworks:TacticalRetreat+1","Moonworks:JonathanRush+1","Moonworks:SakisCookie+1","Pot Of Greed","Moonworks:ReflectiveShell+1","Moonworks:WindyEnchantment","Moonworks:Dash","Moonworks:RagingMadness+1","Moonworks:SinkOrSwim+1","Moonworks:IndiscriminateFireSupport+1","Moonworks:NicePresent+1","Moonworks:BigMagnum+1","Moonworks:Poppoformation+1","Moonworks:RocketCannon","Moonworks:NicePresent","Pot Of Greed","Moonworks:HolyNight+1","Moonworks:TreasureThief","Confused","Moonworks:CookingTime+1","Moonworks:WeAreWaruda","Moonworks:EvilSpyWorkPreparation+1","Moonworks:Flamethrower+1","Moonworks:MiracleWalker"],"relics":["Moonworks:BrokenBomb","Moonworks:Homemark","testmod-TestBox","ice","DaveBox","REME_ComplimentaryCards","testmod-ObsoleteBoomerang","BirthdayGift-Tetrahedron","SynthV:TestCard","testmod-Antiphasic","MagicDraw3","Peace Pipe","Grinning Jar","aspiration:PoetsPen","Incense Burner","Replay:Baseball","Sundial","aspiration:ChemicalBlood","aspiration:RitualStick","Boot","GuanYuAspect","Replay:Accelerometer","REME_CardOfGreed","Mastiff:ReiMu","ReplayTheSpireMod:Lightbulb","Garlic","testmod-Justice","paleoftheancients:Timepiece","paleoftheancients:KeyRelic","Letter Opener","Spirit Poop","paleoftheancients:SoulOfTheSilent","WarpedTongs","Shuriken"],"acts_visited":["Exordium","TheCity","TheBeyond","paleoftheancients:PaleOfTheAncients"],"potions_floor_usage":[8,12,16,38,39,50,50,50,51,52,56,56,56,60,60,60],"damage_taken":[{"damage":2,"enemies":"conspire:RoseBush","floor":1,"turns":1},{"damage":0,"enemies":"2 Louse","floor":2,"turns":1},{"damage":0,"enemies":"Jaw Worm","floor":4,"turns":1},{"damage":2,"enemies":"2 Fungi Beasts","floor":5,"turns":2},{"damage":2,"enemies":"Replay:BlueRogue","floor":7,"turns":2},{"damage":2,"enemies":"Large Slime","floor":10,"turns":2},{"damage":0,"enemies":"Exordium Wildlife","floor":12,"turns":1},{"damage":4,"enemies":"3 Louse","floor":13,"turns":2},{"damage":26,"enemies":"Hexaghost","floor":16,"turns":2},{"damage":0,"enemies":"3 Byrds","floor":18,"turns":2},{"damage":2,"enemies":"conspire:FuzzyDice","floor":19,"turns":2},{"damage":2,"enemies":"conspire:MimicChest","floor":20,"turns":2},{"damage":0,"enemies":"REME_1_Revenger","floor":23,"turns":1},{"damage":2,"enemies":"conspire:HollyBat","floor":25,"turns":3},{"damage":0,"enemies":"Sentry and Sphere","floor":28,"turns":1},{"damage":0,"enemies":"Replay:Snechameleon","floor":31,"turns":1},{"damage":1,"enemies":"Automaton","floor":33,"turns":2},{"damage":0,"enemies":"Orb Walker","floor":35,"turns":2},{"damage":0,"enemies":"3 Shapes","floor":36,"turns":1},{"damage":0,"enemies":"Maw","floor":37,"turns":2},{"damage":8,"enemies":"Transient","floor":38,"turns":3},{"damage":20,"enemies":"Spire Growth","floor":39,"turns":2},{"damage":3,"enemies":"R_Hoarder","floor":40,"turns":2},{"damage":0,"enemies":"Nemesis","floor":42,"turns":1},{"damage":21,"enemies":"R_Hoarder","floor":44,"turns":3},{"damage":6,"enemies":"4 Shapes","floor":47,"turns":1},{"damage":3,"enemies":"Transient","floor":48,"turns":3},{"damage":39,"enemies":"conspire:OrnateMirror","floor":50,"turns":2},{"damage":28,"enemies":"conspire:OrnateMirror","floor":51,"turns":2},{"damage":7,"enemies":"conspire:OrnateMirror","floor":52,"turns":3},{"damage":681,"enemies":"conspire:OrnateMirror","floor":56,"turns":5},{"damage":6,"enemies":"paleoftheancients:N","floor":60,"turns":4}],"seed_played":"8410122119046419311","potions_obtained":[{"floor":4,"key":"Strength Potion"},{"floor":5,"key":"Doom Potion"},{"floor":7,"key":"REME_GoldPotion"},{"floor":8,"key":"Moonworks:OneHundredPercentOrangeJuicePotion"},{"floor":8,"key":"DistilledChaos"},{"floor":13,"key":"LiquidMemories"},{"floor":18,"key":"Explosive Potion"},{"floor":25,"key":"AttackPotion"},{"floor":39,"key":"Block Potion"},{"floor":42,"key":"testmod-TestPotion"},{"floor":50,"key":"REME_GoldPotion"},{"floor":50,"key":"Milkshake"},{"floor":50,"key":"Weak Potion"},{"floor":50,"key":"PowerPotion"},{"floor":56,"key":"REME_GoldPotion"}],"is_trial":false,"path_per_floor":["M","M","?","M","M","R","E","?","T","M","R","M","M","?","R","B",null,"M","M","?","T","?","E","$","M","T","R","M","?","R","E","R","B",null,"M","M","M","M","M","E","R","E","T","E","?","?","M","M","R","B","M","M","?","$","R","M","R","T","?","B",null],"character_chosen":"THE_STARBREAKER","items_purchased":["testmod-Antiphasic","REME_CardOfGreed","testmod-Justice"],"campfire_rested":0,"item_purchase_floors":[6,41,49],"current_hp_per_floor":[64,64,64,64,62,62,64,48,48,46,46,51,47,44,44,18,66,66,64,66,66,51,64,64,66,66,66,66,53,53,56,56,63,33,33,33,33,33,38,38,38,38,38,43,43,43,43,43,43,48,48,48,48,48,48,48,48,48,48,48],"gold":86,"neow_bonus":"TEN_PERCENT_HP_BONUS","is_daily":false,"chose_seed":false,"campfire_upgraded":6,"win_rate":0.0,"timestamp":1610555102,"path_taken":["M","M","?","M","M","R","E","?","T","?","R","M","M","?","R","BOSS","M","M","?","?","?","E","?","M","T","R","M","?","R","E","R","BOSS","M","M","M","M","M","E","R","E","T","E","?","?","M","M","R","BOSS","M","M","?","$","R","M","R","T","?","BOSS"],"items_purchased_type":["Relic","Relic","Relic"],"build_version":"2020-12-22","purchased_purges":1,"victory":true,"max_hp_per_floor":[66,66,66,66,66,66,66,66,66,66,66,66,66,66,66,66,66,66,66,66,66,66,66,66,66,66,66,66,66,66,66,66,66,33,33,33,33,33,38,38,38,38,38,43,43,43,43,43,43,48,48,48,48,48,48,48,48,48,48,48],"relic_stats":{"Peace Pipe":1,"counters":[32,64],"Sundial":[6],"Shuriken":[8],"Letter Opener":[285],"Boot":[127],"obtain_stats":[{"Replay:Accelerometer":40,"DaveBox":0,"Spirit Poop":50,"ice":0,"Incense Burner":20,"MagicDraw3":7,"Boot":31,"aspiration:RitualStick":29,"aspiration:PoetsPen":17,"GuanYuAspect":34,"Sundial":23,"Mastiff:ReiMu":42,"testmod-ObsoleteBoomerang":0,"BirthdayGift-Tetrahedron":0,"aspiration:ChemicalBlood":26,"paleoftheancients:KeyRelic":50,"testmod-TestBox":0,"Letter Opener":50,"testmod-Justice":49,"WarpedTongs":53,"Peace Pipe":9,"paleoftheancients:Timepiece":50,"testmod-Antiphasic":6,"Replay:Baseball":21,"SynthV:TestCard":1,"Shuriken":58,"Moonworks:Homemark":0,"Garlic":44,"paleoftheancients:SoulOfTheSilent":51,"REME_CardOfGreed":41,"Grinning Jar":14,"ReplayTheSpireMod:Lightbulb":43,"Moonworks:BrokenBomb":0,"REME_ComplimentaryCards":0},{"Replay:Accelerometer":23,"DaveBox":0,"Spirit Poop":28,"ice":0,"Incense Burner":12,"MagicDraw3":5,"Boot":16,"aspiration:RitualStick":15,"aspiration:PoetsPen":9,"GuanYuAspect":17,"Sundial":13,"Mastiff:ReiMu":24,"testmod-ObsoleteBoomerang":0,"BirthdayGift-Tetrahedron":0,"aspiration:ChemicalBlood":14,"paleoftheancients:KeyRelic":28,"testmod-TestBox":0,"Letter Opener":28,"testmod-Justice":27,"WarpedTongs":30,"Peace Pipe":5,"paleoftheancients:Timepiece":28,"testmod-Antiphasic":4,"Replay:Baseball":12,"SynthV:TestCard":1,"Shuriken":31,"Moonworks:Homemark":0,"Garlic":25,"paleoftheancients:SoulOfTheSilent":29,"REME_CardOfGreed":23,"Grinning Jar":8,"ReplayTheSpireMod:Lightbulb":24,"Moonworks:BrokenBomb":0,"REME_ComplimentaryCards":0},{"Replay:Accelerometer":40,"DaveBox":0,"Spirit Poop":50,"ice":0,"Incense Burner":20,"MagicDraw3":7,"Boot":26,"aspiration:RitualStick":25,"aspiration:PoetsPen":14,"GuanYuAspect":28,"Sundial":21,"Mastiff:ReiMu":41,"testmod-ObsoleteBoomerang":0,"BirthdayGift-Tetrahedron":0,"aspiration:ChemicalBlood":24,"paleoftheancients:KeyRelic":50,"testmod-TestBox":0,"Letter Opener":50,"testmod-Justice":48,"WarpedTongs":55,"Peace Pipe":7,"paleoftheancients:Timepiece":50,"testmod-Antiphasic":5,"Replay:Baseball":20,"SynthV:TestCard":1,"Shuriken":60,"Moonworks:Homemark":0,"Garlic":44,"paleoftheancients:SoulOfTheSilent":52,"REME_CardOfGreed":40,"Grinning Jar":12,"ReplayTheSpireMod:Lightbulb":41,"Moonworks:BrokenBomb":0,"REME_ComplimentaryCards":0}],"aspiration:RitualStick":[0],"WarpedTongs":[9]},"card_choices":[{"not_picked":["Moonworks:Assault","Moonworks:MiracleWalker"],"picked":"Moonworks:CloudOfSeagulls","floor":1},{"not_picked":["Moonworks:SakisCookie","Moonworks:Assault","Moonworks:DeployBits","Moonworks:MiracleWalker"],"picked":"Moonworks:EvilSpyWorkPreparation","floor":2},{"not_picked":["Moonworks:CloudOfSeagulls","Moonworks:Flamethrower","Moonworks:ImmovableObject","Moonworks:BindingChains"],"picked":"Moonworks:ForcedRevival","floor":4},{"not_picked":["Moonworks:FinalSurgery","Moonworks:BigBangBell","Moonworks:SakisCookie","Moonworks:MiracleRedBeanIceCream"],"picked":"Moonworks:AnotherUltimateWeapon","floor":5},{"not_picked":["Moonworks:x16BigRocket","Moonworks:ReproductionOfRecords","Moonworks:JonathanRush","Moonworks:MiracleRedBeanIceCream"],"picked":"Moonworks:LulusLuckyEgg","floor":7},{"not_picked":["Moonworks:CloudOfSeagulls","Moonworks:IndiscriminateFireSupport","Moonworks:EvilSpyWorkPreparation","Moonworks:ImmovableObject"],"picked":"Moonworks:DevilHand","floor":8},{"not_picked":["Moonworks:CloudOfSeagulls","Moonworks:UnluckyCharm","Moonworks:DeployBits","Moonworks:BigBangBell"],"picked":"Moonworks:MixPhenomenon","floor":10},{"not_picked":["Moonworks:ExtendedPhotonRifle","Moonworks:TacticalRetreat","Moonworks:DeployBits","Moonworks:Assault"],"picked":"Moonworks:StarBlastingFuse","floor":12},{"not_picked":["Moonworks:DeployBits","Moonworks:TacticalRetreat","Moonworks:JonathanRush","Moonworks:Assault"],"picked":"Moonworks:ImOnFire","floor":13},{"not_picked":["Moonworks:FinalBattle","Moonworks:GoAway","Moonworks:Gamble","Moonworks:WeAreWaruda"],"picked":"Moonworks:MetallicMonocoque","floor":16},{"not_picked":["Moonworks:BigMagnum","Moonworks:EvilSpyWorkPreparation+1","Moonworks:DeployBits+1","Moonworks:ImOnFire+1"],"picked":"Moonworks:TacticalRetreat+1","floor":18},{"not_picked":["Moonworks:CloudOfSeagulls","Moonworks:DeployBits+1","Moonworks:LulusLuckyEgg","Moonworks:BeyondHell"],"picked":"Moonworks:JonathanRush+1","floor":19},{"not_picked":["Moonworks:BackdoorTrade","Moonworks:CloudOfSeagulls","Moonworks:Heat300Percent","Moonworks:DevilHand"],"picked":"Moonworks:SakisCookie+1","floor":20},{"not_picked":["Moonworks:NicePresent+1","Moonworks:ForcedRevival","Moonworks:BigBangBell+1","Moonworks:SelfDestruct+1"],"picked":"Moonworks:ReflectiveShell","floor":23},{"not_picked":["Moonworks:ForcedRevival+1","Moonworks:MixPhenomenon","Moonworks:CloudOfSeagulls","Moonworks:BigMagnum+1"],"picked":"Moonworks:WindyEnchantment","floor":25},{"not_picked":["Moonworks:EvilSpyWorkPreparation","Moonworks:SakisCookie+1","Moonworks:ImOnFire","Moonworks:IndiscriminateFireSupport"],"picked":"Moonworks:Dash","floor":28},{"not_picked":["Moonworks:NicePresent+1","Moonworks:ImOnFire","Moonworks:CloudOfSeagulls","Moonworks:IndiscriminateFireSupport"],"picked":"Moonworks:RagingMadness+1","floor":31},{"not_picked":["Moonworks:ReflectiveShell","Moonworks:HolyNight","Moonworks:Blazing","Moonworks:AnotherUltimateWeapon"],"picked":"Moonworks:SinkOrSwim","floor":33},{"not_picked":["Moonworks:ImOnFire+1","Moonworks:Assault","Moonworks:DeployBits","Moonworks:Dash"],"picked":"Moonworks:IndiscriminateFireSupport+1","floor":35},{"not_picked":["Moonworks:CloudOfSeagulls+1","Moonworks:JonathanRush+1","Moonworks:EvilSpyWorkPreparation","Moonworks:IndiscriminateFireSupport"],"picked":"Moonworks:NicePresent+1","floor":36},{"not_picked":["Moonworks:Assault","Moonworks:JonathanRush","Moonworks:EvilSpyWorkPreparation","Moonworks:UnluckyCharm"],"picked":"Moonworks:BigMagnum+1","floor":37},{"not_picked":["Moonworks:NicePresent","Moonworks:BigBangBell","Moonworks:JonathanRush","Moonworks:CastOff"],"picked":"Moonworks:Poppoformation+1","floor":38},{"not_picked":["Moonworks:NicePresent+1","Moonworks:EvilSpyWorkPreparation","Moonworks:Assault","Moonworks:CloudOfSeagulls"],"picked":"Moonworks:RocketCannon","floor":39},{"not_picked":["Moonworks:BigMagnum","Moonworks:JonathanRush+1","Moonworks:IndiscriminateFireSupport+1","Moonworks:Poppoformation"],"picked":"Moonworks:NicePresent","floor":40},{"not_picked":["Moonworks:ImOnFire","Moonworks:Flamethrower","Moonworks:JonathanRush+1","Moonworks:x16BigRocket"],"picked":"Moonworks:HolyNight","floor":42},{"not_picked":["Moonworks:JonathanRush+1","Moonworks:CastOff+1","Moonworks:SealedMemories","Moonworks:BigMagnum+1"],"picked":"Moonworks:TreasureThief","floor":44},{"not_picked":["Moonworks:LulusLuckyEgg","Moonworks:CloudOfSeagulls","Moonworks:EvilSpyWorkPreparation","Moonworks:IndiscriminateFireSupport+1"],"picked":"Moonworks:CookingTime+1","floor":47},{"not_picked":["Moonworks:UnluckyCharm+1","Moonworks:FinalSurgery+1","Moonworks:Dash+1","Moonworks:ImOnFire"],"picked":"Moonworks:WeAreWaruda","floor":48},{"not_picked":["Moonworks:WindyEnchantment","Moonworks:ImmovableObject","Moonworks:DeployBits+1","Moonworks:AngelHand+1"],"picked":"Moonworks:EvilSpyWorkPreparation+1","floor":51},{"not_picked":["Moonworks:EvilSpyWorkPreparation","Moonworks:IndiscriminateFireSupport+1","Moonworks:DeployBits","Moonworks:BigMagnum"],"picked":"Moonworks:Flamethrower+1","floor":52},{"not_picked":["Moonworks:IndiscriminateFireSupport","Moonworks:SakisCookie+1","Moonworks:LulusLuckyEgg","Moonworks:JonathanRush"],"picked":"Moonworks:MiracleWalker","floor":56}],"player_experience":285334,"relics_obtained":[{"floor":1,"key":"SynthV:TestCard"},{"floor":7,"key":"MagicDraw3"},{"floor":9,"key":"Peace Pipe"},{"floor":20,"key":"Incense Burner"},{"floor":21,"key":"Replay:Baseball"},{"floor":23,"key":"Sundial"},{"floor":26,"key":"aspiration:ChemicalBlood"},{"floor":31,"key":"Boot"},{"floor":40,"key":"Replay:Accelerometer"},{"floor":42,"key":"Mastiff:ReiMu"},{"floor":43,"key":"ReplayTheSpireMod:Lightbulb"},{"floor":44,"key":"Garlic"},{"floor":51,"key":"paleoftheancients:SoulOfTheSilent"},{"floor":58,"key":"Shuriken"}],"event_choices":[{"damage_healed":0,"gold_gain":0,"player_choice":"Leave","damage_taken":0,"max_hp_gain":0,"max_hp_loss":0,"event_name":"conspire:Investor","floor":3,"gold_loss":0},{"damage_healed":0,"gold_gain":0,"player_choice":"Success","damage_taken":3,"relics_obtained":["Grinning Jar"],"max_hp_gain":0,"max_hp_loss":0,"event_name":"Scrap Ooze","floor":14,"gold_loss":0},{"cards_removed":["Pot Of Greed"],"damage_healed":0,"gold_gain":0,"player_choice":"Removed Skill","damage_taken":0,"max_hp_gain":0,"max_hp_loss":0,"event_name":"Falling","floor":46,"gold_loss":0},{"damage_healed":0,"gold_gain":0,"player_choice":"Rummage","damage_taken":0,"relics_obtained":["WarpedTongs"],"max_hp_gain":0,"max_hp_loss":0,"event_name":"Accursed Blacksmith","floor":53,"gold_loss":0,"cards_obtained":["Pain"]}],"is_beta":false,"boss_relics":[{"not_picked":["vexMod:NewClearReactor","testmod-Temperance"],"picked":"aspiration:PoetsPen"},{"not_picked":["testmod-IncinerationGenerator","Pandora\u0027s Box"],"picked":"GuanYuAspect"}],"items_purged_floors":[54],"is_endless":false,"potions_floor_spawned":[4,5,7,10,13,18,25,33,36,39,44,47,48,51,56],"ascension_level":0}}