{"host":"bavnrlhi49015oee","time":1610520525,"event":{"mods":["BaseMod","Become a monster ∞Ÿ±‰π÷","Colored Powertips","Lobotomy","LobotomyExtend","Minty Spire (QoL Compilation)","Quick Restart","Ryuuou¡˙Õı","StSLib","Uncapped"],"gold_per_floor":[110,122,132,132,145,155,155,180,180,191,205,222,239,273,273,377,377,393,393,408,421,38,38,55,61,61,90,90,90,101,119,119,219,219,237,237,256,256,272,272,197,208,289,201,201,201,213,258,258,258],"floor_reached":51,"language":"ZHS","playtime":2258,"items_purged":["WhiteNight"],"score":1633,"play_id":"597453ce-c316-4e07-a3d5-5df399a8f043","local_time":"20210113144845","is_ascension_mode":false,"campfire_choices":[{"data":"Cleave","floor":15,"key":"SMITH"},{"floor":23,"key":"REST"},{"data":"Carnage","floor":32,"key":"SMITH"},{"floor":40,"key":"REST"},{"data":"Offering","floor":45,"key":"SMITH"},{"data":"Reaper","floor":49,"key":"SMITH"}],"circlet_count":0,"master_deck":["Strike_R","Strike_R","Strike_R","Strike_R","Defend_R","Defend_R","Defend_R","Defend_R","Bash","Scorched","Blood for Blood","OSAHOGD","Intimidate+1","Blood for Blood","Woodsman","Twin Strike","SingingMachine","Thunderclap","Wild Strike","Cleave+1","OldLady","Carnage+1","Twin Strike","FieryBird","Demon Form+1","Sentinel+1","Burning Pact+1","Pommel Strike+1","Freischutz","Bloodletting+1","CENSORED","Whirlwind+1","GreedKing","Rupture+1","NothingThere","Infernal Blade","RedShoes","Blood for Blood","Writhe","Reckless Charge+1","BlackArmy","Offering+1","Reaper+1","BlueStar","BodiesMountain","LongBird","Wild Strike"],"relics":["Burning Blood","CogitoBucket","RabbitCall","LetterFromLob","MagicBullet_r","Nunchaku","Frozen Egg 2","HellTrain","Toy Ornithopter","Astrolabe","LuminousBracelet","War Paint","Sundial","RedMistMask","Magic Flower","Bottled Tornado","Centennial Puzzle","Ornamental Fan","AspirationHeart","AtMidnight","Runic Pyramid","Question Card","WantedRequest","Gremlin Horn","StoneCalendar","Incense Burner"],"acts_visited":["Exordium","TheCity","TheBeyond"],"potions_floor_usage":[18,18,20,20],"damage_taken":[{"damage":5,"enemies":"2 Louse","floor":1,"turns":4},{"damage":0,"enemies":"Small Slimes","floor":2,"turns":1},{"damage":6,"enemies":"Jaw Worm","floor":3,"turns":2},{"damage":7,"enemies":"Exordium Thugs","floor":5,"turns":4},{"damage":16,"enemies":"Red Slaver","floor":6,"turns":3},{"damage":40,"enemies":"Lagavulin","floor":8,"turns":4},{"damage":34,"enemies":"2 Fungi Beasts","floor":10,"turns":3},{"damage":0,"enemies":"Exordium Wildlife","floor":11,"turns":1},{"damage":4,"enemies":"Red Slaver","floor":12,"turns":1},{"damage":12,"enemies":"Blue Slaver","floor":13,"turns":2},{"damage":28,"enemies":"Gremlin Nob","floor":14,"turns":3},{"damage":28,"enemies":"Slime Boss","floor":16,"turns":9},{"damage":78,"enemies":"Spheric Guardian","floor":18,"turns":5},{"damage":52,"enemies":"2 Thieves","floor":20,"turns":3},{"damage":11,"enemies":"Centurion and Healer","floor":21,"turns":2},{"damage":12,"enemies":"Snecko","floor":24,"turns":3},{"damage":58,"enemies":"Gremlin Leader","floor":25,"turns":4},{"damage":56,"enemies":"Slavers","floor":27,"turns":4},{"damage":15,"enemies":"Shelled Parasite and Fungi","floor":30,"turns":5},{"damage":40,"enemies":"Cultist and Chosen","floor":31,"turns":5},{"damage":93,"enemies":"Automaton","floor":33,"turns":7},{"damage":26,"enemies":"3 Darklings","floor":35,"turns":3},{"damage":88,"enemies":"Orb Walker","floor":37,"turns":3},{"damage":45,"enemies":"Jaw Worm Horde","floor":39,"turns":2},{"damage":85,"enemies":"Maw","floor":42,"turns":5},{"damage":88,"enemies":"Giant Head","floor":44,"turns":5},{"damage":7,"enemies":"Mind Bloom Boss Battle","floor":47,"turns":3},{"damage":22,"enemies":"2 Orb Walkers","floor":48,"turns":2},{"damage":547,"enemies":"Awakened One","floor":50,"turns":10},{"damage":185,"enemies":"Malkuth","floor":51,"turns":7},{"damage":257,"enemies":"Yesod","floor":51,"turns":7},{"damage":546,"enemies":"Geburah","floor":51,"turns":12}],"seed_played":"5545620922751163404","potions_obtained":[{"floor":1,"key":"BloodPotion"},{"floor":5,"key":"ColorlessPotion"},{"floor":6,"key":"DistilledChaos"},{"floor":18,"key":"ColorlessPotion"},{"floor":20,"key":"Energy Potion"},{"floor":21,"key":"EssenceOfSteel"},{"floor":24,"key":"Regen Potion"}],"is_trial":false,"path_per_floor":["M","M","M","?","M","M","?","E","T","M","M","M","M","E","R","B",null,"M","?","M","M","$","R","M","E","T","E","?","?","M","M","R","B",null,"M","?","M","?","M","R","$","M","T","E","R","$","?","?","R","B",null],"character_chosen":"IRONCLAD","items_purchased":["War Paint","Sundial"],"campfire_rested":2,"item_purchase_floors":[22,22],"current_hp_per_floor":[80,80,80,85,84,80,85,57,57,47,65,73,73,57,57,77,85,51,48,47,59,59,89,94,100,100,100,100,100,110,110,110,110,110,110,110,58,58,46,46,46,110,110,110,110,110,110,110,110,107],"gold":3,"neow_bonus":"","is_daily":false,"chose_seed":false,"campfire_upgraded":4,"win_rate":0.0,"timestamp":1610520525,"path_taken":["M","M","M","?","M","M","?","E","T","M","M","M","M","E","R","BOSS","M","?","M","?","$","R","M","E","T","E","?","?","M","M","R","BOSS","M","?","M","?","?","R","$","M","T","E","R","$","?","?","R","BOSS"],"items_purchased_type":["Relic","Relic"],"build_version":"2020-12-22","purchased_purges":1,"victory":true,"max_hp_per_floor":[80,80,80,85,85,85,85,85,85,85,85,85,85,85,85,85,85,100,100,100,100,100,100,100,100,100,100,100,100,110,110,110,110,110,110,110,110,110,110,110,110,110,110,110,110,110,110,110,110,110],"card_choices":[{"not_picked":["OldLady","ShyLook","CherryBlossoms"],"picked":"Singing Bowl","floor":1},{"not_picked":["MHz","VoidDream"],"picked":"Scorched","floor":1},{"not_picked":["Sword Boomerang","Perfected Strike"],"picked":"Blood for Blood","floor":1},{"not_picked":["Freischutz","VoidDream"],"picked":"OSAHOGD","floor":2},{"not_picked":["Headbutt","Heavy Blade"],"picked":"Intimidate","floor":2},{"not_picked":["FairyFestival","HappyTeddy","PunishingBird"],"picked":"Singing Bowl","floor":3},{"not_picked":["SnowQueen","LittlePrince"],"picked":"Mercenary","floor":3},{"not_picked":["Heavy Blade","Pommel Strike"],"picked":"Blood for Blood","floor":3},{"not_picked":["OldLady","UniverseFragment","WallGazer"],"picked":"Singing Bowl","floor":5},{"not_picked":["MHz","LittleHelper"],"picked":"Woodsman","floor":5},{"not_picked":["Body Slam","Clash"],"picked":"Twin Strike","floor":5},{"not_picked":["MeatLantern","SnowQueen","Wellcheers"],"picked":"Singing Bowl","floor":6},{"not_picked":["Wellcheers","WallGazer"],"picked":"SingingMachine","floor":6},{"not_picked":["Warcry","Searing Blow"],"picked":"Thunderclap","floor":6},{"not_picked":["WallGazer","Bloodbath","SpiderBud"],"picked":"Singing Bowl","floor":8},{"not_picked":["Clash","Sword Boomerang"],"picked":"Pommel Strike","floor":8},{"not_picked":["OldLady","ShyLook","MeatLantern"],"picked":"Singing Bowl","floor":10},{"not_picked":["Burning Pact","Perfected Strike"],"picked":"Wild Strike","floor":10},{"not_picked":["SpiderBud","CrumblingArmor","Variant"],"picked":"Singing Bowl","floor":11},{"not_picked":["Sever Soul","Sword Boomerang"],"picked":"Cleave","floor":11},{"not_picked":["CherryBlossoms","DespairKnight","BeautyBeast"],"picked":"Singing Bowl","floor":12},{"not_picked":["SpiderBud","Porccubus"],"picked":"OldLady","floor":12},{"not_picked":["Battle Trance","Disarm"],"picked":"Carnage","floor":12},{"not_picked":["WhitesApple","NakedNest","UniverseFragment"],"picked":"Singing Bowl","floor":13},{"not_picked":["Flex","Clothesline"],"picked":"Twin Strike","floor":13},{"not_picked":["BigBadWolf","Funeral","Wellcheers"],"picked":"Singing Bowl","floor":14},{"not_picked":["DreamingCurrent","LittleHelper"],"picked":"QueenOfHatred","floor":14},{"not_picked":["True Grit","Dropkick"],"picked":"Iron Wave","floor":14},{"not_picked":["CrumblingArmor","BigBird","UniverseFragment"],"picked":"Singing Bowl","floor":16},{"not_picked":["MHz","VoidDream"],"picked":"FieryBird","floor":16},{"not_picked":["Fiend Fire","Impervious"],"picked":"Demon Form+1","floor":16},{"not_picked":["WhitesApple","SnowQueen","Laetitia"],"picked":"Singing Bowl","floor":18},{"not_picked":["Murderer","CherryBlossoms"],"picked":"Freischutz","floor":18},{"not_picked":["Exhume","Flex"],"picked":"Bloodletting","floor":18},{"not_picked":["Scarecrow","Rudolta"],"picked":"CENSORED","floor":20},{"not_picked":["Pommel Strike","Shockwave"],"picked":"Whirlwind+1","floor":20},{"not_picked":["VoidDream","SpiderBud"],"picked":"GreedKing","floor":21},{"not_picked":["Flame Barrier","Heavy Blade"],"picked":"Rupture+1","floor":21},{"not_picked":["Porccubus","CherryBlossoms"],"picked":"NothingThere","floor":24},{"not_picked":["Dropkick","Fire Breathing+1","Clothesline"],"picked":"SKIP","floor":24},{"not_picked":["QueenBee","SpiderBud","Wellcheers"],"picked":"Singing Bowl","floor":25},{"not_picked":["Brutality+1","Thunderclap"],"picked":"Infernal Blade","floor":25},{"not_picked":["WhitesApple","DespairKnight"],"picked":"RedShoes","floor":27},{"not_picked":["Rage+1","Searing Blow"],"picked":"Blood for Blood","floor":27},{"not_picked":["BlackSwan","WallGazer","ShyLook"],"picked":"Singing Bowl","floor":30},{"not_picked":["Cleave+1","Feel No Pain+1"],"picked":"Reckless Charge+1","floor":30},{"not_picked":["Porccubus","BigBadWolf","WallGazer"],"picked":"Singing Bowl","floor":31},{"not_picked":["Feel No Pain+1","Disarm"],"picked":"Cleave","floor":31},{"not_picked":["GalaxyChild","BlackSwan"],"picked":"BlackArmy","floor":33},{"not_picked":["Demon Form+1","Exhume"],"picked":"Offering","floor":33},{"not_picked":["BeautyBeast","FairyFestival"],"picked":"WhiteNight","floor":35},{"not_picked":["Burning Pact+1","Pommel Strike","Shrug It Off"],"picked":"SKIP","floor":35},{"not_picked":["QueenOfHatred","LittleHelper","PunishingBird"],"picked":"Singing Bowl","floor":37},{"not_picked":["Anger","Havoc","Combust+1"],"picked":"SKIP","floor":37},{"not_picked":["DreamingCurrent","Variant","UniverseFragment"],"picked":"Singing Bowl","floor":39},{"not_picked":["Thunderclap+1","Armaments+1"],"picked":"Reaper","floor":39},{"not_picked":["GalaxyChild","LittleHelper","Porccubus"],"picked":"Singing Bowl","floor":42},{"not_picked":["LittlePrince","Murderer"],"picked":"BlueStar","floor":42},{"not_picked":["Pommel Strike","Heavy Blade+1","Clothesline+1"],"picked":"SKIP","floor":42},{"not_picked":["SilentOrchestra","LaLuna"],"picked":"BodiesMountain","floor":44},{"not_picked":["Shockwave","Fiend Fire","Warcry+1","Reaper"],"picked":"SKIP","floor":44},{"not_picked":["Yin","LongBird","Variant"],"picked":"Singing Bowl","floor":47},{"not_picked":["BlackSwan","Porccubus"],"picked":"LongBird","floor":47},{"not_picked":["Heavy Blade+1","Iron Wave","Battle Trance+1"],"picked":"Wild Strike","floor":47},{"not_picked":["UniverseFragment","BlackSwan","BigBadWolf"],"picked":"Singing Bowl","floor":48}],"player_experience":124435,"relics_obtained":[{"floor":1,"key":"LetterFromLob"},{"floor":8,"key":"Nunchaku"},{"floor":9,"key":"Frozen Egg 2"},{"floor":14,"key":"Toy Ornithopter"},{"floor":24,"key":"RedMistMask"},{"floor":25,"key":"Magic Flower"},{"floor":26,"key":"Bottled Tornado"},{"floor":27,"key":"Centennial Puzzle"},{"floor":30,"key":"AtMidnight"},{"floor":43,"key":"Question Card"},{"floor":44,"key":"Gremlin Horn"},{"floor":47,"key":"StoneCalendar"},{"floor":48,"key":"Incense Burner"}],"event_choices":[{"damage_healed":0,"gold_gain":0,"player_choice":"Donut","damage_taken":0,"max_hp_gain":5,"max_hp_loss":0,"event_name":"Big Fish","floor":4,"gold_loss":0},{"damage_healed":0,"gold_gain":0,"player_choice":"Punched","damage_taken":3,"max_hp_gain":0,"max_hp_loss":0,"event_name":"Designer","floor":19,"gold_loss":0},{"damage_healed":0,"gold_gain":0,"player_choice":"Ignored","damage_taken":0,"max_hp_gain":0,"max_hp_loss":0,"event_name":"Ghosts","floor":28,"gold_loss":0},{"damage_healed":0,"gold_gain":0,"player_choice":"Opened","damage_taken":0,"relics_obtained":["Ornamental Fan"],"max_hp_gain":0,"max_hp_loss":0,"event_name":"The Mausoleum","floor":29,"gold_loss":0,"cards_obtained":["Writhe"]},{"damage_healed":0,"gold_gain":0,"player_choice":"Ignored","damage_taken":0,"max_hp_gain":0,"max_hp_loss":0,"event_name":"Tomb of Lord Red Mask","floor":36,"gold_loss":0},{"damage_healed":0,"gold_gain":0,"player_choice":"Got Potions","damage_taken":0,"max_hp_gain":0,"max_hp_loss":0,"event_name":"Lab","floor":38,"gold_loss":0},{"damage_healed":0,"gold_gain":0,"player_choice":"Fight","damage_taken":0,"max_hp_gain":0,"max_hp_loss":0,"event_name":"MindBloom","floor":47,"gold_loss":0},{"damage_healed":0,"gold_gain":0,"player_choice":"Fight","damage_taken":0,"max_hp_gain":0,"max_hp_loss":0,"event_name":"Mysterious Sphere","floor":48,"gold_loss":0}],"is_beta":false,"boss_relics":[{"not_picked":["Coffee Dripper","Ectoplasm"],"picked":"Astrolabe"},{"not_picked":["Sozu","Tiny House"],"picked":"Runic Pyramid"}],"items_purged_floors":[41],"is_endless":false,"potions_floor_spawned":[1,5,6,8,10,18,20,21,24,33,37,47],"ascension_level":0}}