{"host":"jggt5i9rbuoqvque","time":1610565768,"event":{"mods":["BaseMod","Colored Map","Minty Spire (QoL Compilation)","StSLib"],"gold_per_floor":[111,36,36,36,36,36,49,82,131,206,274,294,294,318,318,414,414,398,398,409,426,439,191,206,256,280,295,295,13,13,13,13,13,13],"floor_reached":33,"language":"KOR","playtime":1006,"items_purged":["Strike_R","Defend_R"],"score":421,"play_id":"303179a0-ad99-40d4-8209-d5a8af0e3f6f","local_time":"20210114042248","is_ascension_mode":true,"campfire_choices":[{"data":"Headbutt","floor":6.0,"key":"SMITH"},{"data":"Bash","floor":13.0,"key":"SMITH"},{"data":"Disarm","floor":15.0,"key":"SMITH"},{"floor":28.0,"key":"REST"},{"floor":32,"key":"REST"}],"circlet_count":0,"master_deck":["Strike_R","Strike_R","Strike_R","Defend_R+1","Defend_R","Defend_R+1","Bash+1","Headbutt+1","Disarm+1","Impervious+1","Disarm+1","Inflame+1","Inflame","Metallicize"],"relics":["Burning Blood","Mummified Hand","Darkstone Periapt","Red Skull","Odd Mushroom","SacredBark","Omamori","Bag of Preparation","Singing Bowl"],"acts_visited":["Exordium","TheCity"],"potions_floor_usage":[],"damage_taken":[{"damage":16.0,"enemies":"Cultist","floor":1.0,"turns":4.0},{"damage":0.0,"enemies":"2 Louse","floor":7.0,"turns":4.0},{"damage":8.0,"enemies":"Gremlin Nob","floor":8.0,"turns":3.0},{"damage":0.0,"enemies":"Small Slimes","floor":12.0,"turns":4.0},{"damage":5.0,"enemies":"The Mushroom Lair","floor":14.0,"turns":4.0},{"damage":0.0,"enemies":"The Guardian","floor":16.0,"turns":13.0},{"damage":25.0,"enemies":"2 Thieves","floor":18.0,"turns":4.0},{"damage":29.0,"enemies":"3 Byrds","floor":20.0,"turns":8.0},{"damage":11.0,"enemies":"Centurion and Healer","floor":21.0,"turns":12.0},{"damage":8.0,"enemies":"Snake Plant","floor":22.0,"turns":6.0},{"damage":22.0,"enemies":"Shelled Parasite and Fungi","floor":24.0,"turns":7.0},{"damage":11.0,"enemies":"Centurion and Healer","floor":27.0,"turns":7.0},{"damage":24,"enemies":"Colosseum Slavers","floor":30,"turns":6},{"damage":72,"enemies":"Champ","floor":33,"turns":15}],"seed_played":"-7444937514311531783","potions_obtained":[{"floor":7.0,"key":"AttackPotion"},{"floor":12.0,"key":"Fruit Juice"},{"floor":16.0,"key":"FearPotion"},{"floor":24.0,"key":"Fruit Juice"}],"is_trial":false,"path_per_floor":["M","$","?","?","?","R","M","E","T","?","?","M","R","?","R","B",null,"M","?","M","M","M","$","M","?","T","M","R","$","?","$","R","B"],"character_chosen":"IRONCLAD","items_purchased":["Omamori","Singing Bowl","Metallicize"],"campfire_rested":2,"item_purchase_floors":[23,29,29],"current_hp_per_floor":[70,70,70,52,27,27,33,31,31,20,20,31,31,32,32,38,79,60,60,37,32,30,30,24,24,24,19,49,49,31,31,61,0,0],"gold":13,"neow_bonus":"TEN_PERCENT_HP_BONUS","is_daily":false,"chose_seed":false,"campfire_upgraded":3,"win_rate":0.0,"timestamp":1610565768,"path_taken":["M","$","?","?","?","R","M","E","T","?","?","?","R","?","R","BOSS","M","?","?","M","M","$","M","?","T","M","R","?","?","$","R","BOSS"],"items_purchased_type":["Relic","Relic","Card"],"build_version":"2020-12-22","purchased_purges":2,"victory":false,"max_hp_per_floor":[88,88,88,88,88,88,88,88,88,88,88,93,93,93,93,93,93,93,93,93,93,93,93,103,103,103,103,103,103,103,103,103,103,103],"card_choices":[{"not_picked":["Shrug It Off","Combust"],"picked":"Headbutt","floor":1.0},{"not_picked":["Entrench","Fire Breathing","Sword Boomerang"],"picked":"SKIP","floor":7.0},{"not_picked":["Body Slam","Power Through","Dark Embrace"],"picked":"SKIP","floor":8.0},{"not_picked":["Twin Strike","Hemokinesis"],"picked":"Disarm","floor":12.0},{"not_picked":["Brutality","Juggernaut"],"picked":"Impervious","floor":16.0},{"not_picked":["Thunderclap","True Grit"],"picked":"Disarm+1","floor":18.0},{"not_picked":["Body Slam","Infernal Blade","Disarm"],"picked":"SKIP","floor":20.0},{"not_picked":["Heavy Blade+1","Burning Pact","Twin Strike+1"],"picked":"SKIP","floor":21.0},{"not_picked":["Body Slam","Twin Strike+1"],"picked":"Inflame+1","floor":22.0},{"not_picked":["Ghostly Armor","Fire Breathing"],"picked":"Inflame","floor":24.0},{"not_picked":["Second Wind+1","Armaments","Clothesline"],"picked":"SKIP","floor":27.0}],"player_experience":329740,"relics_obtained":[{"floor":8.0,"key":"Darkstone Periapt"},{"floor":9.0,"key":"Red Skull"},{"floor":14.0,"key":"Odd Mushroom"},{"floor":26.0,"key":"Bag of Preparation"}],"event_choices":[{"cards_removed":["Strike_R"],"damage_healed":0.0,"max_hp_gain":0.0,"max_hp_loss":0.0,"gold_gain":0.0,"event_name":"Living Wall","player_choice":"Forget","floor":3.0,"gold_loss":0.0,"damage_taken":0.0},{"damage_healed":0.0,"max_hp_gain":0.0,"max_hp_loss":0.0,"gold_gain":0.0,"event_name":"Shining Light","player_choice":"Entered Light","floor":4.0,"gold_loss":0.0,"damage_taken":18.0,"cards_upgraded":["Defend_R","Defend_R"]},{"damage_healed":0.0,"max_hp_gain":0.0,"max_hp_loss":0.0,"gold_gain":0.0,"event_name":"Scrap Ooze","player_choice":"Success","floor":5.0,"gold_loss":0.0,"damage_taken":25.0,"relics_obtained":["Mummified Hand"]},{"damage_healed":0.0,"max_hp_gain":0.0,"max_hp_loss":0.0,"gold_gain":75.0,"event_name":"World of Goop","player_choice":"Gather Gold","floor":10.0,"gold_loss":0.0,"damage_taken":11.0},{"damage_healed":0.0,"max_hp_gain":0.0,"max_hp_loss":0.0,"gold_gain":68.0,"event_name":"Golden Wing","player_choice":"Gained Gold","floor":11.0,"gold_loss":0.0,"damage_taken":0.0},{"damage_healed":0.0,"max_hp_gain":0.0,"max_hp_loss":0.0,"gold_gain":0.0,"event_name":"Mushrooms","player_choice":"Fought Mushrooms","floor":14.0,"gold_loss":0.0,"damage_taken":0.0},{"damage_healed":0.0,"max_hp_gain":0.0,"max_hp_loss":0.0,"gold_gain":0.0,"event_name":"Upgrade Shrine","player_choice":"Upgraded","floor":19.0,"gold_loss":0.0,"damage_taken":0.0,"cards_upgraded":["Impervious"]},{"damage_healed":0.0,"max_hp_gain":0.0,"max_hp_loss":0.0,"gold_gain":100.0,"event_name":"The Joust","player_choice":"Bet on Murderer","floor":25.0,"gold_loss":50.0,"damage_taken":0.0},{"damage_healed":0,"gold_gain":0,"player_choice":"Fight","damage_taken":0,"max_hp_gain":0,"max_hp_loss":0,"event_name":"Colosseum","floor":30,"gold_loss":0},{"damage_healed":0,"gold_gain":0,"player_choice":"Fled From Nobs","damage_taken":0,"max_hp_gain":0,"max_hp_loss":0,"event_name":"Colosseum","floor":30,"gold_loss":0}],"is_beta":false,"boss_relics":[{"not_picked":["Ectoplasm","Coffee Dripper"],"picked":"SacredBark"}],"items_purged_floors":[2,23],"is_endless":false,"potions_floor_spawned":[7,12,16,24,30],"killed_by":"Champ","ascension_level":7}}