{"host":"9tdk3zzhmpo6o3dg","time":1610530460,"event":{"mods":["BaseMod","Downfall","Marisa£®ÏF”Í°°ƒß¿Ì…≥£©","Minty Spire (QoL Compilation)","Shop Mod","StSLib","The Cursed","The Servant 0.9.4"],"gold_per_floor":[114,114,16,32,44,44,104,104,131,181,224,301,331,381,381,513,513,539,596,596,661,2,2,50,50,50,135,135,6,6,37,37,178,178,212,277,322,441,19,19,54,54,54],"floor_reached":42,"language":"ZHS","playtime":2272,"items_purged":[],"score":611,"play_id":"e39c1141-2e66-4ffe-9828-65f32d89941c","local_time":"20210113173420","is_ascension_mode":false,"campfire_choices":[{"data":"LuminesStrike","floor":6,"key":"SMITH"},{"data":"DC","floor":8,"key":"SMITH"},{"data":"RefractionSpark","floor":15,"key":"SMITH"},{"data":"Singularity","floor":23,"key":"SMITH"},{"data":"MysteriousBeam","floor":28,"key":"SMITH"},{"data":"MysteriousBeam","floor":30,"key":"SMITH"},{"data":"CasketOfStar","floor":32,"key":"SMITH"},{"data":"Violence","floor":40,"key":"SMITH"}],"circlet_count":0,"master_deck":["Strike_MRS","Strike_MRS","Strike_MRS","Strike_MRS","Defend_MRS","Defend_MRS","Defend_MRS","MasterSpark","UpSweep+1","WitchOfGreed","LuminesStrike+1","DC+1","GrandCross","WitchOfGreed","Orbital","RefractionSpark+1","SuperPerseids","6A","SuperPerseids","JA","Robbery+1","Singularity+1","GravityBeat","SuperPerseids","EnergyFlow","SporeBomb+1","MysteriousBeam+1","LuminesStrike","MysteriousBeam+1","UltimateShortwave","PowerUp","CasketOfStar+1","CasketOfStar","CurseOfTheBell","DoubleSpark","ChargingUp+1","OrrerysSun+1","MysteriousBeam+1","JA","Violence+1","ManaConvection","MilkyWay"],"relics":["MiniHakkero","NeowsBlessing","Vajra","Pen Nib","AmplifyWand","Gremlin Horn","Torii","RampagingMagicTools","MerchantsRug","OrangePellets","Bottled Tornado","MagicBroom","Tiny Chest","Calling Bell","Blood Vial","Matryoshka","Mango","Calipers","CatCart"],"acts_visited":["Exordium","TheCity","TheBeyond"],"potions_floor_usage":[10,10,13,14,16,16,21,24,27,27,27,27,27,33,35,35,38,38,38,41,41,42],"damage_taken":[{"damage":0,"enemies":"Small Slimes","floor":1,"turns":1},{"damage":0,"enemies":"Cultist","floor":4,"turns":1},{"damage":0,"enemies":"Jaw Worm","floor":5,"turns":1},{"damage":36,"enemies":"Lagavulin","floor":7,"turns":5},{"damage":0,"enemies":"Gremlin Nob","floor":10,"turns":2},{"damage":2,"enemies":"2 Fungi Beasts","floor":11,"turns":3},{"damage":0,"enemies":"3 Louse","floor":13,"turns":1},{"damage":9,"enemies":"Lagavulin","floor":14,"turns":3},{"damage":20,"enemies":"Hexaghost","floor":16,"turns":8},{"damage":3,"enemies":"Spheric Guardian","floor":18,"turns":2},{"damage":1,"enemies":"Chosen","floor":19,"turns":3},{"damage":1,"enemies":"Snecko","floor":21,"turns":4},{"damage":6,"enemies":"Chosen and Byrds","floor":24,"turns":3},{"damage":25,"enemies":"Gremlin Leader","floor":27,"turns":3},{"damage":8,"enemies":"Centurion and Healer","floor":31,"turns":2},{"damage":3,"enemies":"Collector","floor":33,"turns":4},{"damage":3,"enemies":"3 Darklings","floor":35,"turns":2},{"damage":41,"enemies":"Mind Bloom Boss Battle","floor":36,"turns":4},{"damage":11,"enemies":"3 Shapes","floor":37,"turns":3},{"damage":21,"enemies":"Orin","floor":38,"turns":7},{"damage":17,"enemies":"Maw","floor":41,"turns":5},{"damage":53,"enemies":"Giant Head","floor":42,"turns":5}],"seed_played":"2920222848661787856","potions_obtained":[{"floor":4,"key":"Slimebound:ThreeZeroPotion"},{"floor":7,"key":"Fire Potion"},{"floor":7,"key":"Explosive Potion"},{"floor":10,"key":"StarNLove"},{"floor":10,"key":"AttackPotion"},{"floor":13,"key":"Regen Potion"},{"floor":16,"key":"Weak Potion"},{"floor":16,"key":"ColorlessPotion"},{"floor":18,"key":"GamblersBrew"},{"floor":19,"key":"BottledSpark"},{"floor":19,"key":"GamblersBrew"},{"floor":21,"key":"EssenceOfSteel"},{"floor":21,"key":"Regen Potion"},{"floor":24,"key":"EntropicBrew"},{"floor":27,"key":"Fruit Juice"},{"floor":27,"key":"AttackPotion"},{"floor":31,"key":"Weak Potion"},{"floor":33,"key":"BottledSpark"},{"floor":33,"key":"Fire Potion"},{"floor":35,"key":"Swift Potion"},{"floor":35,"key":"ColorlessPotion"},{"floor":36,"key":"Fire Potion"},{"floor":36,"key":"BlessingOfTheForge"},{"floor":38,"key":"AttackPotion"},{"floor":38,"key":"Energy Potion"},{"floor":41,"key":"BlessingOfTheForge"}],"is_trial":false,"path_per_floor":["M","?","$","M","M","R","E","R","T","E","M","T","M","E","R","B",null,"M","M","?","M","$","R","M","?","T","E","R","$","R","M","R","B",null,"M","?","M","?","$","R","M","E"],"character_chosen":"MARISA","items_purchased":["LuminesStrike","DC","MerchantsRug","OrangePellets","SuperPerseids","Bottled Tornado","EnergyFlow","MysteriousBeam","UltimateShortwave","PowerUp","JA","Violence","ManaConvection"],"campfire_rested":0,"item_purchase_floors":[3,3,22,22,22,22,22,29,29,29,39,39,39],"current_hp_per_floor":[75,75,75,75,75,75,39,39,39,39,37,37,37,28,28,23,75,72,71,71,70,70,70,69,69,69,49,49,49,49,41,41,38,94,91,52,43,24,24,24,9,0,0],"gold":54,"neow_bonus":"THREE_ENEMY_KILL","is_daily":false,"chose_seed":false,"campfire_upgraded":8,"win_rate":0.0,"timestamp":1610530460,"path_taken":["M","?","$","?","M","R","E","R","T","E","M","?","M","E","R","BOSS","M","M","?","M","$","R","?","?","T","E","R","$","R","M","R","BOSS","M","?","M","?","?","R","M","E"],"items_purchased_type":["Card","Card","Relic","Relic","Card","Relic","Card","Card","Card","Card","Card","Card","Card"],"build_version":"2020-12-22","purchased_purges":0,"victory":false,"max_hp_per_floor":[75,75,75,75,75,75,75,75,75,75,75,75,75,75,75,75,75,75,75,75,75,75,75,75,75,75,80,80,80,80,80,80,80,94,94,94,94,94,94,94,94,94,94],"card_choices":[{"not_picked":["NonDirectionalLaser","AsteroidBelt"],"picked":"WitchOfGreed","floor":1},{"not_picked":["SprinkleStarSeal","ShootingEcho"],"picked":"GrandCross","floor":4},{"not_picked":["SporeBomb","NonDirectionalLaser"],"picked":"WitchOfGreed","floor":5},{"not_picked":["DoubleSpark","LuminesStrike"],"picked":"Orbital","floor":7},{"not_picked":["GravityBeat","UnstableBomb"],"picked":"RefractionSpark","floor":10},{"not_picked":["StarBarrage","OortCloud"],"picked":"SuperPerseids","floor":11},{"not_picked":["DragonMeteor","WitchOfGreed"],"picked":"6A","floor":13},{"not_picked":["Robbery","WitchOfGreed"],"picked":"SuperPerseids","floor":14},{"not_picked":["SatelliteIllusion","FinalSpark"],"picked":"JA","floor":16},{"not_picked":["LuminesStrike+1","OrrerysSun+1"],"picked":"Robbery+1","floor":18},{"not_picked":["SprinkleStarSeal+1","OortCloud"],"picked":"Singularity","floor":19},{"not_picked":["IllusionStar","RefractionSpark"],"picked":"GravityBeat","floor":21},{"not_picked":["MilkyWay","GalacticHalo"],"picked":"SporeBomb+1","floor":24},{"not_picked":["WitchOfGreed","GalacticHalo"],"picked":"LuminesStrike","floor":27},{"not_picked":["DC","EarthLightRay"],"picked":"CasketOfStar","floor":31},{"not_picked":["BlazingStar","JA"],"picked":"CasketOfStar","floor":33},{"not_picked":["LuminesStrike","ShootingEcho+1"],"picked":"DoubleSpark","floor":35},{"not_picked":["DC+1","StarBarrage+1"],"picked":"ChargingUp+1","floor":36},{"not_picked":["ShootingEcho+1","ChargeUpSpray+1"],"picked":"OrrerysSun+1","floor":37},{"not_picked":["RefractionSpark","MeteoricShower"],"picked":"MysteriousBeam+1","floor":38},{"not_picked":["EnergyRecoil","NonDirectionalLaser"],"picked":"MilkyWay","floor":41}],"player_experience":96233,"relics_obtained":[{"floor":7,"key":"Vajra"},{"floor":9,"key":"Pen Nib"},{"floor":10,"key":"AmplifyWand"},{"floor":12,"key":"Gremlin Horn"},{"floor":14,"key":"Torii"},{"floor":26,"key":"MagicBroom"},{"floor":27,"key":"Tiny Chest"},{"floor":34,"key":"Blood Vial"},{"floor":34,"key":"Matryoshka"},{"floor":34,"key":"Mango"},{"floor":36,"key":"Calipers"},{"floor":38,"key":"CatCart"}],"event_choices":[{"damage_healed":0,"gold_gain":0,"player_choice":"Forge","damage_taken":0,"max_hp_gain":0,"max_hp_loss":0,"event_name":"Accursed Blacksmith","floor":2,"gold_loss":0,"cards_upgraded":["UpSweep"]},{"cards_removed":["Defend_MRS"],"damage_healed":0,"gold_gain":0,"player_choice":"Offered Basic","damage_taken":0,"max_hp_gain":0,"max_hp_loss":0,"event_name":"Bonfire Elementals","floor":20,"gold_loss":0},{"damage_healed":0,"gold_gain":0,"player_choice":"Read","damage_taken":0,"max_hp_gain":0,"max_hp_loss":0,"event_name":"The Library","floor":25,"gold_loss":0,"cards_obtained":["MysteriousBeam"]},{"damage_healed":0,"gold_gain":0,"player_choice":"Fight","damage_taken":0,"max_hp_gain":0,"max_hp_loss":0,"event_name":"MindBloom","floor":36,"gold_loss":0},{"damage_healed":0,"gold_gain":0,"player_choice":"Fight","damage_taken":0,"max_hp_gain":0,"max_hp_loss":0,"event_name":"OrinTheCat","floor":38,"gold_loss":0}],"is_beta":false,"boss_relics":[{"not_picked":["Coffee Dripper","Philosopher\u0027s Stone"],"picked":"RampagingMagicTools"},{"not_picked":["Tiny House","Black Star"],"picked":"Calling Bell"}],"items_purged_floors":[],"is_endless":false,"potions_floor_spawned":[4,10,19,21,24,35,36],"killed_by":"Giant Head","ascension_level":0}}