{"host":"op7lvjy5lsqtpdgx","time":1610528516,"event":{"mods":["BaseMod","Minty Spire (QoL Compilation)","StSLib"],"gold_per_floor":[114,129,144,219,234,234,249,264,264,264,41,56,56,86,86,186,186,201,216,141,89,115,145,145,145,145,145,160,169,184,229,229,347,406,421,436,451,59,59,74,104,119,178,128,155,170,179,229,229,238],"floor_reached":51,"language":"ENG","playtime":2625,"items_purged":["Defend_P","Bite"],"score":1074,"play_id":"1db1e2e1-7118-41d3-81af-edd6435d61dc","local_time":"20210113220156","daily_mods":["Cursed Run","Vintage","Lethality"],"is_ascension_mode":false,"campfire_choices":[{"data":"Eruption","floor":6,"key":"SMITH"},{"data":"Vigilance","floor":10,"key":"SMITH"},{"data":"ReachHeaven","floor":15,"key":"SMITH"},{"floor":25,"key":"REST"},{"data":"Study","floor":27,"key":"SMITH"},{"floor":32,"key":"REST"},{"data":"Halt","floor":49,"key":"SMITH"}],"circlet_count":0,"master_deck":["Defend_P+1","Defend_P+1","Defend_P+1","Eruption+1","Vigilance+1","Parasite","EmptyFist+1","Master of Strategy+1","ReachHeaven+1","Injury","LessonLearned+1","Consecrate+1","EmptyFist+1","Study+1","Doubt","Necronomicurse","Bite+1","Bite","Bite+1","Parasite","Blasphemy","EmptyBody+1","Halt+1","Decay","Dark Shackles+1","Enlightenment+1","Secret Technique+1","Writhe","Clumsy"],"relics":["Cursed Key","Darkstone Periapt","Du-Vu Doll","Pen Nib","Happy Flower","PreservedInsect","Potion Belt","Meat on the Bone","Orichalcum","White Beast Statue","Bottled Flame","Smiling Mask","War Paint","SacredBark","Blue Candle","Pantograph","Red Mask","Gremlin Horn","CeramicFish","Necronomicon","Centennial Puzzle","Tiny House","Bronze Scales","Juzu Bracelet","Dream Catcher","FossilizedHelix","Bag of Marbles","InkBottle","Toxic Egg 2","Akabeko","Ginger","Dead Branch"],"acts_visited":["Exordium","TheCity","TheBeyond"],"potions_floor_usage":[5,12,18,19,22,23,23,28,30,33,33,36,36,37,41,46,48,48,50,50],"damage_taken":[{"damage":0,"enemies":"Cultist","floor":1,"turns":2},{"damage":0,"enemies":"Jaw Worm","floor":2,"turns":1},{"damage":18,"enemies":"2 Louse","floor":3,"turns":3},{"damage":3,"enemies":"Exordium Thugs","floor":5,"turns":2},{"damage":1,"enemies":"Exordium Wildlife","floor":7,"turns":3},{"damage":11,"enemies":"Looter","floor":8,"turns":2},{"damage":0,"enemies":"Large Slime","floor":12,"turns":2},{"damage":0,"enemies":"Gremlin Nob","floor":14,"turns":2},{"damage":18,"enemies":"Slime Boss","floor":16,"turns":5},{"damage":13,"enemies":"Shell Parasite","floor":18,"turns":3},{"damage":0,"enemies":"Spheric Guardian","floor":19,"turns":1},{"damage":13,"enemies":"Masked Bandits","floor":22,"turns":5},{"damage":33,"enemies":"Slavers","floor":23,"turns":2},{"damage":12,"enemies":"Snecko","floor":28,"turns":4},{"damage":0,"enemies":"Snake Plant","floor":30,"turns":1},{"damage":2,"enemies":"Collector","floor":33,"turns":2},{"damage":1,"enemies":"Orb Walker","floor":35,"turns":1},{"damage":3,"enemies":"3 Darklings","floor":36,"turns":2},{"damage":0,"enemies":"Writhing Mass","floor":37,"turns":1},{"damage":0,"enemies":"Jaw Worm Horde","floor":40,"turns":2},{"damage":1,"enemies":"Reptomancer","floor":41,"turns":1},{"damage":1,"enemies":"Maw","floor":42,"turns":4},{"damage":0,"enemies":"3 Darklings","floor":46,"turns":1},{"damage":1,"enemies":"Mind Bloom Boss Battle","floor":48,"turns":3},{"damage":0,"enemies":"Donu and Deca","floor":50,"turns":2}],"seed_played":"-4624312993155624390","potions_obtained":[{"floor":2,"key":"Ambrosia"},{"floor":3,"key":"Fire Potion"},{"floor":5,"key":"LiquidBronze"},{"floor":8,"key":"FearPotion"},{"floor":12,"key":"Block Potion"},{"floor":14,"key":"Fire Potion"},{"floor":16,"key":"Strength Potion"},{"floor":18,"key":"Ancient Potion"},{"floor":19,"key":"Weak Potion"},{"floor":22,"key":"PowerPotion"},{"floor":23,"key":"AttackPotion"},{"floor":28,"key":"Strength Potion"},{"floor":30,"key":"BottledMiracle"},{"floor":33,"key":"SpeedPotion"},{"floor":34,"key":"Weak Potion"},{"floor":35,"key":"BlessingOfTheForge"},{"floor":36,"key":"BlessingOfTheForge"},{"floor":37,"key":"GamblersBrew"},{"floor":40,"key":"DistilledChaos"},{"floor":41,"key":"AttackPotion"},{"floor":42,"key":"DuplicationPotion"},{"floor":46,"key":"Ancient Potion"},{"floor":48,"key":"Swift Potion"}],"is_trial":false,"path_per_floor":["M","M","M","?","M","R","M","M","T","R","$","M","?","E","R","B",null,"M","M","?","$","?","E","?","R","T","R","M","?","M","?","R","B",null,"M","M","M","$","?","M","E","M","T","$","?","M","?","?","R","B",null],"character_chosen":"WATCHER","items_purchased":["EmptyFist","Master of Strategy","Consecrate","Halt","FossilizedHelix"],"campfire_rested":2,"item_purchase_floors":[11,11,21,38,38],"current_hp_per_floor":[72,72,54,43,40,40,39,40,46,46,46,46,52,52,52,52,90,77,77,77,77,64,43,43,70,76,76,66,56,58,58,88,108,113,112,113,113,113,113,113,113,112,118,118,108,108,125,125,125,131],"gold":238,"neow_bonus":"","is_daily":true,"chose_seed":false,"campfire_upgraded":5,"win_rate":0.0,"timestamp":1610528516,"path_taken":["M","M","M","?","M","R","M","M","T","R","$","M","?","E","R","BOSS","M","M","?","$","?","E","?","R","T","R","?","?","M","?","R","BOSS","M","M","M","$","?","M","E","M","T","$","?","M","?","?","R","BOSS"],"items_purchased_type":["Card","Card","Card","Card","Relic"],"build_version":"2020-12-22","purchased_purges":2,"victory":true,"max_hp_per_floor":[72,72,72,72,72,72,72,72,78,78,78,78,84,84,84,90,90,90,90,90,90,90,90,90,90,96,96,96,102,102,102,102,108,113,113,113,113,113,113,113,113,113,119,119,119,119,125,125,125,131],"card_choices":[{"not_picked":["Crescendo","Fasting2"],"picked":"ReachHeaven","floor":14},{"not_picked":["Alpha","Devotion"],"picked":"LessonLearned","floor":16},{"not_picked":["Protect","JustLucky"],"picked":"EmptyFist+1","floor":22},{"not_picked":["Wish","CutThroughFate"],"picked":"Study","floor":23},{"not_picked":["Wish","DeusExMachina"],"picked":"Blasphemy","floor":33},{"not_picked":["JustLucky","Protect"],"picked":"EmptyBody","floor":34},{"not_picked":["EmptyBody+1","JustLucky","CutThroughFate+1"],"picked":"SKIP","floor":41},{"not_picked":["Discovery+1","Blind+1"],"picked":"Dark Shackles+1","floor":45},{"not_picked":["Secret Technique+1","Transmutation+1"],"picked":"Enlightenment+1","floor":45},{"not_picked":["Discovery+1","Forethought+1"],"picked":"Secret Technique+1","floor":45}],"player_experience":166417,"relics_obtained":[{"floor":1,"key":"Pen Nib"},{"floor":2,"key":"Happy Flower"},{"floor":3,"key":"PreservedInsect"},{"floor":5,"key":"Potion Belt"},{"floor":7,"key":"Meat on the Bone"},{"floor":8,"key":"Orichalcum"},{"floor":9,"key":"White Beast Statue"},{"floor":12,"key":"Bottled Flame"},{"floor":14,"key":"War Paint"},{"floor":18,"key":"Blue Candle"},{"floor":19,"key":"Pantograph"},{"floor":22,"key":"Red Mask"},{"floor":23,"key":"Blood Vial"},{"floor":26,"key":"Gremlin Horn"},{"floor":28,"key":"CeramicFish"},{"floor":29,"key":"Necronomicon"},{"floor":30,"key":"Centennial Puzzle"},{"floor":35,"key":"Bronze Scales"},{"floor":36,"key":"Juzu Bracelet"},{"floor":37,"key":"Dream Catcher"},{"floor":40,"key":"Bag of Marbles"},{"floor":41,"key":"InkBottle"},{"floor":42,"key":"Toxic Egg 2"},{"floor":43,"key":"Akabeko"},{"floor":46,"key":"Ginger"},{"floor":48,"key":"Dead Branch"}],"event_choices":[{"damage_healed":0,"gold_gain":75,"player_choice":"Gather Gold","damage_taken":11,"max_hp_gain":0,"max_hp_loss":0,"event_name":"World of Goop","floor":4,"gold_loss":0},{"damage_healed":0,"gold_gain":0,"player_choice":"Box","damage_taken":0,"relics_obtained":["Smiling Mask"],"max_hp_gain":0,"max_hp_loss":0,"event_name":"Big Fish","floor":13,"gold_loss":0,"cards_obtained":["Regret"]},{"cards_removed":["Regret"],"damage_healed":0,"gold_gain":0,"player_choice":"Gave Gold","damage_taken":0,"max_hp_gain":0,"max_hp_loss":0,"event_name":"Beggar","floor":20,"gold_loss":75},{"damage_healed":0,"gold_gain":0,"player_choice":"Fought Bandits","damage_taken":0,"max_hp_gain":0,"max_hp_loss":0,"event_name":"Masked Bandits","floor":22,"gold_loss":0},{"damage_healed":0,"gold_gain":0,"player_choice":"Ignored","damage_taken":0,"max_hp_gain":0,"max_hp_loss":0,"event_name":"Fountain of Cleansing","floor":24,"gold_loss":0},{"damage_healed":0,"gold_gain":0,"player_choice":"Obtained Book","damage_taken":16,"max_hp_gain":0,"max_hp_loss":0,"event_name":"Cursed Tome","floor":29,"gold_loss":0},{"damage_healed":0,"gold_gain":0,"player_choice":"Became a vampire (Vial)","damage_taken":0,"max_hp_gain":0,"max_hp_loss":0,"event_name":"Vampires","floor":31,"relics_lost":["Blood Vial"],"gold_loss":0,"cards_obtained":["Bite","Bite","Bite","Bite","Bite"]},{"cards_removed":["Bite"],"damage_healed":0,"gold_gain":0,"player_choice":"Card Removal","damage_taken":0,"max_hp_gain":0,"max_hp_loss":0,"event_name":"Wheel of Change","floor":39,"gold_loss":0},{"damage_healed":0,"gold_gain":0,"player_choice":"Memory 3","damage_taken":10,"max_hp_gain":0,"max_hp_loss":0,"event_name":"SensoryStone","floor":45,"gold_loss":0},{"damage_healed":30,"gold_gain":0,"player_choice":"Writhe","damage_taken":0,"max_hp_gain":0,"max_hp_loss":0,"event_name":"Winding Halls","floor":47,"gold_loss":0,"cards_obtained":["Writhe"]},{"damage_healed":0,"gold_gain":0,"player_choice":"Fight","damage_taken":0,"max_hp_gain":0,"max_hp_loss":0,"event_name":"MindBloom","floor":48,"gold_loss":0}],"is_beta":false,"boss_relics":[{"not_picked":["Ectoplasm","Empty Cage"],"picked":"SacredBark"},{"not_picked":["Black Star","Velvet Choker"],"picked":"Tiny House"}],"items_purged_floors":[38,44],"is_endless":false,"potions_floor_spawned":[2,3,5,8,12,14,16,18,19,22,23,28,30,33,35,36,37,40,41,42,46,48],"ascension_level":0}}