{"host":"natui9yr7uuq78xo","time":1610504727,"event":{"mods":["BaseMod","Better Third Choice","BetterRewards","Mad Scientist","Minty Spire (QoL Compilation)","StSLib"],"gold_per_floor":[110,123,142,152,9,9,37,37,85,116,116,116,145,111,111,111,111],"floor_reached":16,"language":"ENG","playtime":777,"items_purged":["MadScienceMod:Strike_MadScience"],"score":108,"play_id":"43bfff12-2d65-4349-b345-a82a7b873aba","local_time":"20210112162527","is_ascension_mode":false,"campfire_choices":[{"data":"MadScienceMod:LightOnFire","floor":6.0,"key":"SMITH"},{"data":"MadScienceMod:NowOrNever","floor":8.0,"key":"SMITH"},{"data":"MadScienceMod:Strafe","floor":11.0,"key":"SMITH"},{"floor":15.0,"key":"REST"}],"circlet_count":0,"master_deck":["MadScienceMod:Strike_MadScience","MadScienceMod:Strike_MadScience","MadScienceMod:Strike_MadScience","MadScienceMod:Defend_MadScience","MadScienceMod:Defend_MadScience","MadScienceMod:Defend_MadScience","MadScienceMod:Defend_MadScience","MadScienceMod:PoweredStrike","MadScienceMod:HideBehindJunk","MadScienceMod:NowOrNever+1","MadScienceMod:ShrinkRay","MadScienceMod:LightOnFire+1","MadScienceMod:MechanicalClaw","MadScienceMod:AssemblyLine","MadScienceMod:RadioactiveSword","MadScienceMod:Strafe+1","MadScienceMod:Weaponize"],"relics":["MadScienceMod:FuelTank","NeowsBlessing","Darkstone Periapt","MadScienceMod:DoomsdayDevice","Juzu Bracelet","Lantern","Odd Mushroom","betterThird:SlimedRelic"],"acts_visited":["Exordium"],"potions_floor_usage":[],"damage_taken":[{"damage":0.0,"enemies":"Jaw Worm","floor":1.0,"turns":1.0},{"damage":0.0,"enemies":"Small Slimes","floor":2.0,"turns":1.0},{"damage":0.0,"enemies":"Cultist","floor":3.0,"turns":1.0},{"damage":0.0,"enemies":"Looter","floor":4.0,"turns":4.0},{"damage":16.0,"enemies":"3 Sentries","floor":7.0,"turns":9.0},{"damage":4.0,"enemies":"Lagavulin","floor":10.0,"turns":7.0},{"damage":8.0,"enemies":"The Mushroom Lair","floor":13.0,"turns":6.0},{"damage":0,"enemies":"The Guardian","floor":16,"turns":1}],"seed_played":"1966505188515565120","potions_obtained":[{"floor":1.0,"key":"EntropicBrew"},{"floor":2.0,"key":"PowerPotion"},{"floor":7.0,"key":"LiquidMemories"}],"is_trial":false,"path_per_floor":["M","M","M","M","$","R","E","R","T","E","R","?","?","?","R","B"],"character_chosen":"MAD_SCIENTIST","items_purchased":["MadScienceMod:AssemblyLine"],"campfire_rested":1,"item_purchase_floors":[5],"current_hp_per_floor":[75,75,75,75,75,75,59,59,59,55,55,40,32,21,43,43,43],"gold":111,"neow_bonus":"THREE_ENEMY_KILL","is_daily":false,"chose_seed":false,"campfire_upgraded":3,"win_rate":0.0,"timestamp":1610504727,"path_taken":["M","M","M","M","$","R","E","R","T","E","R","?","?","?","R","BOSS"],"items_purchased_type":["Card"],"build_version":"2020-12-22","purchased_purges":1,"victory":false,"max_hp_per_floor":[75,75,75,75,75,75,75,75,75,75,75,75,75,75,75,75,75],"card_choices":[{"not_picked":["MadScienceMod:ExploreOptions","MadScienceMod:Refuel"],"picked":"MadScienceMod:NowOrNever","floor":1.0},{"not_picked":["MadScienceMod:OilDrum","MadScienceMod:Strafe"],"picked":"MadScienceMod:ShrinkRay","floor":2.0},{"not_picked":["MadScienceMod:Detonate","MadScienceMod:MechanicalClaw"],"picked":"MadScienceMod:LightOnFire","floor":3.0},{"not_picked":["MadScienceMod:OilDrum","MadScienceMod:Reconstitute"],"picked":"MadScienceMod:MechanicalClaw","floor":4.0},{"not_picked":["MadScienceMod:Strafe","MadScienceMod:FlameCannon"],"picked":"MadScienceMod:RadioactiveSword","floor":7.0},{"not_picked":["MadScienceMod:LightOnFire","MadScienceMod:ImposingConstruct"],"picked":"MadScienceMod:Strafe","floor":10.0},{"not_picked":["MadScienceMod:Strafe","MadScienceMod:Refuel"],"picked":"MadScienceMod:Weaponize","floor":13.0}],"player_experience":323319,"relics_obtained":[{"floor":7.0,"key":"Darkstone Periapt"},{"floor":9.0,"key":"MadScienceMod:DoomsdayDevice"},{"floor":10.0,"key":"Juzu Bracelet"},{"floor":13.0,"key":"Odd Mushroom"}],"event_choices":[{"damage_healed":0.0,"max_hp_gain":0.0,"max_hp_loss":0.0,"gold_gain":1.0,"event_name":"betterThird:BetterScrap","player_choice":"Relic ","floor":12.0,"gold_loss":0.0,"damage_taken":15.0,"cards_obtained":["Dropkick"]},{"damage_healed":0.0,"max_hp_gain":0.0,"max_hp_loss":0.0,"gold_gain":0.0,"event_name":"Mushrooms","player_choice":"Fought Mushrooms","floor":13.0,"gold_loss":0.0,"damage_taken":0.0},{"damage_healed":0.0,"max_hp_gain":0.0,"max_hp_loss":0.0,"gold_gain":0.0,"event_name":"betterThird:BetterGoop","player_choice":"Slimed","floor":14.0,"gold_loss":34.0,"damage_taken":11.0}],"is_beta":false,"boss_relics":[],"items_purged_floors":[5],"is_endless":false,"potions_floor_spawned":[1,2,7],"killed_by":"The Guardian","ascension_level":0}}