{"host":"5sk1kyhk9t88vdet","time":1610532257,"event":{"mods":["2.2 Compatiblity","AchievementEnabler","Aspiration","BaseMod","BetterRewards","Challenge The Spire","Colored Map","Colored Powertips","Conspire","Downfall","Energized Spire","Friendly Minions","GifTheSpireLib","Halation","Hermit","Hubris","Hunter ??","Infinite Spire","Kiyohime????","Marisa????????","Mimic Mod","Minty Spire (QoL Compilation)","Rare Cards Sparkle","Remilia??????","Replay The Spire","Spikes Relics","StSLib","Stuff the Spire","The Animator","The Bug Knight","The Construct","The Cursed","The Disciple","The Elementalist","The Hierophant","The Judge","The Mystic","The Necromancer","The Problem Sleuth","The Servant 0.9.4","The Wild Card","Yuyuko","vexMod"],"gold_per_floor":[99,113,123,137,54,73,73,73,73,73],"floor_reached":8,"language":"RUS","playtime":526,"items_purged":[],"score":48,"play_id":"95e50ca7-316d-4062-8e3d-101ef383d27c","local_time":"20210113130417","is_ascension_mode":false,"campfire_choices":[{"data":"Slimebound:Strike_Slimebound","floor":1,"key":"SMITH"}],"circlet_count":0,"master_deck":["Slimebound:Strike_Slimebound+1","Slimebound:Strike_Slimebound","Slimebound:Strike_Slimebound","Slimebound:Tackle","Slimebound:Defend_Slimebound","Slimebound:Defend_Slimebound","Slimebound:Defend_Slimebound","Slimebound:Defend_Slimebound","Slimebound:Split","Slimebound:CorrosiveSpit","Slimebound:GoopSpray","Slimebound:PressTheAttack","Slimebound:SlimeSpikes","Slimebound:SamplingLick","Slimebound:HauntingLick","Slimebound:SlimeSpikes"],"relics":["Slimebound:AbsorbEndCombat"],"acts_visited":["Exordium"],"potions_floor_usage":[5],"damage_taken":[{"damage":7,"enemies":"2 Louse","floor":2,"turns":3},{"damage":7,"enemies":"conspire:RoseBush","floor":3,"turns":2},{"damage":17,"enemies":"Jaw Worm","floor":4,"turns":3},{"damage":7,"enemies":"downfall:FleeingMerchant","floor":5,"turns":4},{"damage":19,"enemies":"conspire:2 RoseBushes","floor":6,"turns":4},{"damage":72,"enemies":"Gremlin Nob","floor":8,"turns":4}],"seed_played":"-163534197272870266","potions_obtained":[{"floor":2,"key":"SpeedPotion"},{"floor":3,"key":"Block Potion"}],"is_trial":false,"path_per_floor":["R_BF","M","M","M","$","M","T","E"],"character_chosen":"SLIMEBOUND","items_purchased":["Slimebound:HauntingLick"],"campfire_rested":0,"item_purchase_floors":[5],"current_hp_per_floor":[66,63,63,58,66,59,59,0,0,0],"gold":73,"neow_bonus":"TEN_PERCENT_HP_BONUS","is_daily":false,"chose_seed":false,"campfire_upgraded":1,"win_rate":0.0,"timestamp":1610532257,"path_taken":["R_BF","M","M","M","$","M","T","E"],"items_purchased_type":["Card"],"build_version":"2020-12-22","purchased_purges":0,"victory":false,"max_hp_per_floor":[66,66,66,66,66,66,66,66,66,66],"card_choices":[{"not_picked":["Slimebound:Dissolve","Slimebound:FinishingTackle"],"picked":"Slimebound:GoopSpray","floor":2},{"not_picked":["Slimebound:SpikyOuterGoop","Slimebound:SplitMire"],"picked":"Slimebound:PressTheAttack","floor":3},{"not_picked":["Slimebound:LeechingTouch","Slimebound:ItLooksTasty"],"picked":"Slimebound:SlimeSpikes","floor":4},{"not_picked":["Slimebound:SplitLeeching","Slimebound:FinishingTackle"],"picked":"Slimebound:SamplingLick","floor":5},{"not_picked":["Slimebound:Nibble","Slimebound:LeechingTouch"],"picked":"Slimebound:SlimeSpikes","floor":6}],"player_experience":98807,"relics_obtained":[],"event_choices":[],"is_beta":false,"boss_relics":[],"items_purged_floors":[],"is_endless":false,"potions_floor_spawned":[2,3],"killed_by":"Gremlin Nob","ascension_level":0}}