{"host":"txhhdwa0hqfs4jhb","time":1610537856,"event":{"mods":["BaseMod","Better Third Choice","Filter the Spire","Minty Spire (QoL Compilation)","Relic Stats","Replay The Spire","StSLib","Thieving Mod"],"gold_per_floor":[112,37,51,63,63,63,89,89,166,193,93,93,103,130,130,235,285,300,318,2,2,2,2,33,46,46,62,62,76,76,108,108,209,209,224,224,74,87,132,132,165,175,199,13,29,29,29,42,42,42],"floor_reached":51,"language":"ENG","playtime":2403,"items_purged":["Eruption","Strike_P","Wireheading+1","Strike_P+1"],"score":1062,"play_id":"e8a2d2ed-43e6-4658-a1fb-91f6f8ec216a","local_time":"20210113113736","is_ascension_mode":true,"campfire_choices":[{"data":"Defend_P","floor":6.0,"key":"SMITH"},{"data":"Defend_P","floor":8.0,"key":"SMITH"},{"floor":12.0,"key":"REST"},{"data":"Strike_P","floor":15.0,"key":"PURGE"},{"floor":23.0,"key":"REST"},{"data":"Defend_P","floor":30.0,"key":"SMITH"},{"data":"Defend_P","floor":32.0,"key":"SMITH"},{"data":"Defend_P","floor":40,"key":"SMITH"},{"floor":46,"key":"REST"},{"floor":49,"key":"REST"}],"circlet_count":0,"master_deck":["Defend_P","Defend_P+3","Vigilance+1","DevaForm+1","PathToVictory+1","InnerPeace+1","PathToVictory+1","Perseverance+1","Vault+1","InnerPeace+1","Venomology+1","Sadistic Nature+1","Conserve Battery+1","Replay:Anticipation+1"],"relics":["Astrolabe","Orichalcum","Ancient Tea Set","Toxic Egg 2","Tiny Chest","Oddly Smooth Stone","FossilizedHelix","Tiny House","BargainBundle","Durian","Letter Opener","Juzu Bracelet","Replay:Wax Seal","Potion Belt","Simple Rune","PrismaticShard","Frozen Egg 2","Painkiller Herb","Ring of Searing","Pear","Lantern","Boot","Gremlin Food","Replay:Rubber Ducky"],"acts_visited":["Exordium","TheCity","TheBeyond"],"potions_floor_usage":[42,45,45,48,50,50,50],"damage_taken":[{"damage":2.0,"enemies":"Small Slimes","floor":1.0,"turns":3.0},{"damage":0.0,"enemies":"Cultist","floor":3.0,"turns":3.0},{"damage":6.0,"enemies":"Jaw Worm","floor":4.0,"turns":4.0},{"damage":0.0,"enemies":"Lagavulin","floor":7.0,"turns":6.0},{"damage":34.0,"enemies":"3 Sentries","floor":10.0,"turns":13.0},{"damage":7.0,"enemies":"3 Louse","floor":13.0,"turns":3.0},{"damage":2.0,"enemies":"Lagavulin","floor":14.0,"turns":5.0},{"damage":15.0,"enemies":"Fading Forest","floor":16.0,"turns":11.0},{"damage":20.0,"enemies":"2 Thieves","floor":18.0,"turns":4.0},{"damage":0.0,"enemies":"3 Byrds","floor":19.0,"turns":3.0},{"damage":14.0,"enemies":"Book of Stabbing","floor":24.0,"turns":3.0},{"damage":0.0,"enemies":"Cultist and Chosen","floor":25.0,"turns":5.0},{"damage":10.0,"enemies":"Snake Plant","floor":27.0,"turns":3.0},{"damage":8.0,"enemies":"Shelled Parasite and Fungi","floor":29.0,"turns":4.0},{"damage":0.0,"enemies":"Slavers","floor":31.0,"turns":5.0},{"damage":0.0,"enemies":"Automaton","floor":33.0,"turns":8.0},{"damage":0.0,"enemies":"3 Darklings","floor":35.0,"turns":4.0},{"damage":0,"enemies":"Orb Walker","floor":38,"turns":2},{"damage":1,"enemies":"Nemesis","floor":41,"turns":6},{"damage":9,"enemies":"3 Darklings","floor":42,"turns":3},{"damage":0,"enemies":"Writhing Mass","floor":45,"turns":3},{"damage":10,"enemies":"Transient","floor":48,"turns":4},{"damage":21,"enemies":"Time Eater","floor":50,"turns":7}],"seed_played":"-1612929178950746016","potions_obtained":[{"floor":3.0,"key":"Languid Potion"},{"floor":7.0,"key":"Elixir"},{"floor":10.0,"key":"SpeedPotion"},{"floor":16.0,"key":"Adrenaline Potion"},{"floor":17.0,"key":"ThievingMod:ThievingPotion"},{"floor":33.0,"key":"Swift Potion"},{"floor":38,"key":"LiquidMemories"},{"floor":45,"key":"Reflective Coating"}],"is_trial":false,"path_per_floor":["M","$","M","M","?","R","E","R","T","E","$","R","M","E","R","B",null,"M","M","$","?","T","R","E","M","T","M","$","M","R","E","R","B",null,"?","?","T","?","?","T","E","?","T","T","?","T","T","?","T","B",null],"character_chosen":"WATCHER","items_purchased":["BargainBundle","FairyPotion","FairyPotion","Durian","Sadistic Nature+1"],"campfire_rested":4,"item_purchase_floors":[20,20,20,20,44],"current_hp_per_floor":[70,70,70,64,64,64,64,64,64,30,30,51,44,42,42,55,77,57,57,62,62,62,82,68,68,68,58,58,50,50,50,50,50,82,82,82,92,92,69,69,68,59,59,59,59,86,86,76,92,71],"gold":42,"neow_bonus":"BOSS_RELIC","is_daily":false,"chose_seed":false,"campfire_upgraded":5,"win_rate":0.0,"timestamp":1610537856,"path_taken":["M","$","M","M","?","R","E","R","T","E","$","R","?","E","R","BOSS","M","?","$","?","?","R","E","M","T","M","$","M","R","E","R","BOSS","?","?","T","?","?","T","E","?","T","?","?","T","?","?","T","BOSS"],"items_purchased_type":["Relic","Potion","Potion","Relic","Card"],"build_version":"2020-12-22","purchased_purges":4,"victory":true,"max_hp_per_floor":[72,72,72,72,72,72,72,72,72,72,72,72,72,72,72,72,77,77,77,82,82,82,82,82,82,82,82,82,82,82,82,82,82,82,82,82,92,92,92,92,92,92,92,92,92,92,92,92,92,92],"relic_stats":{"counters":[23,112],"Astrolabe":["DevaForm","PathToVictory","Wireheading"],"Tiny Chest":2,"Juzu Bracelet":0,"Letter Opener":[248],"Orichalcum":[222],"Boot":[0],"obtain_stats":[{"Lantern":37,"Tiny House":17,"Painkiller Herb":34,"Juzu Bracelet":24,"Ancient Tea Set":7,"PrismaticShard":28,"Boot":41,"Ring of Searing":36,"Replay:Rubber Ducky":47,"Tiny Chest":10,"Toxic Egg 2":9,"Replay:Wax Seal":26,"Potion Belt":28,"Gremlin Food":43,"BargainBundle":20,"Pear":37,"Astrolabe":0,"Oddly Smooth Stone":11,"Letter Opener":22,"Orichalcum":2,"Frozen Egg 2":31,"Simple Rune":28,"Durian":20,"PureWater":0,"FossilizedHelix":14},{"Lantern":17,"Tiny House":8,"Painkiller Herb":16,"Juzu Bracelet":11,"Ancient Tea Set":4,"PrismaticShard":13,"Boot":19,"Ring of Searing":17,"Replay:Rubber Ducky":21,"Tiny Chest":5,"Toxic Egg 2":4,"Replay:Wax Seal":12,"Potion Belt":13,"Gremlin Food":20,"BargainBundle":10,"Pear":17,"Astrolabe":0,"Oddly Smooth Stone":5,"Letter Opener":10,"Orichalcum":1,"Frozen Egg 2":15,"Simple Rune":13,"Durian":10,"PureWater":0,"FossilizedHelix":7},{"Lantern":87,"Tiny House":48,"Painkiller Herb":83,"Juzu Bracelet":58,"Ancient Tea Set":16,"PrismaticShard":66,"Boot":95,"Ring of Searing":87,"Replay:Rubber Ducky":101,"Tiny Chest":29,"Toxic Egg 2":16,"Replay:Wax Seal":63,"Potion Belt":66,"Gremlin Food":98,"BargainBundle":55,"Pear":87,"Astrolabe":0,"Oddly Smooth Stone":29,"Letter Opener":55,"Orichalcum":3,"Frozen Egg 2":75,"Simple Rune":66,"Durian":55,"PureWater":0,"FossilizedHelix":37}]},"card_choices":[{"not_picked":["ClearTheMind","Protect","FollowUp"],"picked":"SKIP","floor":1.0},{"not_picked":["BattleHymn","Consecrate","WaveOfTheHand"],"picked":"SKIP","floor":3.0},{"not_picked":["FlurryOfBlows","Vengeance","Consecrate"],"picked":"SKIP","floor":4.0},{"not_picked":["MasterReality","WreathOfFlame","Weave"],"picked":"SKIP","floor":7.0},{"not_picked":["JustLucky","CutThroughFate","Halt+1"],"picked":"SKIP","floor":10.0},{"not_picked":["EmptyBody+1","Adaptation","Protect+1"],"picked":"SKIP","floor":13.0},{"not_picked":["EmptyFist","WreathOfFlame+1","Evaluate+1"],"picked":"SKIP","floor":14.0},{"not_picked":["FlyingSleeves","Evaluate+1"],"picked":"InnerPeace+1","floor":17.0},{"not_picked":["Sanctity+1","Replay:AtTheReady+1"],"picked":"PathToVictory+1","floor":18.0},{"not_picked":["Replay:Battleflow+1","FlurryOfBlows","Meditate+1"],"picked":"SKIP","floor":19.0},{"not_picked":["DeceiveReality+1","JustLucky"],"picked":"Perseverance+1","floor":24.0},{"not_picked":["FlurryOfBlows+1","WaveOfTheHand+1","EmptyMind+1"],"picked":"SKIP","floor":25.0},{"not_picked":["FlurryOfBlows","Meditate+1","Replay:ManipulateFuture+1"],"picked":"SKIP","floor":27.0},{"not_picked":["Replay:Sssssssssstrike","ReplaySort+1","EmptyBody+1"],"picked":"SKIP","floor":29.0},{"not_picked":["Hidden Blade+1","Iron Wave","EmptyFist"],"picked":"SKIP","floor":31.0},{"not_picked":["Scrawl+1","Hyperbeam"],"picked":"Vault+1","floor":33.0},{"not_picked":["Perfected Strike+1","Heel Hook+1"],"picked":"InnerPeace+1","floor":35.0},{"not_picked":["WindmillStrike","CutThroughFate","ReplayTheSpireMod:Scrap Shanks+1"],"picked":"SKIP","floor":38},{"not_picked":["Backflip+1","Quick Slash+1"],"picked":"Venomology+1","floor":41},{"not_picked":["Prostrate+1","Searing Blow","BowlingBash+1"],"picked":"SKIP","floor":42},{"not_picked":["FlyingSleeves+1","Crescendo+1"],"picked":"Conserve Battery+1","floor":45},{"not_picked":["Steam+1","Iron Wave"],"picked":"Replay:Anticipation+1","floor":48}],"player_experience":242655,"relics_obtained":[{"floor":7.0,"key":"Ancient Tea Set"},{"floor":9.0,"key":"Toxic Egg 2"},{"floor":10.0,"key":"Tiny Chest"},{"floor":14.0,"key":"FossilizedHelix"},{"floor":22.0,"key":"Letter Opener"},{"floor":24.0,"key":"Juzu Bracelet"},{"floor":26.0,"key":"Replay:Wax Seal"},{"floor":31.0,"key":"Frozen Egg 2"},{"floor":36.0,"key":"Ring of Searing"},{"floor":41,"key":"Boot"},{"floor":43,"key":"Gremlin Food"},{"floor":47,"key":"Replay:Rubber Ducky"}],"event_choices":[{"damage_healed":0.0,"max_hp_gain":0.0,"max_hp_loss":0.0,"gold_gain":0.0,"event_name":"Accursed Blacksmith","player_choice":"Forge","floor":5.0,"gold_loss":0.0,"damage_taken":0.0,"cards_upgraded":["Vigilance"]},{"damage_healed":0.0,"max_hp_gain":0.0,"max_hp_loss":0.0,"gold_gain":0.0,"event_name":"Ghosts","player_choice":"Ignored","floor":21.0,"gold_loss":0.0,"damage_taken":0.0}],"is_beta":false,"boss_relics":[{"not_picked":["SlaversCollar","Cursed Key"],"picked":"Tiny House"},{"not_picked":["Honey Jar","Replay:Drink Me"],"picked":"Painkiller Herb"}],"items_purged_floors":[2,11,20,37],"is_endless":false,"potions_floor_spawned":[3,7,10,16,18,24,25,33,38,41,45],"ascension_level":3}}