{"host":"91ruqvp7hiryodqd","time":1610553746,"event":{"mods":["AchievementEnabler","BaseMod","Colored Map","Colored Powertips","Filter the Spire","Minty Spire (QoL Compilation)","Relic Stats","StSLib"],"gold_per_floor":[112,128,146,2,20,20,46,65,65,91,107,107,136,146,146,247,297,316,336,108,108,128,163,73,91,91,91,116,116,16,44,44,144,144,157,157,174,224,244,244,263,263,290,339,353,147,162,178,178,178,178],"floor_reached":50,"language":"ENG","playtime":4236,"items_purged":["Strike_P","Defend_P+1","Parasite"],"score":576,"play_id":"5528c0ef-c6b1-4c4b-ad12-3ca2fd6c2e3d","local_time":"20210113230226","is_ascension_mode":false,"campfire_choices":[{"data":"BowlingBash","floor":6.0,"key":"SMITH"},{"data":"Establishment","floor":12.0,"key":"SMITH"},{"floor":15.0,"key":"REST"},{"floor":27.0,"key":"REST"},{"floor":32.0,"key":"REST"},{"floor":40,"key":"REST"},{"floor":42,"key":"REST"},{"floor":49,"key":"REST"}],"circlet_count":0,"master_deck":["Eruption+1","Vigilance+1","InnerPeace+1","Perseverance+1","FlurryOfBlows+1","EmptyBody+1","BowlingBash+1","Establishment+1","Protect+1","JustLucky+1","Vengeance+1","Indignation+1","CarveReality+1","LessonLearned+1","DeusExMachina+1","ThirdEye+1","Consecrate+1","FlyingSleeves+1","FlurryOfBlows+1","EmptyBody+1","Protect+1","CutThroughFate+1","WindmillStrike+1","Pray+1","Crescendo+1"],"relics":["Astrolabe","HandDrill","Nunchaku","Pocketwatch","Du-Vu Doll","Mercury Hourglass","Tiny House","Frozen Eye","PreservedInsect","Bottled Lightning","Sundial","Smiling Mask","Sozu","Ice Cream","Dream Catcher","Bird Faced Urn","Regal Pillow"],"acts_visited":["Exordium","TheCity","TheBeyond"],"potions_floor_usage":[],"damage_taken":[{"damage":0.0,"enemies":"Cultist","floor":1.0,"turns":5.0},{"damage":0.0,"enemies":"Small Slimes","floor":2.0,"turns":2.0},{"damage":0.0,"enemies":"2 Louse","floor":3.0,"turns":2.0},{"damage":11.0,"enemies":"Lots of Slimes","floor":5.0,"turns":7.0},{"damage":4.0,"enemies":"3 Sentries","floor":7.0,"turns":10.0},{"damage":3.0,"enemies":"Looter","floor":8.0,"turns":5.0},{"damage":0.0,"enemies":"Lagavulin","floor":10.0,"turns":6.0},{"damage":3.0,"enemies":"Exordium Thugs","floor":11.0,"turns":4.0},{"damage":0.0,"enemies":"Gremlin Nob","floor":13.0,"turns":2.0},{"damage":13.0,"enemies":"Red Slaver","floor":14.0,"turns":2.0},{"damage":24.0,"enemies":"The Guardian","floor":16.0,"turns":8.0},{"damage":3.0,"enemies":"Chosen","floor":18.0,"turns":3.0},{"damage":5.0,"enemies":"Shell Parasite","floor":19.0,"turns":7.0},{"damage":17.0,"enemies":"Snake Plant","floor":22.0,"turns":4.0},{"damage":23.0,"enemies":"Book of Stabbing","floor":23.0,"turns":5.0},{"damage":0.0,"enemies":"Snecko","floor":25.0,"turns":3.0},{"damage":21.0,"enemies":"Slavers","floor":28.0,"turns":4.0},{"damage":2.0,"enemies":"Book of Stabbing","floor":31.0,"turns":4.0},{"damage":25.0,"enemies":"Collector","floor":33.0,"turns":8.0},{"damage":0.0,"enemies":"Orb Walker","floor":35.0,"turns":3.0},{"damage":2,"enemies":"3 Shapes","floor":37,"turns":4},{"damage":15,"enemies":"Mind Bloom Boss Battle","floor":38,"turns":6},{"damage":14,"enemies":"3 Darklings","floor":39,"turns":4},{"damage":5,"enemies":"Writhing Mass","floor":41,"turns":6},{"damage":30,"enemies":"2 Orb Walkers","floor":44,"turns":4},{"damage":28,"enemies":"Jaw Worm Horde","floor":45,"turns":4},{"damage":0,"enemies":"Transient","floor":47,"turns":5},{"damage":0,"enemies":"4 Shapes","floor":48,"turns":3},{"damage":60,"enemies":"Donu and Deca","floor":50,"turns":5}],"seed_played":"5933620203230104197","potions_obtained":[{"floor":1.0,"key":"Strength Potion"},{"floor":3.0,"key":"LiquidMemories"},{"floor":5.0,"key":"Swift Potion"},{"floor":8.0,"key":"ColorlessPotion"},{"floor":14.0,"key":"EssenceOfSteel"},{"floor":17.0,"key":"LiquidBronze"},{"floor":18.0,"key":"Swift Potion"},{"floor":25.0,"key":"FearPotion"},{"floor":28.0,"key":"ColorlessPotion"},{"floor":31.0,"key":"AttackPotion"}],"is_trial":false,"path_per_floor":["M","M","M","$","M","R","E","M","T","E","M","R","E","M","R","B",null,"M","M","$","?","M","E","?","M","T","R","E","?","$","E","R","B",null,"M","?","M","?","M","R","M","R","T","?","M","$","M","M","R","B"],"character_chosen":"WATCHER","items_purchased":["HandDrill","Frozen Eye","Regal Pillow"],"campfire_rested":6,"item_purchase_floors":[4,20,46],"current_hp_per_floor":[72,72,72,72,61,61,57,54,54,54,51,51,51,38,59,35,77,74,69,69,69,52,29,29,29,29,52,31,31,31,29,52,27,77,77,73,71,56,42,63,58,73,73,43,17,17,19,21,57,0,0],"gold":178,"neow_bonus":"BOSS_RELIC","is_daily":false,"chose_seed":false,"campfire_upgraded":2,"win_rate":0.0,"timestamp":1610553746,"path_taken":["M","M","M","?","M","R","E","M","T","E","M","R","E","M","R","BOSS","M","M","$","?","M","E","?","?","T","R","E","?","?","E","R","BOSS","M","?","M","?","M","R","M","R","T","?","M","?","?","M","R","BOSS"],"items_purchased_type":["Relic","Relic","Relic"],"build_version":"2020-12-22","purchased_purges":3,"victory":false,"max_hp_per_floor":[72,72,72,72,72,72,72,72,72,72,72,72,72,72,72,72,77,77,77,77,77,77,77,77,77,77,77,77,77,77,77,77,77,77,77,73,73,73,73,73,73,73,73,73,73,70,70,70,70,70,70],"relic_stats":{"Regal Pillow":15,"counters":[29,134],"Astrolabe":["InnerPeace","Perseverance","FlurryOfBlows"],"PreservedInsect":81,"Smiling Mask":75,"Mercury Hourglass":[333],"Sozu":3,"Nunchaku":[27],"Dream Catcher":1,"Sundial":[8],"Bird Faced Urn":[8],"HandDrill":[48],"obtain_stats":[{"Ice Cream":38,"Regal Pillow":46,"Tiny House":17,"Astrolabe":0,"PreservedInsect":23,"Smiling Mask":31,"Mercury Hourglass":13,"Du-Vu Doll":10,"Sozu":34,"Frozen Eye":20,"Nunchaku":7,"Dream Catcher":43,"Sundial":28,"Bird Faced Urn":44,"HandDrill":4,"Bottled Lightning":26,"PureWater":0,"Pocketwatch":9},{"Ice Cream":22,"Regal Pillow":26,"Tiny House":11,"Astrolabe":0,"PreservedInsect":15,"Smiling Mask":18,"Mercury Hourglass":9,"Du-Vu Doll":7,"Sozu":19,"Frozen Eye":13,"Nunchaku":5,"Dream Catcher":24,"Sundial":17,"Bird Faced Urn":25,"HandDrill":3,"Bottled Lightning":16,"PureWater":0,"Pocketwatch":6},{"Ice Cream":104,"Regal Pillow":121,"Tiny House":53,"Astrolabe":0,"PreservedInsect":72,"Smiling Mask":83,"Mercury Hourglass":43,"Du-Vu Doll":37,"Sozu":91,"Frozen Eye":63,"Nunchaku":26,"Dream Catcher":113,"Sundial":79,"Bird Faced Urn":117,"HandDrill":9,"Bottled Lightning":75,"PureWater":0,"Pocketwatch":31}],"Pocketwatch":[51]},"card_choices":[{"not_picked":["JustLucky","FollowUp"],"picked":"EmptyBody","floor":1.0},{"not_picked":["EmptyFist","EmptyBody"],"picked":"BowlingBash","floor":2.0},{"not_picked":["Sanctity","Halt"],"picked":"Establishment","floor":3.0},{"not_picked":["Crescendo","EmptyBody"],"picked":"Protect","floor":5.0},{"not_picked":["BowlingBash","PathToVictory"],"picked":"JustLucky","floor":7.0},{"not_picked":["Fasting2","ClearTheMind"],"picked":"Vengeance","floor":8.0},{"not_picked":["ReachHeaven","EmptyMind"],"picked":"Indignation","floor":10.0},{"not_picked":["Conclude","Vengeance","Worship"],"picked":"SKIP","floor":11.0},{"not_picked":["Indignation","EmptyBody"],"picked":"CarveReality","floor":13.0},{"not_picked":["FlurryOfBlows","SandsOfTime"],"picked":"LessonLearned","floor":14.0},{"not_picked":["Vault","LessonLearned"],"picked":"DeusExMachina","floor":16.0},{"not_picked":["BattleHymn","FlyingSleeves"],"picked":"ThirdEye+1","floor":18.0},{"not_picked":["Worship","CarveReality"],"picked":"Consecrate","floor":19.0},{"not_picked":["Consecrate","PathToVictory"],"picked":"FlyingSleeves+1","floor":22.0},{"not_picked":["ConjureBlade","PathToVictory","CrushJoints"],"picked":"SKIP","floor":23.0},{"not_picked":["ThirdEye","Conclude+1"],"picked":"FlurryOfBlows+1","floor":25.0},{"not_picked":["WheelKick","FollowUp","Swivel"],"picked":"SKIP","floor":28.0},{"not_picked":["Fasting2","MasterReality"],"picked":"EmptyBody","floor":31.0},{"not_picked":["Swivel+1","EmptyFist+1"],"picked":"Protect+1","floor":35},{"not_picked":["Evaluate","ReachHeaven+1","FollowUp+1"],"picked":"SKIP","floor":37},{"not_picked":["SashWhip+1","Vengeance+1"],"picked":"CutThroughFate+1","floor":38},{"not_picked":["FollowUp+1","Halt","PathToVictory"],"picked":"SKIP","floor":39},{"not_picked":["Indignation","DevaForm","SignatureMove"],"picked":"SKIP","floor":41},{"not_picked":["ClearTheMind","Halt+1"],"picked":"WindmillStrike","floor":44},{"not_picked":["WreathOfFlame+1","BowlingBash","ThirdEye"],"picked":"SKIP","floor":45},{"not_picked":["EmptyFist","SashWhip+1"],"picked":"Pray+1","floor":47},{"not_picked":["ThirdEye+1","Protect","Conclude+1"],"picked":"SKIP","floor":48},{"not_picked":["Scrawl","JustLucky"],"picked":"Crescendo+1","floor":49}],"player_experience":30011,"relics_obtained":[{"floor":7.0,"key":"Nunchaku"},{"floor":9.0,"key":"Pocketwatch"},{"floor":10.0,"key":"Du-Vu Doll"},{"floor":13.0,"key":"Mercury Hourglass"},{"floor":23.0,"key":"PreservedInsect"},{"floor":26.0,"key":"Bottled Lightning"},{"floor":28.0,"key":"Sundial"},{"floor":31.0,"key":"Smiling Mask"},{"floor":38,"key":"Ice Cream"},{"floor":43,"key":"Dream Catcher"},{"floor":44,"key":"Bird Faced Urn"}],"event_choices":[{"cards_removed":["Defend_P"],"damage_healed":0.0,"max_hp_gain":0.0,"max_hp_loss":0.0,"gold_gain":0.0,"event_name":"Back to Basics","player_choice":"Elegance","floor":21.0,"gold_loss":0.0,"damage_taken":0.0},{"cards_removed":["Defend_P"],"damage_healed":0.0,"max_hp_gain":0.0,"max_hp_loss":0.0,"gold_gain":0.0,"event_name":"Designer","player_choice":"Upgrade and Remove","floor":24.0,"gold_loss":90.0,"damage_taken":0.0,"cards_upgraded":["Indignation"]},{"cards_removed":["Strike_P"],"damage_healed":0.0,"max_hp_gain":0.0,"max_hp_loss":0.0,"gold_gain":0.0,"event_name":"Bonfire Elementals","player_choice":"Offered Basic","floor":29.0,"gold_loss":0.0,"damage_taken":0.0},{"damage_healed":0,"gold_gain":0,"player_choice":"Max HP","damage_taken":0,"max_hp_gain":0,"max_hp_loss":4,"event_name":"Winding Halls","floor":36,"gold_loss":0},{"damage_healed":0,"gold_gain":0,"player_choice":"Fight","damage_taken":0,"max_hp_gain":0,"max_hp_loss":0,"event_name":"MindBloom","floor":38,"gold_loss":0},{"damage_healed":0,"gold_gain":0,"player_choice":"Fight","damage_taken":0,"max_hp_gain":0,"max_hp_loss":0,"event_name":"Mysterious Sphere","floor":44,"gold_loss":0}],"is_beta":false,"boss_relics":[{"not_picked":["Philosopher\u0027s Stone","Snecko Eye"],"picked":"Tiny House"},{"not_picked":["Fusion Hammer","Calling Bell"],"picked":"Sozu"}],"items_purged_floors":[20,30,46],"is_endless":false,"potions_floor_spawned":[1,3,5,8,14,18,25,28,31,35,38,47],"killed_by":"Donu and Deca","ascension_level":0}}