{"host":"0vlubjftylzdr3ny","time":1610534783,"event":{"mods":["Always Whale","BaseMod","GifTheSpireLib","Minty Spire (QoL Compilation)","Relic Filter","StSLib","Stuff the Spire"],"gold_per_floor":[210,210,88,101,117,117,146,146,173,173,187,187,200,211,211,308,308,294,79,99,114,114,145,145,174,174,49,66,100,100,100,100,197,197,216,235,235,246,96,121,121,156,180,180,200,233,233,0,0,0],"floor_reached":51,"language":"ENG","playtime":2647,"items_purged":["Strike_R","Strike_R","Strike_R","Defend_R"],"score":909,"play_id":"e4b16c9b-74b2-47b4-9a8d-89068bf36101","local_time":"20210113114623","is_ascension_mode":true,"campfire_choices":[{"data":"True Grit","floor":6,"key":"SMITH"},{"data":"Rampage","floor":8,"key":"SMITH"},{"data":"Iron Wave","floor":10,"key":"SMITH"},{"data":"Bash","floor":12,"key":"SMITH"},{"data":"Shrug It Off","floor":15,"key":"SMITH"},{"data":"Evolve","floor":24,"key":"SMITH"},{"data":"Disarm","floor":30,"key":"SMITH"},{"data":"Shrug It Off","floor":32,"key":"SMITH"},{"data":"Barricade","floor":41,"key":"SMITH"},{"data":"Juggernaut","floor":49,"key":"SMITH"}],"circlet_count":0,"master_deck":["Strike_R+1","Strike_R+1","Defend_R","Defend_R","Bash+1","Rampage+1","Iron Wave+1","Shrug It Off+1","True Grit+1","Ghostly Armor","Juggernaut+1","Evolve+1","Shrug It Off","Shrug It Off+1","Headbutt","Disarm+1","Disarm+1","Power Through","Barricade+1"],"relics":["Burning Blood","Meat on the Bone","Lantern","Mark of Pain","Lizard Tail","Whetstone","Sundial","Mercury Hourglass","Velvet Choker","StuffTheSpire:GrapeVine","Mummified Hand","Juzu Bracelet","Omamori","Red Mask"],"acts_visited":["Exordium","TheCity","TheBeyond"],"potions_floor_usage":[23,25,25,28,50,50,50],"damage_taken":[{"damage":0,"enemies":"2 Louse","floor":1,"turns":3},{"damage":0,"enemies":"Cultist","floor":4,"turns":3},{"damage":0,"enemies":"Small Slimes","floor":5,"turns":4},{"damage":37,"enemies":"Gremlin Nob","floor":7,"turns":5},{"damage":7,"enemies":"3 Louse","floor":11,"turns":4},{"damage":0,"enemies":"Red Slaver","floor":13,"turns":3},{"damage":1,"enemies":"Exordium Wildlife","floor":14,"turns":3},{"damage":19,"enemies":"The Guardian","floor":16,"turns":11},{"damage":10,"enemies":"2 Thieves","floor":18,"turns":4},{"damage":7,"enemies":"3 Byrds","floor":20,"turns":6},{"damage":6,"enemies":"Centurion and Healer","floor":21,"turns":7},{"damage":56,"enemies":"Gremlin Leader","floor":23,"turns":8},{"damage":10,"enemies":"Book of Stabbing","floor":25,"turns":7},{"damage":1,"enemies":"Shelled Parasite and Fungi","floor":28,"turns":6},{"damage":6,"enemies":"Gremlin Leader","floor":29,"turns":8},{"damage":21,"enemies":"Champ","floor":33,"turns":12},{"damage":0,"enemies":"3 Shapes","floor":35,"turns":5},{"damage":2,"enemies":"3 Darklings","floor":36,"turns":7},{"damage":18,"enemies":"Maw","floor":38,"turns":7},{"damage":14,"enemies":"Nemesis","floor":40,"turns":11},{"damage":0,"enemies":"Giant Head","floor":42,"turns":9},{"damage":5,"enemies":"Writhing Mass","floor":45,"turns":6},{"damage":55,"enemies":"Reptomancer","floor":46,"turns":8},{"damage":0,"enemies":"Awakened One","floor":50,"turns":9}],"seed_played":"-7704071235360124576","potions_obtained":[{"floor":1,"key":"SpeedPotion"},{"floor":11,"key":"SmokeBomb"},{"floor":18,"key":"ColorlessPotion"},{"floor":21,"key":"LiquidMemories"},{"floor":25,"key":"Fruit Juice"},{"floor":38,"key":"CultistPotion"},{"floor":42,"key":"FearPotion"},{"floor":45,"key":"DuplicationPotion"},{"floor":46,"key":"BlessingOfTheForge"}],"is_trial":false,"path_per_floor":["M","?","$","M","M","R","E","R","T","R","M","R","M","M","R","B",null,"M","$","M","M","?","E","R","E","T","$","M","E","R","?","R","B",null,"M","M","?","M","$","E","R","E","T","?","M","E","?","?","R","B",null],"character_chosen":"IRONCLAD","items_purchased":["Shrug It Off","Evolve","Shrug It Off"],"campfire_rested":0,"item_purchase_floors":[3,19,19],"current_hp_per_floor":[80,80,80,80,80,80,49,49,49,49,48,48,54,59,59,58,80,76,76,75,75,67,29,29,37,37,37,59,59,59,59,59,56,85,85,85,85,73,73,65,65,71,71,71,72,35,35,35,35,53],"gold":0,"neow_bonus":"HUNDRED_GOLD","is_daily":false,"chose_seed":false,"campfire_upgraded":10,"win_rate":0.0,"timestamp":1610534783,"path_taken":["M","?","?","?","M","R","E","R","T","R","M","R","M","M","R","BOSS","M","$","M","M","?","E","R","E","T","?","?","E","R","?","R","BOSS","M","M","?","M","$","E","R","E","T","?","M","E","?","?","R","BOSS"],"items_purchased_type":["Card","Card","Card"],"build_version":"2020-12-22","purchased_purges":4,"victory":true,"max_hp_per_floor":[80,80,80,80,80,80,80,80,80,80,80,80,80,80,80,80,80,80,80,80,80,80,80,80,80,80,80,85,85,85,85,85,85,85,85,85,85,85,85,85,85,85,85,85,85,85,85,85,85,85],"card_choices":[{"not_picked":["Dark Embrace","Pummel"],"picked":"Rampage","floor":1},{"not_picked":["Flex","Warcry","StuffTheSpire:RockThrow"],"picked":"SKIP","floor":4},{"not_picked":["Warcry","Wild Strike"],"picked":"True Grit","floor":5},{"not_picked":["Second Wind","Seeing Red","Immolate"],"picked":"SKIP","floor":7},{"not_picked":["Perfected Strike","Twin Strike","StuffTheSpire:Slingshot"],"picked":"SKIP","floor":11},{"not_picked":["StuffTheSpire:Resist","Clash","Feel No Pain"],"picked":"SKIP","floor":13},{"not_picked":["Clash","Pommel Strike"],"picked":"Ghostly Armor","floor":14},{"not_picked":["Demon Form","Offering"],"picked":"Juggernaut","floor":16},{"not_picked":["Thunderclap","Perfected Strike","Heavy Blade+1"],"picked":"SKIP","floor":18},{"not_picked":["Intimidate","Rampage"],"picked":"Shrug It Off","floor":20},{"not_picked":["StuffTheSpire:BloodClot+1","Dual Wield"],"picked":"Headbutt","floor":21},{"not_picked":["Heavy Blade","Clash"],"picked":"Disarm","floor":23},{"not_picked":["StuffTheSpire:BloodClot","Double Tap"],"picked":"Disarm+1","floor":25},{"not_picked":["Clash","StuffTheSpire:Incineration+1","Headbutt"],"picked":"SKIP","floor":28},{"not_picked":["StuffTheSpire:RockThrow","Carnage"],"picked":"Power Through","floor":29},{"not_picked":["Reaper","Corruption"],"picked":"Barricade","floor":33},{"not_picked":["Armaments+1","Clash+1","Heavy Blade+1"],"picked":"SKIP","floor":35},{"not_picked":["Flex+1","StuffTheSpire:Slingshot","StuffTheSpire:Pyroclast+1"],"picked":"SKIP","floor":36},{"not_picked":["Exhume","Rage+1","Combust+1"],"picked":"SKIP","floor":38},{"not_picked":["Iron Wave","Bludgeon","Sever Soul+1"],"picked":"SKIP","floor":40},{"not_picked":["Burning Pact","Ghostly Armor","Clash+1"],"picked":"SKIP","floor":42},{"not_picked":["Armaments","StuffTheSpire:Slingshot","Havoc+1"],"picked":"SKIP","floor":45},{"not_picked":["StuffTheSpire:RockThrow","Impervious","Iron Wave+1"],"picked":"SKIP","floor":46}],"player_experience":837956,"relics_obtained":[{"floor":7,"key":"Meat on the Bone"},{"floor":9,"key":"Lantern"},{"floor":23,"key":"Lizard Tail"},{"floor":25,"key":"Whetstone"},{"floor":26,"key":"Sundial"},{"floor":29,"key":"Mercury Hourglass"},{"floor":40,"key":"StuffTheSpire:GrapeVine"},{"floor":42,"key":"Mummified Hand"},{"floor":43,"key":"Juzu Bracelet"},{"floor":46,"key":"Omamori"}],"event_choices":[{"cards_removed":["Defend_R"],"damage_healed":0,"gold_gain":0,"player_choice":"Took Card","damage_taken":0,"max_hp_gain":0,"max_hp_loss":0,"event_name":"NoteForYourself","floor":2,"gold_loss":0,"cards_obtained":["Iron Wave"]},{"damage_healed":0,"gold_gain":0,"player_choice":"Damaged","damage_taken":8,"max_hp_gain":0,"max_hp_loss":0,"event_name":"Wheel of Change","floor":22,"gold_loss":0},{"damage_healed":0,"gold_gain":0,"player_choice":"Ignored","damage_taken":0,"max_hp_gain":0,"max_hp_loss":0,"event_name":"SecretPortal","floor":44,"gold_loss":0},{"damage_healed":0,"gold_gain":0,"player_choice":"Ignored","damage_taken":0,"max_hp_gain":0,"max_hp_loss":0,"event_name":"The Moai Head","floor":47,"gold_loss":0},{"damage_healed":0,"gold_gain":0,"player_choice":"Paid","damage_taken":0,"relics_obtained":["Red Mask"],"max_hp_gain":0,"max_hp_loss":0,"event_name":"Tomb of Lord Red Mask","floor":48,"gold_loss":233}],"is_beta":false,"boss_relics":[{"not_picked":["Sozu","Busted Crown"],"picked":"Mark of Pain"},{"not_picked":["Astrolabe","SlaversCollar"],"picked":"Velvet Choker"}],"items_purged_floors":[3,19,27,39],"is_endless":false,"potions_floor_spawned":[1,11,18,20,21,25,38,42,45,46],"ascension_level":1}}