{"host":"9j9ju8r45kuhshxi","time":1610565265,"event":{"mods":["BaseMod","Colored Map","Colored Powertips","Highlight Path","Marisa（F雨　魔理沙）","Minty Spire (QoL Compilation)","Replay The Spire","Ryuuou龙王","StSLib","[功能]功能增强和修复MOD"],"gold_per_floor":[1018,996,996,996,1021,1055,1070,1089,1089,1089,1089,1089,1133,1133,1146,1116,1116,1257,1257,1292,1232,1232,1275,1312,1377,1377,1377,1367,1367,1367,1367,1403,1403,1395,1419,1419,1618,1618,1652,1652,1682,1682,1755,1755,1755,1755,1755,1824,1848,1902,1877,1934,1934,1992,1992,2032,2032,2032,2032,2091,2117],"floor_reached":62,"language":"ZHS","playtime":2751,"items_purged":["Strike_R","Strike_R","Strike_R","Strike_R","Defend_R","Defend_R","Defend_R","Strike_R","Pot Of Greed","Pot Of Greed","Shame","Clumsy","Pot Of Greed","Replay:Many Hands","Pot Of Greed"],"score":2098,"play_id":"bf39505d-aa59-4cd2-bb10-aab087246879","local_time":"20210114031425","is_ascension_mode":true,"campfire_choices":[{"floor":12.0,"key":"RECALL"},{"data":"ReplayTheSpireMod:Limb From Limb","floor":14.0,"key":"SMITH"},{"data":"Flex","floor":17.0,"key":"SMITH"},{"data":"ReplayTheSpireMod:Corrosion Curse","floor":29.0,"key":"SMITH"},{"data":"Armaments","floor":31.0,"key":"SMITH"},{"data":"Flex","floor":33.0,"key":"SMITH"},{"data":"Armaments","floor":44.0,"key":"SMITH"},{"data":"Searing Blow+1","floor":47.0,"key":"SMITH"},{"data":"Inflame","floor":53.0,"key":"SMITH"},{"data":"Searing Blow+2","floor":55.0,"key":"SMITH"},{"data":"Searing Blow+3","floor":58.0,"key":"SMITH"}],"circlet_count":0,"master_deck":["Bash+1","ReplayTheSpireMod:Corrosion Curse+1","Flex+1","Body Slam","Pommel Strike","ReplayTheSpireMod:Limb From Limb+1","Reaper+1","Shrug It Off","Clothesline+1","Armaments+1","Juggernaut","Whirlwind","Pommel Strike+1","Searing Blow+5","Iron Wave","Apotheosis","Dark Embrace","Sentinel","Flex+1","Secret Technique","Metallicize","Armaments+1","Ghostly Armor","Flash of Steel","ReplayTheSpireMod:Strike From Hell+1","Replay:Undeath\u0027s Touch+1","Dual Wield+1","Flex+1","Flame Barrier+1","Flex+1","Inflame+1","Shrug It Off","Dual Wield+1","Headbutt+1"],"relics":["Burning Blood","Golden Idol","Pocketwatch","Bag of Preparation","Lantern","Sling","Replay:Bandana","ReplayTheSpireMod:Spearhead","Cursed Key","Unceasing Top","Lee\u0027s Waffle","Orichalcum","Quantum Egg","Grinning Jar","Membership Card","Darkstone Periapt","Replay:Rubber Ducky","ReplayTheSpireMod:TigerMarble","Astrolabe","Omamori","Dream Catcher","Boot","Replay:WaspNest","Toolbox","Lizard Tail","ReplayTheSpireMod:Shallot","Sundial","Turnip","Torii","Whetstone","OrangePellets","Toy Ornithopter"],"acts_visited":["Exordium","TheCity","TheBeyond","TheEnding"],"potions_floor_usage":[61,61,61],"damage_taken":[{"damage":1.0,"enemies":"2 Louse","floor":1.0,"turns":3.0},{"damage":1.0,"enemies":"Jaw Worm","floor":5.0,"turns":2.0},{"damage":14.0,"enemies":"Lagavulin","floor":6.0,"turns":5.0},{"damage":0.0,"enemies":"Small Slimes","floor":7.0,"turns":2.0},{"damage":0.0,"enemies":"Blue Slaver","floor":8.0,"turns":1.0},{"damage":0.0,"enemies":"Gremlin Nob","floor":13.0,"turns":1.0},{"damage":0.0,"enemies":"3 Louse","floor":15.0,"turns":2.0},{"damage":0.0,"enemies":"The Guardian","floor":18.0,"turns":1.0},{"damage":0.0,"enemies":"Shell Parasite","floor":20.0,"turns":2.0},{"damage":0.0,"enemies":"2 Thieves","floor":23.0,"turns":1.0},{"damage":0.0,"enemies":"Snake Plant","floor":24.0,"turns":1.0},{"damage":0.0,"enemies":"Book of Stabbing","floor":25.0,"turns":1.0},{"damage":0.0,"enemies":"Centurion and Healer","floor":32.0,"turns":2.0},{"damage":0.0,"enemies":"Champ","floor":37.0,"turns":1.0},{"damage":4.0,"enemies":"3 Shapes","floor":39.0,"turns":2.0},{"damage":0.0,"enemies":"Orb Walker","floor":41.0,"turns":1.0},{"damage":0.0,"enemies":"Maw","floor":43.0,"turns":1.0},{"damage":8.0,"enemies":"Nemesis","floor":48.0,"turns":3.0},{"damage":0.0,"enemies":"Reptomancer","floor":50.0,"turns":1.0},{"damage":0.0,"enemies":"Giant Head","floor":52.0,"turns":1.0},{"damage":0.0,"enemies":"Reptomancer","floor":54.0,"turns":1.0},{"damage":0.0,"enemies":"Donu and Deca","floor":56.0,"turns":1.0},{"damage":0.0,"enemies":"Shield and Spear","floor":60.0,"turns":1.0},{"damage":29,"enemies":"The Heart","floor":61,"turns":3}],"seed_played":"-5510751771227533053","potions_obtained":[{"floor":1.0,"key":"PowerPotion"},{"floor":5.0,"key":"SteroidPotion"},{"floor":6.0,"key":"DuplicationPotion"},{"floor":6.0,"key":"BlessingOfTheForge"},{"floor":7.0,"key":"PowerPotion"},{"floor":13.0,"key":"Explosive Potion"},{"floor":15.0,"key":"BloodPotion"},{"floor":18.0,"key":"SpeedPotion"},{"floor":18.0,"key":"Elixir"},{"floor":18.0,"key":"Adrenaline Potion"},{"floor":23.0,"key":"LiquidMemories"},{"floor":25.0,"key":"AttackPotion"},{"floor":41.0,"key":"Strength Potion"},{"floor":60.0,"key":"Adrenaline Potion"}],"is_trial":false,"path_per_floor":["M","?","?","?","M","E","M","M","T","PTL","PTL","R","E","R","M","$","R","B",null,"M","?","?","M","M","E","PTL","PTL","$","R","T","R","M","R","$","T","R_BF","B",null,"M","?","M","?","M","R","PTL","PTL","R","E","T","E","$","E","R","E","R","B",null,"R","$","E","B",null],"character_chosen":"IRONCLAD","items_purchased":["Strength Potion","Swift Potion","Sling","Replay:Bandana","ReplayTheSpireMod:Spearhead","Clothesline+1","Armaments","Lee\u0027s Waffle","Orichalcum","Quantum Egg","Apotheosis","Dark Embrace","Sentinel","Membership Card","Darkstone Periapt","Replay:Rubber Ducky","Secret Technique","Metallicize","Armaments","Ghostly Armor","SteroidPotion","Flash of Steel","Toolbox","Lizard Tail","ReplayTheSpireMod:Shallot","Inflame","Shrug It Off","Torii","Whetstone","OrangePellets","SteroidPotion","SteroidPotion","PowerPotion"],"campfire_rested":0,"item_purchase_floors":[16,16,16,16,16,16,16,28,28,28,28,28,28,34,34,34,34,34,34,34,34,34,51,51,51,51,51,59,59,59,59,59,59],"current_hp_per_floor":[85,85,60,42,47,39,45,51,51,51,51,51,57,57,66,86,86,100,100,100,100,100,100,100,100,100,100,107,107,107,107,107,107,107,113,116,116,128,128,128,128,128,128,128,128,128,128,126,126,128,128,128,128,128,128,128,128,128,128,128,105],"gold":2117,"neow_bonus":"UPGRADE_CARD","is_daily":false,"chose_seed":false,"campfire_upgraded":10,"win_rate":0.0,"timestamp":1610565265,"path_taken":["M","?","?","?","M","E","M","M","T","PTL","PTL","R","E","R","M","$","R","BOSS","M","?","?","M","M","E","PTL","PTL","$","R","T","R","?","R","?","?","R_BF","BOSS","M","?","?","?","?","R","PTL","PTL","R","E","T","E","$","E","R","E","R","BOSS","R","$","E","BOSS"],"items_purchased_type":["Potion","Potion","Relic","Relic","Relic","Card","Card","Relic","Relic","Relic","Card","Card","Card","Relic","Relic","Relic","Card","Card","Card","Card","Potion","Card","Relic","Relic","Relic","Card","Card","Relic","Relic","Relic","Potion","Potion","Potion"],"build_version":"2020-12-22","purchased_purges":15,"victory":true,"max_hp_per_floor":[100,100,100,100,100,100,100,100,100,100,100,100,100,100,100,100,100,100,100,100,100,100,100,100,100,100,100,107,107,107,107,107,107,107,113,116,116,128,128,128,128,128,128,128,128,128,128,128,128,128,128,128,128,128,128,128,128,128,128,128,128],"card_choices":[{"not_picked":["Uppercut","Replay:Undeath\u0027s Touch"],"picked":"ReplayTheSpireMod:Corrosion Curse","floor":1.0},{"not_picked":["Clothesline","Warcry"],"picked":"Flex","floor":5.0},{"not_picked":["Armaments","Massacre"],"picked":"Body Slam","floor":6.0},{"not_picked":["Thunderclap","Replay:Undeath\u0027s Touch"],"picked":"Pommel Strike","floor":7.0},{"not_picked":["Infernal Blade","Dropkick"],"picked":"ReplayTheSpireMod:Limb From Limb","floor":8.0},{"not_picked":["Cleave","Life Link"],"picked":"Reaper","floor":13.0},{"not_picked":["Carnage","Intimidate"],"picked":"Shrug It Off","floor":15.0},{"not_picked":["Demonic Infusion","Berserk"],"picked":"Juggernaut","floor":18.0},{"not_picked":["Combust","Anger"],"picked":"Whirlwind","floor":20.0},{"not_picked":["True Grit","Second Wind+1"],"picked":"Pommel Strike+1","floor":23.0},{"not_picked":["ReplayTheSpireMod:Strike From Hell","Clash"],"picked":"Searing Blow+1","floor":24.0},{"not_picked":["Havoc","Massacre"],"picked":"Iron Wave","floor":25.0},{"not_picked":["True Grit","Wild Strike"],"picked":"Flex","floor":32.0},{"not_picked":["Corruption","Demonic Infusion"],"picked":"Bludgeon","floor":37.0},{"not_picked":["Clothesline","Wild Strike"],"picked":"Replay:Undeath\u0027s Touch+1","floor":39.0},{"not_picked":["Run Through","Clothesline+1"],"picked":"Dual Wield+1","floor":41.0},{"not_picked":["ReplayTheSpireMod:Strike From Hell+1","Bludgeon"],"picked":"Flame Barrier+1","floor":43.0},{"not_picked":["Twin Strike","True Grit","Thunderclap"],"picked":"SKIP","floor":48.0},{"not_picked":["Searing Blow","ReplayTheSpireMod:Stacked"],"picked":"Flex+1","floor":50.0},{"not_picked":["Eclipse","Wild Strike+1","ReplayTheSpireMod:Strike From Hell"],"picked":"SKIP","floor":52.0},{"not_picked":["Havoc","Massacre"],"picked":"Dual Wield+1","floor":54.0},{"not_picked":["Flex","Clothesline"],"picked":"Headbutt+1","floor":60.0}],"player_experience":93016,"relics_obtained":[{"floor":6.0,"key":"Bag of Preparation"},{"floor":13.0,"key":"Lantern"},{"floor":25.0,"key":"Unceasing Top"},{"floor":30.0,"key":"Grinning Jar"},{"floor":35.0,"key":"ReplayTheSpireMod:TigerMarble"},{"floor":40.0,"key":"Omamori"},{"floor":48.0,"key":"Dream Catcher"},{"floor":49.0,"key":"Boot"},{"floor":50.0,"key":"Replay:WaspNest"},{"floor":52.0,"key":"Sundial"},{"floor":54.0,"key":"Turnip"},{"floor":60.0,"key":"Toy Ornithopter"}],"event_choices":[{"damage_healed":0.0,"max_hp_gain":0.0,"max_hp_loss":0.0,"gold_gain":0.0,"event_name":"World of Goop","player_choice":"Left Gold","floor":2.0,"gold_loss":22.0,"damage_taken":0.0},{"damage_healed":0.0,"max_hp_gain":0.0,"max_hp_loss":0.0,"gold_gain":0.0,"event_name":"Golden Idol","player_choice":"Take Damage","floor":3.0,"gold_loss":0.0,"damage_taken":25.0,"relics_obtained":["Golden Idol"]},{"damage_healed":0.0,"max_hp_gain":0.0,"max_hp_loss":0.0,"gold_gain":0.0,"event_name":"Scrap Ooze","player_choice":"Success","floor":4.0,"gold_loss":0.0,"damage_taken":18.0,"relics_obtained":["Pocketwatch"]},{"damage_healed":0.0,"max_hp_gain":0.0,"max_hp_loss":0.0,"gold_gain":0.0,"cards_transformed":["Defend_R"],"event_name":"Transmorgrifier","player_choice":"Transformed","floor":22.0,"gold_loss":0.0,"damage_taken":0.0,"cards_obtained":["Replay:Many Hands"]},{"damage_healed":0.0,"max_hp_gain":0.0,"max_hp_loss":0.0,"gold_gain":0.0,"event_name":"Wheel of Change","player_choice":"Relic","floor":40.0,"gold_loss":0.0,"damage_taken":0.0},{"damage_healed":0.0,"max_hp_gain":0.0,"max_hp_loss":0.0,"gold_gain":0.0,"event_name":"Duplicator","player_choice":"Copied","floor":42.0,"gold_loss":0.0,"damage_taken":0.0,"cards_obtained":["Flex"]}],"is_beta":false,"boss_relics":[{"not_picked":["Mark of Pain","Velvet Choker"],"picked":"Cursed Key"},{"not_picked":["ReplayTheSpireMod:DimensionalGlitch","Black Blood"],"picked":"Astrolabe"}],"items_purged_floors":[16,16,16,16,16,16,28,28,34,34,51,51,51,51,51],"is_endless":false,"potions_floor_spawned":[1,5,6,6,7,7,8,8,13,15,18,18,18,20,23,23,24,24,25,25,37,39,41,41,43,48,48,50,50,52,60],"ascension_level":4}}