{"host":"i0m9g0siyue4991n","time":1610526377,"event":{"mods":["100% Spire Juice","ATMod(°¢èªMod)","Act Like it!","BaseMod","BetterRewards","CapriCore","Challenge The Spire","Custom Start","Friendly Minions","Gensokyo","Marisa£¨ìFÓê¡¡Ä§ÀíÉ³£©","Minty Spire (QoL Compilation)","Quick Restart","Reimu£¨²©ÀöÁéÃÎ£©","RumiaBox-Â¶Ã×æ«µÄÉñÃØºÐ×Ó","StSLib","The Administrix","The Immortal","The Servant 0.9.4","Yakumo Yukari mod"],"gold_per_floor":[110,122,139,158,177,177,240,0,0,0,30,45,55,84,84,185,185,203,99,99,99,133,133,150,150,173,191,191,224,238,267,267,369,249,262,262,272,272,292,292,322,338,338,94,94,105,262,282,282,482,482,482,51,283,383],"floor_reached":56,"language":"ZHS","playtime":2693,"items_purged":["Moonworks:Strike","Moonworks:Strike","Moonworks:Strike"],"score":1611,"play_id":"de23698a-65c8-4299-9420-f98c2c873d2f","local_time":"20210113162617","is_ascension_mode":false,"campfire_choices":[{"data":"AT_FamilyPortrait","floor":6.0,"key":"SMITH"},{"data":"Moonworks:x16BigRocket","floor":10.0,"key":"SMITH"},{"data":"Moonworks:x16BigRocket+1","floor":15.0,"key":"SMITH"},{"data":"Moonworks:x16BigRocket+2","floor":23,"key":"SMITH"},{"data":"Moonworks:x16BigRocket+3","floor":25,"key":"SMITH"},{"data":"Moonworks:x16BigRocket+4","floor":28,"key":"SMITH"},{"data":"Moonworks:x16BigRocket+5","floor":32,"key":"SMITH"},{"floor":40,"key":"RECALL"},{"data":"Moonworks:x16BigRocket+6","floor":49,"key":"SMITH"},{"data":"Moonworks:Gamble","floor":52,"key":"SMITH"}],"circlet_count":0,"master_deck":["Moonworks:Strike","Moonworks:Defend","Moonworks:Defend","Moonworks:Defend","Moonworks:Defend","Moonworks:Ambush","Moonworks:LongDistanceShot","AT_FamilyPortrait+1","Moonworks:x16BigRocket+7","Moonworks:LuckyCharm","Moonworks:EvilSpyWorkPreparation","Moonworks:NicePresent","Moonworks:WindyEnchantment","Moonworks:AnotherUltimateWeapon+1","Moonworks:ScrambledEve","Ghostly","Ghostly","Ghostly","Ghostly","Ghostly","Moonworks:SakisCookie","Moonworks:ShieldCounter","Moonworks:WindyEnchantment","Moonworks:AccelHyper","Gensokyo:PrivateSquare","Pride","Moonworks:Gamble+1","Moonworks:GoAway"],"relics":["Moonworks:BrokenBomb","Moonworks:Homemark","AT_ATBox","AT_ForceNature","AT_BellDemon","AT_GuinsooRageblade","Coffee Dripper","Red Mask","Letter Opener","CrazyTorch:ReiMu","Runic Pyramid","ZombieArmy","AT_TheCollector","The Courier","Lee\u0027s Waffle","AT_BellowingDragoncrestRing","SSSystem"],"acts_visited":["Exordium","TheCity","TheCity","TheEnding"],"potions_floor_usage":[31,55,55,55],"damage_taken":[{"damage":0.0,"enemies":"Cultist","floor":1.0,"turns":4.0},{"damage":5.0,"enemies":"Jaw Worm","floor":2.0,"turns":4.0},{"damage":4.0,"enemies":"Small Slimes","floor":3.0,"turns":4.0},{"damage":1.0,"enemies":"Blue Slaver","floor":4.0,"turns":3.0},{"damage":0.0,"enemies":"Looter","floor":5.0,"turns":3.0},{"damage":36.0,"enemies":"Gremlin Nob","floor":11.0,"turns":5.0},{"damage":6.0,"enemies":"Red Slaver","floor":12.0,"turns":3.0},{"damage":0.0,"enemies":"2 Fungi Beasts","floor":13.0,"turns":2.0},{"damage":6.0,"enemies":"Lagavulin","floor":14.0,"turns":5.0},{"damage":10.0,"enemies":"The Guardian","floor":16.0,"turns":8.0},{"damage":0.0,"enemies":"Chosen","floor":18.0,"turns":2.0},{"damage":0.0,"enemies":"Spheric Guardian","floor":19.0,"turns":2.0},{"damage":0,"enemies":"Masked Bandits","floor":22,"turns":3},{"damage":0,"enemies":"Snake Plant","floor":24,"turns":2},{"damage":2,"enemies":"Chosen and Byrds","floor":27,"turns":5},{"damage":1,"enemies":"Gremlin Leader","floor":29,"turns":5},{"damage":2,"enemies":"Sentry and Sphere","floor":30,"turns":6},{"damage":0,"enemies":"Book of Stabbing","floor":31,"turns":2},{"damage":3,"enemies":"Collector","floor":33,"turns":4},{"damage":0,"enemies":"Gensokyo:3_Bats","floor":35,"turns":2},{"damage":0,"enemies":"Gensokyo:3_Boulders","floor":37,"turns":3},{"damage":0,"enemies":"Gensokyo:Sharpion","floor":39,"turns":4},{"damage":0,"enemies":"Gensokyo:Doremy","floor":41,"turns":5},{"damage":0,"enemies":"Gensokyo:Rafflesia","floor":42,"turns":5},{"damage":1,"enemies":"Gensokyo:AtlasGolem","floor":46,"turns":5},{"damage":7,"enemies":"Gensokyo:Marisa","floor":47,"turns":5},{"damage":0,"enemies":"Gensokyo:Sharpion","floor":48,"turns":4},{"damage":1,"enemies":"Gensokyo:Shinki","floor":50,"turns":6},{"damage":0,"enemies":"Shield and Spear","floor":54,"turns":4},{"damage":1,"enemies":"The Heart","floor":55,"turns":6}],"seed_played":"-4247690426055415707","potions_obtained":[{"floor":3.0,"key":"SpeedPotion"},{"floor":4.0,"key":"CultistPotion"},{"floor":12.0,"key":"Swift Potion"},{"floor":16.0,"key":"ZuzhouPotion:ReiMu"},{"floor":18.0,"key":"SneckoOil"},{"floor":22,"key":"DistilledChaos"},{"floor":30,"key":"FearPotion"},{"floor":31,"key":"LiquidMemories"},{"floor":33,"key":"ColorlessPotion"},{"floor":47,"key":"DistilledChaos"}],"is_trial":false,"path_per_floor":["M","M","M","M","M","R","?","?","T","R","E","M","M","E","R","B",null,"M","M","?","?","?","R","M","R","T","M","R","E","M","E","R","B",null,"M","?","M","?","M","R","E","M","T","$","?","M","E","M","R","B",null,"R","$","E","B",null],"character_chosen":"THE_STARBREAKER","items_purchased":["Regen Potion","Moonworks:AccelHyper","Lee\u0027s Waffle","AT_BellowingDragoncrestRing"],"campfire_rested":0,"item_purchase_floors":[0,44,53,53],"current_hp_per_floor":[53,48,44,43,47,47,47,47,47,47,11,17,17,11,11,1,60,60,60,30,30,30,30,30,30,30,28,28,27,25,25,25,22,30,30,30,30,26,26,26,26,28,28,28,28,27,20,20,20,19,30,30,37,37,36],"gold":383,"neow_bonus":"","is_daily":false,"chose_seed":false,"campfire_upgraded":9,"win_rate":0.0,"timestamp":1610526377,"path_taken":["M","M","M","M","M","R","?","?","T","R","E","?","M","E","R","BOSS","M","M","?","?","?","R","M","R","T","M","R","E","M","E","R","BOSS","M","?","M","?","M","R","E","?","T","$","?","M","E","M","R","BOSS","R","$","E","BOSS"],"items_purchased_type":["Potion","Card","Relic","Relic"],"build_version":"2020-12-22","purchased_purges":3,"victory":true,"max_hp_per_floor":[60,60,60,60,60,60,60,60,60,60,60,60,60,60,60,60,60,60,60,30,30,30,30,30,30,30,30,30,30,30,30,30,30,30,30,30,30,30,30,30,30,30,30,30,30,30,30,30,30,30,30,30,37,37,37],"card_choices":[{"not_picked":["Moonworks:SweetBattle","Moonworks:Assault"],"picked":"Moonworks:x16BigRocket","floor":1.0},{"not_picked":["Moonworks:LulusLuckyEgg","Moonworks:IndiscriminateFireSupport","Moonworks:MiracleWalker"],"picked":"SKIP","floor":2.0},{"not_picked":["Moonworks:LulusLuckyEgg","Moonworks:BigMagnum"],"picked":"Moonworks:LuckyCharm","floor":3.0},{"not_picked":["Moonworks:AwakeningOfTalent","Moonworks:NicePresent"],"picked":"Moonworks:EvilSpyWorkPreparation","floor":4.0},{"not_picked":["Moonworks:SakisCookie","Moonworks:LulusLuckyEgg"],"picked":"Moonworks:NicePresent","floor":5.0},{"not_picked":["Moonworks:SakisCookie","Moonworks:UnluckyCharm","Moonworks:CompletionReward"],"picked":"SKIP","floor":11.0},{"not_picked":["Moonworks:SakisCookie","Moonworks:LulusLuckyEgg"],"picked":"Moonworks:WindyEnchantment","floor":12.0},{"not_picked":["Moonworks:CloudOfSeagulls","Moonworks:Poppoformation","Moonworks:NicePresent"],"picked":"SKIP","floor":13.0},{"not_picked":["Moonworks:CloudOfSeagulls","Moonworks:Poppoformation","Moonworks:NicePresent"],"picked":"SKIP","floor":13.0},{"not_picked":["Moonworks:CompletionReward","Moonworks:ImmovableObject","Moonworks:NicePresent"],"picked":"SKIP","floor":14.0},{"not_picked":["Moonworks:HolyNight","Moonworks:Gamble"],"picked":"Moonworks:AnotherUltimateWeapon","floor":16.0},{"not_picked":["Moonworks:MixPhenomenon+1","Moonworks:NicePresent"],"picked":"Moonworks:ScrambledEve","floor":18.0},{"not_picked":["Moonworks:SakisCookie","Moonworks:DeployBits","Moonworks:JonathanRush+1"],"picked":"SKIP","floor":19.0},{"not_picked":["Moonworks:EvilSpyWorkPreparation","Moonworks:IndiscriminateFireSupport","Moonworks:Flamethrower"],"picked":"SKIP","floor":24},{"not_picked":["Moonworks:ImOnFire","Moonworks:SakisCookie","Moonworks:BigMagnum"],"picked":"SKIP","floor":27},{"not_picked":["Moonworks:DeployBits","Moonworks:LulusLuckyEgg","Moonworks:TacticalRetreat+1"],"picked":"SKIP","floor":29},{"not_picked":["Moonworks:JonathanRush","Moonworks:BigMagnum"],"picked":"Moonworks:SakisCookie","floor":30},{"not_picked":["Moonworks:JonathanRush","Moonworks:CloudOfSeagulls+1"],"picked":"Moonworks:StarBlastingFuse","floor":31},{"not_picked":["Moonworks:LeapThroughSpace","Moonworks:MetallicMonocoque"],"picked":"Moonworks:ShieldCounter","floor":33},{"not_picked":["Moonworks:CloudOfSeagulls","Moonworks:JonathanRush+1"],"picked":"Moonworks:WindyEnchantment","floor":35},{"not_picked":["Moonworks:BigBangBell+1","Moonworks:CloudOfSeagulls","Moonworks:DeployBits"],"picked":"SKIP","floor":37},{"not_picked":["Moonworks:Assault","Moonworks:JonathanRush+1","Moonworks:LulusLuckyEgg+1"],"picked":"SKIP","floor":39},{"not_picked":["Moonworks:LulusLuckyEgg","Moonworks:BigMagnum","Moonworks:BigBangBell+1"],"picked":"SKIP","floor":41},{"not_picked":["Moonworks:SweetBattle","Moonworks:IndiscriminateFireSupport+1","Moonworks:BindingChains"],"picked":"SKIP","floor":42},{"not_picked":["Moonworks:CloudOfSeagulls","Moonworks:DeployBits"],"picked":"Moonworks:Gamble","floor":46},{"not_picked":["Moonworks:BigMagnum","Moonworks:Assault+1"],"picked":"Moonworks:GoAway","floor":47},{"not_picked":["Moonworks:EvilSpyWorkPreparation","Moonworks:Flamethrower","Moonworks:ScrambledEve+1"],"picked":"SKIP","floor":48},{"not_picked":["Moonworks:LulusLuckyEgg+1","Moonworks:BigMagnum","Moonworks:UnpaidWork+1"],"picked":"SKIP","floor":54}],"player_experience":514217,"relics_obtained":[{"floor":9.0,"key":"AT_ForceNature"},{"floor":11.0,"key":"AT_BellDemon"},{"floor":14.0,"key":"AT_GuinsooRageblade"},{"floor":22,"key":"Red Mask"},{"floor":29,"key":"Letter Opener"},{"floor":31,"key":"CrazyTorch:ReiMu"},{"floor":41,"key":"ZombieArmy"},{"floor":43,"key":"AT_TheCollector"},{"floor":47,"key":"The Courier"},{"floor":54,"key":"SSSystem"}],"event_choices":[{"damage_healed":0.0,"max_hp_gain":0.0,"max_hp_loss":0.0,"gold_gain":63.0,"event_name":"Golden Wing","player_choice":"Gained Gold","floor":7.0,"gold_loss":0.0,"damage_taken":0.0},{"damage_healed":0.0,"max_hp_gain":0.0,"max_hp_loss":0.0,"gold_gain":0.0,"event_name":"The Woman in Blue","player_choice":"Bought 0 Potions","floor":8.0,"gold_loss":0.0,"damage_taken":0.0},{"damage_healed":0.0,"max_hp_gain":0.0,"max_hp_loss":30.0,"gold_gain":0.0,"event_name":"Ghosts","player_choice":"Became a Ghost","floor":20.0,"gold_loss":0.0,"damage_taken":0.0,"cards_obtained":["Ghostly","Ghostly","Ghostly","Ghostly","Ghostly"]},{"damage_healed":0,"gold_gain":0,"player_choice":"Ignored","damage_taken":0,"max_hp_gain":0,"max_hp_loss":0,"event_name":"Cursed Tome","floor":21,"gold_loss":0},{"damage_healed":0,"gold_gain":0,"player_choice":"Fought Bandits","damage_taken":0,"max_hp_gain":0,"max_hp_loss":0,"event_name":"Masked Bandits","floor":22,"gold_loss":0}],"is_beta":false,"boss_relics":[{"not_picked":["Moonworks:SBBomb","Sozu"],"picked":"Coffee Dripper"},{"not_picked":["Snecko Eye","Velvet Choker"],"picked":"Runic Pyramid"}],"items_purged_floors":[0,44,53],"is_endless":false,"potions_floor_spawned":[3,4,12,16,18,22,30,31,33,35,39,47],"ascension_level":0}}