{"host":"2jftgrhdogeeegvp","time":1610514646,"event":{"mods":["Act Like it!","Arknights The Spire","BaseMod","Colored Map","Downfall","Gensokyo","Marisa£®ÏF”Í°°ƒß¿Ì…≥£©","Minty Spire (QoL Compilation)","READ ME - Guardian Mod","Reimu£®≤©¿ˆ¡È√Œ£©","StSLib","SuperFastMode","The Cursed","The Gatherer","The Mystic"],"gold_per_floor":[118,134,134,159,159,159,195,215,215,234,234,184,200,275,275,394,394,417,377,577,597,610,653,668,668,668],"floor_reached":25,"language":"ZHS","playtime":1363,"items_purged":[],"score":225,"play_id":"caec476d-034b-4f22-a3d9-1ecbeed0389f","local_time":"20210112211046","is_ascension_mode":false,"campfire_choices":[{"floor":6.0,"key":"RECALL"},{"floor":11.0,"key":"REST"},{"floor":15.0,"key":"REST"}],"circlet_count":0,"master_deck":["ats:Strike C","ats:Strike G","ats:Strike S","ats:Strike V","ats:Armor Crushing Shot","ats:Defend","ats:Defend","ats:Defend","ats:Defend","ats:Emotion Absorption","ats:Disruption Kick","ats:Mental Burst","ats:Closed Bolt Burst Fire","ats:Thermite Blade","Pain","ats:Flexible Camouflage","ats:Calcification","ats:Ignite","ats:Shell Defense","ats:Disruption Kick","CurseOfTheBell","ats:Composite Medical Shells","ZunPunch:ReiMu","ats:Chain Hook","ats:Counter Healing Mode","ats:Guardian Obelisk+1","ats:Hammer On+1","ats:Shadow Raid"],"relics":["ats:Sanity","Golden Idol","WarpedTongs","ats:Originium","TungstenRod","Calling Bell","Blood Vial","Gremlin Horn","Incense Burner","Prayer Wheel"],"acts_visited":["Exordium","TheCity"],"potions_floor_usage":[],"damage_taken":[{"damage":5.0,"enemies":"Small Slimes","floor":1.0,"turns":3.0},{"damage":11.0,"enemies":"Jaw Worm","floor":2.0,"turns":2.0},{"damage":6.0,"enemies":"Cultist","floor":4.0,"turns":3.0},{"damage":17.0,"enemies":"3 Sentries","floor":7.0,"turns":7.0},{"damage":0.0,"enemies":"2 Fungi Beasts","floor":8.0,"turns":2.0},{"damage":9.0,"enemies":"Looter","floor":10.0,"turns":3.0},{"damage":9.0,"enemies":"Large Slime","floor":13.0,"turns":4.0},{"damage":16.0,"enemies":"The Guardian","floor":16.0,"turns":6.0},{"damage":0.0,"enemies":"3 Byrds","floor":18.0,"turns":4.0},{"damage":6.0,"enemies":"Shell Parasite","floor":21.0,"turns":5.0},{"damage":8.0,"enemies":"Sentry and Sphere","floor":22.0,"turns":3.0},{"damage":49.0,"enemies":"Slavers","floor":23.0,"turns":6.0},{"damage":21.0,"enemies":"Snake Plant","floor":24.0,"turns":4.0},{"damage":15,"enemies":"Cultist and Chosen","floor":25,"turns":4}],"seed_played":"7167595668213618420","potions_obtained":[{"floor":1.0,"key":"Energy Potion"},{"floor":2.0,"key":"LiquidMemories"},{"floor":7.0,"key":"Strength Potion"},{"floor":10.0,"key":"Explosive Potion"},{"floor":21.0,"key":"Dexterity Potion"},{"floor":22.0,"key":"hexamod:EctoCoolerPotion"},{"floor":24.0,"key":"Energy Potion"}],"is_trial":false,"path_per_floor":["M","M","?","M","?","R","E","M","T","M","R","?","M","?","R","B",null,"M","?","?","M","M","E","M","M"],"character_chosen":"DOCTOR_CLASS","items_purchased":[],"campfire_rested":2,"item_purchase_floors":[],"current_hp_per_floor":[67,56,38,32,32,32,15,15,15,7,28,28,20,10,31,19,72,72,72,72,68,63,22,4,0,0],"gold":668,"neow_bonus":"THREE_RARE_CARDS","is_daily":false,"chose_seed":false,"campfire_upgraded":0,"win_rate":0.0,"timestamp":1610514646,"path_taken":["M","M","?","M","?","R","E","M","T","?","R","?","M","?","R","BOSS","M","?","?","?","?","E","M","M"],"items_purchased_type":[],"build_version":"2020-12-22","purchased_purges":0,"victory":false,"max_hp_per_floor":[72,72,72,72,72,72,72,72,72,72,72,72,72,72,72,72,72,72,72,72,72,72,72,72,72,72],"card_choices":[{"not_picked":["ats:Fractured Body","ats:True Silver Slash"],"picked":"ats:Disruption Kick","floor":0.0},{"not_picked":["ats:Powerful Strike","ats:Hammer On"],"picked":"ats:Mental Burst","floor":1.0},{"not_picked":["ats:Consecutive Shot Auto","ats:LN2 Cannon"],"picked":"ats:Closed Bolt Burst Fire","floor":2.0},{"not_picked":["ats:Childhood Dance","ats:Automatic Cover"],"picked":"ats:Thermite Blade","floor":4.0},{"not_picked":["ats:Apocalypse","ats:Shell Defense"],"picked":"ats:Flexible Camouflage","floor":7.0},{"not_picked":["ats:Spore Proliferation","ats:Flexible Camouflage"],"picked":"ats:Calcification","floor":8.0},{"not_picked":["ats:Hammer On","ats:Cat Scratch"],"picked":"ats:Ignite","floor":10.0},{"not_picked":["ats:Childhood Dance","ats:Cat Scratch"],"picked":"ats:Shell Defense","floor":13.0},{"not_picked":["ats:Dogmatic Field","ats:Fractured Body"],"picked":"ats:Disruption Kick","floor":16.0},{"not_picked":["ats:Assault Order","ats:Consecutive Shot Auto"],"picked":"ats:Composite Medical Shells","floor":18.0},{"not_picked":["ats:Hammer On+1","ats:Apocalypse"],"picked":"ats:Chain Hook","floor":21.0},{"not_picked":["ats:Revitalization","ats:Flexible Camouflage+1"],"picked":"ats:Counter Healing Mode","floor":22.0},{"not_picked":["ats:Explosion Area Strengthen","ats:Charging Defense"],"picked":"ats:Guardian Obelisk+1","floor":23.0},{"not_picked":["ats:Blood Oath","ats:Cat Scratch"],"picked":"ats:Hammer On+1","floor":24.0},{"not_picked":["ats:Explosion Area Strengthen","ats:Powerful Strike"],"picked":"ats:Shadow Raid","floor":24.0}],"player_experience":407400,"relics_obtained":[{"floor":7.0,"key":"ats:Originium"},{"floor":7.0,"key":"TungstenRod"},{"floor":17.0,"key":"Blood Vial"},{"floor":17.0,"key":"Gremlin Horn"},{"floor":17.0,"key":"Incense Burner"},{"floor":23.0,"key":"ats:Originium"},{"floor":23.0,"key":"Prayer Wheel"}],"event_choices":[{"damage_healed":0.0,"max_hp_gain":0.0,"max_hp_loss":0.0,"gold_gain":0.0,"event_name":"Golden Idol","player_choice":"Take Damage","floor":3.0,"gold_loss":0.0,"damage_taken":18.0,"relics_obtained":["Golden Idol"]},{"damage_healed":0.0,"max_hp_gain":0.0,"max_hp_loss":0.0,"gold_gain":0.0,"event_name":"Accursed Blacksmith","player_choice":"Rummage","floor":5.0,"gold_loss":0.0,"damage_taken":0.0,"relics_obtained":["WarpedTongs"],"cards_obtained":["Pain"]},{"cards_removed":["Shame"],"damage_healed":0.0,"max_hp_gain":0.0,"max_hp_loss":0.0,"gold_gain":0.0,"event_name":"The Cleric","player_choice":"Card Removal","floor":12.0,"gold_loss":50.0,"damage_taken":0.0},{"damage_healed":0.0,"max_hp_gain":0.0,"max_hp_loss":0.0,"gold_gain":75.0,"event_name":"World of Goop","player_choice":"Gather Gold","floor":14.0,"gold_loss":0.0,"damage_taken":11.0},{"damage_healed":0.0,"max_hp_gain":0.0,"max_hp_loss":0.0,"gold_gain":0.0,"event_name":"ZunEvent","player_choice":"Ωª≥ˆ…Òæ∆","floor":19.0,"relics_lost":["ZunR:ReiMu"],"gold_loss":0.0,"damage_taken":0.0,"cards_obtained":["ZunPunch:ReiMu"]},{"damage_healed":0.0,"max_hp_gain":0.0,"max_hp_loss":0.0,"gold_gain":200.0,"event_name":"Wheel of Change","player_choice":"Gold","floor":20.0,"gold_loss":0.0,"damage_taken":0.0}],"is_beta":false,"boss_relics":[{"not_picked":["Snecko Eye","ats:Omniscience"],"picked":"Calling Bell"}],"items_purged_floors":[],"is_endless":false,"potions_floor_spawned":[1,2,7,10,21,22,24],"killed_by":"Cultist and Chosen","ascension_level":0}}