{"host":"d85gwtocd8go8gx0","time":1610574743,"event":{"mods":["BaseMod","Highlight Path","Minty Spire (QoL Compilation)","Permanent Neow"],"gold_per_floor":[18,18,32,0,0,34,55,94,94,94,119,155,170,208,208,301,301,319,319,244,244,260,260,160,193,247,172,188,232,232,276,276,371,371,390,406,31,31,0,0,0,15,85,116,141,141,141,182,182,182],"floor_reached":51,"language":"ENG","playtime":3602,"items_purged":["Strike_R","Strike_R","J.A.X."],"score":1622,"play_id":"2eb26bb9-8a68-4da6-997a-8324b28f311a","local_time":"20210113135223","is_ascension_mode":true,"campfire_choices":[{"floor":10.0,"key":"REST"},{"floor":15.0,"key":"REST"},{"data":"1","floor":23.0,"key":"LIFT"},{"data":"2","floor":30.0,"key":"LIFT"},{"data":"3","floor":32.0,"key":"LIFT"},{"data":"Havoc","floor":40.0,"key":"SMITH"},{"floor":46,"key":"DIG"},{"floor":49,"key":"DIG"}],"circlet_count":0,"master_deck":["AscendersBane","Strike_R+1","Strike_R","Defend_R","Defend_R","Defend_R","Defend_R","Bash+1","Cleave","Uppercut+1","Carnage","Flame Barrier","Burning Pact","Dropkick","Double Tap","Perfected Strike","Second Wind","Exhume","Thunderclap+1","Ghostly","Ghostly","Ghostly","Juggernaut","Havoc+1","Burning Pact","Sever Soul+1","Jack Of All Trades","Flex+1","Second Wind"],"relics":["Burning Blood","Pocketwatch","Golden Idol","Gremlin Horn","Girya","Dead Branch","Odd Mushroom","Lantern","Molten Egg 2","Busted Crown","Tiny Chest","Whetstone","Shuriken","CaptainsWheel","Sozu","Frozen Eye","Red Mask","Sundial","Singing Bowl","Shovel","Art of War","Meat on the Bone","Akabeko"],"acts_visited":["Exordium","TheCity","TheBeyond"],"potions_floor_usage":[],"damage_taken":[{"damage":7.0,"enemies":"Small Slimes","floor":1.0,"turns":3.0},{"damage":6.0,"enemies":"2 Louse","floor":3.0,"turns":3.0},{"damage":24.0,"enemies":"Gremlin Nob","floor":6.0,"turns":4.0},{"damage":4.0,"enemies":"Jaw Worm","floor":7.0,"turns":3.0},{"damage":23.0,"enemies":"3 Sentries","floor":8.0,"turns":8.0},{"damage":17.0,"enemies":"The Mushroom Lair","floor":11.0,"turns":3.0},{"damage":8.0,"enemies":"Gremlin Nob","floor":12.0,"turns":3.0},{"damage":6.0,"enemies":"Looter","floor":13.0,"turns":2.0},{"damage":12.0,"enemies":"3 Sentries","floor":14.0,"turns":6.0},{"damage":13.0,"enemies":"Hexaghost","floor":16.0,"turns":12.0},{"damage":22.0,"enemies":"Shell Parasite","floor":18.0,"turns":3.0},{"damage":16.0,"enemies":"2 Thieves","floor":22.0,"turns":4.0},{"damage":3.0,"enemies":"Gremlin Leader","floor":25.0,"turns":2.0},{"damage":11.0,"enemies":"Shelled Parasite and Fungi","floor":28.0,"turns":8.0},{"damage":0.0,"enemies":"Slavers","floor":29.0,"turns":3.0},{"damage":6.0,"enemies":"Gremlin Leader","floor":31.0,"turns":5.0},{"damage":25.0,"enemies":"Automaton","floor":33.0,"turns":8.0},{"damage":0.0,"enemies":"3 Shapes","floor":35.0,"turns":3.0},{"damage":1.0,"enemies":"Orb Walker","floor":36.0,"turns":3.0},{"damage":17.0,"enemies":"4 Shapes","floor":42.0,"turns":3.0},{"damage":0.0,"enemies":"Mind Bloom Boss Battle","floor":44.0,"turns":5.0},{"damage":2,"enemies":"Spire Growth","floor":45,"turns":6},{"damage":0,"enemies":"Reptomancer","floor":48,"turns":3},{"damage":16,"enemies":"Awakened One","floor":50,"turns":5}],"seed_played":"6153439696798131518","potions_obtained":[{"floor":7.0,"key":"DistilledChaos"},{"floor":8.0,"key":"Fire Potion"},{"floor":13.0,"key":"Block Potion"},{"floor":16.0,"key":"SneckoOil"},{"floor":22.0,"key":"AttackPotion"},{"floor":25.0,"key":"BlessingOfTheForge"},{"floor":28.0,"key":"Swift Potion"},{"floor":31.0,"key":"Swift Potion"}],"is_trial":false,"path_per_floor":["M","?","M","?","?","E","M","E","T","R","?","E","M","E","R","B",null,"M","?","$","?","M","R","$","E","T","?","M","E","R","E","R","B",null,"M","M","$","?","?","R","T","M","T","?","M","R","?","E","R","B",null],"character_chosen":"IRONCLAD","items_purchased":["Frozen Eye","Sever Soul+1"],"campfire_rested":2,"item_purchase_floors":[37,37],"current_hp_per_floor":[67,67,67,67,67,49,51,34,34,54,43,41,41,35,55,48,63,47,34,34,34,24,24,24,27,27,27,22,28,28,28,28,9,28,34,34,34,29,29,29,29,18,18,26,32,32,32,40,40,30],"gold":182,"neow_bonus":"ONE_RARE_RELIC","is_daily":false,"chose_seed":false,"campfire_upgraded":1,"win_rate":0.0,"timestamp":1610574743,"path_taken":["M","?","M","?","?","E","M","E","T","R","?","E","M","E","R","BOSS","M","?","$","?","M","R","$","E","T","?","M","E","R","E","R","BOSS","M","M","$","?","?","R","?","?","T","?","M","R","?","E","R","BOSS"],"items_purchased_type":["Relic","Card"],"build_version":"2020-12-22","purchased_purges":3,"victory":true,"max_hp_per_floor":[75,68,68,68,68,68,68,68,68,68,68,68,68,68,68,68,68,68,34,34,34,34,34,34,34,34,34,34,34,34,34,34,34,34,34,34,34,34,34,34,34,34,34,36,38,38,38,40,40,40],"card_choices":[{"not_picked":["Headbutt","Iron Wave"],"picked":"Cleave","floor":1.0},{"not_picked":["Anger","Body Slam"],"picked":"Uppercut","floor":3.0},{"not_picked":["Dark Embrace","Clash"],"picked":"Carnage","floor":6.0},{"not_picked":["Sentinel","Cleave"],"picked":"Flame Barrier","floor":7.0},{"not_picked":["Havoc","Flame Barrier"],"picked":"Burning Pact","floor":8.0},{"not_picked":["Wild Strike","Body Slam"],"picked":"Dropkick","floor":11.0},{"not_picked":["True Grit","Sentinel"],"picked":"Double Tap","floor":12.0},{"not_picked":["Shockwave","Cleave"],"picked":"Perfected Strike","floor":13.0},{"not_picked":["Rampage+1","Reckless Charge+1"],"picked":"Second Wind","floor":14.0},{"not_picked":["Double Tap","Limit Break"],"picked":"Exhume","floor":16.0},{"not_picked":[],"picked":"Thunderclap+1","floor":18.0},{"not_picked":["Dark Embrace"],"picked":"SKIP","floor":22.0},{"not_picked":["Clash+1"],"picked":"SKIP","floor":25.0},{"not_picked":["Sword Boomerang+1"],"picked":"SKIP","floor":28.0},{"not_picked":["Heavy Blade+1"],"picked":"SKIP","floor":29.0},{"not_picked":["Hemokinesis+1"],"picked":"SKIP","floor":31.0},{"not_picked":[],"picked":"Juggernaut","floor":33.0},{"not_picked":[],"picked":"Havoc","floor":35.0},{"not_picked":[],"picked":"Burning Pact","floor":36.0},{"not_picked":[],"picked":"Jack Of All Trades","floor":38.0},{"not_picked":[],"picked":"Flex+1","floor":42.0},{"not_picked":["Headbutt+1"],"picked":"Singing Bowl","floor":44.0},{"not_picked":["Spot Weakness+1"],"picked":"Singing Bowl","floor":45},{"not_picked":["Headbutt+1"],"picked":"Singing Bowl","floor":48}],"player_experience":2308,"relics_obtained":[{"floor":6.0,"key":"Gremlin Horn"},{"floor":8.0,"key":"Girya"},{"floor":9.0,"key":"Dead Branch"},{"floor":11.0,"key":"Odd Mushroom"},{"floor":12.0,"key":"Lantern"},{"floor":14.0,"key":"Molten Egg 2"},{"floor":25.0,"key":"Tiny Chest"},{"floor":26.0,"key":"Whetstone"},{"floor":29.0,"key":"Shuriken"},{"floor":31.0,"key":"CaptainsWheel"},{"floor":41.0,"key":"Sundial"},{"floor":43.0,"key":"Singing Bowl"},{"floor":44.0,"key":"Shovel"},{"floor":46,"key":"Art of War"},{"floor":48,"key":"Meat on the Bone"},{"floor":49,"key":"Akabeko"}],"event_choices":[{"damage_healed":0.0,"max_hp_gain":0.0,"max_hp_loss":7.0,"gold_gain":0.0,"event_name":"Golden Idol","player_choice":"Lose Max HP","floor":2.0,"gold_loss":0.0,"damage_taken":0.0,"relics_obtained":["Golden Idol"]},{"damage_healed":0.0,"max_hp_gain":0.0,"max_hp_loss":0.0,"gold_gain":0.0,"event_name":"World of Goop","player_choice":"Left Gold","floor":4.0,"gold_loss":32.0,"damage_taken":0.0},{"damage_healed":0.0,"max_hp_gain":0.0,"max_hp_loss":0.0,"gold_gain":0.0,"event_name":"Living Wall","player_choice":"Grow","floor":5.0,"gold_loss":0.0,"damage_taken":0.0,"cards_upgraded":["Bash"]},{"damage_healed":0.0,"max_hp_gain":0.0,"max_hp_loss":0.0,"gold_gain":0.0,"event_name":"Mushrooms","player_choice":"Fought Mushrooms","floor":11.0,"gold_loss":0.0,"damage_taken":0.0},{"damage_healed":0.0,"max_hp_gain":0.0,"max_hp_loss":34.0,"gold_gain":0.0,"event_name":"Ghosts","player_choice":"Became a Ghost","floor":19.0,"gold_loss":0.0,"damage_taken":0.0,"cards_obtained":["Ghostly","Ghostly","Ghostly"]},{"damage_healed":0.0,"max_hp_gain":0.0,"max_hp_loss":0.0,"gold_gain":0.0,"event_name":"Drug Dealer","player_choice":"Obtain J.A.X.","floor":21.0,"gold_loss":0.0,"damage_taken":0.0,"cards_obtained":["J.A.X."]},{"cards_removed":["Strike_R"],"damage_healed":0.0,"max_hp_gain":0.0,"max_hp_loss":0.0,"gold_gain":0.0,"event_name":"Beggar","player_choice":"Gave Gold","floor":27.0,"gold_loss":75.0,"damage_taken":0.0},{"damage_healed":0.0,"max_hp_gain":0.0,"max_hp_loss":0.0,"gold_gain":0.0,"event_name":"SensoryStone","player_choice":"Memory 2","floor":38.0,"gold_loss":0.0,"damage_taken":5.0},{"damage_healed":0.0,"max_hp_gain":0.0,"max_hp_loss":0.0,"gold_gain":0.0,"event_name":"Tomb of Lord Red Mask","player_choice":"Paid","floor":39.0,"gold_loss":31.0,"damage_taken":0.0,"relics_obtained":["Red Mask"]},{"damage_healed":0.0,"max_hp_gain":0.0,"max_hp_loss":0.0,"gold_gain":0.0,"event_name":"MindBloom","player_choice":"Fight","floor":44.0,"gold_loss":0.0,"damage_taken":0.0},{"damage_healed":0,"gold_gain":0,"player_choice":"Copied","damage_taken":0,"max_hp_gain":0,"max_hp_loss":0,"event_name":"Duplicator","floor":47,"gold_loss":0,"cards_obtained":["Second Wind"]}],"is_beta":false,"boss_relics":[{"not_picked":["SacredBark","Runic Pyramid"],"picked":"Busted Crown"},{"not_picked":["Astrolabe","Fusion Hammer"],"picked":"Sozu"}],"items_purged_floors":[20,24,37],"is_endless":false,"potions_floor_spawned":[7,8,13,16,22,25,28,31,35,45],"ascension_level":19}}