{"host":"qd0djjbxud4lzzbr","time":1610519816,"event":{"mods":["AchievementEnabler","BaseMod","Bestiary","Minty Spire (QoL Compilation)","StSLib","UnlockEverythingMod"],"gold_per_floor":[116,291,291,63,163,198,229,256,256,284,309,56,81,415,415,513,513,524,284,284,199,212,212,212,212,212,241,241,272,103,103,103,203,203,220,220,220,247,94,94,94,123,181,218,3,33,58,58,58,58,58,58,10,41,41],"floor_reached":56,"language":"ZHS","playtime":3444,"items_purged":["Regret","Doubt"],"score":1470,"play_id":"84ee331e-b36d-40de-b65c-73f542213d73","local_time":"20210113143656","daily_mods":["SealedDeck","Heirloom","Time Dilation","Flight","DeadlyEvents","Elite Swarm"],"is_ascension_mode":true,"campfire_choices":[{"data":"White Noise","floor":15,"key":"SMITH"},{"data":"Amplify","floor":23,"key":"SMITH"},{"floor":24,"key":"RECALL"},{"data":"Defragment","floor":25,"key":"SMITH"},{"data":"Echo Form","floor":28,"key":"SMITH"},{"data":"Magnetism","floor":32,"key":"SMITH"},{"data":"Creative AI","floor":40,"key":"SMITH"},{"data":"Rainbow","floor":41,"key":"SMITH"},{"floor":49,"key":"REST"},{"data":"Static Discharge","floor":52,"key":"SMITH"}],"circlet_count":0,"master_deck":["Leap","Rebound","Go for the Eyes","Go for the Eyes","Melter","Redo+1","Coolheaded+1","Cold Snap","Cold Snap","Capacitor","Static Discharge+1","Machine Learning","Multi-Cast","Rainbow+1","Machine Learning","Defragment+1","White Noise+1","Amplify+1","Echo Form+1","Redo+1","Echo Form","Core Surge","Seek+1","Magnetism+1","Creative AI+1","Conserve Battery+1","Good Instincts+1","Fission+1","Reboot+1","Consume+1","Fission+1","Amplify+1","Conserve Battery+1","Buffer"],"relics":["Cracked Core","Mango","Gremlin Horn","War Paint","Symbiotic Virus","Turnip","Orichalcum","White Beast Statue","Torii","CaptainsWheel","Bronze Scales","Old Coin","Inserter","Toxic Egg 2","MutagenicStrength","Calipers","Pantograph","Strawberry","Matryoshka","Runic Pyramid","Boot","Ancient Tea Set","Runic Capacitor","MawBank","Vajra","Centennial Puzzle","Pen Nib","ClockworkSouvenir","Regal Pillow","Bird Faced Urn","Sundial"],"acts_visited":["Exordium","TheCity","TheBeyond","TheEnding"],"potions_floor_usage":[13,16,33,33,33,33,46,46,50,55],"damage_taken":[{"damage":0,"enemies":"2 Louse","floor":1,"turns":2},{"damage":9,"enemies":"Lagavulin","floor":6,"turns":4},{"damage":10,"enemies":"3 Sentries","floor":7,"turns":5},{"damage":16,"enemies":"Lagavulin","floor":8,"turns":5},{"damage":2,"enemies":"Gremlin Nob","floor":10,"turns":5},{"damage":1,"enemies":"Lagavulin","floor":11,"turns":4},{"damage":1,"enemies":"3 Sentries","floor":13,"turns":6},{"damage":0,"enemies":"Gremlin Nob","floor":14,"turns":5},{"damage":22,"enemies":"The Guardian","floor":16,"turns":9},{"damage":0,"enemies":"Spheric Guardian","floor":18,"turns":1},{"damage":0,"enemies":"3 Byrds","floor":22,"turns":2},{"damage":38,"enemies":"Slavers","floor":27,"turns":5},{"damage":3,"enemies":"Gremlin Leader","floor":29,"turns":4},{"damage":19,"enemies":"Collector","floor":33,"turns":6},{"damage":0,"enemies":"3 Shapes","floor":35,"turns":6},{"damage":20,"enemies":"Reptomancer","floor":42,"turns":8},{"damage":28,"enemies":"Giant Head","floor":44,"turns":6},{"damage":19,"enemies":"Reptomancer","floor":46,"turns":6},{"damage":12,"enemies":"Giant Head","floor":47,"turns":6},{"damage":20,"enemies":"Donu and Deca","floor":50,"turns":9},{"damage":2,"enemies":"Shield and Spear","floor":54,"turns":3},{"damage":86,"enemies":"The Heart","floor":55,"turns":9}],"seed_played":"5983915917999106319","potions_obtained":[{"floor":6,"key":"FairyPotion"},{"floor":8,"key":"DistilledChaos"},{"floor":10,"key":"Swift Potion"},{"floor":11,"key":"Ancient Potion"},{"floor":13,"key":"Regen Potion"},{"floor":16,"key":"SneckoOil"},{"floor":18,"key":"SpeedPotion"},{"floor":22,"key":"EntropicBrew"},{"floor":33,"key":"PotionOfCapacity"},{"floor":35,"key":"DuplicationPotion"},{"floor":46,"key":"LiquidBronze"},{"floor":47,"key":"Block Potion"},{"floor":54,"key":"LiquidMemories"}],"is_trial":true,"path_per_floor":["M","?","?","$","?","E","E","E","T","E","E","$","E","E","R","B",null,"M","$","?","?","M","R","R","R","T","E","R","E","$","T","R","B",null,"M","?","?","T","$","R","R","E","T","E","$","E","E","?","R","B",null,"R","$","E","B",null],"character_chosen":"DEFECT","items_purchased":["War Paint","Defragment","White Noise","Toxic Egg 2","Magnetism","Runic Capacitor","Consume+1","ClockworkSouvenir","Conserve Battery+1"],"campfire_rested":1,"item_purchase_floors":[4,12,12,19,30,39,45,45,53],"current_hp_per_floor":[89,89,89,89,89,80,70,54,54,52,51,51,50,50,50,28,89,89,89,89,89,89,89,89,89,89,51,51,55,55,55,55,75,96,96,96,96,96,96,96,96,76,76,48,48,29,17,17,60,96,96,96,96,96,54],"gold":41,"neow_bonus":"","is_daily":false,"chose_seed":false,"campfire_upgraded":8,"win_rate":0.0,"timestamp":1610519816,"path_taken":["M","?","?","$","?","E","E","E","T","E","?","$","E","?","R","BOSS","M","$","?","?","M","R","R","R","T","E","R","E","$","?","R","BOSS","M","?","?","?","$","R","R","E","T","E","$","E","?","?","R","BOSS","R","$","E","BOSS"],"items_purchased_type":["Relic","Card","Card","Relic","Card","Relic","Card","Relic","Card"],"build_version":"2020-12-22","purchased_purges":2,"victory":true,"max_hp_per_floor":[89,89,89,89,89,89,89,89,89,89,89,89,89,89,89,89,89,89,89,89,89,89,89,89,89,89,89,89,96,96,96,96,96,96,96,96,96,96,96,96,96,96,96,96,96,96,96,96,96,96,96,96,96,96,96],"card_choices":[{"not_picked":["Redo","Melter"],"picked":"Static Discharge","floor":1},{"not_picked":["Seek","All For One"],"picked":"Machine Learning","floor":6},{"not_picked":["All For One","Biased Cognition","Hyperbeam"],"picked":"SKIP","floor":7},{"not_picked":["Biased Cognition","Electrodynamics"],"picked":"Multi-Cast","floor":8},{"not_picked":["Biased Cognition","All For One"],"picked":"Rainbow","floor":10},{"not_picked":["Meteor Strike","Biased Cognition"],"picked":"Machine Learning","floor":11},{"not_picked":["Seek","Electrodynamics"],"picked":"Amplify","floor":13},{"not_picked":["Thunder Strike","Multi-Cast","Hyperbeam"],"picked":"SKIP","floor":14},{"not_picked":["Multi-Cast","Thunder Strike"],"picked":"Echo Form","floor":16},{"not_picked":["Turbo","Steam"],"picked":"Redo+1","floor":18},{"not_picked":["Rebound","Turbo+1"],"picked":"Echo Form","floor":22},{"not_picked":["Echo Form","Reboot+1"],"picked":"Core Surge","floor":27},{"not_picked":["All For One","Creative AI"],"picked":"Seek+1","floor":29},{"not_picked":["Buffer","Echo Form"],"picked":"Creative AI","floor":33},{"not_picked":["Steam+1","Leap+1"],"picked":"Conserve Battery+1","floor":35},{"not_picked":["Purity+1","The Bomb+1"],"picked":"Good Instincts+1","floor":37},{"not_picked":["Multi-Cast+1","Core Surge"],"picked":"Fission+1","floor":42},{"not_picked":["Machine Learning","Multi-Cast+1"],"picked":"Reboot+1","floor":44},{"not_picked":["Machine Learning","Thunder Strike"],"picked":"Fission+1","floor":46},{"not_picked":["Creative AI","Buffer"],"picked":"Amplify+1","floor":47},{"not_picked":["Thunder Strike","Core Surge"],"picked":"Buffer","floor":54}],"player_experience":43423,"relics_obtained":[{"floor":6,"key":"Symbiotic Virus"},{"floor":7,"key":"Turnip"},{"floor":8,"key":"Orichalcum"},{"floor":9,"key":"White Beast Statue"},{"floor":10,"key":"Torii"},{"floor":11,"key":"CaptainsWheel"},{"floor":13,"key":"Bronze Scales"},{"floor":14,"key":"Old Coin"},{"floor":27,"key":"Pantograph"},{"floor":29,"key":"Strawberry"},{"floor":31,"key":"Matryoshka"},{"floor":38,"key":"Boot"},{"floor":38,"key":"Ancient Tea Set"},{"floor":42,"key":"MawBank"},{"floor":43,"key":"Vajra"},{"floor":43,"key":"Centennial Puzzle"},{"floor":44,"key":"Pen Nib"},{"floor":46,"key":"Regal Pillow"},{"floor":47,"key":"Bird Faced Urn"},{"floor":54,"key":"Sundial"}],"event_choices":[{"damage_healed":0,"gold_gain":175,"player_choice":"AGREE","damage_taken":0,"max_hp_gain":0,"max_hp_loss":0,"event_name":"Liars Game","floor":2,"gold_loss":0,"cards_obtained":["Doubt"]},{"damage_healed":0,"gold_gain":0,"player_choice":"Box","damage_taken":0,"relics_obtained":["Gremlin Horn"],"max_hp_gain":0,"max_hp_loss":0,"event_name":"Big Fish","floor":3,"gold_loss":0,"cards_obtained":["Regret"]},{"damage_healed":0,"gold_gain":100,"player_choice":"Pray","damage_taken":0,"max_hp_gain":0,"max_hp_loss":0,"event_name":"Golden Shrine","floor":5,"gold_loss":0},{"damage_healed":0,"gold_gain":0,"player_choice":"Inject Mutagens","damage_taken":0,"relics_obtained":["MutagenicStrength"],"max_hp_gain":0,"max_hp_loss":0,"event_name":"Drug Dealer","floor":20,"gold_loss":0},{"damage_healed":0,"gold_gain":0,"player_choice":"Obtained Relic","damage_taken":0,"relics_obtained":["Calipers"],"max_hp_gain":0,"max_hp_loss":0,"event_name":"Addict","floor":21,"gold_loss":85},{"damage_healed":0,"gold_gain":0,"player_choice":"Ignored","damage_taken":0,"max_hp_gain":0,"max_hp_loss":0,"event_name":"Tomb of Lord Red Mask","floor":36,"gold_loss":0},{"damage_healed":0,"gold_gain":0,"player_choice":"Memory 1","damage_taken":0,"max_hp_gain":0,"max_hp_loss":0,"event_name":"SensoryStone","floor":37,"gold_loss":0},{"damage_healed":0,"gold_gain":0,"player_choice":"Ignored","damage_taken":0,"max_hp_gain":0,"max_hp_loss":0,"event_name":"NoteForYourself","floor":48,"gold_loss":0}],"is_beta":false,"boss_relics":[{"not_picked":["Fusion Hammer","SacredBark"],"picked":"Inserter"},{"not_picked":["Runic Dome","Cursed Key"],"picked":"Runic Pyramid"}],"items_purged_floors":[4,12],"is_endless":false,"potions_floor_spawned":[6,8,10,11,13,14,16,18,22,27,29,33,35,42,44,46,47,54],"ascension_level":1}}