{"host":"tmzq6unyecs2p367","time":1610524328,"event":{"mods":["BaseMod","Koishi","Minty Spire (QoL Compilation)","StSLib","The Bug Knight","The Dragon Tamer","The Juggle","The Senshi"],"gold_per_floor":[110,110,126,76,93,128,143,185,185,202,230,230,23,53,53,165,165,189,104,124,18,18,18,56,76,153,187,210,224,258,274,274,385,385,411,6,23,82,0,0,34,85,85,117,129,141,207,248,260,272,272,272],"floor_reached":50,"language":"ENG","playtime":1975,"items_purged":["DTMod:Strike"],"score":944,"play_id":"12087265-9aba-4af9-b88d-b55c429fac86","local_time":"20210113085208","is_ascension_mode":true,"metric_token":531,"campfire_choices":[{"floor":12,"key":"REST"},{"floor":15,"key":"DIG"},{"data":"DTMod:Training","floor":23,"key":"SMITH"},{"floor":32,"key":"REST"},{"floor":40,"key":"DIG"},{"floor":49,"key":"REST"}],"dtmod_dragon_data":[0,58,1,0,8,0],"circlet_count":0,"master_deck":["DTMod:Strike","DTMod:DoubleHit","DTMod:TargetDefense","DTMod:SwitchingTactic","DTMod:HeatWave","DTMod:SneakAttack","DTMod:FlameSlash","DTMod:Training+1","DTMod:BreakAttack","DTMod:BalancedStrike","DTMod:TriAttack+1","DTMod:ComboAttack+1","DTMod:MaximumCharge+1","DTMod:DarkBreath+1","DTMod:Overwhelm","DTMod:MagiciansMark+1","DTMod:SealedStrike+1","DTMod:MasterPlan+1","DTMod:InvisibleFlame"],"relics":["Empty Cage","Blood Vial","CeramicFish","The Courier","Molten Egg 2","Shovel","DTMod:BasicTextbook","Busted Crown","InkBottle","HollowMod:StagPassRelic","Pantograph","Strawberry","HollowMod:PaleOreRelic","Velvet Choker","Gremlin Horn","Singing Bowl","Girya","Red Mask","HollowMod:LifeEnderRelic","Incense Burner","StoneCalendar","Oddly Smooth Stone","MawBank","Centennial Puzzle","Bag of Marbles"],"acts_visited":["Exordium","TheCity","TheBeyond"],"potions_floor_usage":[11,16,24,27,28,30,31,33,41,46,50,50,50],"damage_taken":[{"damage":0.0,"enemies":"Small Slimes","floor":1.0,"turns":3.0},{"damage":0.0,"enemies":"Cultist","floor":3.0,"turns":3.0},{"damage":0.0,"enemies":"Jaw Worm","floor":5.0,"turns":3.0},{"damage":12.0,"enemies":"Gremlin Nob","floor":6.0,"turns":4.0},{"damage":3.0,"enemies":"2 Fungi Beasts","floor":7.0,"turns":3.0},{"damage":31.0,"enemies":"3 Sentries","floor":8.0,"turns":6.0},{"damage":0,"enemies":"3 Louse","floor":10,"turns":3},{"damage":0,"enemies":"Exordium Thugs","floor":11,"turns":3},{"damage":16,"enemies":"The Guardian","floor":16,"turns":8},{"damage":0,"enemies":"3 Byrds","floor":18,"turns":3},{"damage":0,"enemies":"Spheric Guardian","floor":20,"turns":2},{"damage":0,"enemies":"Book of Stabbing","floor":24,"turns":3},{"damage":0,"enemies":"Snake Plant","floor":25,"turns":3},{"damage":10,"enemies":"Gremlin Leader","floor":27,"turns":4},{"damage":9,"enemies":"Cultist and Chosen","floor":28,"turns":4},{"damage":0,"enemies":"Chosen and Byrds","floor":29,"turns":3},{"damage":0,"enemies":"Book of Stabbing","floor":30,"turns":3},{"damage":0,"enemies":"Snake Plant","floor":31,"turns":2},{"damage":43,"enemies":"Collector","floor":33,"turns":5},{"damage":5,"enemies":"3 Darklings","floor":35,"turns":5},{"damage":6,"enemies":"3 Shapes","floor":37,"turns":3},{"damage":0,"enemies":"Mind Bloom Boss Battle","floor":38,"turns":5},{"damage":7,"enemies":"Giant Head","floor":41,"turns":6},{"damage":5,"enemies":"2 Orb Walkers","floor":42,"turns":4},{"damage":4,"enemies":"Nemesis","floor":44,"turns":5},{"damage":0,"enemies":"Giant Head","floor":46,"turns":1},{"damage":0,"enemies":"HollowMod:StalkingDevout","floor":48,"turns":3},{"damage":74,"enemies":"Time Eater","floor":50,"turns":8}],"seed_played":"-3078764040942271140","potions_obtained":[{"floor":3.0,"key":"CultistPotion"},{"floor":6.0,"key":"Weak Potion"},{"floor":11,"key":"CultistPotion"},{"floor":22,"key":"GamblersBrew"},{"floor":22,"key":"SkillPotion"},{"floor":25,"key":"SteroidPotion"},{"floor":27,"key":"EssenceOfSteel"},{"floor":28,"key":"GamblersBrew"},{"floor":33,"key":"Ancient Potion"},{"floor":37,"key":"ColorlessPotion"},{"floor":41,"key":"SmokeBomb"},{"floor":44,"key":"Weak Potion"},{"floor":48,"key":"BlessingOfTheForge"}],"is_trial":false,"path_per_floor":["M","?","M","?","M","E","M","E","T","M","M","R","$","?","R","B",null,"M","?","M","$","?","R","E","M","T","E","M","M","E","M","R","B",null,"M","$","M","?","?","R","E","?","T","E","?","E","T","E","R","B"],"character_chosen":"THE_DT","items_purchased":["Molten Egg 2","DTMod:MaximumCharge+1","Gremlin Horn","Singing Bowl"],"campfire_rested":3,"item_purchase_floors":[13,21,36,36],"current_hp_per_floor":[45,45,45,45,45,33,32,3,3,5,7,20,20,20,20,6,45,45,45,45,45,45,45,45,45,45,42,35,37,39,41,52,9,52,47,47,45,54,54,54,49,48,48,48,48,50,50,54,62,0,0,0],"gold":272,"neow_bonus":"BOSS_RELIC","is_daily":false,"chose_seed":false,"campfire_upgraded":1,"win_rate":0.0,"timestamp":1610524328,"path_taken":["M","?","?","?","M","E","M","E","T","M","M","R","$","?","R","BOSS","M","?","M","?","?","R","E","?","T","E","?","M","E","M","R","BOSS","M","$","M","?","?","R","E","?","T","E","?","E","?","E","R","BOSS"],"items_purchased_type":["Relic","Card","Relic","Relic"],"build_version":"2020-12-22","purchased_purges":1,"victory":false,"max_hp_per_floor":[45,45,45,45,45,45,45,45,45,45,45,45,45,45,45,45,45,45,45,45,45,45,45,45,45,45,52,52,52,52,52,52,52,52,52,52,54,54,54,54,56,58,58,60,60,60,60,62,62,62,62,62],"card_choices":[{"not_picked":["DTMod:Hide","DTMod:BuildUp"],"picked":"DTMod:HeatWave","floor":1.0},{"not_picked":["DTMod:Cover","DTMod:BlazingStrike"],"picked":"DTMod:SneakAttack","floor":3.0},{"not_picked":["DTMod:GhostSkin","DTMod:Punisher"],"picked":"DTMod:FlameSlash","floor":5.0},{"not_picked":["DTMod:Cover","DTMod:MagicField","DTMod:CrossStep"],"picked":"SKIP","floor":6.0},{"not_picked":["DTMod:ComboAttack","DTMod:StunTrap"],"picked":"DTMod:Training","floor":7.0},{"not_picked":["DTMod:MagicField","DTMod:Training"],"picked":"DTMod:BreakAttack","floor":8.0},{"not_picked":["DTMod:HeatWave","DTMod:QuickFly","DTMod:BuildUp"],"picked":"SKIP","floor":10},{"not_picked":["DTMod:GearUp","DTMod:Feint"],"picked":"DTMod:BalancedStrike","floor":11},{"not_picked":["DTMod:LightShield","DTMod:OpeningTactic+1"],"picked":"DTMod:TriAttack+1","floor":16},{"not_picked":[],"picked":"DTMod:ComboAttack+1","floor":18},{"not_picked":["DTMod:BizarreTactic"],"picked":"SKIP","floor":20},{"not_picked":[],"picked":"DTMod:DarkBreath+1","floor":24},{"not_picked":[],"picked":"DTMod:Overwhelm","floor":25},{"not_picked":["DTMod:ForkedFire+1"],"picked":"SKIP","floor":27},{"not_picked":[],"picked":"DTMod:MagiciansMark+1","floor":28},{"not_picked":["DTMod:CleansingStrike+1"],"picked":"SKIP","floor":29},{"not_picked":["DTMod:BlazingStrike+1"],"picked":"SKIP","floor":30},{"not_picked":["DTMod:CleansingStrike+1"],"picked":"SKIP","floor":31},{"not_picked":[],"picked":"DTMod:SealedStrike+1","floor":33},{"not_picked":[],"picked":"DTMod:MasterPlan+1","floor":35},{"not_picked":["DTMod:ComboAttack+1"],"picked":"Singing Bowl","floor":37},{"not_picked":[],"picked":"DTMod:InvisibleFlame","floor":38},{"not_picked":["DTMod:MagicField"],"picked":"Singing Bowl","floor":41},{"not_picked":["DTMod:BreakAttack+1"],"picked":"Singing Bowl","floor":42},{"not_picked":["DTMod:SneakAttack+1"],"picked":"Singing Bowl","floor":44},{"not_picked":["DTMod:LastStand+1"],"picked":"Singing Bowl","floor":48}],"player_experience":1837468,"relics_obtained":[{"floor":6.0,"key":"Blood Vial"},{"floor":8.0,"key":"CeramicFish"},{"floor":9.0,"key":"The Courier"},{"floor":15,"key":"DTMod:BasicTextbook"},{"floor":24,"key":"HollowMod:StagPassRelic"},{"floor":26,"key":"Pantograph"},{"floor":27,"key":"Strawberry"},{"floor":30,"key":"HollowMod:PaleOreRelic"},{"floor":38,"key":"Girya"},{"floor":40,"key":"HollowMod:LifeEnderRelic"},{"floor":41,"key":"Incense Burner"},{"floor":42,"key":"StoneCalendar"},{"floor":43,"key":"Oddly Smooth Stone"},{"floor":44,"key":"MawBank"},{"floor":47,"key":"Centennial Puzzle"},{"floor":48,"key":"Bag of Marbles"}],"event_choices":[{"cards_removed":["DTMod:Strike"],"damage_healed":0.0,"max_hp_gain":0.0,"max_hp_loss":0.0,"gold_gain":0.0,"event_name":"Purifier","player_choice":"Purged","floor":2.0,"gold_loss":0.0,"damage_taken":0.0},{"cards_removed":["DTMod:TargetDefense"],"damage_healed":0.0,"max_hp_gain":0.0,"max_hp_loss":0.0,"gold_gain":0.0,"event_name":"The Cleric","player_choice":"Card Removal","floor":4.0,"gold_loss":50.0,"damage_taken":0.0},{"damage_healed":0,"gold_gain":30,"player_choice":"Searched \u00273\u0027 times","damage_taken":0,"relics_obtained":["Shovel"],"max_hp_gain":0,"max_hp_loss":0,"event_name":"Dead Adventurer","floor":14,"gold_loss":0},{"damage_healed":0,"gold_gain":0,"player_choice":"Obtained Relic","damage_taken":0,"relics_obtained":["InkBottle"],"max_hp_gain":0,"max_hp_loss":0,"event_name":"Addict","floor":19,"gold_loss":85},{"damage_healed":0,"gold_gain":0,"player_choice":"Got Potions","damage_taken":0,"max_hp_gain":0,"max_hp_loss":0,"event_name":"Lab","floor":22,"gold_loss":0},{"damage_healed":0,"gold_gain":0,"player_choice":"Fight","damage_taken":0,"max_hp_gain":0,"max_hp_loss":0,"event_name":"MindBloom","floor":38,"gold_loss":0},{"damage_healed":0,"gold_gain":0,"player_choice":"Paid","damage_taken":0,"relics_obtained":["Red Mask"],"max_hp_gain":0,"max_hp_loss":0,"event_name":"Tomb of Lord Red Mask","floor":39,"gold_loss":82},{"damage_healed":0,"gold_gain":0,"player_choice":"Fight","damage_taken":0,"max_hp_gain":0,"max_hp_loss":0,"event_name":"Mysterious Sphere","floor":42,"gold_loss":0},{"cards_removed":["DTMod:TargetDefense"],"damage_healed":0,"gold_gain":0,"player_choice":"Removed Skill","damage_taken":0,"max_hp_gain":0,"max_hp_loss":0,"event_name":"Falling","floor":45,"gold_loss":0}],"is_beta":false,"boss_relics":[{"not_picked":["Tiny House","Coffee Dripper"],"picked":"Busted Crown"},{"not_picked":["Runic Dome","Sozu"],"picked":"Velvet Choker"}],"items_purged_floors":[21],"is_endless":false,"potions_floor_spawned":[3,6,11,25,27,28,33,37,41,44,48],"killed_by":"Time Eater","ascension_level":4}}