{"host":"qqhkj8yroas0q20g","time":1610502120,"event":{"mods":["ATMod(阿瑾Mod)","Act Like it!","BaseMod","Conspire","Friendly Minions","KinomotoSakuraMod(木之本樱)","Minty Spire (QoL Compilation)","Reimu（博丽灵梦）","Remilia（蕾米莉亚）","RumiaBox-露米娅的神秘盒子","StSLib","Youmu（魂魄妖梦）","Yuyuko"],"gold_per_floor":[109,109,109,59,59,59,76,91,91,105,121,121,121,130,130,232,232,240,240,240,255,205,240,240,268,320,359,359,274,289,289,289,383,383,390,457,466,466,466,466,483,499,499,499,521,521,538,589,589,588],"floor_reached":51,"language":"ZHS","playtime":3438,"items_purged":[],"score":1061,"play_id":"9ccc4e2b-835d-456a-b8f4-c3a41b972971","local_time":"20210113094200","is_ascension_mode":true,"campfire_choices":[{"data":"BombardNight","floor":6.0,"key":"SMITH"},{"data":"BombardNight+1","floor":12.0,"key":"SMITH"},{"data":"BombardNight+2","floor":15.0,"key":"SMITH"},{"data":"BombardNight+3","floor":24,"key":"SMITH"},{"data":"BombardNight+4","floor":32,"key":"SMITH"},{"data":"QueenOfMidnight","floor":40,"key":"SMITH"},{"data":"EternalNight","floor":49,"key":"SMITH"}],"circlet_count":0,"master_deck":["Strike_RM","Strike_RM","Strike_RM+1","Strike_RM","Defend_RM","Defend_RM","Defend_RM","Defend_RM","RedMoon","ScarletShoot","AT_FamilyPortrait","BombardNight+5","RedNightlessCastle","VampireKiss","DiffusionOfMisfortune","StarOfDavid","NightDance","NightDance","BloodySeventeenLaser","HeartBreak","UnstableMagic+1","BombardNight+4","conspire:SpireCoStock","TwelveNightmare","Wrath_TH","EndlessPower","QueenOfMidnight+1","CurseOfTheBell","FitfulNightmare","Writhe","EternalNight+1","Stigmanizer+1","AT_TearsDenial","ForecastOfChange","BombardNight","EternalNight"],"relics":["ScarletHat","AT_ATBox","YidongShenshe:ReiMu","conspire:InfiniteJournal","GodSword6","SlaversCollar","Calipers","Smiling Mask","ZombieArmy","RedBat","Calling Bell","Gungnir","AT_DeathDance","Toy Ornithopter","AT_GoldPhoenixTree","GodSword1","AT_ForceNature","conspire:Boomerang"],"acts_visited":["Exordium","TheCity","TheBeyond"],"potions_floor_usage":[21,33,33,37,37],"damage_taken":[{"damage":4.0,"enemies":"Jaw Worm","floor":1.0,"turns":4.0},{"damage":0.0,"enemies":"Small Slimes","floor":7.0,"turns":6.0},{"damage":0.0,"enemies":"Cultist","floor":8.0,"turns":1.0},{"damage":0.0,"enemies":"Gremlin Gang","floor":10.0,"turns":1.0},{"damage":5.0,"enemies":"Exordium Thugs","floor":11.0,"turns":3.0},{"damage":0.0,"enemies":"Large Slime","floor":14.0,"turns":5.0},{"damage":1.0,"enemies":"Hexaghost","floor":16.0,"turns":4.0},{"damage":10.0,"enemies":"3 Byrds","floor":18.0,"turns":4.0},{"damage":0,"enemies":"Spheric Guardian","floor":21,"turns":3},{"damage":27,"enemies":"Gremlin Leader","floor":23,"turns":5},{"damage":11,"enemies":"Chosen and Byrds","floor":25,"turns":7},{"damage":18,"enemies":"conspire:Head Lice","floor":27,"turns":6},{"damage":0,"enemies":"Centurion and Healer","floor":30,"turns":1},{"damage":76,"enemies":"Champ","floor":33,"turns":7},{"damage":1,"enemies":"Orb Walker","floor":35,"turns":3},{"damage":9,"enemies":"Mind Bloom Boss Battle","floor":36,"turns":6},{"damage":54,"enemies":"3 Shapes","floor":37,"turns":5},{"damage":4,"enemies":"Sphere and 2 Shapes","floor":41,"turns":5},{"damage":36,"enemies":"4 Shapes","floor":42,"turns":4},{"damage":7,"enemies":"Giant Head","floor":45,"turns":4},{"damage":9,"enemies":"Maw","floor":47,"turns":6},{"damage":15,"enemies":"2 Orb Walkers","floor":48,"turns":2},{"damage":46,"enemies":"Donu and Deca","floor":50,"turns":5}],"seed_played":"-5341036971412175947","potions_obtained":[{"floor":0.0,"key":"SkillPotion"},{"floor":0.0,"key":"AttackPotion"},{"floor":0.0,"key":"EntropicBrew"},{"floor":14.0,"key":"DestinyDice"},{"floor":33,"key":"AttackPotion"},{"floor":35,"key":"Dexterity Potion"},{"floor":41,"key":"Energy Potion"},{"floor":42,"key":"Energy Potion"}],"is_trial":false,"path_per_floor":["M","?","?","?","?","R","M","M","T","M","M","R","$","M","R","B",null,"M","?","$","M","?","E","R","M","T","E","$","?","M","?","R","B",null,"M","?","M","?","?","R","M","M","T","?","E","?","M","?","R","B",null],"character_chosen":"REMILIA","items_purchased":[],"campfire_rested":0,"item_purchase_floors":[],"current_hp_per_floor":[64,64,46,46,46,46,48,48,48,48,46,46,46,47,47,63,73,63,63,63,63,63,46,46,37,37,32,32,32,32,32,32,11,60,59,74,30,49,49,49,54,36,36,36,76,76,76,76,76,56],"gold":588,"neow_bonus":"THREE_SMALL_POTIONS","is_daily":false,"chose_seed":false,"campfire_upgraded":7,"win_rate":0.0,"timestamp":1610502120,"path_taken":["M","?","?","?","?","R","?","?","T","M","M","R","?","M","R","BOSS","M","?","?","M","?","E","R","M","T","E","$","?","M","?","R","BOSS","M","?","M","?","?","R","M","?","T","?","E","?","M","?","R","BOSS"],"items_purchased_type":[],"build_version":"2020-12-22","purchased_purges":0,"victory":true,"max_hp_per_floor":[75,75,75,75,75,75,75,75,75,75,75,75,75,76,76,76,76,76,76,76,76,76,76,76,76,76,76,76,76,76,76,76,76,76,76,76,76,76,76,76,76,76,76,76,76,76,76,76,76,76],"card_choices":[{"not_picked":["UnstableMagic","StarOfDavid"],"picked":"BombardNight","floor":1.0},{"not_picked":["EndlessAdversity","UnderTheZenith"],"picked":"DiffusionOfMisfortune","floor":7.0},{"not_picked":["ScarletDevil","FavorOfDestiny"],"picked":"StarOfDavid","floor":8.0},{"not_picked":["ForbiddenFruit","ReincarnationDial"],"picked":"NightDance","floor":10.0},{"not_picked":["ScarletDevil","RedMagic"],"picked":"NightDance","floor":11.0},{"not_picked":["RedNightlessCastle","CharismaGuard"],"picked":"BloodySeventeenLaser","floor":14.0},{"not_picked":["BloodyHallows","CeilingFear"],"picked":"HeartBreak","floor":16.0},{"not_picked":["CharismaGuard","BloodyTrap"],"picked":"UnstableMagic+1","floor":18.0},{"not_picked":["MastersStateliness","RedRainbow","ScarletDevil"],"picked":"SKIP","floor":21},{"not_picked":["GlobalNightmare","ScarletDevilSign"],"picked":"TwelveNightmare","floor":23},{"not_picked":["UnderTheZenith+1","TransientEternity","CharismaGuard"],"picked":"SKIP","floor":25},{"not_picked":["VampireKiss","BloodyCatastrophe"],"picked":"ScarletNetherworld","floor":27},{"not_picked":["StarOfDavid","ScarletImprint","EndlessAdversity"],"picked":"SKIP","floor":30},{"not_picked":["BatForm","KillingBlow"],"picked":"QueenOfMidnight","floor":33},{"not_picked":["StarOfDavid","VampireKiss"],"picked":"FitfulNightmare","floor":35},{"not_picked":["CharismaGuard","MiserableFate+1","VampireKiss"],"picked":"SKIP","floor":37},{"not_picked":["TricksterDevil","SuperhumanBloodyKnife+1"],"picked":"EternalNight","floor":41},{"not_picked":["VampirishNight+1","ScarletNetherworld+1"],"picked":"Stigmanizer+1","floor":42},{"not_picked":["Purity","Panacea"],"picked":"AT_TearsDenial","floor":44},{"not_picked":["UnderTheZenith","Maim"],"picked":"ForecastOfChange","floor":45},{"not_picked":["Septette+1","DiffusionOfMisfortune+1"],"picked":"BombardNight","floor":47},{"not_picked":["BombardNight","ScarletNetherworld+1"],"picked":"EternalNight","floor":48}],"player_experience":174289,"relics_obtained":[{"floor":9.0,"key":"GodSword6"},{"floor":23,"key":"Calipers"},{"floor":26,"key":"Smiling Mask"},{"floor":27,"key":"ZombieArmy"},{"floor":34,"key":"Gungnir"},{"floor":34,"key":"AT_DeathDance"},{"floor":34,"key":"Toy Ornithopter"},{"floor":36,"key":"AT_GoldPhoenixTree"},{"floor":43,"key":"GodSword1"},{"floor":45,"key":"AT_ForceNature"},{"floor":48,"key":"conspire:Boomerang"}],"event_choices":[{"damage_healed":0.0,"max_hp_gain":0.0,"max_hp_loss":0.0,"gold_gain":0.0,"event_name":"yidonshenshe","player_choice":"带走神社","floor":2.0,"gold_loss":0.0,"damage_taken":0.0,"relics_obtained":["YidongShenshe:ReiMu"],"cards_obtained":["Poor:ReiMu"]},{"damage_healed":0.0,"max_hp_gain":0.0,"max_hp_loss":0.0,"gold_gain":0.0,"event_name":"Scrap Ooze","player_choice":"Success","floor":3.0,"gold_loss":0.0,"damage_taken":18.0,"relics_obtained":["conspire:InfiniteJournal"]},{"cards_removed":["Poor:ReiMu"],"damage_healed":0.0,"max_hp_gain":0.0,"max_hp_loss":0.0,"gold_gain":0.0,"event_name":"The Cleric","player_choice":"Card Removal","floor":4.0,"gold_loss":50.0,"damage_taken":0.0},{"damage_healed":0.0,"max_hp_gain":0.0,"max_hp_loss":0.0,"gold_gain":0.0,"event_name":"Match and Keep!","player_choice":"2 cards matched","floor":5.0,"gold_loss":0.0,"damage_taken":0.0,"cards_obtained":["RedNightlessCastle","VampireKiss"]},{"damage_healed":0.0,"max_hp_gain":0.0,"max_hp_loss":0.0,"gold_gain":0.0,"event_name":"Duplicator","player_choice":"Copied","floor":19.0,"gold_loss":0.0,"damage_taken":0.0,"cards_obtained":["BombardNight"]},{"damage_healed":0,"gold_gain":0,"player_choice":"Invest 1","damage_taken":0,"max_hp_gain":0,"max_hp_loss":0,"event_name":"conspire:Investor","floor":22,"gold_loss":0},{"damage_healed":0,"gold_gain":0,"player_choice":"Obtained Relic","damage_taken":0,"relics_obtained":["RedBat"],"max_hp_gain":0,"max_hp_loss":0,"event_name":"Addict","floor":29,"gold_loss":85},{"damage_healed":0,"gold_gain":0,"player_choice":"Fight","damage_taken":0,"max_hp_gain":0,"max_hp_loss":0,"event_name":"MindBloom","floor":36,"gold_loss":0},{"damage_healed":19,"gold_gain":0,"player_choice":"Writhe","damage_taken":0,"max_hp_gain":0,"max_hp_loss":0,"event_name":"Winding Halls","floor":38,"gold_loss":0,"cards_obtained":["Writhe"]},{"damage_healed":0,"gold_gain":0,"player_choice":"Upgraded","damage_taken":0,"max_hp_gain":0,"max_hp_loss":0,"event_name":"Upgrade Shrine","floor":39,"gold_loss":0,"cards_upgraded":["BombardNight"]},{"damage_healed":0,"gold_gain":0,"player_choice":"Memory 1","damage_taken":0,"max_hp_gain":0,"max_hp_loss":0,"event_name":"SensoryStone","floor":44,"gold_loss":0},{"cards_removed":["ScarletNetherworld"],"damage_healed":0,"gold_gain":0,"player_choice":"Removed Power","damage_taken":0,"max_hp_gain":0,"max_hp_loss":0,"event_name":"Falling","floor":46,"gold_loss":0},{"damage_healed":0,"gold_gain":0,"player_choice":"Fight","damage_taken":0,"max_hp_gain":0,"max_hp_loss":0,"event_name":"Mysterious Sphere","floor":48,"gold_loss":0}],"is_beta":false,"boss_relics":[{"not_picked":["Tiny House","SacredBark"],"picked":"SlaversCollar"},{"not_picked":["Sozu","Cursed Key"],"picked":"Calling Bell"}],"items_purged_floors":[],"is_endless":false,"potions_floor_spawned":[1,8,14,21,23,30,33,35,41,42,45,48],"ascension_level":9}}