{"host":"5wznv0010959mrmz","time":1610512960,"event":{"mods":["BaseMod","Highlight Path","Minty Spire (QoL Compilation)","Relic Stats"],"gold_per_floor":[118,129,54,54,54,54,79,79,106,147,147,188,201,215,215,215,215],"floor_reached":16,"language":"ENG","playtime":643,"items_purged":[],"score":219,"play_id":"b06a21a7-85e2-4370-a930-2159bf5ae752","local_time":"20210112224240","is_ascension_mode":true,"campfire_choices":[{"data":"Riddle With Holes","floor":6,"key":"SMITH"},{"data":"Dash","floor":15,"key":"SMITH"}],"circlet_count":0,"master_deck":["AscendersBane","Strike_G","Strike_G","Strike_G","Strike_G","Defend_G","Defend_G","Defend_G","Survivor+1","Neutralize","Riddle With Holes+1","Doppelganger","Leg Sweep","Escape Plan+1","Regret","Dash+1","Calculated Gamble"],"relics":["Ring of the Snake","Golden Idol","Spirit Poop","War Paint","Tiny Chest","Akabeko","Smiling Mask","Strawberry"],"acts_visited":["Exordium"],"potions_floor_usage":[10,12],"damage_taken":[{"damage":0,"enemies":"2 Louse","floor":1,"turns":2},{"damage":3,"enemies":"Small Slimes","floor":2,"turns":5},{"damage":0,"enemies":"Cultist","floor":7,"turns":3},{"damage":25,"enemies":"Lagavulin","floor":10,"turns":9},{"damage":25,"enemies":"Gremlin Nob","floor":12,"turns":4},{"damage":0,"enemies":"Blue Slaver","floor":13,"turns":1},{"damage":17,"enemies":"2 Fungi Beasts","floor":14,"turns":4},{"damage":22,"enemies":"Hexaghost","floor":16,"turns":9}],"seed_played":"3918737924578568342","potions_obtained":[{"floor":1,"key":"Weak Potion"},{"floor":2,"key":"AttackPotion"},{"floor":10,"key":"FairyPotion"}],"is_trial":false,"path_per_floor":["M","M","?","?","?","R","M","?","T","E","?","E","M","M","R","B"],"character_chosen":"THE_SILENT","items_purchased":[],"campfire_rested":0,"item_purchase_floors":[],"current_hp_per_floor":[59,56,56,56,56,56,56,56,56,31,26,8,8,20,20,0,0],"gold":215,"neow_bonus":"TRANSFORM_TWO_CARDS","is_daily":false,"chose_seed":false,"campfire_upgraded":2,"win_rate":0.0,"timestamp":1610512960,"path_taken":["M","M","?","?","?","R","?","?","T","E","?","E","M","M","R","BOSS"],"items_purchased_type":[],"build_version":"2020-12-22","purchased_purges":0,"victory":false,"max_hp_per_floor":[60,60,60,60,60,60,60,60,60,60,60,67,67,67,67,67,67],"relic_stats":{"counters":[8,37],"Golden Idol":27,"Tiny Chest":0,"War Paint":["Escape Plan","Survivor"],"Smiling Mask":0,"obtain_stats":[{"Golden Idol":4,"Strawberry":12,"Spirit Poop":5,"Tiny Chest":9,"War Paint":8,"Smiling Mask":11,"Akabeko":10,"Ring of the Snake":0},{"Golden Idol":2,"Strawberry":5,"Spirit Poop":2,"Tiny Chest":3,"War Paint":3,"Smiling Mask":4,"Akabeko":4,"Ring of the Snake":0},{"Golden Idol":7,"Strawberry":23,"Spirit Poop":7,"Tiny Chest":10,"War Paint":10,"Smiling Mask":19,"Akabeko":19,"Ring of the Snake":0}],"Ring of the Snake":[16]},"card_choices":[{"not_picked":["Calculated Gamble","PiercingWail"],"picked":"Leg Sweep","floor":1},{"not_picked":["PiercingWail","Accuracy","Sucker Punch"],"picked":"SKIP","floor":2},{"not_picked":["Flying Knee","Distraction"],"picked":"Escape Plan","floor":7},{"not_picked":["Concentrate","Quick Slash","Sucker Punch"],"picked":"SKIP","floor":10},{"not_picked":["Eviscerate","Deadly Poison"],"picked":"Dash","floor":12},{"not_picked":["Bane","Deflect","Cloak And Dagger"],"picked":"SKIP","floor":13},{"not_picked":["Bane","All Out Attack"],"picked":"Calculated Gamble","floor":14}],"player_experience":453324,"relics_obtained":[{"floor":9,"key":"Tiny Chest"},{"floor":10,"key":"Akabeko"},{"floor":12,"key":"Strawberry"}],"event_choices":[{"cards_removed":["Defend_G"],"damage_healed":0,"gold_gain":0,"player_choice":"Card Removal","damage_taken":0,"max_hp_gain":0,"max_hp_loss":0,"event_name":"The Cleric","floor":3,"gold_loss":75},{"damage_healed":0,"gold_gain":0,"player_choice":"Take Wound","damage_taken":0,"relics_obtained":["Golden Idol"],"max_hp_gain":0,"max_hp_loss":0,"event_name":"Golden Idol","floor":4,"gold_loss":0,"cards_obtained":["Injury"]},{"cards_removed":["Injury"],"damage_healed":0,"gold_gain":0,"player_choice":"Offered Curse","damage_taken":0,"relics_obtained":["Spirit Poop"],"max_hp_gain":0,"max_hp_loss":0,"event_name":"Bonfire Elementals","floor":5,"gold_loss":0},{"damage_healed":0,"gold_gain":0,"player_choice":"Box","damage_taken":0,"relics_obtained":["War Paint"],"max_hp_gain":0,"max_hp_loss":0,"event_name":"Big Fish","floor":8,"gold_loss":0,"cards_obtained":["Regret"]},{"damage_healed":0,"gold_gain":0,"player_choice":"Success","damage_taken":5,"relics_obtained":["Smiling Mask"],"max_hp_gain":0,"max_hp_loss":0,"event_name":"Scrap Ooze","floor":11,"gold_loss":0}],"is_beta":false,"boss_relics":[],"items_purged_floors":[],"is_endless":false,"potions_floor_spawned":[1,2,10],"killed_by":"Hexaghost","ascension_level":20}}