{"host":"l60rmjjsfi0fipmi","time":1610575508,"event":{"mods":["BaseMod","Colored Map","DeckTracker","Hermit","Highlight Path","Jorbs\u0027s Wanderer Trilogy","Minty Spire (QoL Compilation)","StSLib","The Cursed"],"gold_per_floor":[110,127,127,139,152,152,181,191,191,191,202,233,180,180,180,180,180],"floor_reached":16,"language":"ENG","playtime":710,"items_purged":[],"score":129,"play_id":"4ac7a734-6903-495f-b627-68d8ad5cd285","local_time":"20210113170508","is_ascension_mode":true,"campfire_choices":[{"data":"Cleave","floor":6,"key":"SMITH"},{"data":"Armaments","floor":15,"key":"SMITH"}],"circlet_count":0,"master_deck":["Strike_R","Strike_R","Strike_R","Strike_R","Strike_R","Defend_R","Defend_R","Defend_R","Defend_R","Bash","Rupture","Cleave+1","Body Slam","Flame Barrier","Shockwave","Reaper","Pommel Strike","Armaments+1","Headbutt"],"relics":["Burning Blood","Meat on the Bone","Ancient Tea Set","Pen Nib"],"acts_visited":["Exordium"],"potions_floor_usage":[7,7,12,12],"damage_taken":[{"damage":1,"enemies":"Cultist","floor":1,"turns":3},{"damage":10,"enemies":"Small Slimes","floor":2,"turns":3},{"damage":4,"enemies":"2 Louse","floor":4,"turns":3},{"damage":16,"enemies":"2 Fungi Beasts","floor":5,"turns":4},{"damage":53,"enemies":"Lagavulin","floor":7,"turns":9},{"damage":0,"enemies":"Lots of Slimes","floor":8,"turns":1},{"damage":7,"enemies":"Blue Slaver","floor":11,"turns":4},{"damage":24,"enemies":"Gremlin Nob","floor":12,"turns":4},{"damage":49,"enemies":"Hexaghost","floor":16,"turns":11}],"seed_played":"3465272221067360714","potions_obtained":[{"floor":4,"key":"FearPotion"},{"floor":5,"key":"Regen Potion"},{"floor":8,"key":"SneckoOil"},{"floor":11,"key":"AttackPotion"}],"is_trial":false,"path_per_floor":["M","M","?","M","M","R","E","M","T","?","M","E","$","?","R","B"],"character_chosen":"IRONCLAD","items_purchased":["Headbutt"],"campfire_rested":0,"item_purchase_floors":[13],"current_hp_per_floor":[80,76,76,78,68,68,33,51,51,51,50,48,48,48,48,0,0],"gold":180,"neow_bonus":"THREE_CARDS","is_daily":false,"chose_seed":false,"campfire_upgraded":2,"win_rate":0.0,"timestamp":1610575508,"path_taken":["M","?","?","M","M","R","E","M","T","?","M","E","$","?","R","BOSS"],"items_purchased_type":["Card"],"build_version":"2020-12-22","purchased_purges":0,"victory":false,"max_hp_per_floor":[80,80,80,80,80,80,80,80,80,80,80,80,80,80,80,80,80],"card_choices":[{"not_picked":["Hemokinesis","True Grit"],"picked":"Rupture","floor":0},{"not_picked":["Clothesline","Havoc"],"picked":"Cleave","floor":1},{"not_picked":["Anger","Perfected Strike"],"picked":"Body Slam","floor":2},{"not_picked":["Hemokinesis","Anger"],"picked":"Flame Barrier","floor":4},{"not_picked":["Sever Soul","Second Wind"],"picked":"Shockwave","floor":5},{"not_picked":["Dropkick","Wild Strike"],"picked":"Reaper","floor":7},{"not_picked":["Twin Strike","Heavy Blade"],"picked":"Pommel Strike","floor":8},{"not_picked":["Headbutt","Burning Pact","Sword Boomerang"],"picked":"SKIP","floor":11},{"not_picked":["Anger","Battle Trance"],"picked":"Armaments","floor":12}],"player_experience":381178,"relics_obtained":[{"floor":7,"key":"Meat on the Bone"},{"floor":9,"key":"Ancient Tea Set"},{"floor":12,"key":"Pen Nib"}],"event_choices":[{"damage_healed":0,"gold_gain":0,"player_choice":"Ignored","damage_taken":0,"max_hp_gain":0,"max_hp_loss":0,"event_name":"Golden Wing","floor":3,"gold_loss":0},{"damage_healed":0,"gold_gain":0,"player_choice":"Fled","damage_taken":0,"max_hp_gain":0,"max_hp_loss":0,"event_name":"Scrap Ooze","floor":10,"gold_loss":0},{"damage_healed":0,"gold_gain":0,"player_choice":"Ignored","damage_taken":0,"max_hp_gain":0,"max_hp_loss":0,"event_name":"Liars Game","floor":14,"gold_loss":0}],"is_beta":false,"boss_relics":[],"items_purged_floors":[],"is_endless":false,"potions_floor_spawned":[4,5,8,11],"killed_by":"Hexaghost","ascension_level":3}}