{"host":"6azrrw3tf7wb0f4b","time":1610557616,"event":{"mods":["BaseMod","DeckTracker","Minty Spire (QoL Compilation)","SuperFastMode"],"gold_per_floor":[112,287,158,169,119,119,133,133,133,133,133,133,150,175,175,270,270,270,270],"floor_reached":18,"language":"KOR","playtime":251,"items_purged":["Doubt"],"score":253,"play_id":"dad4dd62-0aa4-4c71-ae2d-65f3976f4eb8","local_time":"20210114020656","is_ascension_mode":true,"campfire_choices":[{"data":"Dualcast","floor":6,"key":"SMITH"},{"data":"Coolheaded","floor":8,"key":"SMITH"},{"data":"Zap","floor":10,"key":"SMITH"},{"floor":15,"key":"REST"}],"circlet_count":0,"master_deck":["AscendersBane","Strike_B","Defend_B","Defend_B","Defend_B","Zap+1","Dualcast+1","Steam Power","Coolheaded+1","Ball Lightning","Doom and Gloom+1","BootSequence","Self Repair","Chill","Hologram","Meteor Strike"],"relics":["Cracked Core","Juzu Bracelet","Dream Catcher","Empty Cage"],"acts_visited":["Exordium","TheCity"],"potions_floor_usage":[],"damage_taken":[{"damage":0,"enemies":"Small Slimes","floor":1,"turns":2},{"damage":5,"enemies":"Jaw Worm","floor":4,"turns":3},{"damage":4,"enemies":"Cultist","floor":7,"turns":4},{"damage":0,"enemies":"2 Fungi Beasts","floor":13,"turns":2},{"damage":21,"enemies":"3 Sentries","floor":14,"turns":5},{"damage":62,"enemies":"Slime Boss","floor":16,"turns":9},{"damage":0,"enemies":"3 Byrds","floor":18,"turns":1}],"seed_played":"327505089307136399","potions_obtained":[{"floor":1,"key":"CultistPotion"},{"floor":7,"key":"Regen Potion"}],"is_trial":false,"path_per_floor":["M","?","$","M","?","R","M","R","T","R","?","?","M","E","R","B",null,"M"],"character_chosen":"DEFECT","items_purchased":["Ball Lightning"],"campfire_rested":1,"item_purchase_floors":[3],"current_hp_per_floor":[68,68,68,63,63,63,59,59,59,59,64,64,64,50,74,19,65,65,65],"gold":270,"neow_bonus":"TRANSFORM_CARD","is_daily":false,"chose_seed":false,"campfire_upgraded":3,"win_rate":0.0,"timestamp":1610557616,"path_taken":["M","?","$","M","?","R","M","R","T","R","?","?","M","E","R","BOSS","M"],"items_purchased_type":["Card"],"build_version":"2020-12-22","purchased_purges":1,"victory":false,"max_hp_per_floor":[75,75,75,75,75,75,75,75,75,75,80,80,80,80,80,80,80,80,80],"card_choices":[{"not_picked":["Tempest","Conserve Battery"],"picked":"Coolheaded","floor":1},{"not_picked":["Barrage","Compile Driver"],"picked":"Doom and Gloom","floor":4},{"not_picked":["Turbo","FTL"],"picked":"BootSequence","floor":7},{"not_picked":["Hello World","Beam Cell"],"picked":"Self Repair","floor":13},{"not_picked":["Hello World","Conserve Battery"],"picked":"Chill","floor":14},{"not_picked":["Conserve Battery","Force Field"],"picked":"Hologram","floor":15},{"not_picked":["Multi-Cast","Thunder Strike"],"picked":"Meteor Strike","floor":16}],"player_experience":711130,"relics_obtained":[{"floor":9,"key":"Juzu Bracelet"},{"floor":14,"key":"Dream Catcher"}],"event_choices":[{"damage_healed":0,"gold_gain":175,"player_choice":"AGREE","damage_taken":0,"max_hp_gain":0,"max_hp_loss":0,"event_name":"Liars Game","floor":2,"gold_loss":0,"cards_obtained":["Doubt"]},{"cards_removed":["Strike_B"],"damage_healed":0,"gold_gain":0,"player_choice":"Card Removal","damage_taken":0,"max_hp_gain":0,"max_hp_loss":0,"event_name":"The Cleric","floor":5,"gold_loss":50},{"damage_healed":0,"gold_gain":0,"player_choice":"Donut","damage_taken":0,"max_hp_gain":5,"max_hp_loss":0,"event_name":"Big Fish","floor":11,"gold_loss":0},{"damage_healed":0,"gold_gain":0,"player_choice":"Forge","damage_taken":0,"max_hp_gain":0,"max_hp_loss":0,"event_name":"Accursed Blacksmith","floor":12,"gold_loss":0,"cards_upgraded":["Doom and Gloom"]}],"is_beta":false,"boss_relics":[{"not_picked":["Nuclear Battery","Tiny House"],"picked":"Empty Cage"}],"items_purged_floors":[3],"is_endless":false,"potions_floor_spawned":[1,7,13,16],"killed_by":"3 Byrds","ascension_level":12}}