{"host":"2xjkbrmvrd7iq7pu","time":1610510900,"event":{"mods":["AchievementEnabler","Act Like it!","Arknights The Spire","BaseMod","Downfall","Gensokyo","Gremlin Mod","GungeonMod","KinomotoSakuraMod(ƒæ÷Æ±æ”£)","Lobotomy","Minty Spire (QoL Compilation)","Reimu£®≤©¿ˆ¡È√Œ£©","Replay The Spire","StSLib","The Alterego","The Bug Knight","The Cursed","Yakumo Yukari mod"],"gold_per_floor":[117,133,149,79,97,97,113,113,113,113,128,128,162,162,162,267,267,286,297,297,297],"floor_reached":20,"language":"ZHS","playtime":1727,"items_purged":[],"score":193,"play_id":"e1d8ba6e-9a35-47da-bb4b-33b752ba04cf","local_time":"20210113120820","is_ascension_mode":true,"campfire_choices":[{"data":"SpellCardSeal","floor":6,"key":"SMITH"},{"data":"ClowCardTheWave","floor":8,"key":"SMITH"},{"floor":12,"key":"REST"},{"data":"ClowCardTheFlower","floor":15,"key":"SMITH"}],"circlet_count":0,"master_deck":["SakuraCardTheDream+","ClowCardTheSword","ClowCardTheSword+1","ClowCardTheSword+1","ClowCardTheSword","ClowCardTheShield","ClowCardTheShield","ClowCardTheShield","ClowCardTheShield","SpellCardSeal+1","SpellCardRelease","Guardian:TwinSlam","SpecialBullet","ClowCardTheDark","ClowCardTheMist","ClowCardTheMove","ClowCardTheWave+1","ClowCardTheBig","ClowCardTheFlower+1","ClowCardTheFlower","ClowCardTheCreate","ClowCardTheFirey","ClowCardTheWindy+1"],"relics":["KSMOD_SealedBook","KSMOD_SealedWand","KSMOD_MoonBell","Quantum Egg","DemoMod:ChaffGrenade","Philosopher\u0027s Stone"],"acts_visited":["Exordium","Gensokyo:Gensokyo"],"potions_floor_usage":[19],"damage_taken":[{"damage":10,"enemies":"Gensokyo:Python","floor":1,"turns":5},{"damage":10,"enemies":"Gensokyo:Gryphon","floor":2,"turns":3},{"damage":0,"enemies":"Gensokyo:2_Kodama","floor":3,"turns":1},{"damage":4,"enemies":"Gensokyo:VengefulSpirit","floor":5,"turns":3},{"damage":0,"enemies":"Gensokyo:LivingMonolith","floor":7,"turns":3},{"damage":14,"enemies":"Gensokyo:Gryphon_and_Rabbit","floor":11,"turns":4},{"damage":11,"enemies":"Gensokyo:Cirno","floor":13,"turns":5},{"damage":23,"enemies":"Gensokyo:Kokoro","floor":16,"turns":10},{"damage":31,"enemies":"Gensokyo:AngelMirror","floor":18,"turns":4},{"damage":40,"enemies":"Gensokyo:CosmicMonolith","floor":19,"turns":6},{"damage":0,"enemies":"Gensokyo:Wraith","floor":20,"turns":2}],"seed_played":"1925136569019846806","potions_obtained":[{"floor":3,"key":"Swift Potion"},{"floor":7,"key":"Toxic Potion"},{"floor":18,"key":"Adrenaline Potion"}],"is_trial":false,"path_per_floor":["M","M","M","?","M","R","M","R","T","?","M","R","E","?","R","B",null,"M","M","M"],"character_chosen":"KINOMOTOSAKURA","items_purchased":[],"campfire_rested":1,"item_purchase_floors":[],"current_hp_per_floor":[60,50,50,50,46,46,46,46,46,32,19,40,30,51,51,32,70,40,2,3,3],"gold":297,"neow_bonus":"THREE_RARE_CARDS","is_daily":false,"chose_seed":false,"campfire_upgraded":3,"win_rate":0.0,"timestamp":1610510900,"path_taken":["M","M","M","?","M","R","M","R","T","?","M","R","E","?","R","BOSS","M","M","M"],"items_purchased_type":[],"build_version":"2020-12-22","purchased_purges":0,"victory":false,"max_hp_per_floor":[70,70,70,70,70,70,70,70,70,70,70,70,70,70,70,70,70,70,70,70,70],"card_choices":[{"not_picked":["ClowCardTheReturn","ClowCardTheThunder"],"picked":"ClowCardTheDark","floor":0},{"not_picked":["ClowCardTheLock","ClowCardTheShot"],"picked":"ClowCardTheMist","floor":1},{"not_picked":["ClowCardTheDark","ClowCardTheMaze"],"picked":"ClowCardTheMove","floor":2},{"not_picked":["ClowCardTheErase","ClowCardTheStorm"],"picked":"ClowCardTheWave","floor":3},{"not_picked":["ClowCardTheIllusion","ClowCardTheMirror"],"picked":"ClowCardTheDream","floor":5},{"not_picked":["ClowCardTheCloud","ClowCardTheLibra"],"picked":"ClowCardTheBig","floor":7},{"not_picked":["ClowCardTheShadow","ClowCardTheSnow"],"picked":"ClowCardTheFlower","floor":11},{"not_picked":["ClowCardTheChange","ClowCardTheWatery"],"picked":"ClowCardTheFlower","floor":13},{"not_picked":["ClowCardTheReturn","ClowCardTheTwin"],"picked":"ClowCardTheCreate","floor":16},{"not_picked":["ClowCardTheArrow+1","ClowCardTheLock"],"picked":"ClowCardTheFirey","floor":18},{"not_picked":["ClowCardTheBig","ClowCardTheSong+1"],"picked":"ClowCardTheWindy+1","floor":19}],"player_experience":681819,"relics_obtained":[{"floor":9,"key":"KSMOD_MoonBell"},{"floor":13,"key":"DemoMod:ChaffGrenade"}],"event_choices":[],"is_beta":false,"boss_relics":[{"not_picked":["Replay:Drink Me","Coffee Dripper"],"picked":"Philosopher\u0027s Stone"}],"items_purged_floors":[],"is_endless":false,"potions_floor_spawned":[3,7,18],"killed_by":"Gensokyo:Wraith","ascension_level":2}}