{"host":"k67zwea37tbl4jhz","time":1610505728,"event":{"mods":["AchievementEnabler","Aspiration","BaseMod","Better Altar","Better Match","Better Sensory Stone","Better Skull","Better Third Choice","BetterRewards","CCEM","Clawfect","Colored Map","Conspire","Downfall","GifTheSpireLib","Googly Eyes","Halation","Highlight Path","Mimic Mod","Minty Spire (QoL Compilation)","Permanent Neow","Replay The Spire","Shop Mod","Spicy Shops","StSLib","Stuff the Spire","The Hierophant","Unceasing Turn Reminder","everything is the same but u backflip on backflip"],"gold_per_floor":[99,116,132,42,42,42,78,109,109,138,63,73,73,223,239,335,335,260,260,279,299,311,344,344,344,344,344,361,121,138,155,171,268,268,268,268,268,268,283,308,308,66,86,86,96,127,127,162,87,87],"floor_reached":51,"language":"ENG","playtime":3566,"items_purged":["champ:Execute","champ:Strike","champ:Defend","Slimebound:Icky"],"score":908,"play_id":"90ee84ba-2544-463b-9a94-4d9ce6ae7583","local_time":"20210112214208","is_ascension_mode":false,"campfire_choices":[{"floor":1,"key":"DIG"},{"data":"champ:Taunt","floor":6,"key":"SMITH"},{"floor":11,"key":"RECALL"},{"data":"champ:HoldFirm","floor":13,"key":"SMITH"},{"data":"expansioncontent:CaCaw","floor":18,"key":"SMITH"},{"data":"StuffTheSpire:CelestialWarden","floor":25,"key":"SMITH"},{"data":"champ:TornadoPunch","floor":27,"key":"SMITH"},{"data":"champ:EnGarde","floor":35,"key":"SMITH"},{"data":"champ:Improvising","floor":44,"key":"SMITH"},{"data":"champ:EnchantCrown","floor":47,"key":"SMITH"},{"data":"champ:Circumvent","floor":49,"key":"SMITH"}],"circlet_count":0,"master_deck":["champ:Strike","champ:Strike","champ:Defend","champ:Defend","champ:Taunt+1","expansioncontent:CaCaw+1","champ:Circumvent+1","champ:TornadoPunch+1","StuffTheSpire:CelestialWarden+1","champ:DefensiveStyle","champ:Circumvent","champ:HoldFirm+1","champ:ShieldThrow+1","champ:EnGarde+1","champ:EnchantCrown+1","StuffTheSpire:CelestialWarden+1","champ:Lariat+1","champ:Improvising+1","champ:ShieldWall+1"],"relics":["champ:ChampionCrown","Singing Bowl","aspiration:HummingbirdHeart","downfall:HeartBlessingBlue","Runic Pyramid","downfall:HeartBlessingRed","champ:GladiatorsBookOfMartialProwess","conspire:Dentures","StuffTheSpire:Kangaroo","aspiration:HatOfInfinitePower","Incense Burner","aspiration:FetidBarrel","champ:DefensiveTrainingManual","downfall:HeartBlessingGreen"],"acts_visited":["Exordium","TheCity","TheBeyond"],"potions_floor_usage":[],"damage_taken":[{"damage":9,"enemies":"Jaw Worm","floor":2,"turns":6},{"damage":7,"enemies":"2 Louse","floor":3,"turns":5},{"damage":8,"enemies":"downfall:FleeingMerchant","floor":4,"turns":4},{"damage":2,"enemies":"Small Slimes","floor":7,"turns":10},{"damage":52,"enemies":"Gremlin Nob","floor":8,"turns":7},{"damage":1,"enemies":"3 Sentries","floor":10,"turns":8},{"damage":0,"enemies":"Small Slimes","floor":12,"turns":4},{"damage":3,"enemies":"Gremlin Gang","floor":15,"turns":7},{"damage":3,"enemies":"downfall:Watcher","floor":16,"turns":13},{"damage":0,"enemies":"3 Byrds","floor":20,"turns":6},{"damage":0,"enemies":"Centurion and Healer","floor":21,"turns":8},{"damage":12,"enemies":"Sentry and Sphere","floor":22,"turns":7},{"damage":5,"enemies":"Gremlin Leader","floor":23,"turns":16},{"damage":0,"enemies":"Snecko","floor":28,"turns":5},{"damage":0,"enemies":"downfall:FleeingMerchant","floor":29,"turns":4},{"damage":0,"enemies":"Cultist and Chosen","floor":30,"turns":5},{"damage":0,"enemies":"Shelled Parasite and Fungi","floor":31,"turns":6},{"damage":0,"enemies":"conspire:HollyBat","floor":32,"turns":6},{"damage":0,"enemies":"downfall:Ironclad","floor":33,"turns":9},{"damage":0,"enemies":"3 Shapes","floor":39,"turns":6},{"damage":52,"enemies":"R_Hoarder","floor":40,"turns":10},{"damage":0,"enemies":"downfall:FleeingMerchant","floor":42,"turns":4},{"damage":0,"enemies":"Orb Walker","floor":43,"turns":3},{"damage":7,"enemies":"4 Shapes","floor":45,"turns":4},{"damage":0,"enemies":"conspire:MimicChest","floor":46,"turns":4},{"damage":0,"enemies":"Reptomancer","floor":48,"turns":3},{"damage":0,"enemies":"downfall:Defect","floor":50,"turns":6}],"seed_played":"-2173689652366766957","potions_obtained":[{"floor":3,"key":"Strength Potion"},{"floor":15,"key":"Strength Potion"},{"floor":16,"key":"hexamod:EctoCoolerPotion"},{"floor":20,"key":"Reflective Coating"}],"is_trial":false,"path_per_floor":["R_BF","M","M","$","?","R","MIM","E","?","E","R","M","R","?","M","B",null,"R","?","M","M","M","E","T","R","?","R","M","$","M","M","M","B",null,"R","?","?","?","M","E","T","$","M","R","M","?","R","E","R","B",null],"character_chosen":"THE_CHAMP","items_purchased":["champ:Improvising"],"campfire_rested":0,"item_purchase_floors":[42],"current_hp_per_floor":[90,89,87,87,87,87,85,33,33,32,42,44,44,44,43,40,104,104,104,106,106,96,93,93,93,85,85,87,89,91,93,95,95,120,120,120,120,120,122,84,84,84,86,86,79,81,81,83,83,83],"gold":87,"neow_bonus":"RANDOM_COLORLESS","is_daily":false,"chose_seed":false,"campfire_upgraded":9,"win_rate":0.0,"timestamp":1610505728,"path_taken":["R_BF","M","M","$","?","R","MIM","E","?","E","R","?","R","?","M","BOSS","R","?","?","M","M","E","T","R","?","R","?","?","M","M","M","BOSS","R","?","?","?","?","E","T","$","M","R","M","?","R","E","R","BOSS"],"items_purchased_type":["Card"],"build_version":"2020-12-22","purchased_purges":4,"victory":true,"max_hp_per_floor":[90,90,90,90,90,90,90,90,90,90,100,102,102,102,104,104,104,104,104,106,106,108,110,110,110,110,110,112,114,116,118,120,120,120,120,120,120,120,122,124,124,124,126,126,126,128,128,130,130,130],"card_choices":[{"not_picked":["Replay:Bootleg Shield Generator","Dramatic Entrance"],"picked":"expansioncontent:CaCaw","floor":0},{"not_picked":["champ:Lariat","champ:BladeFlurry"],"picked":"champ:Circumvent","floor":2},{"not_picked":["champ:ShieldSigil","champ:HeartStrike","champ:Backstep"],"picked":"SKIP","floor":3},{"not_picked":["champ:Aggression","champ:AdrenalArmor"],"picked":"champ:TornadoPunch","floor":4},{"not_picked":["StuffTheSpire:Rapture","StuffTheSpire:Perfection"],"picked":"StuffTheSpire:CelestialWarden","floor":5},{"not_picked":["champ:GladiatorsShout","champ:BerserkerStyle"],"picked":"champ:DefensiveStyle","floor":8},{"not_picked":["champ:Haymaker","champ:RageSigil"],"picked":"champ:HoldFirm","floor":10},{"not_picked":["champ:PreciseThrust","champ:Backstep","champ:Circumvent"],"picked":"Singing Bowl","floor":12},{"not_picked":["champ:GladiatorsShout","champ:StanceDance","champ:BerserkersShout"],"picked":"Singing Bowl","floor":15},{"not_picked":["champ:MurderStrike","champ:DancingMaster"],"picked":"champ:ShieldThrow","floor":16},{"not_picked":["champ:TornadoPunch+1","champ:Circumvent","champ:Backstep"],"picked":"Singing Bowl","floor":20},{"not_picked":["champ:CalledShot+1","champ:FanOfKnives+1"],"picked":"champ:EnGarde","floor":21},{"not_picked":["champ:FightOn","champ:DefensiveShout","champ:RecklessLeap+1"],"picked":"Singing Bowl","floor":22},{"not_picked":["champ:CrownThrow","champ:Backstep","champ:FlashCut+1"],"picked":"Singing Bowl","floor":23},{"not_picked":["champ:Backstep","champ:EnragedBash","champ:PerfectedStrike"],"picked":"Singing Bowl","floor":28},{"not_picked":["champ:FaceSlap","champ:DeathBlow+1","champ:BerserkersShout"],"picked":"Singing Bowl","floor":29},{"not_picked":["champ:DefensiveShout","champ:FightOn","champ:EnGarde+1"],"picked":"Singing Bowl","floor":30},{"not_picked":["champ:EnragedBash","champ:FlashCut+1","champ:CheapShot"],"picked":"Singing Bowl","floor":31},{"not_picked":["champ:PerfectedStrike","champ:FlashCut","champ:FanOfKnives"],"picked":"Singing Bowl","floor":32},{"not_picked":["champ:LastStand","champ:EnchantSword"],"picked":"champ:EnchantCrown","floor":33},{"not_picked":["champ:IronFortress+1","champ:FlashCut+1","champ:BringItOn+1"],"picked":"Singing Bowl","floor":39},{"not_picked":["champ:RapidStrikes+1","champ:ArenaPreparation+1","champ:RageSigil"],"picked":"Singing Bowl","floor":40},{"not_picked":["champ:BringItOn+1","champ:CrookedStrike"],"picked":"champ:Lariat+1","floor":42},{"not_picked":["champ:EnGarde+1","champ:BringItOn+1","champ:CrookedStrike"],"picked":"Singing Bowl","floor":43},{"not_picked":["champ:FightOn","champ:CrookedStrike"],"picked":"champ:ShieldWall+1","floor":45},{"not_picked":["champ:RecklessLeap","champ:ShieldSigil+1","champ:AdrenalArmor+1"],"picked":"Singing Bowl","floor":46},{"not_picked":["champ:EnGarde+1","champ:Balance","champ:BerserkersShout"],"picked":"Singing Bowl","floor":48}],"player_experience":218406,"relics_obtained":[{"floor":1,"key":"Ancient Tea Set"},{"floor":8,"key":"Singing Bowl"},{"floor":10,"key":"aspiration:HummingbirdHeart"},{"floor":23,"key":"champ:GladiatorsBookOfMartialProwess"},{"floor":24,"key":"conspire:Dentures"},{"floor":40,"key":"aspiration:HatOfInfinitePower"},{"floor":41,"key":"Incense Burner"},{"floor":46,"key":"aspiration:FetidBarrel"},{"floor":48,"key":"champ:DefensiveTrainingManual"}],"event_choices":[{"damage_healed":0,"gold_gain":0,"cards_transformed":["champ:Strike"],"player_choice":"Transformed","damage_taken":0,"max_hp_gain":0,"max_hp_loss":0,"event_name":"Transmorgrifier","floor":9,"gold_loss":0,"cards_obtained":["champ:Circumvent"]},{"damage_healed":0,"gold_gain":0,"player_choice":"Copied","damage_taken":0,"max_hp_gain":0,"max_hp_loss":0,"event_name":"Duplicator","floor":38,"gold_loss":0,"cards_obtained":["StuffTheSpire:CelestialWarden"]}],"is_beta":false,"boss_relics":[{"not_picked":["Kintsugi","Ring of Chaos"],"picked":"Runic Pyramid"},{"not_picked":["Pandora\u0027s Box","conspire:SeveredTorchhead"],"picked":"StuffTheSpire:Kangaroo"}],"items_purged_floors":[4,29,29,42],"is_endless":false,"potions_floor_spawned":[3,15,16,20,22,30,31,40,45,48],"ascension_level":0}}