{"host":"sum4dy402bbv9y4o","time":1610563379,"event":{"mods":["Aspiration","BaseMod","Conspire","Highlight Path","Minty Spire (QoL Compilation)","StSLib"],"gold_per_floor":[14,14,34,47,63,96,96,128,151,151,151],"floor_reached":10,"language":"ENG","playtime":439,"items_purged":[],"score":156,"play_id":"58cf1561-0c78-4475-bb0e-e90009e07122","local_time":"20210113214259","is_ascension_mode":true,"campfire_choices":[{"data":"Eruption","floor":7,"key":"SMITH"}],"circlet_count":0,"master_deck":["AscendersBane","Strike_P","Strike_P","Strike_P","Strike_P","Defend_P","Defend_P","Defend_P","Eruption+1","Vigilance","Chrysalis","ThirdEye","Perseverance","SandsOfTime","Protect","Wallop"],"relics":["PureWater","Ginger","conspire:Flyswatter","Potion Belt"],"acts_visited":["Exordium"],"potions_floor_usage":[6,8,10],"damage_taken":[{"damage":2,"enemies":"Jaw Worm","floor":1,"turns":3},{"damage":0,"enemies":"Cultist","floor":3,"turns":2},{"damage":0,"enemies":"Small Slimes","floor":4,"turns":4},{"damage":14,"enemies":"3 Louse","floor":5,"turns":4},{"damage":11,"enemies":"Lagavulin","floor":6,"turns":6},{"damage":23,"enemies":"3 Sentries","floor":8,"turns":9},{"damage":40,"enemies":"Gremlin Nob","floor":10,"turns":3}],"seed_played":"-7301051832455172608","potions_obtained":[{"floor":5,"key":"Regen Potion"},{"floor":6,"key":"BlessingOfTheForge"},{"floor":8,"key":"EssenceOfSteel"}],"is_trial":false,"path_per_floor":["M","?","M","M","M","E","R","E","T","E"],"character_chosen":"WATCHER","items_purchased":[],"campfire_rested":0,"item_purchase_floors":[],"current_hp_per_floor":[59,59,59,59,45,49,49,26,26,0,0],"gold":151,"neow_bonus":"RANDOM_COLORLESS_2","is_daily":false,"chose_seed":false,"campfire_upgraded":1,"win_rate":0.0,"timestamp":1610563379,"path_taken":["M","?","?","M","M","E","R","E","T","E"],"items_purchased_type":[],"build_version":"2020-12-22","purchased_purges":0,"victory":false,"max_hp_per_floor":[68,68,68,68,68,68,68,68,68,68,68],"card_choices":[{"not_picked":["Panache","Thinking Ahead"],"picked":"Chrysalis","floor":0},{"not_picked":["PathToVictory","Wireheading"],"picked":"ThirdEye","floor":1},{"not_picked":["CutThroughFate","FollowUp"],"picked":"Perseverance","floor":3},{"not_picked":["Wish","Evaluate"],"picked":"SandsOfTime","floor":4},{"not_picked":["Fasting2","Prostrate"],"picked":"Protect","floor":5},{"not_picked":["CutThroughFate","SpiritShield","ThirdEye"],"picked":"SKIP","floor":6},{"not_picked":["JustLucky","Devotion"],"picked":"Wallop","floor":8}],"player_experience":2937916,"relics_obtained":[{"floor":6,"key":"Ginger"},{"floor":8,"key":"conspire:Flyswatter"},{"floor":9,"key":"Potion Belt"}],"event_choices":[{"cards_removed":["Defend_P"],"damage_healed":0,"gold_gain":0,"player_choice":"Purged","damage_taken":0,"max_hp_gain":0,"max_hp_loss":0,"event_name":"Purifier","floor":2,"gold_loss":0}],"is_beta":false,"boss_relics":[],"items_purged_floors":[],"is_endless":false,"potions_floor_spawned":[5,6,8],"killed_by":"Gremlin Nob","ascension_level":20}}