{"host":"g1wmg2w41xhsnw8g","time":1610570390,"event":{"mods":["2.2 Compatiblity","Act Like it!","Aspiration","BaseMod","Better Altar","Better Match","Better Note","Better Sensory Stone","Better Skull","Better Third Choice","BetterRewards","Booster Modes","CapriCore","Colored Map","Colored Powertips","Defuse TimeMaze Blight","Displayed Cursed Tome","Evolution","Fox Events","Friendly Minions","GifTheSpireLib","Good Game Mod","Googly Eyes","Infinite Spire","Magitek Elite","Minty Spire (QoL Compilation)","Red Circlet Mod","Relic Sorter","SCP261 Mod","Shop Mod","Spicy Shops","StSLib","The Bug Knight","The Sage","Transform Curses","Wandering Minibosses","????"],"gold_per_floor":[116,116,116,130,149,184,38,38,38],"floor_reached":8,"language":"ENG","playtime":565,"items_purged":[],"score":59,"play_id":"caa37586-d717-4dd4-9984-e4163e533a81","local_time":"20210113153950","daily_mods":["SealedDeck","Heirloom","Elite Swarm"],"is_ascension_mode":true,"campfire_choices":[],"circlet_count":0,"master_deck":["HollowMod:TaintedHusks","HollowMod:SoulStrike","HollowMod:SiblingsSouls","HollowMod:HeavyBlow","HollowMod:LifebloodCocoon","HollowMod:HowlingWraiths","HollowMod:NewJinnsSoul","HollowMod:DashSlash","HollowMod:MothsMistake","HollowMod:SlysStrikes","Mirage_Vest","HollowMod:CycloneSlash","HollowMod:HerrahsAnger"],"relics":["HollowMod:VesselMask","REME:ComplimentaryCards","EVO:Axolotl","infinitespire:Lychee Nut","Ice Cream","WingedGreaves","MerchantsRug"],"acts_visited":["Exordium"],"potions_floor_usage":[4],"damage_taken":[{"damage":13,"enemies":"Small Slimes","floor":1,"turns":4},{"damage":19,"enemies":"2 Louse","floor":4,"turns":4},{"damage":13,"enemies":"infinitespire:Voidling","floor":5,"turns":4},{"damage":19,"enemies":"Gremlin Nob","floor":6,"turns":4},{"damage":30,"enemies":"Lagavulin","floor":8,"turns":6}],"seed_played":"4211781148463411046","potions_obtained":[{"floor":1,"key":"SCP261:ClockworkPotion"}],"is_trial":true,"path_per_floor":["M","?","?","M","M","E","R","E"],"character_chosen":"THE_BUGKNIGHT","items_purchased":["MerchantsRug"],"campfire_rested":0,"item_purchase_floors":[7],"current_hp_per_floor":[47,47,47,34,34,21,21,0,0],"gold":38,"neow_bonus":"","is_daily":false,"chose_seed":false,"campfire_upgraded":0,"win_rate":0.0,"timestamp":1610570390,"path_taken":["M","?","?","?","?","E","R","E"],"items_purchased_type":["Relic"],"build_version":"2020-12-22","purchased_purges":0,"victory":false,"max_hp_per_floor":[57,57,57,57,57,57,57,57,57],"card_choices":[{"not_picked":["HollowMod:NewLittleFool","HollowMod:InfectedCysts"],"picked":"HollowMod:CycloneSlash","floor":1},{"not_picked":["HollowMod:QuirrelsAssistance","HollowMod:ShadowDash","HollowMod:LifebloodCocoon"],"picked":"SKIP","floor":4},{"not_picked":["HollowMod:CornifersMapStart","HollowMod:InfectedAttack","HollowMod:PerfectDash"],"picked":"SKIP","floor":5},{"not_picked":["HollowMod:MidwifesHunger","HollowMod:NewInfectedGuardian"],"picked":"HollowMod:HerrahsAnger","floor":6}],"player_experience":925176,"relics_obtained":[{"floor":2,"key":"Ice Cream"},{"floor":6,"key":"WingedGreaves"}],"event_choices":[{"damage_healed":0,"gold_gain":0,"player_choice":"Bought 0 Potions","damage_taken":0,"max_hp_gain":0,"max_hp_loss":0,"event_name":"The Woman in Blue","floor":3,"gold_loss":0}],"is_beta":false,"boss_relics":[],"items_purged_floors":[],"is_endless":false,"potions_floor_spawned":[1],"killed_by":"Lagavulin","ascension_level":1}}