{"host":"j4g6ia6asvpyu2b0","time":1610579778,"event":{"mods":["BaseMod","Colored Map","Minty Spire (QoL Compilation)","Permanent Neow","Quick Restart","Relic Stats","StSLib","Unceasing Turn Reminder"],"gold_per_floor":[118,138,154,154,165,165,199,199,199,219,232,232,259,279,279,279,279],"floor_reached":16,"language":"ENG","playtime":489,"items_purged":[],"score":177,"play_id":"001f4de2-e226-4b53-ad15-f3efd9135444","local_time":"20210113161618","is_ascension_mode":true,"campfire_choices":[{"data":"Electrodynamics","floor":6,"key":"SMITH"},{"data":"Capacitor","floor":8,"key":"SMITH"},{"data":"Loop","floor":15,"key":"SMITH"}],"circlet_count":0,"master_deck":["AscendersBane","Strike_B","Strike_B","Strike_B","Defend_B","Defend_B","Defend_B","Defend_B","Zap","Dualcast","Electrodynamics+1","Capacitor+1","Ball Lightning","Cold Snap","Stack","Conserve Battery","White Noise","Loop+1","Loop","Glacier","Sunder"],"relics":["Cracked Core","Letter Opener","Thread and Needle","Gremlin Horn"],"acts_visited":["Exordium"],"potions_floor_usage":[13],"damage_taken":[{"damage":7,"enemies":"Small Slimes","floor":1,"turns":3},{"damage":1,"enemies":"Cultist","floor":2,"turns":3},{"damage":0,"enemies":"2 Louse","floor":3,"turns":3},{"damage":0,"enemies":"Large Slime","floor":5,"turns":4},{"damage":17,"enemies":"Gremlin Nob","floor":7,"turns":4},{"damage":1,"enemies":"Looter","floor":10,"turns":3},{"damage":1,"enemies":"2 Fungi Beasts","floor":11,"turns":2},{"damage":11,"enemies":"Lagavulin","floor":13,"turns":5},{"damage":4,"enemies":"Blue Slaver","floor":14,"turns":3},{"damage":14,"enemies":"Slime Boss","floor":16,"turns":4}],"seed_played":"4697386824150842948","potions_obtained":[{"floor":1,"key":"Ancient Potion"},{"floor":10,"key":"FairyPotion"},{"floor":11,"key":"BlessingOfTheForge"},{"floor":14,"key":"LiquidMemories"}],"is_trial":false,"path_per_floor":["M","M","M","?","M","R","E","R","T","M","M","?","E","M","R","B"],"character_chosen":"DEFECT","items_purchased":[],"campfire_rested":0,"item_purchase_floors":[],"current_hp_per_floor":[61,60,60,60,60,60,43,43,43,42,41,23,12,8,8,0,0],"gold":279,"neow_bonus":"THREE_RARE_CARDS","is_daily":false,"chose_seed":false,"campfire_upgraded":3,"win_rate":0.0,"timestamp":1610579778,"path_taken":["M","M","M","?","?","R","E","R","T","M","M","?","E","M","R","BOSS"],"items_purchased_type":[],"build_version":"2020-12-22","purchased_purges":0,"victory":false,"max_hp_per_floor":[68,68,68,68,68,68,68,68,68,68,68,68,68,68,68,68,68],"relic_stats":{"Gremlin Horn":[0,0],"counters":[10,34],"Letter Opener":[10],"obtain_stats":[{"Gremlin Horn":13,"Thread and Needle":12,"Letter Opener":7,"Cracked Core":0},{"Gremlin Horn":8,"Thread and Needle":7,"Letter Opener":5,"Cracked Core":0},{"Gremlin Horn":27,"Thread and Needle":22,"Letter Opener":17,"Cracked Core":0}]},"card_choices":[{"not_picked":["Rainbow","All For One"],"picked":"Electrodynamics","floor":0},{"not_picked":["Reprogram","Streamline"],"picked":"Capacitor","floor":1},{"not_picked":["Cold Snap","Scrape"],"picked":"Ball Lightning","floor":2},{"not_picked":["Doom and Gloom","Coolheaded"],"picked":"Cold Snap","floor":3},{"not_picked":["Hologram","Redo"],"picked":"Conserve Battery","floor":5},{"not_picked":["Skim","Gash"],"picked":"White Noise","floor":7},{"not_picked":["Beam Cell","Compile Driver"],"picked":"Loop","floor":10},{"not_picked":["Force Field","Stack"],"picked":"Loop","floor":11},{"not_picked":["Streamline","Coolheaded"],"picked":"Glacier","floor":13},{"not_picked":["Reprogram","Turbo"],"picked":"Sunder","floor":14}],"player_experience":837479,"relics_obtained":[{"floor":7,"key":"Letter Opener"},{"floor":13,"key":"Gremlin Horn"}],"event_choices":[{"damage_healed":0,"gold_gain":0,"cards_transformed":["Strike_B"],"player_choice":"Transformed","damage_taken":0,"max_hp_gain":0,"max_hp_loss":0,"event_name":"Transmorgrifier","floor":4,"gold_loss":0,"cards_obtained":["Stack"]},{"damage_healed":0,"gold_gain":0,"player_choice":"Success","damage_taken":18,"relics_obtained":["Thread and Needle"],"max_hp_gain":0,"max_hp_loss":0,"event_name":"Scrap Ooze","floor":12,"gold_loss":0}],"is_beta":false,"boss_relics":[],"items_purged_floors":[],"is_endless":false,"potions_floor_spawned":[1,10,11,14],"killed_by":"Slime Boss","ascension_level":11}}