{"host":"52lujqhsyicpcskq","time":1610564711,"event":{"mods":["BaseMod","Colored Map","DeckTracker","Minty Spire (QoL Compilation)","Permanent Neow","StSLib","SuperFastMode","everything is the same but u backflip on backflip"],"gold_per_floor":[16,27,27,47,66,66,40,67,90,103,103,134,154,154,154,258,258,268,367,379,379,399,399,428,447,447,447,139,158,58,58,58,58,58],"floor_reached":33,"language":"KOR","playtime":1641,"items_purged":["Strike_G","Defend_G"],"score":443,"play_id":"55385bdc-6531-4763-9256-29a2f628cb76","local_time":"20210114040511","is_ascension_mode":true,"campfire_choices":[{"data":"Adrenaline","floor":6,"key":"SMITH"},{"floor":11,"key":"REST"},{"floor":15,"key":"REST"},{"data":"Neutralize","floor":23,"key":"SMITH"},{"floor":27,"key":"REST"},{"data":"Noxious Fumes","floor":32,"key":"SMITH"}],"circlet_count":0,"master_deck":["AscendersBane","Strike_G","Strike_G","Strike_G","Defend_G+1","Defend_G","Defend_G","Survivor","Neutralize+1","Adrenaline+1","Footwork","Leg Sweep","PiercingWail","All Out Attack","Noxious Fumes+1","Poisoned Stab","Dodge and Roll","Backflip+1","Adrenaline","Dash","Die Die Die","Quick Slash+1","Deflect","Footwork","Heel Hook","Malaise","Bane","Deadly Poison","Well Laid Plans","Adrenaline"],"relics":["Ring of the Serpent","Strawberry","Snake Skull","Nunchaku","War Paint","Art of War","White Beast Statue","Tiny Chest","Eternal Feather"],"acts_visited":["Exordium","TheCity"],"potions_floor_usage":[8,24,24,33],"damage_taken":[{"damage":0,"enemies":"Cultist","floor":1,"turns":5},{"damage":3,"enemies":"Small Slimes","floor":2,"turns":4},{"damage":5,"enemies":"Jaw Worm","floor":4,"turns":5},{"damage":0,"enemies":"Blue Slaver","floor":5,"turns":5},{"damage":19,"enemies":"3 Sentries","floor":8,"turns":7},{"damage":10,"enemies":"Gremlin Gang","floor":10,"turns":4},{"damage":1,"enemies":"Lagavulin","floor":12,"turns":7},{"damage":5,"enemies":"Lots of Slimes","floor":13,"turns":3},{"damage":46,"enemies":"Slime Boss","floor":16,"turns":10},{"damage":11,"enemies":"3 Byrds","floor":18,"turns":5},{"damage":4,"enemies":"Shell Parasite","floor":20,"turns":7},{"damage":0,"enemies":"Sentry and Sphere","floor":22,"turns":7},{"damage":26,"enemies":"Slavers","floor":24,"turns":7},{"damage":12,"enemies":"Chosen and Byrds","floor":25,"turns":7},{"damage":1,"enemies":"Centurion and Healer","floor":29,"turns":8},{"damage":49,"enemies":"Champ","floor":33,"turns":14}],"seed_played":"-2385984068148984267","potions_obtained":[{"floor":1,"key":"LiquidBronze"},{"floor":10,"key":"Energy Potion"},{"floor":13,"key":"Weak Potion"},{"floor":29,"key":"AttackPotion"}],"is_trial":false,"path_per_floor":["M","M","$","M","M","R","$","E","T","M","R","E","M","?","R","B",null,"M","?","M","?","M","R","E","M","T","R","$","M","$","T","R","B"],"character_chosen":"THE_SILENT","items_purchased":["Poisoned Stab","Deadly Poison","Tiny Chest","Well Laid Plans"],"campfire_rested":3,"item_purchase_floors":[7,28,28,28],"current_hp_per_floor":[63,60,60,55,55,55,55,43,43,33,56,55,50,38,61,15,62,51,51,47,47,47,47,21,9,9,32,32,31,31,31,49,0,0],"gold":58,"neow_bonus":"TRANSFORM_TWO_CARDS","is_daily":false,"chose_seed":false,"campfire_upgraded":3,"win_rate":0.0,"timestamp":1610564711,"path_taken":["M","M","$","M","M","R","?","E","T","M","R","E","M","?","R","BOSS","M","?","M","?","?","R","E","M","T","R","$","M","$","?","R","BOSS"],"items_purchased_type":["Card","Card","Relic","Card"],"build_version":"2020-12-22","purchased_purges":2,"victory":false,"max_hp_per_floor":[70,70,70,70,70,70,70,77,77,77,77,77,77,77,77,77,77,77,77,77,77,77,77,77,77,77,77,77,77,77,77,77,77,77],"card_choices":[{"not_picked":["All Out Attack","Cloak And Dagger"],"picked":"Leg Sweep","floor":1},{"not_picked":["Eviscerate","Bouncing Flask"],"picked":"PiercingWail","floor":2},{"not_picked":["Underhanded Strike","All Out Attack","Outmaneuver"],"picked":"SKIP","floor":4},{"not_picked":["Underhanded Strike","Outmaneuver"],"picked":"All Out Attack","floor":4},{"not_picked":["Flying Knee","Acrobatics"],"picked":"Noxious Fumes","floor":5},{"not_picked":["Flying Knee","Prepared"],"picked":"Dodge and Roll","floor":8},{"not_picked":["Deflect","Accuracy"],"picked":"Backflip","floor":10},{"not_picked":["Acrobatics","Riddle With Holes"],"picked":"Adrenaline","floor":12},{"not_picked":["Blade Dance","PiercingWail"],"picked":"Dash","floor":13},{"not_picked":["Tools of the Trade","Burst"],"picked":"Die Die Die","floor":16},{"not_picked":["Masterful Stab","Infinite Blades"],"picked":"Quick Slash+1","floor":18},{"not_picked":["Endless Agony","Sucker Punch"],"picked":"Deflect","floor":20},{"not_picked":["Concentrate","Predator"],"picked":"Heel Hook","floor":22},{"not_picked":["Dagger Throw","Deadly Poison"],"picked":"Malaise","floor":24},{"not_picked":["Underhanded Strike","Blade Dance"],"picked":"Bane","floor":25},{"not_picked":["Riddle With Holes","Prepared"],"picked":"Adrenaline","floor":29}],"player_experience":701085,"relics_obtained":[{"floor":8,"key":"Strawberry"},{"floor":9,"key":"Snake Skull"},{"floor":12,"key":"Nunchaku"},{"floor":24,"key":"Art of War"},{"floor":26,"key":"White Beast Statue"},{"floor":31,"key":"Eternal Feather"}],"event_choices":[{"damage_healed":0,"gold_gain":0,"player_choice":"Success","damage_taken":12,"relics_obtained":["War Paint"],"max_hp_gain":0,"max_hp_loss":0,"event_name":"Scrap Ooze","floor":14,"gold_loss":0},{"damage_healed":0,"gold_gain":99,"player_choice":"Stole From Cult","damage_taken":0,"max_hp_gain":0,"max_hp_loss":0,"event_name":"Nest","floor":19,"gold_loss":0},{"damage_healed":0,"gold_gain":0,"player_choice":"Copied","damage_taken":0,"max_hp_gain":0,"max_hp_loss":0,"event_name":"Duplicator","floor":21,"gold_loss":0,"cards_obtained":["Footwork"]}],"is_beta":false,"boss_relics":[{"not_picked":["SacredBark","Coffee Dripper"],"picked":"Ring of the Serpent"}],"items_purged_floors":[28,30],"is_endless":false,"potions_floor_spawned":[1,10,13,16,18,22,29],"killed_by":"Champ","ascension_level":12}}