{"host":"ix2a18c4ohfsrslv","time":1610557602,"event":{"mods":["BaseMod","Better Third Choice","Downfall","Minty Spire (QoL Compilation)","Replay The Spire","StSLib","The Runesmith"],"gold_per_floor":[119,119,70,84,114,114,142,152,152,164,164,164,177,193,193,288,388,360,373,373,373,373],"floor_reached":21,"language":"ENG","playtime":1308,"items_purged":[],"score":206,"play_id":"f09cc464-5c12-4c52-9dfd-6cd3288b8966","local_time":"20210113090642","is_ascension_mode":false,"campfire_choices":[{"floor":6.0,"key":"REST"},{"data":"Runesmith:Repurpose","floor":12.0,"key":"SMITH"},{"floor":15.0,"key":"REST"}],"circlet_count":0,"master_deck":["Runesmith:Strike_RS","Runesmith:Strike_RS","Runesmith:Defend_RS","Runesmith:Defend_RS","Runesmith:Defend_RS","Runesmith:Defend_RS","Runesmith:CraftFirestone","Runesmith:Fortify","Runesmith:CraftObretio","Runesmith:CraftMagma","Runesmith:DoubleUp","Runesmith:HeatedChisel","Runesmith:Repurpose","Runesmith:ChiselStab","Runesmith:Repurpose+1","Runesmith:PerfectChisel","Runesmith:Duplicate","sneckomod:Bewildered","Runesmith:Empowerment+1","Runesmith:Overpower+1","Runesmith:EarthShield+1"],"relics":["Runesmith:BrokenRuby","NeowsBlessing","Bag of Preparation","Ice Cream","Ornamental Fan","Runesmith:MiniCore","Replay:Grab Bag","Replay:Wanted Poster","Cursed Key","Astrolabe","Enchiridion"],"acts_visited":["Exordium","TheCity"],"potions_floor_usage":[],"damage_taken":[{"damage":0.0,"enemies":"Small Slimes","floor":1.0,"turns":1.0},{"damage":0.0,"enemies":"2 Louse","floor":4.0,"turns":1.0},{"damage":0.0,"enemies":"3 Sentries","floor":7.0,"turns":1.0},{"damage":7.0,"enemies":"Jaw Worm","floor":8.0,"turns":4.0},{"damage":16.0,"enemies":"Blue Slaver","floor":10.0,"turns":3.0},{"damage":3.0,"enemies":"3 Louse","floor":13.0,"turns":4.0},{"damage":6.0,"enemies":"Red Slaver","floor":14.0,"turns":4.0},{"damage":14.0,"enemies":"Slime Boss","floor":16.0,"turns":7.0},{"damage":35.0,"enemies":"2 Thieves","floor":18.0,"turns":5.0},{"damage":5,"enemies":"Spheric Guardian","floor":19,"turns":3},{"damage":12,"enemies":"Snake Plant","floor":21,"turns":4}],"seed_played":"692376313140632325","potions_obtained":[{"floor":1.0,"key":"BlessingOfTheForge"},{"floor":7.0,"key":"FearPotion"},{"floor":14.0,"key":"SkillPotion"},{"floor":16.0,"key":"DuplicationPotion"}],"is_trial":false,"path_per_floor":["M","?","$","M","?","R","E","M","T","M","?","R","M","M","R","B",null,"M","M","?","M"],"character_chosen":"RUNESMITH_CLASS","items_purchased":["Runesmith:CraftMagma"],"campfire_rested":2,"item_purchase_floors":[3],"current_hp_per_floor":[70,45,45,45,28,49,49,42,42,26,43,43,40,34,55,41,67,32,27,11,0,0],"gold":373,"neow_bonus":"THREE_ENEMY_KILL","is_daily":false,"chose_seed":false,"campfire_upgraded":1,"win_rate":0.0,"timestamp":1610557602,"path_taken":["M","?","$","M","?","R","E","M","T","M","?","R","M","M","R","BOSS","M","M","?","M"],"items_purchased_type":["Card"],"build_version":"2020-12-22","purchased_purges":0,"victory":false,"max_hp_per_floor":[70,70,70,70,70,70,70,70,70,70,70,70,70,70,70,70,67,67,67,67,67,67],"card_choices":[{"not_picked":["Runesmith:Accelerate","Runesmith:RuneHurl"],"picked":"Runesmith:CraftObretio","floor":1.0},{"not_picked":["Runesmith:Overpower","Runesmith:Electrocute"],"picked":"Runesmith:DoubleUp","floor":4.0},{"not_picked":["Runesmith:GoWithTheFlow","Runesmith:CraftMagma"],"picked":"Runesmith:HeatedChisel","floor":5.0},{"not_picked":["Runesmith:NegativeSpace","Runesmith:CraftMagma"],"picked":"Runesmith:Repurpose","floor":7.0},{"not_picked":["Runesmith:HeatExchange","Runesmith:RunicBlueprint"],"picked":"Runesmith:ChiselStab","floor":8.0},{"not_picked":["Runesmith:CraftSpiculum","Runesmith:Overpower"],"picked":"Runesmith:Repurpose","floor":10.0},{"not_picked":["Runesmith:Repurpose","Runesmith:UnstableHammer"],"picked":"Runesmith:PerfectChisel","floor":13.0},{"not_picked":["Runesmith:HammerTime","Runesmith:DoubleUp","Runesmith:Empowerment"],"picked":"SKIP","floor":14.0},{"not_picked":["Runesmith:CraftPrismatica","Runesmith:LastStand"],"picked":"Runesmith:Duplicate","floor":16.0},{"not_picked":["Runesmith:HeatedChisel","Runesmith:Electrocute+1"],"picked":"Runesmith:EarthShield+1","floor":18},{"not_picked":["Runesmith:Overpower","Runesmith:ShiftingStrike","Runesmith:PerfectChisel"],"picked":"SKIP","floor":19}],"player_experience":165965,"relics_obtained":[{"floor":5.0,"key":"Ice Cream"},{"floor":7.0,"key":"Ornamental Fan"},{"floor":9.0,"key":"Runesmith:MiniCore"},{"floor":20,"key":"Enchiridion"}],"event_choices":[{"damage_healed":0.0,"max_hp_gain":0.0,"max_hp_loss":0.0,"gold_gain":0.0,"event_name":"betterThird:BetterScrap","player_choice":"Relic ","floor":2.0,"gold_loss":0.0,"damage_taken":25.0,"cards_obtained":["Choke"]},{"damage_healed":17.0,"max_hp_gain":0.0,"max_hp_loss":0.0,"gold_gain":0.0,"event_name":"Mushrooms","player_choice":"Healed and dodged fight","floor":11.0,"gold_loss":0.0,"damage_taken":0.0,"cards_obtained":["Parasite"]},{"damage_healed":0,"gold_gain":0,"player_choice":"Obtained Book","damage_taken":16,"max_hp_gain":0,"max_hp_loss":0,"event_name":"Cursed Tome","floor":20,"gold_loss":0}],"is_beta":false,"boss_relics":[{"not_picked":["ChewingGum","Calling Bell"],"picked":"Replay:Grab Bag"},{"not_picked":["Fusion Hammer","Coffee Dripper"],"picked":"Replay:Wanted Poster"},{"not_picked":["Painkiller Herb","Sozu"],"picked":"Cursed Key"},{"not_picked":["Replay:Drink Me","Snecko Eye"],"picked":"Astrolabe"}],"items_purged_floors":[],"is_endless":false,"potions_floor_spawned":[1,7,14,16],"killed_by":"Snake Plant","ascension_level":0}}