{"host":"njcl8kinlkfw245p","time":1610525237,"event":{"mods":["BaseMod","Block Reminder","Colored Map","Googly Eyes","KinomotoSakuraMod(????)","Minty Spire (QoL Compilation)","StSLib","The Senshi","Unceasing Turn Reminder","everything is the same but u backflip on backflip"],"gold_per_floor":[115,115,115,115,140,140,184,184,254,269,269,300,300,149,149,269,269,290,167,167,190,238,238,281,281,330,368,384,384,384],"floor_reached":29,"language":"ENG","playtime":1655,"items_purged":["Strike_R","Strike_R"],"score":319,"play_id":"00243603-1a2f-4238-bd04-2ceaa6d58069","local_time":"20210113000717","is_ascension_mode":true,"campfire_choices":[{"data":"Pommel Strike","floor":6,"key":"SMITH"},{"data":"Metallicize","floor":8,"key":"SMITH"},{"floor":11,"key":"RECALL"},{"data":"Combust","floor":15,"key":"SMITH"},{"data":"Anger","floor":23,"key":"SMITH"},{"data":"Anger","floor":25,"key":"SMITH"}],"circlet_count":0,"master_deck":["Strike_R","Strike_R","Strike_R","Defend_R","Defend_R","Defend_R","Defend_R","Bash","Pommel Strike+1","Metallicize+1","Battle Trance","Anger+1","Combust+1","Demon Form","Shrug It Off","Anger+1","Decay","Burning Pact+1","Seeing Red+1","Uppercut","Corruption"],"relics":["Burning Blood","Golden Idol","theSenshi:SuperSailorFukuRelic","Mango","Kunai","theSenshi:FeatherClipsRelic","Runic Cube","Orichalcum","InkBottle","Boot","Bottled Tornado"],"acts_visited":["Exordium","TheCity"],"potions_floor_usage":[7,16,27,29],"damage_taken":[{"damage":7,"enemies":"Small Slimes","floor":1,"turns":4},{"damage":0,"enemies":"Jaw Worm","floor":5,"turns":3},{"damage":24,"enemies":"3 Sentries","floor":7,"turns":11},{"damage":0,"enemies":"2 Louse","floor":10,"turns":3},{"damage":12,"enemies":"Gremlin Nob","floor":12,"turns":4},{"damage":22,"enemies":"Slime Boss","floor":16,"turns":7},{"damage":16,"enemies":"2 Thieves","floor":18,"turns":5},{"damage":14,"enemies":"Spheric Guardian","floor":21,"turns":4},{"damage":57,"enemies":"Slavers","floor":24,"turns":5},{"damage":55,"enemies":"Gremlin Leader","floor":27,"turns":6},{"damage":0,"enemies":"Snecko","floor":28,"turns":4},{"damage":26,"enemies":"Slavers","floor":29,"turns":3}],"seed_played":"-1195008197133510883","potions_obtained":[{"floor":1,"key":"DistilledChaos"},{"floor":7,"key":"Fruit Juice"},{"floor":12,"key":"Ancient Potion"},{"floor":21,"key":"Fire Potion"},{"floor":28,"key":"DuplicationPotion"}],"is_trial":false,"path_per_floor":["M","?","?","?","M","R","E","R","T","M","R","E","T","$","R","B",null,"M","$","?","M","T","R","E","R","T","E","M","E"],"character_chosen":"IRONCLAD","items_purchased":["Combust","Anger"],"campfire_rested":0,"item_purchase_floors":[14,19],"current_hp_per_floor":[87,65,65,65,71,71,67,67,67,73,73,67,67,67,67,62,107,103,103,103,101,101,101,56,56,56,13,25,0,0],"gold":384,"neow_bonus":"TEN_PERCENT_HP_BONUS","is_daily":false,"chose_seed":false,"campfire_upgraded":5,"win_rate":0.0,"timestamp":1610525237,"path_taken":["M","?","?","?","M","R","E","R","T","M","R","E","?","?","R","BOSS","M","$","?","?","?","R","E","R","T","E","M","E"],"items_purchased_type":["Card","Card"],"build_version":"2020-12-22","purchased_purges":2,"victory":false,"max_hp_per_floor":[88,88,88,88,88,88,102,102,102,102,102,102,102,102,102,107,107,107,107,107,107,107,107,107,107,107,107,107,107,107],"card_choices":[{"not_picked":["Rupture","Power Through"],"picked":"Pommel Strike","floor":1},{"not_picked":["Perfected Strike","Twin Strike","Entrench"],"picked":"SKIP","floor":5},{"not_picked":["Wild Strike","Shrug It Off"],"picked":"Metallicize","floor":7},{"not_picked":["Iron Wave","Rupture"],"picked":"Battle Trance","floor":10},{"not_picked":["Dropkick","Corruption"],"picked":"Anger","floor":12},{"not_picked":["Double Tap","Fiend Fire"],"picked":"Demon Form","floor":16},{"not_picked":["Thunderclap","Clothesline"],"picked":"Shrug It Off","floor":18},{"not_picked":["Heavy Blade","Headbutt"],"picked":"Burning Pact+1","floor":21},{"not_picked":["Carnage+1","Anger"],"picked":"Seeing Red+1","floor":24},{"not_picked":["Warcry","Pommel Strike+1"],"picked":"Uppercut","floor":27},{"not_picked":["Flex","Feel No Pain"],"picked":"Corruption","floor":28}],"player_experience":901517,"relics_obtained":[{"floor":7,"key":"Mango"},{"floor":12,"key":"Kunai"},{"floor":13,"key":"theSenshi:FeatherClipsRelic"},{"floor":22,"key":"Orichalcum"},{"floor":24,"key":"InkBottle"},{"floor":26,"key":"Boot"},{"floor":27,"key":"Bottled Tornado"}],"event_choices":[{"damage_healed":0,"gold_gain":0,"player_choice":"Take Damage","damage_taken":22,"relics_obtained":["Golden Idol"],"max_hp_gain":0,"max_hp_loss":0,"event_name":"Golden Idol","floor":2,"gold_loss":0},{"damage_healed":0,"gold_gain":0,"player_choice":"Box","damage_taken":0,"relics_obtained":["theSenshi:SuperSailorFukuRelic"],"max_hp_gain":0,"max_hp_loss":0,"event_name":"Big Fish","floor":3,"gold_loss":0,"cards_obtained":["Regret"]},{"cards_removed":["Regret"],"damage_healed":0,"gold_gain":0,"player_choice":"Forget","damage_taken":0,"max_hp_gain":0,"max_hp_loss":0,"event_name":"Living Wall","floor":4,"gold_loss":0},{"damage_healed":0,"gold_gain":0,"player_choice":"Cursed","damage_taken":0,"max_hp_gain":0,"max_hp_loss":0,"event_name":"Wheel of Change","floor":20,"gold_loss":0,"cards_obtained":["Decay"]}],"is_beta":false,"boss_relics":[{"not_picked":["SacredBark","Astrolabe"],"picked":"Runic Cube"}],"items_purged_floors":[14,19],"is_endless":false,"potions_floor_spawned":[1,7,12,21,28],"killed_by":"Slavers","ascension_level":2}}