{"host":"grli52lbdph2722t","time":1610560974,"event":{"mods":["AchievementEnabler","BaseMod","Downfall","Minty Spire (QoL Compilation)","Quick Restart","StSLib"],"gold_per_floor":[99,99,99,199,199,374,374,402,302,315,315,1,35,64,77,77,77,77],"floor_reached":16,"language":"ENG","playtime":591,"items_purged":[],"score":202,"play_id":"a07a84e7-5e00-4d07-bc84-49e20a485630","local_time":"20210113190254","is_ascension_mode":true,"campfire_choices":[{"floor":1.0,"key":"RECALL"},{"data":"Doubt","floor":9.0,"key":"PURGE"},{"data":"Guardian:Strike_Guardian","floor":11.0,"key":"PURGE"}],"circlet_count":0,"master_deck":["Guardian:Strike_Guardian","Guardian:Strike_Guardian","Guardian:Strike_Guardian","Guardian:Defend_Guardian","Guardian:Defend_Guardian","Guardian:Defend_Guardian","Guardian:Defend_Guardian","Guardian:CurlUp","Guardian:TwinSlam","Guardian:TemporalStrike","Guardian:WalkerClaw","Guardian:TemporalStrike","Guardian:Clone","Guardian:CompilePackage","Guardian:EvasiveProtocol","Guardian:Gem_Fragmented"],"relics":["Guardian:ModeShifter","downfall:HeartsMalice","downfall:ShatteredFragment","Peace Pipe","WingedGreaves","downfall:HeartBlessingRed","champ:Barbells","Meat on the Bone","MealTicket"],"acts_visited":["Exordium"],"potions_floor_usage":[16],"damage_taken":[{"damage":0.0,"enemies":"2 Louse","floor":2.0,"turns":1.0},{"damage":0.0,"enemies":"Small Slimes","floor":3.0,"turns":1.0},{"damage":0.0,"enemies":"Lagavulin","floor":8.0,"turns":1.0},{"damage":7.0,"enemies":"Jaw Worm","floor":10.0,"turns":3.0},{"damage":5.0,"enemies":"downfall:FleeingMerchant","floor":12.0,"turns":4.0},{"damage":16.0,"enemies":"Gremlin Nob","floor":13.0,"turns":3.0},{"damage":10.0,"enemies":"3 Sentries","floor":14.0,"turns":6.0},{"damage":9.0,"enemies":"2 Fungi Beasts","floor":15.0,"turns":2.0},{"damage":28,"enemies":"ArchetypeAct1Statuses","floor":16,"turns":8}],"seed_played":"-3694965413419187879","potions_obtained":[{"floor":8.0,"key":"Fire Potion"},{"floor":13.0,"key":"Energy Potion"},{"floor":15.0,"key":"SteroidPotion"}],"is_trial":false,"path_per_floor":["R","M","M","?","?","?","T","E","R","M","R","$","E","E","M","B"],"character_chosen":"GUARDIAN","items_purchased":["champ:Barbells","Guardian:CompilePackage"],"campfire_rested":0,"item_purchase_floors":[12,12],"current_hp_per_floor":[72,72,72,72,48,48,48,48,48,41,41,36,20,22,25,0,0,0],"gold":77,"neow_bonus":"THREE_ENEMY_KILL","is_daily":false,"chose_seed":false,"campfire_upgraded":0,"win_rate":0.0,"timestamp":1610560974,"path_taken":["R","M","M","?","?","?","T","E","R","M","R","$","E","E","M","BOSS"],"items_purchased_type":["Relic","Card"],"build_version":"2020-12-22","purchased_purges":0,"victory":false,"max_hp_per_floor":[80,80,80,80,80,80,80,80,80,80,80,80,80,80,80,80,80,80],"card_choices":[{"not_picked":["Guardian:PrimingBeam","Guardian:TemporalShield"],"picked":"Guardian:Gem_Yellow","floor":2.0},{"not_picked":["Guardian:Gem_Lightblue","Guardian:TemporalShield"],"picked":"Guardian:TemporalStrike","floor":3.0},{"not_picked":["Guardian:TemporalShield","Guardian:Recover"],"picked":"Guardian:WalkerClaw","floor":8.0},{"not_picked":["Guardian:SpikerProtocol","Guardian:Gem_Lightblue"],"picked":"Guardian:TemporalStrike","floor":10.0},{"not_picked":["Guardian:Gem_Red","Guardian:TimeCapacitor"],"picked":"Guardian:Clone","floor":12.0},{"not_picked":["Guardian:BodySlam","Guardian:Gem_Red"],"picked":"Guardian:EvasiveProtocol","floor":13.0},{"not_picked":["Guardian:PrimingBeam","Guardian:WalkerClaw","Guardian:TimeBomb"],"picked":"SKIP","floor":14.0},{"not_picked":["Guardian:Reroute","Guardian:VentSteam"],"picked":"Guardian:Gem_Fragmented","floor":15.0}],"player_experience":4984786,"relics_obtained":[{"floor":7.0,"key":"Peace Pipe"},{"floor":8.0,"key":"WingedGreaves"},{"floor":13.0,"key":"Meat on the Bone"},{"floor":14.0,"key":"MealTicket"}],"event_choices":[],"is_beta":false,"boss_relics":[],"items_purged_floors":[],"is_endless":false,"potions_floor_spawned":[8,13,15],"killed_by":"ArchetypeAct1Statuses","ascension_level":9}}