{"host":"rdkrwszfl07lpbj9","time":1610496120,"event":{"mods":["Act Like it!","Aspiration","BaseMod","Beaked The Cultist","Colored Powertips","Downfall","Friendly Minions","Hermit","Infinite Spire","Minty Spire (QoL Compilation)","Replay The Spire","StSLib","The Construct","The Elementalist","The Hierophant","The Jungle","The Marked","The Runesmith"],"gold_per_floor":[99,99,110,110,20,35,61,77,94,94,94,120,130,158,158,158,170,170,170],"floor_reached":18,"language":"ENG","playtime":3156,"items_purged":["Regret"],"score":128,"play_id":"24fcbd39-53f9-4f63-b1b9-cd7b0a160135","local_time":"20210112160200","is_ascension_mode":true,"campfire_choices":[{"floor":1,"key":"DIG"},{"floor":15,"key":"REST"}],"circlet_count":0,"master_deck":["elementalist:Water_Emblem","elementalist:Strike+Elemblue+1","elementalist:Defend_Elemblue","elementalist:Defend_Elemblue","elementalist:Defend_Elemblue","elementalist:Defend_Elemblue","elementalist:Defend_Elemblue","elementalist:Firestrike","elementalist:Earthstrike","elementalist:Waterstrike","elementalist:Airstrike+1","elementalist:Crystal_Chalk+1","elementalist:Rising_Vapors","elementalist:Lunar_Form","elementalist:Lunar_Form","elementalist:Undertow","elementalist:Rising_Tides"],"relics":["elementalistmod:MagusStaff","elementalistmod:BlueRibbon","Replay:Mystery Machine","MealTicket","aspiration:ChemicalBlood","infinitespire:Satchel","Nunchaku"],"acts_visited":["Exordium"],"potions_floor_usage":[12,12,14,14],"damage_taken":[{"damage":0,"enemies":"Small Slimes","floor":3,"turns":6},{"damage":2,"enemies":"downfall:FleeingMerchant","floor":5,"turns":4},{"damage":0,"enemies":"2 Louse","floor":6,"turns":4},{"damage":3,"enemies":"Cultist","floor":8,"turns":6},{"damage":7,"enemies":"3 Louse","floor":9,"turns":7},{"damage":35,"enemies":"3 Sentries","floor":12,"turns":13},{"damage":19,"enemies":"Large Slime","floor":13,"turns":9},{"damage":10,"enemies":"Gremlin Nob","floor":14,"turns":4},{"damage":2,"enemies":"Blue Slaver","floor":17,"turns":4},{"damage":71,"enemies":"downfall:Watcher","floor":18,"turns":15}],"seed_played":"-5375070095925348767","potions_obtained":[{"floor":6,"key":"ColorlessPotion"},{"floor":8,"key":"ColorlessPotion"},{"floor":12,"key":"SkillPotion"},{"floor":14,"key":"Flashbang"},{"floor":14,"key":"champ:CounterPotion"}],"is_trial":false,"path_per_floor":["R","?","M","?","$","M","T","M","M","PTL","PTL","E","M","E","R","?","M","B"],"character_chosen":"THE_ELEMENTALIST","items_purchased":[],"campfire_rested":1,"item_purchase_floors":[],"current_hp_per_floor":[70,58,64,64,70,70,70,68,66,66,66,37,24,17,38,61,62,0,0],"gold":170,"neow_bonus":"ONE_RANDOM_RARE_CARD","is_daily":false,"chose_seed":false,"campfire_upgraded":0,"win_rate":0.0,"timestamp":1610496120,"path_taken":["R","?","M","?","$","M","T","M","M","PTL","PTL","E","M","E","R","?","M","BOSS"],"items_purchased_type":[],"build_version":"2020-12-22","purchased_purges":1,"victory":false,"max_hp_per_floor":[70,70,70,70,70,70,70,70,70,70,70,70,70,70,70,70,70,70,70],"card_choices":[{"not_picked":["elementalist:Caution","elementalist:Breeze","elementalist:Cyclone"],"picked":"SKIP","floor":3},{"not_picked":["elementalist:Caution","elementalist:Breeze","elementalist:Cyclone"],"picked":"SKIP","floor":3},{"not_picked":["elementalist:Spout","elementalist:Stone_to_Mud","elementalist:Geomancy"],"picked":"SKIP","floor":5},{"not_picked":["elementalist:Emberveil","elementalist:Monument"],"picked":"elementalist:Lunar_Form","floor":6},{"not_picked":["elementalist:Momentum","elementalist:Wards"],"picked":"elementalist:Lunar_Form","floor":8},{"not_picked":["elementalist:Pressurize","elementalist:Geomancy"],"picked":"elementalist:Undertow","floor":9},{"not_picked":["elementalist:Overheat","elementalist:Gaian_Form","elementalist:Flame"],"picked":"SKIP","floor":12},{"not_picked":["elementalist:Pressurize","elementalist:Aegis"],"picked":"elementalist:Rising_Tides","floor":13},{"not_picked":["elementalist:Quake","elementalist:Rising_Vapors","elementalist:Fission_Lance"],"picked":"SKIP","floor":14},{"not_picked":["elementalist:Geomancy","elementalist:Wards","elementalist:Spout"],"picked":"SKIP","floor":17}],"player_experience":1018791,"relics_obtained":[{"floor":1,"key":"Replay:Mystery Machine"},{"floor":7,"key":"aspiration:ChemicalBlood"},{"floor":12,"key":"infinitespire:Satchel"},{"floor":14,"key":"Nunchaku"}],"event_choices":[{"damage_healed":0,"gold_gain":0,"player_choice":"Success","damage_taken":12,"relics_obtained":["MealTicket"],"max_hp_gain":0,"max_hp_loss":0,"event_name":"Scrap Ooze","floor":2,"gold_loss":0},{"damage_healed":23,"gold_gain":0,"player_choice":"Banana","damage_taken":0,"max_hp_gain":0,"max_hp_loss":0,"event_name":"Big Fish","floor":16,"gold_loss":0}],"is_beta":false,"boss_relics":[],"items_purged_floors":[5],"is_endless":false,"potions_floor_spawned":[6,8,12,14],"killed_by":"downfall:Watcher","ascension_level":1}}