{"host":"2xjkbrmvrd7iq7pu","time":1610513006,"event":{"mods":["AchievementEnabler","Act Like it!","Arknights The Spire","BaseMod","Downfall","Gensokyo","Gremlin Mod","GungeonMod","KinomotoSakuraMod(ƒæ÷Æ±æ”£)","Lobotomy","Minty Spire (QoL Compilation)","Reimu£®≤©¿ˆ¡È√Œ£©","Replay The Spire","StSLib","The Alterego","The Bug Knight","The Cursed","Yakumo Yukari mod"],"gold_per_floor":[116,128,98,129,129,129,204,204,204],"floor_reached":8,"language":"ZHS","playtime":526,"items_purged":[],"score":46,"play_id":"2f5fd563-254f-4865-848b-055ae750dbaf","local_time":"20210113124326","is_ascension_mode":true,"campfire_choices":[{"data":"DemoMod:ShadowBullets","floor":6,"key":"SMITH"}],"circlet_count":0,"master_deck":["DemoMod:Strike_Huntress","DemoMod:Strike_Huntress","DemoMod:Strike_Huntress","DemoMod:Defend_Huntress","DemoMod:Defend_Huntress","DemoMod:Defend_Huntress","DemoMod:Roll","DemoMod:ManualReload","DemoMod:RustySidearm","DemoMod:CrossBow","Regret","DemoMod:GunShield","DemoMod:Unmoved","DemoMod:ShadowBullets+1"],"relics":["DemoMod:Dog","Oddly Smooth Stone","Replay:Rubber Ducky"],"acts_visited":["Exordium"],"potions_floor_usage":[],"damage_taken":[{"damage":6,"enemies":"2 Louse","floor":1,"turns":3},{"damage":5,"enemies":"Cultist","floor":2,"turns":4},{"damage":16,"enemies":"Small Slimes","floor":4,"turns":13},{"damage":32,"enemies":"Lagavulin","floor":8,"turns":6}],"seed_played":"8826879269853321129","potions_obtained":[{"floor":1,"key":"ZuzhouPotion:ReiMu"},{"floor":3,"key":"Milkshake"},{"floor":3,"key":"Reflective Coating"}],"is_trial":false,"path_per_floor":["M","M","?","?","?","R","?","E"],"character_chosen":"HUNTRESS","items_purchased":[],"campfire_rested":0,"item_purchase_floors":[],"current_hp_per_floor":[64,59,59,43,43,43,32,0,0],"gold":204,"neow_bonus":"RANDOM_EVENT","is_daily":false,"chose_seed":false,"campfire_upgraded":1,"win_rate":0.0,"timestamp":1610513006,"path_taken":["M","M","?","?","?","R","?","E"],"items_purchased_type":[],"build_version":"2020-12-22","purchased_purges":0,"victory":false,"max_hp_per_floor":[70,70,70,70,70,70,70,70,70],"card_choices":[{"not_picked":["DemoMod:SAA","DemoMod:ConditionalReflex"],"picked":"DemoMod:GunShield","floor":1},{"not_picked":["DemoMod:AC15","DemoMod:ConditionalReflex"],"picked":"DemoMod:Unmoved","floor":2},{"not_picked":["DemoMod:HuntsMan","DemoMod:SAA"],"picked":"DemoMod:ShadowBullets","floor":4}],"player_experience":684315,"relics_obtained":[{"floor":4,"key":"Replay:Rubber Ducky"}],"event_choices":[{"damage_healed":0,"gold_gain":0,"player_choice":"Box","damage_taken":0,"relics_obtained":["Oddly Smooth Stone"],"max_hp_gain":0,"max_hp_loss":0,"event_name":"Big Fish","floor":0,"gold_loss":0,"cards_obtained":["Regret"]},{"damage_healed":0,"gold_gain":0,"player_choice":"Bought 2 Potions","damage_taken":0,"max_hp_gain":0,"max_hp_loss":0,"event_name":"The Woman in Blue","floor":3,"gold_loss":0},{"damage_healed":0,"gold_gain":75,"player_choice":"Gather Gold","damage_taken":11,"max_hp_gain":0,"max_hp_loss":0,"event_name":"World of Goop","floor":7,"gold_loss":0}],"is_beta":false,"boss_relics":[],"items_purged_floors":[],"is_endless":false,"potions_floor_spawned":[1],"killed_by":"Lagavulin","ascension_level":1}}