{"host":"7bzprrpqr2usgpra","time":1610508922,"event":{"mods":["ATMod(阿瑾Mod)","BaseMod","BetterRewards","Dota2Spire","HololiveMod","Lobotomy","Minty Spire (QoL Compilation)","MostiFishMod","Quick Restart","Spicy Shops","StSLib","TestMod","TheWitcher","[IsaacMod]以撒尖塔","【遗物卡牌】REMEMod"],"gold_per_floor":[130,147,296,310,320,352,352,411,411,411,424,424,424,433,433,508,508,521,585,597,597,608,642,652,652,726,755,769,857,857,857,857,930,930,947,309,323,323,323,349,361,386,386,386,402,701,715,446,446,446,446,446,263,301,301],"floor_reached":56,"language":"ZHS","playtime":1587,"items_purged":["Regret","Strike_R+1","Doubt"],"score":2590,"play_id":"4de326cc-fd9a-4b29-a7ad-5089c8656cf6","local_time":"20210113113522","is_ascension_mode":true,"campfire_choices":[{"data":"AT_FamilyPortrait","floor":12,"key":"SMITH"},{"data":"AT_ShrugMaster","floor":15,"key":"SMITH"},{"data":"Demon Form","floor":25,"key":"SMITH"},{"data":"Limit Break","floor":30,"key":"SMITH"},{"data":"MostiFishMod:TemporaryOutbreak","floor":32,"key":"SMITH"},{"floor":44,"key":"RECALL"},{"data":"MostiFishMod:PerfectForm","floor":49,"key":"SMITH"},{"data":"Double Tap","floor":52,"key":"SMITH"}],"circlet_count":0,"master_deck":["AscendersBane","Strike_R+1","Strike_R+1","Strike_R+1","Strike_R+1","Defend_R+1","Defend_R+1","Defend_R+1","Defend_R+1","Bash","BettingIsNotGood","AT_FamilyPortrait+1","Heavy Blade","Uppercut","MostiFishMod:TemporaryOutbreak+1","Whirlwind","Carnage","AT_DrawKnifeCut","Exhume","AT_ShrugMaster+1","Demon Form+1","REME_FearOfPain","Sword Boomerang+1","Limit Break+1","MostiFishMod:KnuckleDown","Double Tap+1","REME_Scribble","MostiFishMod:#F4004","Brutality","Metallicize","REME_Cut","MostiFishMod:PerfectForm+1","Thunderclap","AT_ManFootWork","Reaper","REME_BuildACard","AT_IchimonjiDouble"],"relics":["AT_ATBox","testmod-TestBox","HushsDoor","REME_ComplimentaryCards","FeatherPendant","GuppysTail","testmod-Charity","Runic Dome","SynthV:TestCard","Vajra","DaveBox","FeatherPendant","testmod-Maize","Spirit Poop","Nunchaku","testmod-CardMagician","Dota2Spire:DrumOfEndurance","SatanicBible","testmod-Hope","MutagenicStrength","testmod-TimeTraveler","DoctorsRemote","Dota2Spire:Desolator","Sling","AT_SunfireAegis","Bronze Scales","D4","Brimstone","DeadEye"],"acts_visited":["Exordium","TheCity","TheBeyond","TheEnding"],"potions_floor_usage":[27,27,40,40,50,55],"damage_taken":[{"damage":3,"enemies":"Jaw Worm","floor":1,"turns":2},{"damage":6,"enemies":"Small Slimes","floor":2,"turns":2},{"damage":3,"enemies":"Cultist","floor":4,"turns":2},{"damage":0,"enemies":"Blue Slaver","floor":5,"turns":1},{"damage":13,"enemies":"3 Sentries","floor":6,"turns":3},{"damage":0,"enemies":"Lagavulin","floor":8,"turns":2},{"damage":0,"enemies":"3 Louse","floor":11,"turns":2},{"damage":0,"enemies":"Exordium Thugs","floor":14,"turns":1},{"damage":0,"enemies":"Slime Boss","floor":16,"turns":2},{"damage":3,"enemies":"Chosen","floor":18,"turns":3},{"damage":0,"enemies":"3 Byrds","floor":20,"turns":1},{"damage":1,"enemies":"Cultist and Chosen","floor":22,"turns":3},{"damage":0,"enemies":"Gremlin Leader","floor":23,"turns":2},{"damage":12,"enemies":"Chosen and Byrds","floor":24,"turns":2},{"damage":15,"enemies":"Slavers","floor":27,"turns":4},{"damage":4,"enemies":"Snecko","floor":28,"turns":2},{"damage":0,"enemies":"3 Cultists","floor":29,"turns":3},{"damage":0,"enemies":"Automaton","floor":33,"turns":1},{"damage":29,"enemies":"3 Shapes","floor":35,"turns":3},{"damage":0,"enemies":"Orb Walker","floor":37,"turns":1},{"damage":10,"enemies":"Reptomancer","floor":40,"turns":3},{"damage":5,"enemies":"Jaw Worm Horde","floor":41,"turns":3},{"damage":13,"enemies":"Giant Head","floor":42,"turns":2},{"damage":3,"enemies":"4 Shapes","floor":45,"turns":3},{"damage":5,"enemies":"Transient","floor":47,"turns":3},{"damage":36,"enemies":"Donu and Deca","floor":50,"turns":3},{"damage":8,"enemies":"Shield and Spear","floor":54,"turns":2},{"damage":43,"enemies":"The Heart","floor":55,"turns":4}],"seed_played":"5125635799444897694","potions_obtained":[{"floor":4,"key":"SkillPotion"},{"floor":11,"key":"SkillPotion"},{"floor":27,"key":"BlessingOfTheForge"},{"floor":28,"key":"AttackPotion"},{"floor":29,"key":"BloodPotion"},{"floor":40,"key":"REME_GoldPotion"},{"floor":54,"key":"CultistPotion"}],"is_trial":false,"path_per_floor":["M","M","?","M","M","E","?","E","T","?","M","R","?","M","R","B",null,"M","?","M","?","M","E","M","R","T","E","M","M","R","?","R","B",null,"M","$","M","?","?","E","M","E","T","R","M","?","M","$","R","B",null,"R","$","E","B",null],"character_chosen":"IRONCLAD","items_purchased":["DoctorsRemote","Dota2Spire:Desolator","Sling","Brimstone","REME_BuildACard"],"campfire_rested":0,"item_purchase_floors":[36,36,36,48,53],"current_hp_per_floor":[67,62,63,61,62,55,55,58,58,58,59,59,59,60,60,61,81,79,65,66,66,66,67,56,56,57,43,40,44,44,44,44,45,84,66,66,72,72,72,63,65,53,53,53,51,52,54,54,54,66,104,104,104,114,77],"gold":301,"neow_bonus":"BOSS_RELIC","is_daily":false,"chose_seed":false,"campfire_upgraded":7,"win_rate":0.0,"timestamp":1610508922,"path_taken":["M","M","?","M","?","E","?","E","T","?","?","R","?","M","R","BOSS","M","?","M","?","M","E","?","R","T","E","M","M","R","?","R","BOSS","M","$","M","?","?","E","M","E","T","R","M","?","M","?","R","BOSS","R","$","E","BOSS"],"items_purchased_type":["Relic","Relic","Relic","Relic","Card"],"build_version":"2020-12-22","purchased_purges":3,"victory":true,"max_hp_per_floor":[77,78,79,80,81,82,82,85,85,85,86,86,86,87,87,88,88,89,90,91,91,92,93,94,94,95,96,97,101,101,101,101,102,97,98,98,99,99,99,100,107,108,108,108,109,110,117,117,117,117,117,117,117,125,131],"card_choices":[{"not_picked":[],"picked":"BettingIsNotGood","floor":0},{"not_picked":["Perfected Strike","True Grit"],"picked":"Heavy Blade","floor":1},{"not_picked":["Sentinel","MostiFishMod:UltimateDefense","AT_BodySlamDance","Twin Strike"],"picked":"Uppercut","floor":2},{"not_picked":["Disarm","Perfected Strike","Cleave","Battle Trance"],"picked":"MostiFishMod:TemporaryOutbreak","floor":4},{"not_picked":["Uppercut","Hemokinesis","Cleave","Thunderclap"],"picked":"Whirlwind","floor":5},{"not_picked":["Shrug It Off","AT_BodySlamDance","Thunderclap","Body Slam"],"picked":"Carnage","floor":6},{"not_picked":["AT_ManFootWork","Shrug It Off","Heavy Blade","REME_SingleHolding"],"picked":"AT_DrawKnifeCut","floor":8},{"not_picked":["Bomb","AT_DiedThrough","Flex","Rage"],"picked":"Exhume","floor":11},{"not_picked":["Cleave","Anger","Sever Soul","Clothesline"],"picked":"AT_ShrugMaster","floor":14},{"not_picked":["MostiFishMod:CullingBlade","MostiFishMod:HellRitual","Feed","Offering"],"picked":"Demon Form","floor":16},{"not_picked":["Heavy Blade","Headbutt","Dropkick","Anger"],"picked":"REME_FearOfPain","floor":18},{"not_picked":["Cleave","Anger+1","MostiFishMod:FlyOverUtopia","Shrug It Off"],"picked":"Sword Boomerang+1","floor":20},{"not_picked":["Cleave","True Grit","Shrug It Off","AT_GerminateFire","Thunderclap"],"picked":"SKIP","floor":22},{"not_picked":["AT_BodySlamDance","Anger","AT_GerminateFire","Pommel Strike"],"picked":"Limit Break","floor":23},{"not_picked":["Anger","Heavy Blade","Second Wind","AT_GerminateFire"],"picked":"MostiFishMod:KnuckleDown","floor":24},{"not_picked":["AT_BodySlamDance","REME_SingleHolding","Ghostly Armor","Shrug It Off"],"picked":"Double Tap","floor":27},{"not_picked":["Havoc+1","Uppercut+1","Thunderclap","AT_BodySlamDance+1"],"picked":"REME_Scribble","floor":28},{"not_picked":["Armaments","Wild Strike","Anger","Havoc"],"picked":"MostiFishMod:#F4004","floor":29},{"not_picked":["MostiFishMod:Mania","Fiend Fire","MostiFishMod:KnuckleDown","MostiFishMod:FlyOverUtopia"],"picked":"Brutality","floor":33},{"not_picked":["Sword Boomerang","Anger+1","True Grit","Shockwave"],"picked":"Metallicize","floor":35},{"not_picked":["Blood for Blood","AT_ManFootWork+1","AT_BodySlamDance+1","Wild Strike+1"],"picked":"REME_Cut","floor":37},{"not_picked":["testmod-DeathImprint","Flash of Steel","testmod-BackupPower","Blind"],"picked":"MostiFishMod:PerfectForm","floor":38},{"not_picked":["Ghostly Armor","Clothesline+1","Dropkick","AT_BodySlamDance+1","Wild Strike"],"picked":"SKIP","floor":40},{"not_picked":["Iron Wave","Disarm+1","Wild Strike","Burning Pact"],"picked":"Thunderclap","floor":41},{"not_picked":["Sword Boomerang","Iron Wave","Warcry","Thunderclap"],"picked":"AT_ManFootWork","floor":42},{"not_picked":["Bloodletting","Iron Wave","Headbutt","Rupture","Twin Strike"],"picked":"SKIP","floor":45},{"not_picked":["Flex+1","Dark Embrace","Perfected Strike+1","Metallicize"],"picked":"Reaper","floor":47},{"not_picked":["Reckless Charge","Heavy Blade","Hemokinesis+1","Carnage+1"],"picked":"AT_IchimonjiDouble","floor":54}],"player_experience":242908,"relics_obtained":[{"floor":1,"key":"SynthV:TestCard"},{"floor":6,"key":"Vajra"},{"floor":8,"key":"testmod-Maize"},{"floor":23,"key":"Dota2Spire:DrumOfEndurance"},{"floor":26,"key":"SatanicBible"},{"floor":27,"key":"testmod-Hope"},{"floor":40,"key":"AT_SunfireAegis"},{"floor":42,"key":"Bronze Scales"},{"floor":43,"key":"D4"},{"floor":54,"key":"DeadEye"}],"event_choices":[{"damage_healed":0,"gold_gain":150,"player_choice":"AGREE","damage_taken":0,"max_hp_gain":0,"max_hp_loss":0,"event_name":"Liars Game","floor":3,"gold_loss":0,"cards_obtained":["Doubt"]},{"damage_healed":0,"gold_gain":0,"player_choice":"Swap Relic","damage_taken":0,"relics_obtained":["DaveBox"],"max_hp_gain":0,"max_hp_loss":0,"event_name":"给自己的盒子","floor":7,"relics_lost":["DaveBox"],"gold_loss":0},{"cards_removed":["Doubt"],"damage_healed":0,"gold_gain":0,"player_choice":"Offered Curse","damage_taken":0,"relics_obtained":["Spirit Poop"],"max_hp_gain":0,"max_hp_loss":0,"event_name":"Bonfire Elementals","floor":10,"gold_loss":0},{"damage_healed":0,"gold_gain":0,"player_choice":"Box","damage_taken":0,"relics_obtained":["Nunchaku"],"max_hp_gain":0,"max_hp_loss":0,"event_name":"Big Fish","floor":13,"gold_loss":0,"cards_obtained":["Regret"]},{"damage_healed":0,"gold_gain":0,"player_choice":"Simplicity","damage_taken":0,"max_hp_gain":0,"max_hp_loss":0,"event_name":"Back to Basics","floor":21,"gold_loss":0,"cards_upgraded":["Strike_R","Strike_R","Strike_R","Strike_R","Strike_R","Defend_R","Defend_R","Defend_R","Defend_R"]},{"damage_healed":0,"gold_gain":0,"player_choice":"Inject Mutagens","damage_taken":0,"relics_obtained":["MutagenicStrength"],"max_hp_gain":0,"max_hp_loss":0,"event_name":"Drug Dealer","floor":31,"gold_loss":0},{"damage_healed":0,"gold_gain":0,"player_choice":"Memory 1","damage_taken":0,"max_hp_gain":0,"max_hp_loss":0,"event_name":"SensoryStone","floor":38,"gold_loss":0},{"damage_healed":0,"gold_gain":0,"player_choice":"Ignored","damage_taken":0,"max_hp_gain":0,"max_hp_loss":0,"event_name":"Tomb of Lord Red Mask","floor":39,"gold_loss":0}],"is_beta":false,"boss_relics":[{"not_picked":["MostiFishMod:Hod","Busted Crown"],"picked":"testmod-CardMagician"},{"not_picked":[]},{"not_picked":["Astrolabe","Fusion Hammer"],"picked":"testmod-TimeTraveler"},{"not_picked":[]}],"items_purged_floors":[34,36,48],"is_endless":false,"potions_floor_spawned":[4,11,16,24,27,28,29,35,37,40,54],"ascension_level":16}}