{"host":"4xbawe663uhw4m9s","time":1610527475,"event":{"mods":["Act Like it!","Bard","BaseMod","Beaked The Cultist","Better Third Choice","BetterRewards","CCEM","Conspire","Downfall","GifTheSpireLib","Halation","Hallownest","Hermit","Hubris","Hunter ??","Infinite Spire","Jedi Mod","Jorbs\u0027s Wanderer Trilogy","Mad Scientist","Marisa????????","Mimic Mod","Minty Spire (QoL Compilation)","Permanent Neow","Replay The Spire","Shade Mod","Shop Mod","Spicy Shops","StSLib","Stuff the Spire","The Administrix","The Animator","The Bug Knight","The Construct","The Cursed","The Disciple","The Gatherer","The Hierophant","The Jungle","The Mystic","The Problem Sleuth","The Runesmith","The Servant 0.9.4","The Spell Scribe","The Witch"],"gold_per_floor":[109,109,122,137,26,61,79,79,79,79,90,131,131,167,167,270,270,280,280,280,291,291,291,291,291],"floor_reached":24,"playtime":1351,"items_purged":[],"score":194,"play_id":"e1c92753-f0d1-44c7-bd16-7cb0d5b7bd22","local_time":"20210113094435","is_ascension_mode":false,"campfire_choices":[{"floor":8,"key":"REST"},{"floor":10,"key":"REST"},{"floor":13,"key":"REST"},{"floor":15,"key":"REST"},{"floor":23,"key":"REST"}],"circlet_count":0,"master_deck":["Runesmith:Strike_RS","Runesmith:Strike_RS","Runesmith:Strike_RS","Runesmith:Strike_RS","Runesmith:Defend_RS","Runesmith:Defend_RS","Runesmith:Defend_RS","Runesmith:Defend_RS","Runesmith:CraftFirestone+1","Runesmith:Fortify+1","Runesmith:GenerateForcefield","Runesmith:EarthShield+1","Runesmith:CraftMagma","Runesmith:DuctTape","Runesmith:RunicBlueprint","Runesmith:PoweredAnvil","Runesmith:Repurpose+1","Runesmith:CraftObretio","Runesmith:CraftIndustria+1"],"relics":["Runesmith:BrokenRuby","Gremlin Food","Toy Ornithopter","StuffTheSpire:CocoNut","halation:PrussianBluePaint","hubris:HollowSoul","ReplayTheSpireMod:EnergyBall"],"acts_visited":["Exordium","TheCity"],"potions_floor_usage":[6],"damage_taken":[{"damage":0,"enemies":"2 Louse","floor":1,"turns":4},{"damage":5,"enemies":"Cultist","floor":3,"turns":5},{"damage":8,"enemies":"conspire:RoseBush","floor":4,"turns":4},{"damage":39,"enemies":"Gremlin Nob","floor":6,"turns":6},{"damage":1,"enemies":"Blue Slaver","floor":7,"turns":6},{"damage":17,"enemies":"Exordium Wildlife","floor":11,"turns":5},{"damage":13,"enemies":"conspire:MimicChest","floor":12,"turns":8},{"damage":0,"enemies":"Looter","floor":14,"turns":4},{"damage":11,"enemies":"The Guardian","floor":16,"turns":10},{"damage":12,"enemies":"Shell Parasite","floor":18,"turns":8},{"damage":23,"enemies":"3 Byrds","floor":21,"turns":8},{"damage":24,"enemies":"Slavers","floor":24,"turns":1}],"seed_played":"5641460577945155758","potions_obtained":[{"floor":1,"key":"Dexterity Potion"},{"floor":3,"key":"Weak Potion"},{"floor":7,"key":"Strength Potion"},{"floor":12,"key":"EntropicBrew"},{"floor":16,"key":"BlessingOfTheForge"}],"is_trial":false,"path_per_floor":["M","?","M","M","$","E","M","R","T","R","M","?","R","MIM","R","B",null,"M","?","?","M","AVR","R","E"],"character_chosen":"RUNESMITH_CLASS","items_purchased":["Runesmith:PoweredAnvil"],"campfire_rested":5,"item_purchase_floors":[5],"current_hp_per_floor":[70,70,65,57,57,18,17,38,38,59,42,36,59,59,77,66,77,65,65,65,42,42,65,0,0],"gold":291,"neow_bonus":"ONE_RANDOM_RARE_CARD","is_daily":false,"chose_seed":false,"campfire_upgraded":0,"win_rate":0.0,"timestamp":1610527475,"path_taken":["M","?","M","M","$","E","?","R","T","R","M","?","R","?","R","BOSS","M","?","?","M","AVR","R","E"],"items_purchased_type":["Card"],"build_version":"2020-12-22","purchased_purges":0,"victory":false,"max_hp_per_floor":[70,70,70,70,70,70,70,70,70,70,70,77,77,77,77,77,77,77,77,77,77,77,77,77,77],"card_choices":[{"not_picked":["Runesmith:StaticCage","Runesmith:CraftProtectio"],"picked":"Runesmith:EarthShield","floor":1},{"not_picked":["Runesmith:Discharge","Runesmith:HeatExchange"],"picked":"Runesmith:RunicBlueprint","floor":3},{"not_picked":["Runesmith:CraftVitae","Runesmith:Retool","Runesmith:Overpower"],"picked":"SKIP","floor":4},{"not_picked":["Runesmith:CraftProtectio","Runesmith:EnergizedChisel"],"picked":"Runesmith:Repurpose","floor":6},{"not_picked":["Runesmith:CraftProtectio","Runesmith:ChargedHammer","Runesmith:BackupBattery"],"picked":"SKIP","floor":7},{"not_picked":["Runesmith:UnstableHammer","Runesmith:MakeshiftArmor","Runesmith:StaticCage"],"picked":"SKIP","floor":11},{"not_picked":["Runesmith:CraftMagma","Runesmith:CraftReservo"],"picked":"Runesmith:CraftObretio","floor":12},{"not_picked":["Runesmith:Duplicate","Runesmith:CraftMedicinae"],"picked":"Runesmith:CraftIndustria","floor":16},{"not_picked":["Runesmith:EarthShield+1","Runesmith:MakeshiftArmor+1","Runesmith:HeatExchange+1"],"picked":"SKIP","floor":18},{"not_picked":["Runesmith:RuneHurl","Runesmith:GoWithTheFlow","Runesmith:NegativeSpace"],"picked":"SKIP","floor":21}],"player_experience":9744,"relics_obtained":[{"floor":6,"key":"Gremlin Food"},{"floor":9,"key":"Toy Ornithopter"},{"floor":12,"key":"StuffTheSpire:CocoNut"},{"floor":14,"key":"halation:PrussianBluePaint"}],"event_choices":[{"damage_healed":0,"gold_gain":0,"player_choice":"2 cards matched","damage_taken":0,"max_hp_gain":0,"max_hp_loss":0,"event_name":"Match and Keep!","floor":2,"gold_loss":0,"cards_obtained":["Runesmith:CraftMagma","Runesmith:DuctTape"]},{"damage_healed":0,"gold_gain":0,"player_choice":"Ignored","damage_taken":0,"max_hp_gain":0,"max_hp_loss":0,"event_name":"N\u0027loth","floor":20,"gold_loss":0}],"is_beta":false,"boss_relics":[{"not_picked":["hubris:BlackHole","Ectoplasm"],"picked":"hubris:HollowSoul"}],"items_purged_floors":[],"is_endless":false,"potions_floor_spawned":[1,3,7,12,16,18,21],"killed_by":"Slavers","ascension_level":0}}