{"host":"bf1tnxyvjw6wp3cl","time":1610555658,"event":{"mods":["AchievementEnabler","BaseMod","Better Third Choice","Block Reminder","Colored Powertips","Curses Come First","Minty Spire (QoL Compilation)","Quick Restart","Relic Stats","StSLib","SuperFastMode"],"gold_per_floor":[118,293,307,323,56,87,87,120,147,147,164,164,175,203,203,305,355,366,281,300,350,362,362,378,398,398,398,398],"floor_reached":27,"language":"ENG","playtime":638,"items_purged":[],"score":282,"play_id":"44e9e0db-0f11-42b8-bd7a-b58523a423e3","local_time":"20210113113418","is_ascension_mode":true,"campfire_choices":[{"floor":7,"key":"REST"},{"floor":10,"key":"REST"},{"floor":15,"key":"REST"},{"floor":23,"key":"REST"}],"circlet_count":0,"master_deck":["Strike_B","Strike_B","Strike_B","Strike_B","Defend_B+1","Defend_B","Defend_B","Defend_B+1","Zap","Dualcast","Capacitor","Doubt","Cold Snap","Ball Lightning","Storm","Double Energy","Capacitor","Cold Snap","Sweeping Beam","Machine Learning+1","Compile Driver","Biased Cognition","Turbo","Sweeping Beam","Storm","Loop+1","Stack","Fusion"],"relics":["Cracked Core","PreservedInsect","DataDisk","Art of War","Lantern","Bag of Marbles","Tiny House","War Paint","Regal Pillow"],"acts_visited":["Exordium","TheCity"],"potions_floor_usage":[8,14,20],"damage_taken":[{"damage":2,"enemies":"Small Slimes","floor":1,"turns":3},{"damage":8,"enemies":"2 Louse","floor":3,"turns":3},{"damage":4,"enemies":"Cultist","floor":4,"turns":4},{"damage":33,"enemies":"3 Sentries","floor":6,"turns":6},{"damage":40,"enemies":"Gremlin Nob","floor":8,"turns":5},{"damage":8,"enemies":"3 Louse","floor":11,"turns":2},{"damage":2,"enemies":"Lots of Slimes","floor":13,"turns":2},{"damage":29,"enemies":"Lagavulin","floor":14,"turns":5},{"damage":17,"enemies":"Hexaghost","floor":16,"turns":9},{"damage":39,"enemies":"2 Thieves","floor":18,"turns":3},{"damage":33,"enemies":"3 Byrds","floor":20,"turns":5},{"damage":1,"enemies":"Cultist and Chosen","floor":22,"turns":4},{"damage":15,"enemies":"Snake Plant","floor":24,"turns":4},{"damage":11,"enemies":"Snecko","floor":25,"turns":4},{"damage":18,"enemies":"Gremlin Leader","floor":27,"turns":1}],"seed_played":"5240091064255485121","potions_obtained":[{"floor":1,"key":"SpeedPotion"},{"floor":6,"key":"Block Potion"},{"floor":8,"key":"GamblersBrew"},{"floor":13,"key":"FearPotion"},{"floor":14,"key":"SteroidPotion"},{"floor":17,"key":"ColorlessPotion"},{"floor":24,"key":"SkillPotion"},{"floor":25,"key":"ColorlessPotion"}],"is_trial":false,"path_per_floor":["M","?","M","M","$","E","R","E","T","R","M","?","M","E","R","B",null,"M","?","M","?","M","R","M","M","T","E"],"character_chosen":"DEFECT","items_purchased":["Storm","Double Energy","PreservedInsect"],"campfire_rested":4,"item_purchase_floors":[5,5,5],"current_hp_per_floor":[80,80,72,68,68,35,59,19,19,43,35,35,33,4,28,11,87,48,48,15,15,14,40,25,14,14,0,0],"gold":398,"neow_bonus":"TEN_PERCENT_HP_BONUS","is_daily":false,"chose_seed":false,"campfire_upgraded":0,"win_rate":0.0,"timestamp":1610555658,"path_taken":["M","?","M","M","$","E","R","E","T","R","M","?","M","E","R","BOSS","M","?","M","?","M","R","?","M","T","E"],"items_purchased_type":["Card","Card","Relic"],"build_version":"2020-12-22","purchased_purges":0,"victory":false,"max_hp_per_floor":[82,82,82,82,82,82,82,82,82,82,82,82,82,82,82,82,87,87,87,87,87,87,87,87,87,87,87,87],"relic_stats":{"Regal Pillow":0,"counters":[15,59],"PreservedInsect":125,"Art of War":[3],"War Paint":["Defend_B","Defend_B"],"obtain_stats":[{"DataDisk":6,"Lantern":9,"Regal Pillow":26,"Tiny House":17,"PreservedInsect":5,"Art of War":8,"Bag of Marbles":14,"War Paint":19,"Cracked Core":0},{"DataDisk":4,"Lantern":5,"Regal Pillow":14,"Tiny House":9,"PreservedInsect":3,"Art of War":5,"Bag of Marbles":8,"War Paint":10,"Cracked Core":0},{"DataDisk":16,"Lantern":21,"Regal Pillow":58,"Tiny House":39,"PreservedInsect":10,"Art of War":21,"Bag of Marbles":30,"War Paint":42,"Cracked Core":0}]},"card_choices":[{"not_picked":["Turbo","Leap"],"picked":"Capacitor","floor":1},{"not_picked":["Melter","Steam"],"picked":"Cold Snap","floor":3},{"not_picked":["Genetic Algorithm","Sweeping Beam"],"picked":"Ball Lightning","floor":4},{"not_picked":["Recycle","Fusion"],"picked":"Thunder Strike","floor":6},{"not_picked":["Gash","Doom and Gloom"],"picked":"Capacitor","floor":8},{"not_picked":["Go for the Eyes","Hologram"],"picked":"Cold Snap","floor":11},{"not_picked":["Glacier","Melter"],"picked":"Machine Learning","floor":13},{"not_picked":["FTL","Rebound"],"picked":"Compile Driver","floor":14},{"not_picked":["Fission","Amplify"],"picked":"Biased Cognition","floor":16},{"not_picked":["Chaos","Conserve Battery"],"picked":"Turbo","floor":17},{"not_picked":["Gash+1","Conserve Battery+1"],"picked":"Sweeping Beam","floor":18},{"not_picked":["Sunder","Streamline+1"],"picked":"Storm","floor":20},{"not_picked":["Compile Driver+1","Turbo"],"picked":"Loop+1","floor":22},{"not_picked":["Go for the Eyes","Streamline+1"],"picked":"Stack","floor":24},{"not_picked":["Hologram","FTL"],"picked":"Fusion","floor":25}],"player_experience":166315,"relics_obtained":[{"floor":6,"key":"DataDisk"},{"floor":8,"key":"Art of War"},{"floor":9,"key":"Lantern"},{"floor":14,"key":"Bag of Marbles"},{"floor":26,"key":"Regal Pillow"}],"event_choices":[{"damage_healed":0,"gold_gain":175,"player_choice":"AGREE","damage_taken":118,"max_hp_gain":0,"max_hp_loss":0,"event_name":"betterThird:BetterSerpent","floor":2,"gold_loss":0},{"damage_healed":0,"gold_gain":0,"cards_transformed":["Thunder Strike"],"player_choice":"Transformed","damage_taken":0,"max_hp_gain":0,"max_hp_loss":0,"event_name":"Transmorgrifier","floor":12,"gold_loss":0,"cards_obtained":["Sweeping Beam"]},{"damage_healed":0,"gold_gain":0,"player_choice":"Obtained Relic","damage_taken":0,"relics_obtained":["War Paint"],"max_hp_gain":0,"max_hp_loss":0,"event_name":"Addict","floor":19,"gold_loss":85},{"damage_healed":0,"gold_gain":100,"player_choice":"Bet on Murderer","damage_taken":0,"max_hp_gain":0,"max_hp_loss":0,"event_name":"The Joust","floor":21,"gold_loss":50}],"is_beta":false,"boss_relics":[{"not_picked":["Empty Cage","Astrolabe"],"picked":"Tiny House"}],"items_purged_floors":[],"is_endless":false,"potions_floor_spawned":[1,6,8,13,14,24,25],"killed_by":"Gremlin Leader","ascension_level":4}}