{"host":"qie2g20yrau14p9p","time":1610519322,"event":{"mods":["BaseMod","Downfall","Minty Spire (QoL Compilation)","Replay The Spire","StSLib","The Cursed","The Necromancer","The Runesmith"],"gold_per_floor":[114,114,114,65,15,15,30,45,45,75,75,90,105,120,120,220,220,235,250,0,99,114,114,114,114,164,164,179,209,224,224,224,324,324,339,364,379,19,19,19,19,19,19,19],"floor_reached":42,"playtime":3285,"items_purged":["CommonCold"],"score":791,"play_id":"747ce874-c41d-44a7-8dab-6b326bceab0e","local_time":"20210113002842","daily_mods":["Shiny","Time Dilation","DeadlyEvents"],"is_ascension_mode":false,"campfire_choices":[{"data":"champ:SteelEdge","floor":6,"key":"SMITH"},{"floor":11,"key":"REST"},{"floor":15,"key":"REST"},{"floor":23,"key":"REST"},{"data":"champ:IgnorePain","floor":25,"key":"SMITH"},{"data":"champ:Improvising","floor":27,"key":"SMITH"},{"floor":32,"key":"REST"},{"floor":41,"key":"REST"}],"circlet_count":0,"master_deck":["champ:LastStand","champ:Improvising+1","champ:EnchantSword","champ:Devastate","champ:PerfectForm","champ:CrownThrow","champ:IgnorePain+1","champ:SwordThrow","champ:EnchantShield","champ:ShieldSlam","champ:ShieldThrow","champ:HoldFirm","champ:MurderStrike","champ:HeavySlash","champ:SteelEdge+1","champ:CheapShot+1","champ:EnchantCrown","champ:DancingMaster","champ:VampiricStrike+1","champ:StrikeOfGenius+1","champ:GladiatorsShout","champ:Haymaker","champ:RageSigil","champ:Duel","champ:DefensiveShout","champ:FocusedDefense","champ:BladeFlurry","champ:Aggression","champ:BringItOn","champ:EnchantSword","champ:FanOfKnives","champ:FaceSlap","champ:SkillfulDodge+1","hexamod:Haunted","Slimebound:Icky","champ:Circumvent","champ:PreciseThrust+1","champ:StanceDance","ReplayTheSpireMod:IOU","champ:CheapShot","champ:Haymaker+1","Pain","champ:Duel+1","champ:DefensiveStyle+1","ReplayTheSpireMod:IOU","ReplayTheSpireMod:IOU","ReplayTheSpireMod:IOU","champ:TornadoPunch","champ:GutPunch","champ:Circumvent","champ:Riposte","Replay:SS_fish_3"],"relics":["champ:ChampionCrown","Pear","Tiny Chest","Cursed Key","Shuriken","Replay:WaspNest","Replay:Wax Seal","Bag of Preparation","Ring of Fury","Ring of Hypnosis","Runesmith:UraniumAnvil","hexamod:BolsterEngine","Blue Candle","Guide Book","Runesmith:Nanobots","BargainBundle"],"acts_visited":["Exordium","TheCity","TheBeyond"],"potions_floor_usage":[14,22,30,30,35,37,42,42,42],"damage_taken":[{"damage":12,"enemies":"Cultist","floor":1,"turns":4},{"damage":16,"enemies":"Jaw Worm","floor":7,"turns":6},{"damage":5,"enemies":"2 Louse","floor":8,"turns":2},{"damage":17,"enemies":"Gremlin Nob","floor":10,"turns":5},{"damage":10,"enemies":"Exordium Thugs","floor":12,"turns":4},{"damage":19,"enemies":"Exordium Wildlife","floor":13,"turns":6},{"damage":10,"enemies":"Looter","floor":14,"turns":4},{"damage":65,"enemies":"Hexaghost","floor":16,"turns":11},{"damage":12,"enemies":"2 Thieves","floor":18,"turns":5},{"damage":27,"enemies":"3 Byrds","floor":19,"turns":6},{"damage":27,"enemies":"Snecko","floor":22,"turns":4},{"damage":15,"enemies":"Chosen and Byrds","floor":28,"turns":7},{"damage":24,"enemies":"Book of Stabbing","floor":29,"turns":5},{"damage":18,"enemies":"Snake Plant","floor":30,"turns":5},{"damage":30,"enemies":"Pondfish","floor":33,"turns":7},{"damage":67,"enemies":"3 Darklings","floor":35,"turns":6},{"damage":0,"enemies":"Orb Walker","floor":37,"turns":3},{"damage":90,"enemies":"Nemesis","floor":42,"turns":4}],"seed_played":"-4624312993155624390","potions_obtained":[{"floor":12,"key":"Block Potion"},{"floor":14,"key":"Ancient Potion"},{"floor":16,"key":"Elixir"},{"floor":28,"key":"FearPotion"},{"floor":29,"key":"SteroidPotion"},{"floor":33,"key":"Explosive Potion"}],"is_trial":false,"path_per_floor":["M","?","?","$","$","R","M","M","T","E","R","M","M","M","R","B",null,"M","M","$","?","M","R","T","R","T","R","M","E","M","?","R","B",null,"M","T","M","$","T","$","R","E"],"character_chosen":"THE_CHAMP","items_purchased":["champ:Haymaker","champ:RageSigil","Shuriken","Blue Candle","champ:DefensiveStyle+1","Guide Book","BargainBundle","champ:TornadoPunch","champ:GutPunch","champ:Circumvent","champ:Riposte","Replay:SS_fish_3","Fire Potion","Languid Potion","Slimebound:ThreeZeroPotion"],"campfire_rested":5,"item_purchase_floors":[4,5,20,38,38,38,40,40,40,40,40,40,40,40,40],"current_hp_per_floor":[90,87,87,87,87,87,71,66,76,59,89,79,66,59,89,27,100,100,92,92,92,84,100,100,100,100,100,85,61,54,54,84,72,100,37,37,37,37,37,37,67,0,0,0],"gold":19,"neow_bonus":"","is_daily":true,"chose_seed":false,"campfire_upgraded":3,"win_rate":0.0,"timestamp":1610519322,"path_taken":["M","?","?","?","$","R","M","M","T","?","R","?","M","M","R","BOSS","M","M","$","?","?","R","?","R","T","R","?","?","M","?","R","BOSS","M","?","?","$","?","$","R","?"],"items_purchased_type":["Card","Card","Relic","Relic","Card","Relic","Relic","Card","Card","Card","Card","Card","Potion","Potion","Potion"],"build_version":"2020-12-13","purchased_purges":1,"victory":false,"max_hp_per_floor":[90,90,90,90,90,90,90,90,100,100,100,100,100,100,100,100,100,100,100,100,100,100,100,100,100,100,100,100,100,100,100,100,100,100,100,100,100,100,100,100,100,100,100,100],"card_choices":[{"not_picked":["champ:Circumvent","champ:FalseCounter"],"picked":"champ:GladiatorsShout","floor":1},{"not_picked":["champ:Haymaker","champ:FanOfKnives"],"picked":"champ:Duel","floor":7},{"not_picked":["champ:StanceDance","champ:AdrenalArmor"],"picked":"champ:DefensiveShout","floor":8},{"not_picked":["champ:FlashCut","champ:DefensiveShout"],"picked":"champ:FocusedDefense","floor":10},{"not_picked":["champ:FocusedDefense","champ:GladiatorsShout"],"picked":"champ:BladeFlurry","floor":12},{"not_picked":["champ:DefensiveShout","champ:Improvising"],"picked":"champ:Aggression","floor":13},{"not_picked":["champ:Shatter","champ:FightOn"],"picked":"champ:BringItOn","floor":14},{"not_picked":["champ:Devastate","champ:CheapShot"],"picked":"champ:EnchantSword","floor":16},{"not_picked":["champ:ViciousMockery","champ:Encircle"],"picked":"champ:FanOfKnives","floor":18},{"not_picked":["champ:RageSigil","champ:DefensiveShout+1"],"picked":"champ:FaceSlap","floor":19},{"not_picked":["champ:GutPunch","champ:FlashCut"],"picked":"champ:SkillfulDodge+1","floor":22},{"not_picked":["champ:FlashCut","champ:EndlessRage"],"picked":"champ:Circumvent","floor":28},{"not_picked":["champ:BladeFlurry+1","champ:Balance"],"picked":"champ:PreciseThrust+1","floor":29},{"not_picked":["champ:CrookedStrike","champ:BladeFlurry+1"],"picked":"champ:StanceDance","floor":30},{"not_picked":["champ:PerfectForm","champ:LastStand"],"picked":"champ:CheapShot","floor":33},{"not_picked":["champ:BerserkersShout+1","champ:BladeFlurry+1"],"picked":"champ:Haymaker+1","floor":35},{"not_picked":["champ:StanceDance","champ:ArenaPreparation+1"],"picked":"champ:Duel+1","floor":37}],"player_experience":21385,"relics_obtained":[{"floor":9,"key":"Pear"},{"floor":10,"key":"Tiny Chest"},{"floor":24,"key":"Replay:WaspNest"},{"floor":26,"key":"Replay:Wax Seal"},{"floor":29,"key":"Bag of Preparation"},{"floor":31,"key":"Ring of Fury"},{"floor":31,"key":"Ring of Hypnosis"},{"floor":36,"key":"hexamod:BolsterEngine"},{"floor":39,"key":"Runesmith:Nanobots"}],"event_choices":[{"damage_healed":0,"gold_gain":0,"player_choice":"Fled","damage_taken":3,"max_hp_gain":0,"max_hp_loss":0,"event_name":"Scrap Ooze","floor":2,"gold_loss":0},{"damage_healed":0,"gold_gain":0,"player_choice":"Grow","damage_taken":0,"max_hp_gain":0,"max_hp_loss":0,"event_name":"Living Wall","floor":3,"gold_loss":0,"cards_upgraded":["champ:StrikeOfGenius"]},{"damage_healed":0,"gold_gain":99,"player_choice":"Stole From Cult","damage_taken":0,"max_hp_gain":0,"max_hp_loss":0,"event_name":"Nest","floor":21,"gold_loss":0}],"is_beta":false,"boss_relics":[{"not_picked":["Painkiller Herb","SacredBark"],"picked":"Cursed Key"},{"not_picked":["Snecko Heart","ReplayTheSpireMod:DimensionalGlitch"],"picked":"Runesmith:UraniumAnvil"}],"items_purged_floors":[40],"is_endless":false,"potions_floor_spawned":[12,14,16,28,29,33],"killed_by":"Nemesis","ascension_level":0}}