{"host":"v5j5rnxu2olnd6jo","time":1610556186,"event":{"mods":["BaseMod","Custom Start","DeckTracker","Keyboard Shortcuts","Minty Spire (QoL Compilation)","Permanent Neow","Quick Restart","StSLib","SuperFastMode"],"gold_per_floor":[109,121,137,137,38,38,66,66,120,120,134,146,146,166,166,166,166],"floor_reached":16,"language":"KOR","playtime":552,"items_purged":["Pain"],"score":204,"play_id":"e3516531-6efe-4605-8ced-010bbaa94c19","local_time":"20210114014306","is_ascension_mode":true,"campfire_choices":[{"data":"Zap","floor":6.0,"key":"SMITH"},{"data":"Creative AI","floor":8,"key":"SMITH"},{"floor":13,"key":"REST"},{"data":"Chaos","floor":15,"key":"SMITH"}],"circlet_count":0,"master_deck":["AscendersBane","Strike_B","Strike_B","Strike_B","Strike_B","Defend_B","Defend_B","Defend_B","Defend_B","Zap+1","Dualcast","Creative AI+1","Conserve Battery","Skim","Sweeping Beam","Cold Snap","Hologram","Steam","Hologram","Chaos+1"],"relics":["Cracked Core","WarpedTongs","Blood Vial","Smiling Mask"],"acts_visited":["Exordium"],"potions_floor_usage":[7,16],"damage_taken":[{"damage":1.0,"enemies":"Cultist","floor":1.0,"turns":3.0},{"damage":5.0,"enemies":"Small Slimes","floor":2.0,"turns":3.0},{"damage":1.0,"enemies":"2 Louse","floor":3.0,"turns":4.0},{"damage":42,"enemies":"Gremlin Nob","floor":7,"turns":4},{"damage":10,"enemies":"Exordium Wildlife","floor":11,"turns":4},{"damage":27,"enemies":"Exordium Thugs","floor":12,"turns":5},{"damage":0,"enemies":"2 Fungi Beasts","floor":14,"turns":3},{"damage":32,"enemies":"The Guardian","floor":16,"turns":6}],"seed_played":"-7256214807126034408","potions_obtained":[{"floor":3.0,"key":"FearPotion"},{"floor":14,"key":"Energy Potion"}],"is_trial":false,"path_per_floor":["M","M","M","?","$","R","E","R","T","?","M","M","R","M","R","B"],"character_chosen":"DEFECT","items_purchased":["Cold Snap"],"campfire_rested":1,"item_purchase_floors":[5],"current_hp_per_floor":[63,58,57,57,57,57,15,15,15,38,30,5,26,28,28,0,0],"gold":166,"neow_bonus":"ONE_RANDOM_RARE_CARD","is_daily":false,"chose_seed":false,"campfire_upgraded":3,"win_rate":0.0,"timestamp":1610556186,"path_taken":["M","?","M","?","?","R","E","R","T","?","M","M","R","M","R","BOSS"],"items_purchased_type":["Card"],"build_version":"2020-12-22","purchased_purges":1,"victory":false,"max_hp_per_floor":[71,71,71,71,71,71,71,71,71,71,71,71,71,71,71,71,71],"card_choices":[{"not_picked":["Redo","Sweeping Beam"],"picked":"Conserve Battery","floor":1.0},{"not_picked":["Sweeping Beam","Redo"],"picked":"Skim","floor":2.0},{"not_picked":["Melter","Conserve Battery"],"picked":"Sweeping Beam","floor":3.0},{"not_picked":["Fusion","Sweeping Beam"],"picked":"Hologram","floor":7},{"not_picked":["Rip and Tear","Beam Cell"],"picked":"Steam","floor":11},{"not_picked":["Redo","Auto Shields"],"picked":"Hologram","floor":12},{"not_picked":["Sunder","Force Field"],"picked":"Chaos","floor":14}],"player_experience":880345,"relics_obtained":[{"floor":7,"key":"Blood Vial"},{"floor":9,"key":"Smiling Mask"}],"event_choices":[{"damage_healed":0.0,"max_hp_gain":0.0,"max_hp_loss":0.0,"gold_gain":0.0,"event_name":"Accursed Blacksmith","player_choice":"Rummage","floor":4.0,"gold_loss":0.0,"damage_taken":0.0,"relics_obtained":["WarpedTongs"],"cards_obtained":["Pain"]},{"damage_healed":23,"gold_gain":0,"player_choice":"Banana","damage_taken":0,"max_hp_gain":0,"max_hp_loss":0,"event_name":"Big Fish","floor":10,"gold_loss":0}],"is_beta":false,"boss_relics":[],"items_purged_floors":[5],"is_endless":false,"potions_floor_spawned":[3,14],"killed_by":"The Guardian","ascension_level":20}}