{"host":"qy7jow5usmjkdnnq","time":1610572580,"event":{"mods":["BaseMod","Colored Map","Downfall","Minty Spire (QoL Compilation)","Permanent Neow","Relic Stats","StSLib"],"gold_per_floor":[99,112,125,137,237,237,237,254,280,296,296,296],"floor_reached":11,"language":"ENG","playtime":899,"items_purged":[],"score":90,"play_id":"a525d090-6646-4f1a-9e0c-fb44d2d5f53f","local_time":"20210113221620","is_ascension_mode":true,"campfire_choices":[{"data":"bronze:Philosophize","floor":1,"key":"SMITH"},{"data":"bronze:Replicate","floor":6,"key":"SMITH"}],"circlet_count":0,"master_deck":["bronze:Strike","bronze:Strike","bronze:Strike","bronze:Defend","bronze:Defend","bronze:Defend","bronze:Defend","bronze:Replicate+1","bronze:Goto","bronze:Philosophize+1","bronze:Invalidate","bronze:FineTuning","bronze:Branch","bronze:WhirlingStrike","bronze:ChildClass+1"],"relics":["bronze:BronzeCore","Toxic Egg 2"],"acts_visited":["Exordium"],"potions_floor_usage":[9,10],"damage_taken":[{"damage":1,"enemies":"Cultist","floor":2,"turns":4},{"damage":0,"enemies":"Small Slimes","floor":3,"turns":2},{"damage":9,"enemies":"Jaw Worm","floor":4,"turns":4},{"damage":0,"enemies":"Large Slime","floor":8,"turns":4},{"damage":24,"enemies":"3 Sentries","floor":9,"turns":6},{"damage":0,"enemies":"Lots of Slimes","floor":10,"turns":2},{"damage":51,"enemies":"Gremlin Nob","floor":11,"turns":4}],"seed_played":"8246779279426729566","potions_obtained":[{"floor":4,"key":"GamblersBrew"},{"floor":9,"key":"Explosive Potion"}],"is_trial":false,"path_per_floor":["R","M","M","M","?","R","T","M","E","M","E"],"character_chosen":"THE_AUTOMATON","items_purchased":[],"campfire_rested":0,"item_purchase_floors":[],"current_hp_per_floor":[70,69,69,60,60,60,60,60,36,36,0,0],"gold":296,"neow_bonus":"TRANSFORM_CARD","is_daily":false,"chose_seed":false,"campfire_upgraded":2,"win_rate":0.0,"timestamp":1610572580,"path_taken":["R","?","M","?","?","R","T","M","E","M","E"],"items_purchased_type":[],"build_version":"2020-12-22","purchased_purges":0,"victory":false,"max_hp_per_floor":[70,70,70,70,70,70,70,70,70,70,70,70],"relic_stats":{"counters":[7,26],"obtain_stats":[{"bronze:BronzeCore":0,"Toxic Egg 2":9},{"bronze:BronzeCore":0,"Toxic Egg 2":5},{"bronze:BronzeCore":0,"Toxic Egg 2":20}]},"card_choices":[{"not_picked":["bronze:BugBarrage","bronze:WildBeam"],"picked":"bronze:Invalidate","floor":2},{"not_picked":["bronze:GetLatest","bronze:OilSpill"],"picked":"bronze:FineTuning","floor":3},{"not_picked":["bronze:Backtrace","bronze:GetLatest"],"picked":"bronze:Branch","floor":4},{"not_picked":["bronze:Turbo","bronze:Overheat","bronze:Separator"],"picked":"SKIP","floor":8},{"not_picked":["bronze:ItsAFeature","bronze:Allocate+1"],"picked":"bronze:WhirlingStrike","floor":9},{"not_picked":["bronze:OilSpill","bronze:BronzeOrb"],"picked":"bronze:ChildClass+1","floor":10}],"player_experience":615728,"relics_obtained":[{"floor":9,"key":"Toxic Egg 2"}],"event_choices":[],"is_beta":false,"boss_relics":[],"items_purged_floors":[],"is_endless":false,"potions_floor_spawned":[4,9],"killed_by":"Gremlin Nob","ascension_level":4}}