{"host":"52lujqhsyicpcskq","time":1610567240,"event":{"mods":["BaseMod","Colored Map","DeckTracker","Minty Spire (QoL Compilation)","Permanent Neow","StSLib","SuperFastMode","everything is the same but u backflip on backflip"],"gold_per_floor":[112,131,150,150,100,100,3,15,15,15,35,35,49,67,67,167,167,177,177,195,195,208,208,241,241,241,241,272,285,285,301,301,301,301],"floor_reached":33,"language":"KOR","playtime":1510,"items_purged":["Defend_G"],"score":471,"play_id":"e96ad74d-dd00-41db-a762-391dd1202ee3","local_time":"20210114044720","is_ascension_mode":true,"campfire_choices":[{"data":"Neutralize","floor":6,"key":"SMITH"},{"data":"Poisoned Stab","floor":10,"key":"SMITH"},{"data":"Dodge and Roll","floor":12,"key":"SMITH"},{"data":"Deadly Poison","floor":15,"key":"SMITH"},{"floor":23,"key":"REST"},{"floor":27,"key":"REST"},{"floor":32,"key":"REST"}],"circlet_count":0,"master_deck":["AscendersBane","Strike_G","Strike_G","Defend_G","Defend_G","Defend_G","Survivor","Neutralize+1","Slice","Poisoned Stab+1","Outmaneuver","Quick Slash","Dagger Throw","Dodge and Roll+1","Deadly Poison+1","Leg Sweep","Terror+1","Slice+1","Dash+1","PiercingWail+1","PiercingWail","Endless Agony+1","Backflip"],"relics":["Ring of the Snake","Omamori","Mango","Ornamental Fan","Astrolabe","Mummified Hand","Pantograph","Dead Branch","Darkstone Periapt","Unceasing Top"],"acts_visited":["Exordium","TheCity"],"potions_floor_usage":[16,18,20,24,28,28],"damage_taken":[{"damage":3,"enemies":"Cultist","floor":1,"turns":5},{"damage":2,"enemies":"2 Louse","floor":2,"turns":3},{"damage":1,"enemies":"Jaw Worm","floor":3,"turns":4},{"damage":0,"enemies":"Looter","floor":8,"turns":4},{"damage":11,"enemies":"Exordium Wildlife","floor":11,"turns":4},{"damage":2,"enemies":"Blue Slaver","floor":13,"turns":3},{"damage":1,"enemies":"Looter","floor":14,"turns":4},{"damage":7,"enemies":"The Guardian","floor":16,"turns":10},{"damage":4,"enemies":"3 Byrds","floor":18,"turns":5},{"damage":6,"enemies":"Shell Parasite","floor":20,"turns":4},{"damage":22,"enemies":"Snecko","floor":22,"turns":6},{"damage":9,"enemies":"Book of Stabbing","floor":24,"turns":5},{"damage":8,"enemies":"Slavers","floor":28,"turns":5},{"damage":4,"enemies":"3 Cultists","floor":29,"turns":6},{"damage":3,"enemies":"Chosen and Byrds","floor":31,"turns":6},{"damage":93,"enemies":"Collector","floor":33,"turns":6}],"seed_played":"-6118465555487107226","potions_obtained":[{"floor":8,"key":"BlessingOfTheForge"},{"floor":13,"key":"Poison Potion"},{"floor":16,"key":"Explosive Potion"},{"floor":22,"key":"FearPotion"},{"floor":24,"key":"ColorlessPotion"}],"is_trial":false,"path_per_floor":["M","M","M","?","?","R","$","M","T","R","M","R","M","M","R","B",null,"M","?","M","?","M","R","E","T","T","R","E","M","?","M","R","B"],"character_chosen":"THE_SILENT","items_purchased":["Quick Slash"],"campfire_rested":3,"item_purchase_floors":[7],"current_hp_per_floor":[60,58,57,64,64,64,64,64,64,64,53,53,51,50,50,43,74,70,70,64,48,26,52,43,43,43,69,61,57,57,54,80,0,0],"gold":301,"neow_bonus":"RANDOM_COMMON_RELIC","is_daily":false,"chose_seed":false,"campfire_upgraded":4,"win_rate":0.0,"timestamp":1610567240,"path_taken":["M","?","M","?","?","R","?","M","T","R","M","R","M","M","R","BOSS","M","?","M","?","M","R","E","?","T","R","E","M","?","?","R","BOSS"],"items_purchased_type":["Card"],"build_version":"2020-12-22","purchased_purges":1,"victory":false,"max_hp_per_floor":[70,70,70,84,84,84,84,84,84,84,84,84,84,84,84,84,84,84,84,84,89,89,89,89,89,89,89,89,89,89,89,89,89,89],"card_choices":[{"not_picked":["Underhanded Strike","All Out Attack"],"picked":"Slice","floor":1},{"not_picked":["Distraction","Expertise"],"picked":"Poisoned Stab","floor":2},{"not_picked":["Flechettes","Accuracy"],"picked":"Outmaneuver","floor":3},{"not_picked":["Predator","Flying Knee"],"picked":"Dagger Throw","floor":8},{"not_picked":["Poisoned Stab","Eviscerate"],"picked":"Dodge and Roll","floor":11},{"not_picked":["Setup","Underhanded Strike"],"picked":"Deadly Poison","floor":13},{"not_picked":["Deadly Poison","Masterful Stab"],"picked":"Leg Sweep","floor":14},{"not_picked":["Grand Finale","Doppelganger"],"picked":"Venomology","floor":16},{"not_picked":["Dagger Spray","Dash","Flying Knee"],"picked":"SKIP","floor":18},{"not_picked":["Slice","Outmaneuver"],"picked":"PiercingWail+1","floor":20},{"not_picked":["Choke","Flying Knee","Dagger Spray+1"],"picked":"SKIP","floor":22},{"not_picked":["Heel Hook","Distraction","Slice"],"picked":"SKIP","floor":24},{"not_picked":["Bane","Dagger Throw"],"picked":"PiercingWail","floor":28},{"not_picked":["Slice","Eviscerate"],"picked":"Endless Agony+1","floor":29},{"not_picked":["Terror","PiercingWail"],"picked":"Backflip","floor":31}],"player_experience":703598,"relics_obtained":[{"floor":9,"key":"Ornamental Fan"},{"floor":24,"key":"Mummified Hand"},{"floor":25,"key":"Pantograph"},{"floor":26,"key":"Dead Branch"},{"floor":28,"key":"Darkstone Periapt"}],"event_choices":[{"damage_healed":0,"gold_gain":0,"player_choice":"Success","damage_taken":7,"relics_obtained":["Mango"],"max_hp_gain":0,"max_hp_loss":0,"event_name":"Scrap Ooze","floor":4,"gold_loss":0},{"cards_removed":["Strike_G"],"damage_healed":0,"gold_gain":0,"player_choice":"Card Removal","damage_taken":0,"max_hp_gain":0,"max_hp_loss":0,"event_name":"The Cleric","floor":5,"gold_loss":50},{"cards_removed":["Venomology"],"damage_healed":0,"gold_gain":0,"player_choice":"Elegance","damage_taken":0,"max_hp_gain":0,"max_hp_loss":0,"event_name":"Back to Basics","floor":19,"gold_loss":0},{"damage_healed":0,"gold_gain":0,"player_choice":"Shed Blood","damage_taken":21,"max_hp_gain":5,"max_hp_loss":0,"event_name":"Forgotten Altar","floor":21,"gold_loss":0},{"damage_healed":0,"gold_gain":0,"player_choice":"Stole Relic","damage_taken":0,"relics_obtained":["Unceasing Top"],"max_hp_gain":0,"max_hp_loss":0,"event_name":"Addict","floor":30,"gold_loss":0,"cards_obtained":["Shame"]}],"is_beta":false,"boss_relics":[{"not_picked":["Calling Bell","Runic Pyramid"],"picked":"Astrolabe"}],"items_purged_floors":[7],"is_endless":false,"potions_floor_spawned":[8,13,14,16,22,24],"killed_by":"Collector","ascension_level":12}}