{"host":"beci3g1khuzpb2gk","time":1610537272,"event":{"mods":["AchievementEnabler","Act Like it!","BaseMod","Better Third Choice","Downfall","Hallownest","Hermit","Hubris","Minty Spire (QoL Compilation)","Permanent Neow","Quick Restart","Replay The Spire","StSLib","The Poker Player"],"gold_per_floor":[99,111,96,96,96,96,121,131,151,177,193,118,150,161,171,275,275,275,286,286,30,41,59,86,21,21,21,37,37,37,52,72,72,72,72],"floor_reached":33,"language":"ENG","playtime":2215,"items_purged":["Regret","hexamod:Strike"],"score":310,"play_id":"0a09ffe1-b250-4eb0-92a2-8f9c56d85b12","local_time":"20210113122752","is_ascension_mode":true,"campfire_choices":[{"floor":1.0,"key":"DIG"},{"floor":12.0,"key":"REST"},{"data":"hexamod:SearingWound","floor":18.0,"key":"SMITH"},{"floor":30,"key":"REST"}],"circlet_count":0,"master_deck":["hexamod:Strike+1","hexamod:Strike+1","hexamod:Strike+1","hexamod:Defend+1","hexamod:Defend+1","hexamod:Defend+1","hexamod:Defend+1","hexamod:Sear","hexamod:Float","hexamod:ThirdSeal","hexamod:PhantomFireball","hexamod:SpectersWail","hexamod:BurningTouch","hexamod:UnlimitedPower","hexamod:WildfireWeapon","hexamod:TimeOfNeed","hexamod:FirstSeal","hexamod:SearingWound+1","hexamod:TimeOfNeed","hexamod:Firestarter+1","Apotheosis"],"relics":["hexamod:SpiritBrand","Ice Cream","Iron Hammer","War Paint","downfall:HeartBlessingBlue","ReplayTheSpireMod:Shallot","hubris:Backtick","hexamod:SoulConsumer","downfall:KnowingSkull","Membership Card","Oddly Smooth Stone","Ancient Tea Set"],"acts_visited":["Exordium","TheCity"],"potions_floor_usage":[32],"damage_taken":[{"damage":4.0,"enemies":"2 Louse","floor":2.0,"turns":3.0},{"damage":0.0,"enemies":"downfall:FleeingMerchant","floor":3.0,"turns":4.0},{"damage":4.0,"enemies":"Jaw Worm","floor":8.0,"turns":3.0},{"damage":3.0,"enemies":"Small Slimes","floor":9.0,"turns":3.0},{"damage":16.0,"enemies":"3 Sentries","floor":10.0,"turns":6.0},{"damage":13.0,"enemies":"Exordium Thugs","floor":11.0,"turns":4.0},{"damage":16.0,"enemies":"Lagavulin","floor":13.0,"turns":7.0},{"damage":5.0,"enemies":"Exordium Wildlife","floor":14.0,"turns":3.0},{"damage":24.0,"enemies":"Gremlin Gang","floor":15.0,"turns":4.0},{"damage":36.0,"enemies":"downfall:Watcher","floor":16.0,"turns":12.0},{"damage":19.0,"enemies":"3 Byrds","floor":19.0,"turns":6.0},{"damage":5.0,"enemies":"downfall:FleeingMerchant","floor":21.0,"turns":4.0},{"damage":16.0,"enemies":"Snecko","floor":22.0,"turns":5.0},{"damage":30,"enemies":"Centurion and Healer","floor":23,"turns":5},{"damage":0,"enemies":"downfall:FleeingMerchant","floor":25,"turns":5},{"damage":11,"enemies":"Snake Plant","floor":28,"turns":3},{"damage":4,"enemies":"3 Cultists","floor":31,"turns":4},{"damage":16,"enemies":"Centurion and Healer","floor":32,"turns":7},{"damage":38,"enemies":"downfall:Defect","floor":33,"turns":8}],"seed_played":"-1441291653264454220","potions_obtained":[{"floor":2.0,"key":"Block Potion"},{"floor":11.0,"key":"Regen Potion"},{"floor":14.0,"key":"Block Potion"},{"floor":28,"key":"Weak Potion"},{"floor":31,"key":"SpeedPotion"}],"is_trial":false,"path_per_floor":["R","M","$","?","?","?","T","M","M","E","M","R","E","M","M","B",null,"R","M","?","$","M","M","T","$","?","T","M","?","R","M","M","B"],"character_chosen":"THE_SPIRIT","items_purchased":["Membership Card","Apotheosis"],"campfire_rested":2,"item_purchase_floors":[21,21],"current_hp_per_floor":[77,73,73,73,73,73,73,69,66,50,37,73,57,52,28,14,87,87,75,68,70,54,31,31,31,31,31,20,20,46,49,33,0,0,0],"gold":72,"neow_bonus":"TEN_PERCENT_HP_BONUS","is_daily":false,"chose_seed":false,"campfire_upgraded":1,"win_rate":0.0,"timestamp":1610537272,"path_taken":["R","M","$","?","?","?","T","M","M","E","M","R","E","M","M","BOSS","R","M","?","?","?","M","T","$","?","?","M","?","R","M","M","BOSS"],"items_purchased_type":["Relic","Card"],"build_version":"2020-12-22","purchased_purges":2,"victory":false,"max_hp_per_floor":[77,77,77,77,77,77,77,77,77,77,77,87,87,87,87,87,87,87,87,87,87,87,87,87,87,87,87,87,87,87,87,87,87,87,87],"card_choices":[{"not_picked":["hexamod:NecessarySacrifice","hexamod:SkipABeat","hexamod:GhostShield"],"picked":"SKIP","floor":2.0},{"not_picked":["hexamod:NecessarySacrifice","hexamod:ExtraCrispy"],"picked":"hexamod:ThirdSeal","floor":3.0},{"not_picked":["hexamod:NightmareGuise","hexamod:SpectralSpark"],"picked":"hexamod:SpectersWail","floor":8.0},{"not_picked":["hexamod:HauntingEcho","hexamod:NightmareStrike","hexamod:SkipABeat"],"picked":"SKIP","floor":8.0},{"not_picked":["hexamod:RainOfEmbers","hexamod:GhostShield"],"picked":"hexamod:BurningTouch","floor":9.0},{"not_picked":["hexamod:BacktrackSmack","hexamod:GhostflameBarrier"],"picked":"hexamod:UnlimitedPower","floor":10.0},{"not_picked":["hexamod:RecurringNightmare","hexamod:SkipABeat","hexamod:AdvancingGuard"],"picked":"SKIP","floor":11.0},{"not_picked":["hexamod:FlamesFromBeyond","hexamod:Hexaguard"],"picked":"hexamod:WildfireWeapon","floor":13.0},{"not_picked":["hexamod:CatchUp","hexamod:NecessarySacrifice","hexamod:Hexaguard"],"picked":"SKIP","floor":13.0},{"not_picked":["hexamod:NightmareStrike","hexamod:HauntingEcho"],"picked":"hexamod:TimeOfNeed","floor":14.0},{"not_picked":["hexamod:ShieldOfDarkness","hexamod:GhostShield","hexamod:BacktrackSmack"],"picked":"SKIP","floor":14.0},{"not_picked":["hexamod:ThermalTransfer","hexamod:FastForward"],"picked":"hexamod:FirstSeal","floor":15.0},{"not_picked":["hexamod:GhostLash","hexamod:NightmareGuise","hexamod:GhostShield"],"picked":"SKIP","floor":15.0},{"not_picked":["hexamod:UnlimitedPower","hexamod:FifthSeal"],"picked":"hexamod:SearingWound","floor":16.0},{"not_picked":["hexamod:ApocalypticArmor","hexamod:GhostflameInferno"],"picked":"hexamod:TimeOfNeed","floor":16.0},{"not_picked":["hexamod:SpectersWail+1","hexamod:SwordOfDarkness"],"picked":"hexamod:Firestarter+1","floor":19.0},{"not_picked":["hexamod:GhostLash","hexamod:ShieldOfDarkness+1","hexamod:Hexaguard+1"],"picked":"SKIP","floor":19.0},{"not_picked":["hexamod:AdvancingGuard","hexamod:InspiringFlames+1","hexamod:GhostLash"],"picked":"SKIP","floor":21.0},{"not_picked":["hexamod:GhostOfSpirePast","hexamod:InspiringFlames+1","hexamod:NightmareGuise"],"picked":"SKIP","floor":21.0},{"not_picked":["hexamod:Firestarter","hexamod:ThermalTransfer","hexamod:SpectersWail"],"picked":"SKIP","floor":22},{"not_picked":["hexamod:GhostShield+1","hexamod:InspiringFlames","hexamod:GhostLash"],"picked":"SKIP","floor":23},{"not_picked":["hexamod:SecondSeal","hexamod:Firestarter","hexamod:DynamicBlow"],"picked":"SKIP","floor":25},{"not_picked":["hexamod:GhostShield","hexamod:Toasty","hexamod:ExtraCrispy"],"picked":"SKIP","floor":28},{"not_picked":["hexamod:ThirdSeal","hexamod:ExtraCrispy","hexamod:SwordOfDarkness"],"picked":"SKIP","floor":31},{"not_picked":["hexamod:FlamesFromBeyond","hexamod:BurningTouch","hexamod:RadiantFlame+1"],"picked":"SKIP","floor":32}],"player_experience":353458,"relics_obtained":[{"floor":1.0,"key":"Ice Cream"},{"floor":10.0,"key":"War Paint"},{"floor":13.0,"key":"ReplayTheSpireMod:Shallot"},{"floor":24,"key":"Oddly Smooth Stone"},{"floor":27,"key":"Ancient Tea Set"}],"event_choices":[{"damage_healed":0.0,"max_hp_gain":0.0,"max_hp_loss":0.0,"gold_gain":0.0,"event_name":"Big Fish","player_choice":"Box","floor":6.0,"gold_loss":0.0,"damage_taken":0.0,"relics_obtained":["Iron Hammer"],"cards_obtained":["Regret"]},{"damage_healed":0,"gold_gain":0,"player_choice":"Simplicity","damage_taken":0,"max_hp_gain":0,"max_hp_loss":5,"event_name":"betterThird:BetterWriting","floor":26,"gold_loss":0},{"damage_healed":0,"gold_gain":0,"player_choice":"Ignored","damage_taken":0,"max_hp_gain":0,"max_hp_loss":0,"event_name":"Transmorgrifier","floor":29,"gold_loss":0}],"is_beta":false,"boss_relics":[{"not_picked":["hubris:HollowSoul","hubris:ScarierMask"],"picked":"hubris:Backtick"}],"items_purged_floors":[21,25],"is_endless":false,"potions_floor_spawned":[2,11,14,15,28,31],"killed_by":"downfall:Defect","ascension_level":2}}