{"host":"6azrrw3tf7wb0f4b","time":1610543851,"event":{"mods":["BaseMod","DeckTracker","Minty Spire (QoL Compilation)","SuperFastMode"],"gold_per_floor":[109,184,196,121,121,121,21,34,86,59,77,105,105,132,132,132,132],"floor_reached":16,"language":"KOR","playtime":344,"items_purged":["Defend_P","Defend_P"],"score":173,"play_id":"ba903814-cc93-416b-afd2-bb2b4c39a9b9","local_time":"20210113221731","is_ascension_mode":true,"campfire_choices":[{"data":"Eruption","floor":6,"key":"SMITH"},{"data":"LikeWater","floor":13,"key":"SMITH"},{"data":"SignatureMove","floor":15,"key":"SMITH"}],"circlet_count":0,"master_deck":["AscendersBane","Strike_P","Strike_P","Strike_P","Defend_P","Defend_P","Eruption+1","Vigilance","EmptyBody","LikeWater+1","EmptyFist","SignatureMove+1"],"relics":["PureWater","FossilizedHelix","Akabeko","GoldenEye","Sundial"],"acts_visited":["Exordium"],"potions_floor_usage":[12,12],"damage_taken":[{"damage":0,"enemies":"Small Slimes","floor":1,"turns":4},{"damage":0,"enemies":"Cultist","floor":3,"turns":4},{"damage":0,"enemies":"2 Louse","floor":8,"turns":2},{"damage":2,"enemies":"2 Fungi Beasts","floor":11,"turns":3},{"damage":8,"enemies":"3 Sentries","floor":12,"turns":8},{"damage":11,"enemies":"Lagavulin","floor":14,"turns":6},{"damage":32,"enemies":"Hexaghost","floor":16,"turns":9}],"seed_played":"-181730411597046362","potions_obtained":[{"floor":1,"key":"PowerPotion"},{"floor":8,"key":"LiquidBronze"},{"floor":14,"key":"SteroidPotion"}],"is_trial":false,"path_per_floor":["M","?","M","$","?","R","$","M","T","$","M","E","R","E","R","B"],"character_chosen":"WATCHER","items_purchased":["EmptyFist"],"campfire_rested":0,"item_purchase_floors":[10],"current_hp_per_floor":[65,59,59,59,52,52,52,52,52,52,50,42,42,31,31,0,0],"gold":132,"neow_bonus":"ONE_RARE_RELIC","is_daily":false,"chose_seed":false,"campfire_upgraded":3,"win_rate":0.0,"timestamp":1610543851,"path_taken":["M","?","?","?","?","R","$","M","T","$","M","E","R","E","R","BOSS"],"items_purchased_type":["Card"],"build_version":"2020-12-22","purchased_purges":2,"victory":false,"max_hp_per_floor":[65,65,65,65,65,65,65,65,65,65,65,65,65,65,65,65,65],"card_choices":[{"not_picked":["ForeignInfluence","Tantrum"],"picked":"EmptyBody","floor":1},{"not_picked":["Perseverance","Wireheading","Conclude"],"picked":"SKIP","floor":3},{"not_picked":["SandsOfTime","Protect"],"picked":"LikeWater","floor":8},{"not_picked":["Prostrate","Worship","EmptyFist"],"picked":"SKIP","floor":11},{"not_picked":["Evaluate","Blasphemy","SashWhip"],"picked":"SKIP","floor":12},{"not_picked":["Conclude","BowlingBash"],"picked":"SignatureMove","floor":14}],"player_experience":702962,"relics_obtained":[{"floor":9,"key":"Akabeko"},{"floor":12,"key":"GoldenEye"},{"floor":14,"key":"Sundial"}],"event_choices":[{"damage_healed":0,"gold_gain":75,"player_choice":"Touch","damage_taken":6,"max_hp_gain":0,"max_hp_loss":0,"event_name":"FaceTrader","floor":2,"gold_loss":0},{"cards_removed":["Strike_P"],"damage_healed":0,"gold_gain":0,"player_choice":"Card Removal","damage_taken":7,"max_hp_gain":0,"max_hp_loss":0,"event_name":"Golden Wing","floor":5,"gold_loss":0}],"is_beta":false,"boss_relics":[],"items_purged_floors":[4,7],"is_endless":false,"potions_floor_spawned":[1,8,14],"killed_by":"Hexaghost","ascension_level":12}}