{"host":"oehe2dxjvdgux73m","time":1610534316,"event":{"mods":["AchievementEnabler","BaseMod","Colored Map","Colored Powertips","DeckTracker","Keyboard Shortcuts","Minty Spire (QoL Compilation)","Permanent Neow","Quick Restart","StSLib","SuperFastMode"],"gold_per_floor":[119,131,131,56,56,56,89,89,89,124,124,124,124,148,148,276,276,300,325,325,325,349,349,389,314,314,330,348,361,261,261,261,392,392,410,410,435,435,498,498,498,498],"floor_reached":41,"language":"KOR","playtime":4278,"items_purged":["Strike_P","Perseverance"],"score":417,"play_id":"52b1e163-e757-4396-90c4-8ea0167e88fc","local_time":"20210113193836","is_ascension_mode":false,"campfire_choices":[{"data":"Brilliance","floor":6.0,"key":"SMITH"},{"data":"Eruption","floor":8.0,"key":"SMITH"},{"data":"WaveOfTheHand","floor":11.0,"key":"SMITH"},{"floor":15.0,"key":"REST"},{"data":"Study","floor":23.0,"key":"SMITH"},{"floor":32.0,"key":"REST"},{"data":"FlyingSleeves+1","floor":40.0,"key":"PURGE"}],"circlet_count":0,"master_deck":["Eruption+1","Vigilance","Brilliance+1","SandsOfTime","Evaluate+1","Crescendo+1","DeusExMachina","Evaluate","Ragnarok+1","EmptyFist+1","FlyingSleeves+1","FearNoEvil+1","Study+1","Halt+1","CrushJoints+1"],"relics":["PureWater","Golden Idol","Damaru","Molten Egg 2","Pen Nib","Pandora\u0027s Box","Strawberry","Centennial Puzzle","Peace Pipe","VioletLotus","Gambling Chip"],"acts_visited":["Exordium","TheCity","TheBeyond"],"potions_floor_usage":[],"damage_taken":[{"damage":4.0,"enemies":"2 Louse","floor":1.0,"turns":2.0},{"damage":9.0,"enemies":"Jaw Worm","floor":2.0,"turns":4.0},{"damage":13.0,"enemies":"Gremlin Nob","floor":7.0,"turns":4.0},{"damage":18.0,"enemies":"Lagavulin","floor":10.0,"turns":7.0},{"damage":2.0,"enemies":"Small Slimes","floor":14.0,"turns":3.0},{"damage":27.0,"enemies":"Slime Boss","floor":16.0,"turns":6.0},{"damage":0.0,"enemies":"Spheric Guardian","floor":18.0,"turns":1.0},{"damage":15.0,"enemies":"Chosen","floor":19.0,"turns":5.0},{"damage":3.0,"enemies":"Snake Plant","floor":22.0,"turns":3.0},{"damage":12.0,"enemies":"Book of Stabbing","floor":24.0,"turns":3.0},{"damage":12.0,"enemies":"Centurion and Healer","floor":27.0,"turns":2.0},{"damage":15.0,"enemies":"Shelled Parasite and Fungi","floor":28.0,"turns":3.0},{"damage":2.0,"enemies":"Snecko","floor":29.0,"turns":3.0},{"damage":22.0,"enemies":"Automaton","floor":33.0,"turns":6.0},{"damage":15.0,"enemies":"3 Shapes","floor":35.0,"turns":4.0},{"damage":25.0,"enemies":"3 Darklings","floor":37.0,"turns":3.0},{"damage":4.0,"enemies":"Mind Bloom Boss Battle","floor":39.0,"turns":5.0},{"damage":53,"enemies":"Maw","floor":41,"turns":4}],"seed_played":"-7534923944394372252","potions_obtained":[{"floor":7.0,"key":"SpeedPotion"},{"floor":10.0,"key":"Fire Potion"},{"floor":16.0,"key":"BlessingOfTheForge"},{"floor":24.0,"key":"GamblersBrew"},{"floor":27.0,"key":"SkillPotion"},{"floor":35.0,"key":"BottledMiracle"}],"is_trial":false,"path_per_floor":["M","M","?","$","?","R","E","R","T","E","R","?","$","M","R","B",null,"M","M","?","?","M","R","E","?","T","M","M","M","$","?","R","B",null,"M","?","M","?","?","R","M"],"character_chosen":"WATCHER","items_purchased":[],"campfire_rested":2,"item_purchase_floors":[],"current_hp_per_floor":[68,59,59,59,59,59,46,46,46,28,28,15,15,13,33,6,67,67,52,52,59,56,56,44,44,44,32,17,15,15,15,37,15,74,59,59,34,34,30,30,0,0],"gold":498,"neow_bonus":"THREE_RARE_CARDS","is_daily":false,"chose_seed":false,"campfire_upgraded":4,"win_rate":0.0,"timestamp":1610534316,"path_taken":["M","M","?","$","?","R","E","R","T","E","R","?","$","M","R","BOSS","M","M","?","?","M","R","E","?","T","M","?","M","$","?","R","BOSS","M","?","M","?","?","R","M"],"items_purchased_type":[],"build_version":"2020-12-22","purchased_purges":2,"victory":false,"max_hp_per_floor":[72,72,72,72,67,67,67,67,67,67,67,67,67,67,67,67,67,67,67,67,74,74,74,74,74,74,74,74,74,74,74,74,74,74,74,74,74,74,74,74,74,74],"card_choices":[{"not_picked":["ConjureBlade","Vault"],"picked":"Brilliance","floor":0.0},{"not_picked":["Protect","Crescendo"],"picked":"SandsOfTime","floor":1.0},{"not_picked":["Sanctity","BowlingBash"],"picked":"Evaluate","floor":2.0},{"not_picked":["ConjureBlade","BattleHymn"],"picked":"WaveOfTheHand","floor":7.0},{"not_picked":["Protect","EmptyBody"],"picked":"Crescendo","floor":10.0},{"not_picked":["BowlingBash+1","ReachHeaven+1","SandsOfTime+1"],"picked":"SKIP","floor":14.0},{"not_picked":["Omniscience","ConjureBlade"],"picked":"DeusExMachina","floor":16.0},{"not_picked":["Crescendo","ThirdEye","Consecrate+1"],"picked":"SKIP","floor":18.0},{"not_picked":["SashWhip+1","Consecrate+1"],"picked":"FearNoEvil+1","floor":19.0},{"not_picked":["SashWhip+1","FlyingSleeves+1"],"picked":"Study","floor":22.0},{"not_picked":["EmptyBody","CutThroughFate+1","FlyingSleeves+1"],"picked":"SKIP","floor":24.0},{"not_picked":["Collect","Protect"],"picked":"Halt+1","floor":27.0},{"not_picked":["DeusExMachina","Wallop+1","FollowUp+1"],"picked":"SKIP","floor":28.0},{"not_picked":["Swivel+1","SashWhip+1"],"picked":"CrushJoints+1","floor":29.0},{"not_picked":["SashWhip+1","FlurryOfBlows+1","FlyingSleeves+1"],"picked":"SKIP","floor":35.0},{"not_picked":["EmptyFist+1","ThirdEye","JustLucky+1"],"picked":"SKIP","floor":37.0}],"player_experience":152281,"relics_obtained":[{"floor":7.0,"key":"Damaru"},{"floor":9.0,"key":"Molten Egg 2"},{"floor":10.0,"key":"Pen Nib"},{"floor":24.0,"key":"Centennial Puzzle"},{"floor":26.0,"key":"Peace Pipe"},{"floor":39.0,"key":"Gambling Chip"}],"event_choices":[{"damage_healed":0.0,"max_hp_gain":0.0,"max_hp_loss":0.0,"gold_gain":0.0,"event_name":"Living Wall","player_choice":"Grow","floor":3.0,"gold_loss":0.0,"damage_taken":0.0,"cards_upgraded":["Evaluate"]},{"damage_healed":0.0,"max_hp_gain":0.0,"max_hp_loss":5.0,"gold_gain":0.0,"event_name":"Golden Idol","player_choice":"Lose Max HP","floor":5.0,"gold_loss":0.0,"damage_taken":0.0,"relics_obtained":["Golden Idol"]},{"damage_healed":0.0,"max_hp_gain":0.0,"max_hp_loss":0.0,"gold_gain":0.0,"event_name":"Shining Light","player_choice":"Entered Light","floor":12.0,"gold_loss":0.0,"damage_taken":13.0,"cards_upgraded":["Strike_P","Crescendo"]},{"cards_removed":["Regret"],"damage_healed":0.0,"max_hp_gain":0.0,"max_hp_loss":0.0,"gold_gain":0.0,"event_name":"Back to Basics","player_choice":"Elegance","floor":20.0,"gold_loss":0.0,"damage_taken":0.0},{"damage_healed":0.0,"max_hp_gain":0.0,"max_hp_loss":0.0,"gold_gain":0.0,"event_name":"The Mausoleum","player_choice":"Opened","floor":21.0,"gold_loss":0.0,"damage_taken":0.0,"relics_obtained":["Strawberry"]},{"cards_removed":["WaveOfTheHand"],"damage_healed":0.0,"max_hp_gain":0.0,"max_hp_loss":0.0,"gold_gain":0.0,"event_name":"Beggar","player_choice":"Gave Gold","floor":25.0,"gold_loss":75.0,"damage_taken":0.0},{"damage_healed":0.0,"max_hp_gain":0.0,"max_hp_loss":0.0,"gold_gain":0.0,"event_name":"Vampires","player_choice":"Ignored","floor":31.0,"gold_loss":0.0,"damage_taken":0.0},{"damage_healed":0.0,"max_hp_gain":0.0,"max_hp_loss":0.0,"gold_gain":0.0,"event_name":"Tomb of Lord Red Mask","player_choice":"Ignored","floor":36.0,"gold_loss":0.0,"damage_taken":0.0},{"cards_removed":["Ragnarok"],"damage_healed":0.0,"max_hp_gain":0.0,"max_hp_loss":0.0,"gold_gain":0.0,"event_name":"Falling","player_choice":"Removed Attack","floor":38.0,"gold_loss":0.0,"damage_taken":0.0},{"damage_healed":0.0,"max_hp_gain":0.0,"max_hp_loss":0.0,"gold_gain":0.0,"event_name":"MindBloom","player_choice":"Fight","floor":39.0,"gold_loss":0.0,"damage_taken":0.0}],"is_beta":false,"boss_relics":[{"not_picked":["Runic Dome","Fusion Hammer"],"picked":"Pandora\u0027s Box"},{"not_picked":["Tiny House","Empty Cage"],"picked":"VioletLotus"}],"items_purged_floors":[4,30],"is_endless":false,"potions_floor_spawned":[7,10,16,24,27,29,35],"killed_by":"Maw","ascension_level":0}}