{"host":"konjmgczbcns2r3g","time":1610580414,"event":{"mods":["AchievementEnabler","BaseMod","Colored Powertips","Hermit","Infinite Spire","Koishi","Marisa????????","Minty Spire (QoL Compilation)","Replay The Spire","StSLib","The Cursed","The Necromancer","The Servant 0.9.4"],"gold_per_floor":[114,114,128,89,106,139,139,139,139],"floor_reached":8,"language":"ENG","playtime":823,"items_purged":[],"score":56,"play_id":"677f4b36-6f8a-43de-b725-92c4a1a72a9b","local_time":"20210113182654","is_ascension_mode":false,"campfire_choices":[{"floor":7,"key":"REST"}],"circlet_count":0,"master_deck":["Koishi:BasicStrike","Koishi:BasicStrike","Koishi:BasicStrike","Koishi:BasicStrike","Koishi:BasicDefend","Koishi:BasicDefend","Koishi:BasicDefend","Koishi:BasicDefend","Koishi:Provoke","Koishi:HauntingSlash","Koishi:PredatoryInstincts","Delirium","Replay:Bootleg Shield Generator","Koishi:DreadfulBlow","ReplayTheSpireMod:IOU","Koishi:Heartbroken","Koishi:DanmakuParanoia","Backflip","TheCursedMod:CursedShiv"],"relics":["Koishi:ImaginaryFriend","infinitespire:Satchel","PrismaticShard","ReplayTheSpireMod:CursedCoin","infinitespire:Magic Flask"],"acts_visited":["Exordium"],"potions_floor_usage":[5,6],"damage_taken":[{"damage":2,"enemies":"Jaw Worm","floor":1,"turns":6},{"damage":7,"enemies":"2 Louse","floor":3,"turns":4},{"damage":4,"enemies":"Small Slimes","floor":5,"turns":4},{"damage":27,"enemies":"3 Sentries","floor":6,"turns":16},{"damage":77,"enemies":"Gremlin Nob","floor":8,"turns":6}],"seed_played":"-2657086895669644826","potions_obtained":[{"floor":1,"key":"Milkshake"},{"floor":3,"key":"LiquidMemories"}],"is_trial":false,"path_per_floor":["M","?","M","$","M","E","R","E"],"character_chosen":"KOISHI","items_purchased":["Koishi:DreadfulBlow","ReplayTheSpireMod:CursedCoin","Koishi:Heartbroken","Koishi:DanmakuParanoia"],"campfire_rested":1,"item_purchase_floors":[4,4,4,4],"current_hp_per_floor":[60,60,57,57,60,43,60,0,0],"gold":139,"neow_bonus":"RANDOM_COMMON_RELIC","is_daily":false,"chose_seed":false,"campfire_upgraded":0,"win_rate":0.0,"timestamp":1610580414,"path_taken":["M","?","M","$","M","E","R","E"],"items_purchased_type":["Card","Relic","Card","Card"],"build_version":"2020-12-22","purchased_purges":0,"victory":false,"max_hp_per_floor":[60,60,60,60,60,60,60,60,60],"card_choices":[{"not_picked":["Koishi:RacingHeart","Koishi:JumpScare"],"picked":"Koishi:PredatoryInstincts","floor":1},{"not_picked":["Steam","Cold Snap"],"picked":"Replay:Bootleg Shield Generator","floor":3},{"not_picked":["Replay:BluntJabs","SashWhip"],"picked":"Backflip","floor":5},{"not_picked":["ChargingUp","Wild Strike"],"picked":"TheCursedMod:CursedShiv","floor":6}],"player_experience":319729,"relics_obtained":[{"floor":6,"key":"infinitespire:Magic Flask"}],"event_choices":[],"is_beta":false,"boss_relics":[],"items_purged_floors":[],"is_endless":false,"potions_floor_spawned":[1,3],"killed_by":"Gremlin Nob","ascension_level":0}}