{"host":"2jftgrhdogeeegvp","time":1610513158,"event":{"mods":["Act Like it!","Arknights The Spire","BaseMod","Colored Map","Downfall","Gensokyo","Marisa£®ÏF”Í°°ƒß¿Ì…≥£©","Minty Spire (QoL Compilation)","READ ME - Guardian Mod","Reimu£®≤©¿ˆ¡È√Œ£©","StSLib","SuperFastMode","The Cursed","The Gatherer","The Mystic"],"gold_per_floor":[19,19,29,29,43,77,77,110,110,126,153,194,216,216,216,321,321,340,376,405,405,422,422,455,482,533,572,595,607,607,607],"floor_reached":30,"language":"ZHS","playtime":2190,"items_purged":[],"score":292,"play_id":"8b99f385-f38c-4207-b8fb-e1912597b2cc","local_time":"20210112204558","is_ascension_mode":false,"campfire_choices":[{"floor":7.0,"key":"REST"},{"floor":15.0,"key":"REST"},{"floor":23.0,"key":"RECALL"}],"circlet_count":0,"master_deck":["ats:Strike C","ats:Strike G","ats:Strike S","ats:Strike V","ats:Armor Crushing Shot","ats:Defend","ats:Defend","ats:Defend+1","ats:Defend","ats:Emotion Absorption","ats:Neurotoxin","Regret","ats:Neurotoxin","ats:Flexible Camouflage+1","ats:Revitalization","ats:Neurotoxin","ats:Hook Shot","ats:Echo Reverb","ats:Shell Defense","ats:Rat Pack","ats:Part Time Job+1","ats:Childhood Dance+1","ats:Hammer On+1","ats:Demon Strength","ats:Consecutive Shot Auto","ats:Disruption Kick"],"relics":["ats:Sanity","Incense Burner","Potion Belt","ats:Originium","Matryoshka","Darkstone Periapt","ats:Hidden Killer","Orichalcum","War Paint","CeramicFish","Akabeko","RedLine:ReiMu","Red Mask","HornCleat","Bag of Preparation","Regal Pillow"],"acts_visited":["Exordium","TheCity"],"potions_floor_usage":[],"damage_taken":[{"damage":15.0,"enemies":"Small Slimes","floor":1.0,"turns":5.0},{"damage":3.0,"enemies":"Jaw Worm","floor":3.0,"turns":4.0},{"damage":7.0,"enemies":"Cultist","floor":5.0,"turns":5.0},{"damage":17.0,"enemies":"Lagavulin","floor":6.0,"turns":8.0},{"damage":28.0,"enemies":"3 Sentries","floor":8.0,"turns":9.0},{"damage":10.0,"enemies":"Looter","floor":10.0,"turns":3.0},{"damage":14.0,"enemies":"Lagavulin","floor":12.0,"turns":5.0},{"damage":5.0,"enemies":"Red Slaver","floor":13.0,"turns":4.0},{"damage":38.0,"enemies":"The Guardian","floor":16.0,"turns":12.0},{"damage":10.0,"enemies":"Chosen","floor":18.0,"turns":5.0},{"damage":43.0,"enemies":"Masked Bandits","floor":19.0,"turns":6.0},{"damage":35.0,"enemies":"3 Byrds","floor":20.0,"turns":8.0},{"damage":26.0,"enemies":"Sentry and Sphere","floor":22.0,"turns":5.0},{"damage":18.0,"enemies":"Gremlin Leader","floor":24.0,"turns":9.0},{"damage":20.0,"enemies":"Centurion and Healer","floor":25.0,"turns":7.0},{"damage":65.0,"enemies":"Book of Stabbing","floor":27.0,"turns":10.0},{"damage":9.0,"enemies":"Snecko","floor":28.0,"turns":5.0},{"damage":0.0,"enemies":"Sentry and Sphere","floor":29.0,"turns":3.0},{"damage":2,"enemies":"Chosen and Byrds","floor":30,"turns":2}],"seed_played":"5672293784451634597","potions_obtained":[{"floor":1.0,"key":"Dexterity Potion"},{"floor":6.0,"key":"DistilledChaos"},{"floor":8.0,"key":"SmokeBomb"},{"floor":12.0,"key":"GrandPatriotsElixir:ReiMu"},{"floor":13.0,"key":"Slimebound:ThreeZeroPotion"},{"floor":22.0,"key":"LiquidMemories"},{"floor":24.0,"key":"EssenceOfSteel"},{"floor":27.0,"key":"Fire Potion"},{"floor":29.0,"key":"Explosive Potion"}],"is_trial":false,"path_per_floor":["M","?","M","$","M","E","R","E","T","M","T","E","M","?","R","B",null,"M","?","M","?","M","R","E","M","T","E","M","M","M"],"character_chosen":"DOCTOR_CLASS","items_purchased":[],"campfire_rested":2,"item_purchase_floors":[],"current_hp_per_floor":[57,57,54,54,47,30,51,32,32,24,24,13,10,7,28,21,72,62,34,13,72,53,53,65,58,58,10,1,1,0,0],"gold":607,"neow_bonus":"ONE_RARE_RELIC","is_daily":false,"chose_seed":false,"campfire_upgraded":0,"win_rate":0.0,"timestamp":1610513158,"path_taken":["M","?","M","$","M","E","R","E","T","M","?","E","M","?","R","BOSS","M","?","M","?","M","R","E","M","T","E","M","M","M"],"items_purchased_type":[],"build_version":"2020-12-22","purchased_purges":0,"victory":false,"max_hp_per_floor":[72,72,72,72,72,72,72,72,72,72,72,72,72,72,72,72,72,72,72,72,72,72,72,72,72,72,72,72,72,72,72],"card_choices":[{"not_picked":["ats:Explosion Area Strengthen","ats:LN2 Cannon"],"picked":"ats:Neurotoxin","floor":1.0},{"not_picked":["ats:Thorns","ats:Magnetic Hammer"],"picked":"ats:Neurotoxin","floor":3.0},{"not_picked":["ats:Consecutive Shot Auto","ats:Childhood Dance"],"picked":"ats:Flexible Camouflage","floor":5.0},{"not_picked":["ats:Flame Of Heaven","ats:Assault Order"],"picked":"ats:Revitalization","floor":6.0},{"not_picked":["ats:Song Of Battle","ats:Ignite"],"picked":"ats:Neurotoxin","floor":8.0},{"not_picked":["ats:Mental Burst","ats:Blood Oath"],"picked":"ats:Hook Shot","floor":10.0},{"not_picked":["ats:Collapsing Strike","ats:Poison Spread"],"picked":"ats:Echo Reverb","floor":12.0},{"not_picked":["ats:Beaten Up","ats:Curse Doll"],"picked":"ats:Shell Defense","floor":13.0},{"not_picked":["ats:Dogmatic Field","ats:Disruption Kick"],"picked":"ats:Rat Pack","floor":16.0},{"not_picked":["ats:Revitalization","ats:LN2 Cannon"],"picked":"ats:Part Time Job+1","floor":18.0},{"not_picked":["ats:Hammer On","ats:Ignite+1"],"picked":"ats:Childhood Dance+1","floor":19.0},{"not_picked":["ats:Childhood Dance+1","ats:Support Order"],"picked":"ats:Hammer On+1","floor":20.0},{"not_picked":["ats:Soul Absorption","ats:Support Order","ats:Assault Order"],"picked":"SKIP","floor":22.0},{"not_picked":["ats:Curse Doll","ats:Flexible Camouflage","ats:Childhood Dance+1"],"picked":"SKIP","floor":24.0},{"not_picked":["ats:Sword Rain","ats:Charging Defense"],"picked":"ats:Demon Strength","floor":25.0},{"not_picked":["ats:Shell Defense","ats:Hammer On"],"picked":"ats:Consecutive Shot Auto","floor":27.0},{"not_picked":["ats:Powerful Strike","ats:Burning Ground"],"picked":"ats:Disruption Kick","floor":28.0},{"not_picked":["ats:Support Order","ats:Mental Burst","ats:Childhood Dance"],"picked":"SKIP","floor":29.0}],"player_experience":405210,"relics_obtained":[{"floor":6.0,"key":"ats:Originium"},{"floor":6.0,"key":"Matryoshka"},{"floor":8.0,"key":"ats:Originium"},{"floor":8.0,"key":"Darkstone Periapt"},{"floor":9.0,"key":"ats:Hidden Killer"},{"floor":9.0,"key":"Orichalcum"},{"floor":11.0,"key":"War Paint"},{"floor":12.0,"key":"ats:Originium"},{"floor":12.0,"key":"CeramicFish"},{"floor":19.0,"key":"Red Mask"},{"floor":24.0,"key":"HornCleat"},{"floor":26.0,"key":"Bag of Preparation"},{"floor":27.0,"key":"Regal Pillow"}],"event_choices":[{"damage_healed":0.0,"max_hp_gain":0.0,"max_hp_loss":0.0,"gold_gain":0.0,"event_name":"Big Fish","player_choice":"Box","floor":2.0,"gold_loss":0.0,"damage_taken":0.0,"relics_obtained":["Potion Belt"],"cards_obtained":["Regret"]},{"damage_healed":0.0,"max_hp_gain":0.0,"max_hp_loss":0.0,"gold_gain":0.0,"event_name":"Scrap Ooze","player_choice":"Success","floor":14.0,"gold_loss":0.0,"damage_taken":3.0,"relics_obtained":["Akabeko"]},{"damage_healed":0.0,"max_hp_gain":0.0,"max_hp_loss":0.0,"gold_gain":0.0,"event_name":"Masked Bandits","player_choice":"Fought Bandits","floor":19.0,"gold_loss":0.0,"damage_taken":0.0},{"damage_healed":59.0,"max_hp_gain":0.0,"max_hp_loss":0.0,"gold_gain":0.0,"event_name":"Wheel of Change","player_choice":"Full Heal","floor":21.0,"gold_loss":0.0,"damage_taken":0.0}],"is_beta":false,"boss_relics":[{"not_picked":["Runic Dome","Velvet Choker"],"picked":"RedLine:ReiMu"}],"items_purged_floors":[],"is_endless":false,"potions_floor_spawned":[1,6,8,12,13,22,24,27,29],"killed_by":"Chosen and Byrds","ascension_level":0}}