{"host":"49c2zf0lajbcs427","time":1610523872,"event":{"mods":["AchievementEnabler","BaseMod","Colored Map","Colored Powertips","Highlight Path","Key Reminder","Minty Spire (QoL Compilation)","Relic Stats","StSLib"],"gold_per_floor":[113,113,127,140,140,215,215,240,264,283,313,336,365,383,383,479,479,496,507,273,293,306,306,339,339,339,373,373,404,414,430,430,532,532,547,300,300,315,329,329,64,95,141,141,174,174,199,249,249,249,249],"floor_reached":50,"language":"ENG","playtime":3723,"items_purged":[],"score":730,"play_id":"2ac6f5af-b31b-4589-8c48-edc20572fede","local_time":"20210113204432","is_ascension_mode":true,"campfire_choices":[{"data":"Fusion","floor":7,"key":"SMITH"},{"data":"Fission","floor":15,"key":"SMITH"},{"data":"Echo Form","floor":23,"key":"SMITH"},{"data":"Hologram","floor":25,"key":"SMITH"},{"data":"Fission","floor":32,"key":"SMITH"},{"data":"Seek","floor":40,"key":"SMITH"},{"data":"Scrape","floor":46,"key":"SMITH"},{"floor":49,"key":"RECALL"}],"circlet_count":0,"master_deck":["Strike_B+1","Strike_B+1","Strike_B+1","Defend_B+1","Defend_B+1","Defend_B+1","Defend_B+1","Zap","Dualcast","CurseOfTheBell","Fusion+1","Glacier","Scrape","Beam Cell","Ball Lightning","Cold Snap","Fission+1","Glacier","Echo Form+1","Hologram+1","Redo+1","FTL","Swift Strike","Undo","Gash+1","Rebound+1","Beam Cell","Sweeping Beam","Fission+1","Skim+1","Seek+1","Gash","Scrape+1","All For One","Steam Power+1"],"relics":["Calling Bell","Lantern","Shuriken","Ginger","Odd Mushroom","Ancient Tea Set","Cables","Anchor","Bag of Marbles","Nuclear Battery","PreservedInsect","Singing Bowl","Bronze Scales","Whetstone","Coffee Dripper","Bottled Lightning","Membership Card","Oddly Smooth Stone","MealTicket","Toxic Egg 2","Gambling Chip","Du-Vu Doll"],"acts_visited":["Exordium","TheCity","TheBeyond"],"potions_floor_usage":[4,8,11,18,24,27,27,33,38],"damage_taken":[{"damage":5,"enemies":"Jaw Worm","floor":1,"turns":5},{"damage":0,"enemies":"Small Slimes","floor":3,"turns":3},{"damage":0,"enemies":"2 Louse","floor":4,"turns":4},{"damage":2,"enemies":"The Mushroom Lair","floor":8,"turns":6},{"damage":1,"enemies":"Blue Slaver","floor":10,"turns":4},{"damage":9,"enemies":"Lagavulin","floor":11,"turns":7},{"damage":5,"enemies":"3 Sentries","floor":13,"turns":10},{"damage":3,"enemies":"Exordium Wildlife","floor":14,"turns":3},{"damage":12,"enemies":"Slime Boss","floor":16,"turns":8},{"damage":3,"enemies":"3 Byrds","floor":18,"turns":4},{"damage":0,"enemies":"2 Thieves","floor":19,"turns":4},{"damage":3,"enemies":"Sentry and Sphere","floor":21,"turns":7},{"damage":9,"enemies":"Snake Plant","floor":22,"turns":5},{"damage":5,"enemies":"Slavers","floor":24,"turns":4},{"damage":23,"enemies":"Gremlin Leader","floor":27,"turns":5},{"damage":3,"enemies":"Slavers","floor":29,"turns":4},{"damage":0,"enemies":"Centurion and Healer","floor":30,"turns":4},{"damage":0,"enemies":"Chosen and Byrds","floor":31,"turns":3},{"damage":15,"enemies":"Automaton","floor":33,"turns":10},{"damage":0,"enemies":"Orb Walker","floor":35,"turns":2},{"damage":0,"enemies":"3 Shapes","floor":38,"turns":5},{"damage":1,"enemies":"Spire Growth","floor":39,"turns":3},{"damage":0,"enemies":"Giant Head","floor":42,"turns":5},{"damage":17,"enemies":"Reptomancer","floor":45,"turns":4},{"damage":0,"enemies":"Nemesis","floor":47,"turns":3},{"damage":0,"enemies":"Mind Bloom Boss Battle","floor":48,"turns":3},{"damage":73,"enemies":"Time Eater","floor":50,"turns":7}],"seed_played":"-7720505698029542702","potions_obtained":[{"floor":1,"key":"PowerPotion"},{"floor":3,"key":"SteroidPotion"},{"floor":10,"key":"Regen Potion"},{"floor":13,"key":"Block Potion"},{"floor":16,"key":"DistilledChaos"},{"floor":18,"key":"FocusPotion"},{"floor":22,"key":"FearPotion"},{"floor":29,"key":"DuplicationPotion"},{"floor":31,"key":"GamblersBrew"},{"floor":33,"key":"BlessingOfTheForge"},{"floor":35,"key":"Ancient Potion"},{"floor":38,"key":"PotionOfCapacity"},{"floor":48,"key":"SteroidPotion"}],"is_trial":false,"path_per_floor":["M","?","M","M","?","?","R","?","T","M","E","T","E","M","R","B",null,"M","M","$","M","M","R","E","R","T","E","?","E","M","M","R","B",null,"M","$","?","M","M","R","$","E","T","?","E","R","E","?","R","B"],"character_chosen":"DEFECT","items_purchased":["FTL","Swift Strike","Undo","Bottled Lightning","Membership Card","Oddly Smooth Stone","Scrape"],"campfire_rested":0,"item_purchase_floors":[20,20,20,36,41,41,41],"current_hp_per_floor":[70,70,70,70,70,59,59,57,57,56,61,61,56,53,53,41,75,72,72,72,69,60,60,55,55,55,32,32,31,31,31,31,16,77,79,79,75,75,76,76,76,78,78,78,61,61,63,63,63,0,0],"gold":249,"neow_bonus":"BOSS_RELIC","is_daily":false,"chose_seed":false,"campfire_upgraded":7,"win_rate":0.0,"timestamp":1610523872,"path_taken":["M","?","M","M","?","?","R","?","T","M","E","?","E","M","R","BOSS","M","M","$","M","M","R","E","R","T","E","?","E","M","M","R","BOSS","M","$","?","M","M","R","$","E","T","?","E","R","E","?","R","BOSS"],"items_purchased_type":["Card","Card","Card","Relic","Relic","Relic","Card"],"build_version":"2020-12-22","purchased_purges":0,"victory":false,"max_hp_per_floor":[75,75,75,75,75,75,75,75,75,75,75,75,75,75,75,75,75,75,75,75,75,75,75,75,75,75,75,75,77,77,77,77,77,77,79,79,85,85,87,87,87,89,89,89,89,89,91,91,91,91,91],"relic_stats":{"Singing Bowl":16,"counters":[27,132],"Shuriken":[87],"Bronze Scales":[112],"Gambling Chip":[2],"MealTicket":0,"PreservedInsect":317,"Ginger":[11],"Whetstone":["Gash","Rebound"],"obtain_stats":[{"Lantern":0,"Singing Bowl":26,"Oddly Smooth Stone":41,"PreservedInsect":24,"Ginger":0,"Whetstone":29,"Odd Mushroom":8,"Ancient Tea Set":9,"Cables":11,"Nuclear Battery":17,"Calling Bell":0,"keyreminder:keyreminder":27,"Du-Vu Doll":48,"Anchor":12,"Shuriken":0,"Bronze Scales":27,"Gambling Chip":47,"MealTicket":42,"Bag of Marbles":13,"Coffee Dripper":34,"Bottled Lightning":36,"Membership Card":41,"Toxic Egg 2":45,"Cracked Core":0},{"Lantern":0,"Singing Bowl":14,"Oddly Smooth Stone":22,"PreservedInsect":14,"Ginger":0,"Whetstone":16,"Odd Mushroom":4,"Ancient Tea Set":4,"Cables":6,"Nuclear Battery":9,"Calling Bell":0,"keyreminder:keyreminder":15,"Du-Vu Doll":26,"Anchor":6,"Shuriken":0,"Bronze Scales":15,"Gambling Chip":25,"MealTicket":23,"Bag of Marbles":7,"Coffee Dripper":19,"Bottled Lightning":20,"Membership Card":22,"Toxic Egg 2":24,"Cracked Core":0},{"Lantern":0,"Singing Bowl":74,"Oddly Smooth Stone":110,"PreservedInsect":74,"Ginger":0,"Whetstone":83,"Odd Mushroom":18,"Ancient Tea Set":18,"Cables":29,"Nuclear Battery":50,"Calling Bell":0,"keyreminder:keyreminder":79,"Du-Vu Doll":125,"Anchor":29,"Shuriken":0,"Bronze Scales":79,"Gambling Chip":122,"MealTicket":115,"Bag of Marbles":39,"Coffee Dripper":100,"Bottled Lightning":102,"Membership Card":110,"Toxic Egg 2":119,"Cracked Core":0}],"Cables":[99,18,37,0,44]},"card_choices":[{"not_picked":["Stack","Hologram"],"picked":"Fusion","floor":1},{"not_picked":["Steam Power","Recycle"],"picked":"Glacier","floor":3},{"not_picked":["Darkness","Self Repair"],"picked":"Scrape","floor":4},{"not_picked":["Sweeping Beam","Redo"],"picked":"Beam Cell","floor":8},{"not_picked":["Recycle","Steam"],"picked":"Ball Lightning","floor":10},{"not_picked":["Hologram","Rip and Tear"],"picked":"Cold Snap","floor":11},{"not_picked":["Skim","Gash"],"picked":"Fission","floor":13},{"not_picked":["Darkness","Barrage"],"picked":"Glacier","floor":14},{"not_picked":["Electrodynamics","Meteor Strike"],"picked":"Echo Form","floor":16},{"not_picked":["Heatsinks+1","Static Discharge"],"picked":"Hologram","floor":18},{"not_picked":["Sweeping Beam","Sunder"],"picked":"Redo+1","floor":19},{"not_picked":["Storm","Leap"],"picked":"Gash","floor":21},{"not_picked":["Leap","Scrape"],"picked":"Rebound","floor":22},{"not_picked":["Hyperbeam","Sunder+1"],"picked":"Beam Cell","floor":24},{"not_picked":["Stack+1","Turbo+1"],"picked":"Sweeping Beam","floor":27},{"not_picked":["Leap","Stack+1","Undo"],"picked":"Singing Bowl","floor":29},{"not_picked":["Redo","Glacier"],"picked":"Fission","floor":30},{"not_picked":["Stack+1","Heatsinks+1"],"picked":"Skim+1","floor":31},{"not_picked":["Core Surge","Echo Form"],"picked":"Seek","floor":33},{"not_picked":["Stack+1","Doom and Gloom+1","Barrage"],"picked":"Singing Bowl","floor":35},{"not_picked":["Forethought","Impatience","Mind Blast"],"picked":"Singing Bowl","floor":37},{"not_picked":["Discovery","Sadistic Nature","Chrysalis"],"picked":"Singing Bowl","floor":37},{"not_picked":["Good Instincts","Deep Breath","Madness"],"picked":"Singing Bowl","floor":37},{"not_picked":["Glacier+1","Chill+1"],"picked":"Gash","floor":38},{"not_picked":["Compile Driver+1","Glacier","Sweeping Beam"],"picked":"Singing Bowl","floor":39},{"not_picked":["Stack","Redo+1","Turbo+1"],"picked":"Singing Bowl","floor":42},{"not_picked":["Gash+1","White Noise+1"],"picked":"All For One","floor":45},{"not_picked":["Auto Shields+1","Streamline","Cold Snap+1"],"picked":"Singing Bowl","floor":47},{"not_picked":["Leap+1","Auto Shields+1"],"picked":"Steam Power+1","floor":48}],"player_experience":2313901,"relics_obtained":[{"floor":0,"key":"Lantern"},{"floor":0,"key":"Shuriken"},{"floor":0,"key":"Ginger"},{"floor":8,"key":"Odd Mushroom"},{"floor":9,"key":"Ancient Tea Set"},{"floor":11,"key":"Cables"},{"floor":12,"key":"Anchor"},{"floor":13,"key":"Bag of Marbles"},{"floor":24,"key":"PreservedInsect"},{"floor":26,"key":"Singing Bowl"},{"floor":27,"key":"Bronze Scales"},{"floor":29,"key":"Whetstone"},{"floor":42,"key":"MealTicket"},{"floor":45,"key":"Toxic Egg 2"},{"floor":47,"key":"Gambling Chip"},{"floor":48,"key":"Du-Vu Doll"}],"event_choices":[{"damage_healed":0,"gold_gain":0,"player_choice":"Ignored","damage_taken":0,"max_hp_gain":0,"max_hp_loss":0,"event_name":"Liars Game","floor":2,"gold_loss":0},{"damage_healed":0,"gold_gain":0,"player_choice":"Leave","damage_taken":0,"max_hp_gain":0,"max_hp_loss":0,"event_name":"The Cleric","floor":5,"gold_loss":0},{"damage_healed":0,"gold_gain":75,"player_choice":"Gather Gold","damage_taken":11,"max_hp_gain":0,"max_hp_loss":0,"event_name":"World of Goop","floor":6,"gold_loss":0},{"damage_healed":0,"gold_gain":0,"player_choice":"Fought Mushrooms","damage_taken":0,"max_hp_gain":0,"max_hp_loss":0,"event_name":"Mushrooms","floor":8,"gold_loss":0},{"damage_healed":0,"gold_gain":0,"player_choice":"Simplicity","damage_taken":0,"max_hp_gain":0,"max_hp_loss":0,"event_name":"Back to Basics","floor":28,"gold_loss":0,"cards_upgraded":["Strike_B","Strike_B","Strike_B","Strike_B","Defend_B","Defend_B","Defend_B","Defend_B"]},{"damage_healed":0,"gold_gain":0,"player_choice":"Memory 3","damage_taken":10,"max_hp_gain":0,"max_hp_loss":0,"event_name":"SensoryStone","floor":37,"gold_loss":0},{"cards_removed":["Strike_B"],"damage_healed":0,"gold_gain":0,"player_choice":"Removed Attack","damage_taken":0,"max_hp_gain":0,"max_hp_loss":0,"event_name":"Falling","floor":44,"gold_loss":0},{"damage_healed":0,"gold_gain":0,"player_choice":"Fight","damage_taken":0,"max_hp_gain":0,"max_hp_loss":0,"event_name":"MindBloom","floor":48,"gold_loss":0}],"is_beta":false,"boss_relics":[{"not_picked":["Busted Crown","Philosopher\u0027s Stone"],"picked":"Nuclear Battery"},{"not_picked":["SacredBark","Fusion Hammer"],"picked":"Coffee Dripper"}],"items_purged_floors":[],"is_endless":false,"potions_floor_spawned":[1,3,10,13,16,18,22,29,31,33,35,38,48],"killed_by":"Time Eater","ascension_level":1}}