{"host":"kg61lsvem4dxoat8","time":1610558316,"event":{"mods":["BaseMod","Colored Powertips","Minty Spire (QoL Compilation)","Quick Restart","Rare Cards Sparkle","Relic Stats","slay the spire mod where everything is the same but ironclad has a cowboy hat"],"gold_per_floor":[119,119,143,163,178,178,178],"floor_reached":6,"language":"ENG","playtime":114,"items_purged":[],"score":49,"play_id":"ad94c5a3-5c8e-46d6-a01c-5665d8a4921c","local_time":"20210114011836","is_ascension_mode":true,"campfire_choices":[],"circlet_count":0,"master_deck":["Strike_R","Strike_R","Strike_R","Strike_R","Strike_R","Defend_R","Defend_R","Defend_R","Defend_R","Bash+1","Dropkick","Anger"],"relics":["Burning Blood","Orichalcum","Lantern"],"acts_visited":["Exordium"],"potions_floor_usage":[6],"damage_taken":[{"damage":3,"enemies":"2 Louse","floor":1,"turns":4},{"damage":6,"enemies":"Jaw Worm","floor":4,"turns":2},{"damage":0,"enemies":"Small Slimes","floor":5,"turns":3},{"damage":3,"enemies":"Lagavulin","floor":6,"turns":3}],"seed_played":"6318992260567369416","potions_obtained":[{"floor":4,"key":"Block Potion"},{"floor":5,"key":"Block Potion"}],"is_trial":false,"path_per_floor":["M","?","T","M","M","E"],"character_chosen":"IRONCLAD","items_purchased":[],"campfire_rested":0,"item_purchase_floors":[],"current_hp_per_floor":[75,75,75,75,80,77,77],"gold":178,"neow_bonus":"RANDOM_COMMON_RELIC","is_daily":false,"chose_seed":false,"campfire_upgraded":0,"win_rate":0.0,"timestamp":1610558316,"path_taken":["M","?","?","M","M","E"],"items_purchased_type":[],"build_version":"2020-12-22","purchased_purges":0,"victory":false,"max_hp_per_floor":[80,80,80,80,80,80,80],"relic_stats":{"counters":[4,12],"Orichalcum":[30],"obtain_stats":[{"Lantern":3,"Orichalcum":0,"Burning Blood":0},{"Lantern":1,"Orichalcum":0,"Burning Blood":0},{"Lantern":4,"Orichalcum":0,"Burning Blood":0}],"Burning Blood":17},"card_choices":[{"not_picked":["Wild Strike","Hemokinesis","Feel No Pain"],"picked":"SKIP","floor":1},{"not_picked":["Flex","True Grit"],"picked":"Dropkick","floor":4},{"not_picked":["Flex","Headbutt"],"picked":"Anger","floor":5}],"player_experience":1326502,"relics_obtained":[{"floor":3,"key":"Lantern"}],"event_choices":[{"damage_healed":0,"gold_gain":0,"player_choice":"Grow","damage_taken":0,"max_hp_gain":0,"max_hp_loss":0,"event_name":"Living Wall","floor":2,"gold_loss":0,"cards_upgraded":["Bash"]}],"is_beta":false,"boss_relics":[],"items_purged_floors":[],"is_endless":false,"potions_floor_spawned":[4,5],"killed_by":"Lagavulin","ascension_level":7}}