{"host":"0ttaavwaei2fh9kw","time":1610511962,"event":{"mods":["Act Like it!","Aspiration","BaseMod","Chen","Colored Map","Decade(王小明)","Downfall","Gensokyo","Hallownest","Hubris","Infinite Spire","KinomotoSakuraMod(木之本樱)","KomeijiMod","Lobotomy","LobotomyExtend","Marisa（F雨　魔理沙）","Minty Spire (QoL Compilation)","Prisma Mod","Reimu（博丽灵梦）","Replay The Spire","Spicy Shops","StSLib","The Servant 0.9.4","WarShipGirlsR/战舰少女R mod","Youmu（魂魄妖梦）"],"gold_per_floor":[110,110,300,5,19,19,19,31,31,243,278,378,378,4,4,100,100,100,120,14,31,48,382,382,382,382],"floor_reached":25,"language":"ZHS","playtime":1489,"items_purged":["Clumsy"],"score":269,"play_id":"ee8aad11-95cd-42d1-98d6-98b5c9b90fff","local_time":"20210113122602","is_ascension_mode":false,"campfire_choices":[{"data":"TerribleSouvenir","floor":6.0,"key":"SMITH"},{"data":"Dash_Komeiji","floor":15.0,"key":"SMITH"},{"data":"BinaryStars","floor":24,"key":"SMITH"}],"circlet_count":0,"master_deck":["Strike_Komeiji","Strike_Komeiji","Strike_Komeiji","Strike_Komeiji","Defend_Komeiji","Defend_Komeiji","Defend_Komeiji","Defend_Komeiji","Dash_Komeiji+1","OSAHOGD","NingyouKisou+1","NingyouKisou+1","TerribleSouvenir+1","VampireKiss","NingyouSousou+1","YuumeiNoKurin","BinaryStars+1"],"relics":["KomeijisEye","SpellCardsRule","MusicBox","CogitoBucket","LetterFromLob","NitorisBag","Pet Ghost","CaptainsWheel","StoneCalendar","CrystalOfMemory","Gensokyo:NagashiBinaDoll","KyoryuNoHagoromo","aspiration:MarisaSkillbook","Pen Nib","Frozen Eye","Calipers"],"acts_visited":["Gensokyo:Gensokyo","Gensokyo:Gensokyoer"],"potions_floor_usage":[],"damage_taken":[{"damage":7.0,"enemies":"Gensokyo:2_Kodama","floor":1.0,"turns":7.0},{"damage":8.0,"enemies":"Gensokyo:Python","floor":5.0,"turns":6.0},{"damage":3.0,"enemies":"Gensokyo:Gryphon","floor":8.0,"turns":6.0},{"damage":7.0,"enemies":"Gensokyo:Kitsune","floor":10.0,"turns":8.0},{"damage":0.0,"enemies":"Gensokyo:Aya","floor":11.0,"turns":9.0},{"damage":11.0,"enemies":"Gensokyo:Yukari","floor":16.0,"turns":15.0},{"damage":8.0,"enemies":"Gensokyo:CosmicMonolith","floor":19.0,"turns":2.0},{"damage":4.0,"enemies":"Gensokyo:2_Gloops","floor":21.0,"turns":5.0},{"damage":6.0,"enemies":"Gensokyo:Wraith","floor":22.0,"turns":7.0},{"damage":16,"enemies":"Gensokyo:Reisen","floor":23,"turns":6},{"damage":37,"enemies":"Gensokyo:Koishi","floor":25,"turns":6}],"seed_played":"8046978704425699983","potions_obtained":[{"floor":5.0,"key":"Regen Potion"},{"floor":10.0,"key":"SmokeBomb"},{"floor":19.0,"key":"Elixir"},{"floor":22,"key":"Flashbang"}],"is_trial":false,"path_per_floor":["M","?","?","COS","M","R","$","M","T","M","E","?","?","$","R","B",null,"M","M","COS","M","M","E","R","E"],"character_chosen":"KomeijiSatori","items_purchased":["KyoryuNoHagoromo"],"campfire_rested":0,"item_purchase_floors":[14],"current_hp_per_floor":[43,50,50,50,42,42,42,39,39,32,35,35,35,35,35,30,50,50,48,48,47,50,34,34,0,0],"gold":382,"neow_bonus":"","is_daily":false,"chose_seed":false,"campfire_upgraded":3,"win_rate":0.0,"timestamp":1610511962,"path_taken":["M","?","?","COS","M","R","?","?","T","M","E","?","?","$","R","BOSS","M","M","COS","M","?","E","R","E"],"items_purchased_type":["Relic"],"build_version":"2020-12-22","purchased_purges":1,"victory":false,"max_hp_per_floor":[50,50,50,50,50,50,50,50,50,50,50,50,50,50,50,50,50,50,50,50,50,50,50,50,50,50],"card_choices":[{"not_picked":["ShyLook","Bloodbath"],"picked":"OSAHOGD","floor":1.0},{"not_picked":["HagoromoMizu","DochyakuKami+1"],"picked":"NingyouKisou+1","floor":1.0},{"not_picked":["HagoromoMizu","MissingPower"],"picked":"NingyouKisou+1","floor":3.0},{"not_picked":["DemonLordCradle","SenseofElegance"],"picked":"TerribleSouvenir","floor":5.0},{"not_picked":["NingyouMusou+1","Sabishigari+1","MajikuruSanhai+1"],"picked":"SKIP","floor":8.0},{"not_picked":["NingyouSousou+1","NingyouKisou+1"],"picked":"VampireKiss","floor":10.0},{"not_picked":["Agarareta+1","DemonLordCradle"],"picked":"NingyouSousou+1","floor":11.0},{"not_picked":["AbyssNova","JigokuNoTaiyou","SemiAutomaton"],"picked":"YuumeiNoKurin","floor":16.0},{"not_picked":["ChargingUp+1","NingyouShinki+1","Acceleration+1","StarBarrage","HagoromoMizu+1"],"picked":"SKIP","floor":19.0},{"not_picked":["AlicesGift","DarkMatter","AsteroidBelt","PowerUp","MagicChant"],"picked":"SKIP","floor":21.0},{"not_picked":["MakuraSeki+1","SemiAutomaton","MusuNoYume+1","DarkSpark+1","SeekerDolls+1"],"picked":"SKIP","floor":22},{"not_picked":["DoubleSpark","WitchLeyline","KimairaNoYoku","PropBag"],"picked":"BinaryStars","floor":23}],"player_experience":195356,"relics_obtained":[{"floor":1.0,"key":"LetterFromLob"},{"floor":9.0,"key":"CaptainsWheel"},{"floor":11.0,"key":"CrystalOfMemory"},{"floor":23,"key":"Pen Nib"}],"event_choices":[],"is_beta":false,"boss_relics":[{"not_picked":["aspiration:RunicSpoon","Runic Dome"],"picked":"aspiration:MarisaSkillbook"}],"items_purged_floors":[14],"is_endless":false,"potions_floor_spawned":[5,10,19,22,23],"killed_by":"Gensokyo:Koishi","ascension_level":0}}