{"host":"x21cvmfdo17nyhii","time":1610499863,"event":{"mods":["AchievementEnabler","BaseMod","Colored Map","Colored Powertips","DeckTracker","Highlight Path","Minty Spire (QoL Compilation)","Quick Restart","Rare Cards Sparkle","SuperFastMode"],"gold_per_floor":[114,129,143,68,68,68,80,95,121,196,210,210,385,22,22,118,118,134,134,21,0,0,0,17,28,28,55,75,75,75,75,75,178,178,195,0,350,400,17,45,45,61,61,74,74,86,86,60,60,60,60],"floor_reached":50,"language":"ENG","playtime":1906,"items_purged":["Strike_R","Doubt","Decay","Strike_R"],"score":578,"play_id":"b52ce586-d4d4-49e5-b316-744b50f7884d","local_time":"20210112170423","is_ascension_mode":false,"campfire_choices":[{"data":"Defend_R","floor":6.0,"key":"SMITH"},{"data":"Armaments","floor":15.0,"key":"SMITH"},{"floor":23.0,"key":"REST"},{"floor":29.0,"key":"REST"},{"data":"True Grit","floor":32.0,"key":"SMITH"},{"floor":47.0,"key":"REST"},{"floor":49.0,"key":"RECALL"}],"circlet_count":0,"master_deck":["Strike_R","Strike_R","Strike_R","Defend_R+1","Defend_R","Defend_R+1","Defend_R","Bash","Body Slam+1","Armaments+1","Iron Wave","Warcry+1","Warcry+1","True Grit+1","True Grit+1","Iron Wave+1","Body Slam"],"relics":["Burning Blood","Toy Ornithopter","Pantograph","Membership Card","HornCleat","Mark of Pain","Enchiridion","Bottled Lightning","Regal Pillow","Ornamental Fan","Busted Crown","Red Mask","Old Coin","Ginger","War Paint","ClockworkSouvenir","Pear","Nunchaku"],"acts_visited":["Exordium","TheCity","TheBeyond"],"potions_floor_usage":[50,50],"damage_taken":[{"damage":1.0,"enemies":"Cultist","floor":1.0,"turns":4.0},{"damage":11.0,"enemies":"Jaw Worm","floor":2.0,"turns":4.0},{"damage":3.0,"enemies":"Small Slimes","floor":3.0,"turns":3.0},{"damage":1.0,"enemies":"3 Louse","floor":7.0,"turns":4.0},{"damage":7.0,"enemies":"Looter","floor":8.0,"turns":3.0},{"damage":5.0,"enemies":"Exordium Wildlife","floor":11.0,"turns":5.0},{"damage":59.0,"enemies":"Hexaghost","floor":16.0,"turns":13.0},{"damage":44.0,"enemies":"3 Byrds","floor":18.0,"turns":10.0},{"damage":23.0,"enemies":"2 Thieves","floor":24.0,"turns":5.0},{"damage":0.0,"enemies":"Snecko","floor":25.0,"turns":3.0},{"damage":49.0,"enemies":"Gremlin Leader","floor":27.0,"turns":8.0},{"damage":20.0,"enemies":"Cultist and Chosen","floor":28.0,"turns":9.0},{"damage":73.0,"enemies":"Collector","floor":33.0,"turns":24.0},{"damage":0.0,"enemies":"3 Shapes","floor":35.0,"turns":6.0},{"damage":1.0,"enemies":"2 Orb Walkers","floor":37.0,"turns":5.0},{"damage":5.0,"enemies":"Mind Bloom Boss Battle","floor":38.0,"turns":9.0},{"damage":0.0,"enemies":"Giant Head","floor":40.0,"turns":9.0},{"damage":46.0,"enemies":"Orb Walker","floor":42.0,"turns":7.0},{"damage":13.0,"enemies":"Sphere and 2 Shapes","floor":44.0,"turns":6.0},{"damage":0.0,"enemies":"Jaw Worm Horde","floor":46.0,"turns":7.0},{"damage":108,"enemies":"Donu and Deca","floor":50,"turns":9}],"seed_played":"-4950310022922706864","potions_obtained":[{"floor":2.0,"key":"Energy Potion"},{"floor":3.0,"key":"SpeedPotion"},{"floor":8.0,"key":"SpeedPotion"},{"floor":16.0,"key":"Energy Potion"},{"floor":18.0,"key":"CultistPotion"},{"floor":28.0,"key":"HeartOfIron"},{"floor":38.0,"key":"Dexterity Potion"},{"floor":40.0,"key":"EntropicBrew"},{"floor":44.0,"key":"Fire Potion"}],"is_trial":false,"path_per_floor":["M","M","M","$","?","R","M","M","T","?","M","T","?","$","R","B",null,"M","?","$","?","?","R","M","M","T","E","M","R","?","T","R","B",null,"M","?","?","?","$","E","?","M","T","M","?","M","R","$","R","B"],"character_chosen":"IRONCLAD","items_purchased":["Membership Card","HornCleat","FairyPotion","War Paint","ClockworkSouvenir","Pear","DistilledChaos","Body Slam"],"campfire_rested":3,"item_purchase_floors":[14,14,20,39,39,39,39,48],"current_hp_per_floor":[88,83,86,86,86,86,88,87,87,76,77,77,77,77,77,35,88,50,50,50,50,34,60,43,49,49,11,26,67,67,67,67,26,88,88,88,88,88,98,98,93,53,53,46,46,52,93,93,93,0,0],"gold":60,"neow_bonus":"TEN_PERCENT_HP_BONUS","is_daily":false,"chose_seed":false,"campfire_upgraded":3,"win_rate":0.0,"timestamp":1610499863,"path_taken":["M","M","?","$","?","R","M","M","T","?","M","?","?","?","R","BOSS","M","?","$","?","?","R","M","?","T","E","M","R","?","?","R","BOSS","M","?","?","?","?","E","?","M","T","?","?","M","R","$","R","BOSS"],"items_purchased_type":["Relic","Relic","Potion","Relic","Relic","Relic","Potion","Card"],"build_version":"2020-12-22","purchased_purges":4,"victory":false,"max_hp_per_floor":[88,88,88,88,88,88,88,88,88,88,88,88,88,88,88,88,88,88,88,88,88,88,88,88,88,88,88,88,88,88,88,88,88,88,88,88,88,88,98,98,93,93,93,93,93,93,93,93,93,93,93],"card_choices":[{"not_picked":["Hemokinesis","Spot Weakness"],"picked":"Body Slam","floor":1.0},{"not_picked":["Twin Strike","Heavy Blade","Pummel"],"picked":"SKIP","floor":2.0},{"not_picked":["Dark Embrace","Feel No Pain","Cleave"],"picked":"SKIP","floor":3.0},{"not_picked":["Carnage","Disarm","Havoc"],"picked":"SKIP","floor":7.0},{"not_picked":["Spot Weakness","Twin Strike"],"picked":"Armaments","floor":8.0},{"not_picked":["Thunderclap","Flex","Anger"],"picked":"SKIP","floor":11.0},{"not_picked":["Shockwave+1","Entrench","Hemokinesis+1"],"picked":"SKIP","floor":18.0},{"not_picked":["Rampage","Clash","Uppercut"],"picked":"SKIP","floor":24.0},{"not_picked":["Cleave","Rupture"],"picked":"Iron Wave","floor":25.0},{"not_picked":["Rampage+1","Perfected Strike+1"],"picked":"Warcry","floor":27.0},{"not_picked":["Fire Breathing","Iron Wave"],"picked":"Warcry+1","floor":28.0},{"not_picked":[],"picked":"True Grit+1","floor":35.0},{"not_picked":["Perfected Strike+1"],"picked":"SKIP","floor":40.0},{"not_picked":["Inflame+1"],"picked":"SKIP","floor":42.0},{"not_picked":[],"picked":"Iron Wave+1","floor":44.0},{"not_picked":["Anger"],"picked":"SKIP","floor":46.0}],"player_experience":322461,"relics_obtained":[{"floor":9.0,"key":"Toy Ornithopter"},{"floor":12.0,"key":"Pantograph"},{"floor":22.0,"key":"Enchiridion"},{"floor":26.0,"key":"Bottled Lightning"},{"floor":27.0,"key":"Regal Pillow"},{"floor":31.0,"key":"Ornamental Fan"},{"floor":37.0,"key":"Old Coin"},{"floor":38.0,"key":"Ginger"},{"floor":40.0,"key":"Nunchaku"}],"event_choices":[{"damage_healed":0.0,"max_hp_gain":0.0,"max_hp_loss":0.0,"gold_gain":0.0,"event_name":"Living Wall","player_choice":"Grow","floor":5.0,"gold_loss":0.0,"damage_taken":0.0,"cards_upgraded":["Body Slam"]},{"damage_healed":0.0,"max_hp_gain":0.0,"max_hp_loss":0.0,"gold_gain":75.0,"event_name":"World of Goop","player_choice":"Gather Gold","floor":10.0,"gold_loss":0.0,"damage_taken":11.0},{"damage_healed":0.0,"max_hp_gain":0.0,"max_hp_loss":0.0,"gold_gain":175.0,"event_name":"Liars Game","player_choice":"AGREE","floor":13.0,"gold_loss":0.0,"damage_taken":0.0,"cards_obtained":["Doubt"]},{"damage_healed":0.0,"max_hp_gain":0.0,"max_hp_loss":0.0,"gold_gain":0.0,"event_name":"Forgotten Altar","player_choice":"Smashed Altar","floor":19.0,"gold_loss":0.0,"damage_taken":0.0,"cards_obtained":["Decay"]},{"damage_healed":0.0,"max_hp_gain":0.0,"max_hp_loss":0.0,"gold_gain":0.0,"event_name":"Masked Bandits","player_choice":"Paid Fearfully","floor":21.0,"gold_loss":21.0,"damage_taken":0.0},{"damage_healed":0.0,"max_hp_gain":0.0,"max_hp_loss":0.0,"gold_gain":0.0,"event_name":"Cursed Tome","player_choice":"Obtained Book","floor":22.0,"gold_loss":0.0,"damage_taken":16.0},{"damage_healed":0.0,"max_hp_gain":0.0,"max_hp_loss":0.0,"gold_gain":0.0,"event_name":"The Library","player_choice":"Read","floor":30.0,"gold_loss":0.0,"damage_taken":0.0,"cards_obtained":["True Grit"]},{"damage_healed":0.0,"max_hp_gain":0.0,"max_hp_loss":0.0,"gold_gain":0.0,"event_name":"Tomb of Lord Red Mask","player_choice":"Paid","floor":36.0,"gold_loss":195.0,"damage_taken":0.0,"relics_obtained":["Red Mask"]},{"damage_healed":0.0,"max_hp_gain":0.0,"max_hp_loss":0.0,"gold_gain":0.0,"event_name":"Mysterious Sphere","player_choice":"Fight","floor":37.0,"gold_loss":0.0,"damage_taken":0.0},{"damage_healed":0.0,"max_hp_gain":0.0,"max_hp_loss":0.0,"gold_gain":0.0,"event_name":"MindBloom","player_choice":"Fight","floor":38.0,"gold_loss":0.0,"damage_taken":0.0},{"damage_healed":0.0,"max_hp_gain":0.0,"max_hp_loss":5.0,"gold_gain":0.0,"event_name":"Winding Halls","player_choice":"Max HP","floor":41.0,"gold_loss":0.0,"damage_taken":0.0},{"damage_healed":0.0,"max_hp_gain":0.0,"max_hp_loss":0.0,"gold_gain":0.0,"event_name":"The Moai Head","player_choice":"Ignored","floor":45.0,"gold_loss":0.0,"damage_taken":0.0}],"is_beta":false,"boss_relics":[{"not_picked":["Calling Bell","Snecko Eye"],"picked":"Mark of Pain"},{"not_picked":["Velvet Choker","Runic Pyramid"],"picked":"Busted Crown"}],"items_purged_floors":[4,14,20,39],"is_endless":false,"potions_floor_spawned":[2,3,8,16,18,25,28,38,40,44],"killed_by":"Donu and Deca","ascension_level":0}}