{"host":"j4g6ia6asvpyu2b0","time":1610541990,"event":{"mods":["BaseMod","Colored Map","Minty Spire (QoL Compilation)","Permanent Neow","Quick Restart","Relic Stats","StSLib","Unceasing Turn Reminder"],"gold_per_floor":[115,128,128,102,117,151,174,174,200,200,150,194,218,261,261,261,261],"floor_reached":16,"language":"ENG","playtime":318,"items_purged":[],"score":186,"play_id":"2ce42bca-7a4d-4d92-a405-d28380696cc3","local_time":"20210113054630","is_ascension_mode":true,"campfire_choices":[{"data":"Sunder","floor":8,"key":"SMITH"},{"data":"Defragment","floor":15,"key":"SMITH"}],"circlet_count":0,"master_deck":["AscendersBane","Strike_B","Strike_B","Defend_B","Defend_B","Defend_B","Defend_B","Zap","Dualcast","Ball Lightning","Sunder+1","Ball Lightning","Coolheaded","FTL","Glacier","Defragment+1","Compile Driver"],"relics":["Cracked Core","NeowsBlessing","Golden Idol","Centennial Puzzle","Orichalcum","Lantern","Akabeko"],"acts_visited":["Exordium"],"potions_floor_usage":[6],"damage_taken":[{"damage":0,"enemies":"Cultist","floor":1,"turns":1},{"damage":0,"enemies":"Small Slimes","floor":2,"turns":1},{"damage":0,"enemies":"2 Louse","floor":5,"turns":1},{"damage":10,"enemies":"Gremlin Nob","floor":6,"turns":3},{"damage":8,"enemies":"Blue Slaver","floor":7,"turns":2},{"damage":12,"enemies":"Lagavulin","floor":12,"turns":9},{"damage":0,"enemies":"Exordium Wildlife","floor":13,"turns":2},{"damage":8,"enemies":"3 Sentries","floor":14,"turns":6},{"damage":8,"enemies":"Slime Boss","floor":16,"turns":3}],"seed_played":"-5650600799373169027","potions_obtained":[{"floor":2,"key":"GamblersBrew"},{"floor":5,"key":"Strength Potion"},{"floor":13,"key":"LiquidBronze"}],"is_trial":false,"path_per_floor":["M","M","?","$","M","E","M","R","T","?","?","E","M","E","R","B"],"character_chosen":"DEFECT","items_purchased":["Ball Lightning"],"campfire_rested":0,"item_purchase_floors":[4],"current_hp_per_floor":[68,68,50,50,50,40,32,32,32,25,25,13,13,5,5,0,0],"gold":261,"neow_bonus":"THREE_ENEMY_KILL","is_daily":false,"chose_seed":false,"campfire_upgraded":2,"win_rate":0.0,"timestamp":1610541990,"path_taken":["M","?","?","$","M","E","M","R","T","?","?","E","M","E","R","BOSS"],"items_purchased_type":["Card"],"build_version":"2020-12-22","purchased_purges":0,"victory":false,"max_hp_per_floor":[75,75,75,75,75,75,75,75,75,75,75,75,75,75,75,75,75],"relic_stats":{"Centennial Puzzle":[9],"counters":[9,28],"Golden Idol":38,"Orichalcum":[42],"obtain_stats":[{"Centennial Puzzle":6,"Lantern":12,"NeowsBlessing":0,"Golden Idol":3,"Orichalcum":9,"Cracked Core":0,"Akabeko":14},{"Centennial Puzzle":4,"Lantern":6,"NeowsBlessing":0,"Golden Idol":2,"Orichalcum":5,"Cracked Core":0,"Akabeko":8},{"Centennial Puzzle":6,"Lantern":17,"NeowsBlessing":0,"Golden Idol":2,"Orichalcum":8,"Cracked Core":0,"Akabeko":25}]},"card_choices":[{"not_picked":["Leap","Sweeping Beam"],"picked":"Ball Lightning","floor":1},{"not_picked":["Compile Driver","Leap"],"picked":"Sunder","floor":2},{"not_picked":["Steam Power","Stack"],"picked":"Coolheaded","floor":5},{"not_picked":["Chaos","Leap"],"picked":"FTL","floor":6},{"not_picked":["Lockon","Streamline"],"picked":"Glacier","floor":7},{"not_picked":["Coolheaded","Double Energy"],"picked":"Defragment","floor":12},{"not_picked":["Sunder","Blizzard","Beam Cell"],"picked":"SKIP","floor":13},{"not_picked":["Skim","Hologram"],"picked":"Compile Driver","floor":14}],"player_experience":830943,"relics_obtained":[{"floor":6,"key":"Centennial Puzzle"},{"floor":9,"key":"Orichalcum"},{"floor":12,"key":"Lantern"},{"floor":14,"key":"Akabeko"}],"event_choices":[{"damage_healed":0,"gold_gain":0,"player_choice":"Take Damage","damage_taken":18,"relics_obtained":["Golden Idol"],"max_hp_gain":0,"max_hp_loss":0,"event_name":"Golden Idol","floor":3,"gold_loss":0},{"cards_removed":["Strike_B"],"damage_healed":0,"gold_gain":0,"player_choice":"Card Removal","damage_taken":7,"max_hp_gain":0,"max_hp_loss":0,"event_name":"Golden Wing","floor":10,"gold_loss":0},{"cards_removed":["Strike_B"],"damage_healed":0,"gold_gain":0,"player_choice":"Card Removal","damage_taken":0,"max_hp_gain":0,"max_hp_loss":0,"event_name":"The Cleric","floor":11,"gold_loss":50}],"is_beta":false,"boss_relics":[],"items_purged_floors":[],"is_endless":false,"potions_floor_spawned":[2,5,13],"killed_by":"Slime Boss","ascension_level":11}}