{"host":"l4kdldlios54gl54","time":1610503554,"event":{"mods":["AchievementEnabler","BaseMod","Colored Map","Colored Powertips","Minty Spire (QoL Compilation)","Random Character Button"],"gold_per_floor":[116,41,41,41,41,74,74,114,114,155,175,175,175,216,216,216,216],"floor_reached":16,"language":"ENG","playtime":358,"items_purged":["Strike_P"],"score":486,"play_id":"520b6eee-c273-45ab-ad89-636b00a54aae","local_time":"20210113030554","is_ascension_mode":true,"campfire_choices":[{"data":"Vigilance","floor":7,"key":"SMITH"},{"floor":15,"key":"REST"}],"circlet_count":0,"master_deck":["AscendersBane","Strike_P","Strike_P","Strike_P","Defend_P+1","Defend_P","Defend_P","Defend_P","Eruption+1","Vigilance+1","FlurryOfBlows","CarveReality","Crescendo+1"],"relics":["PureWater","NeowsBlessing","Golden Idol","Gambling Chip","Akabeko","Letter Opener","Lantern","TeardropLocket"],"acts_visited":["Exordium"],"potions_floor_usage":[14,16],"damage_taken":[{"damage":0,"enemies":"Small Slimes","floor":1,"turns":1},{"damage":0,"enemies":"Lagavulin","floor":6,"turns":1},{"damage":0,"enemies":"3 Sentries","floor":8,"turns":1},{"damage":20,"enemies":"Lagavulin","floor":10,"turns":7},{"damage":0,"enemies":"Jaw Worm","floor":11,"turns":2},{"damage":0,"enemies":"Gremlin Nob","floor":14,"turns":1}],"seed_played":"676348105605561208","potions_obtained":[{"floor":10,"key":"DuplicationPotion"},{"floor":11,"key":"FearPotion"}],"is_trial":false,"path_per_floor":["M","$","?","$","?","E","R","E","T","E","M","?","?","E","R","B"],"character_chosen":"WATCHER","items_purchased":[],"campfire_rested":1,"item_purchase_floors":[],"current_hp_per_floor":[61,61,41,41,41,41,41,41,41,21,21,21,21,21,39,0,0],"gold":216,"neow_bonus":"THREE_ENEMY_KILL","is_daily":false,"chose_seed":false,"campfire_upgraded":1,"win_rate":0.0,"timestamp":1610503554,"path_taken":["M","$","?","$","?","E","R","E","T","E","M","?","?","E","R","BOSS"],"items_purchased_type":[],"build_version":"2020-12-22","purchased_purges":1,"victory":false,"max_hp_per_floor":[68,68,68,68,62,62,62,62,62,62,62,62,62,62,62,62,62],"card_choices":[{"not_picked":["FollowUp","ThirdEye"],"picked":"FlurryOfBlows","floor":1},{"not_picked":["JustLucky","Weave","ThirdEye"],"picked":"SKIP","floor":6},{"not_picked":["SashWhip","FlurryOfBlows","Swivel"],"picked":"SKIP","floor":8},{"not_picked":["Protect","BowlingBash"],"picked":"CarveReality","floor":10},{"not_picked":["PathToVictory","DeceiveReality"],"picked":"Crescendo","floor":11},{"not_picked":["Indignation","Consecrate","Vengeance"],"picked":"SKIP","floor":14}],"player_experience":855740,"relics_obtained":[{"floor":6,"key":"Gambling Chip"},{"floor":8,"key":"Akabeko"},{"floor":9,"key":"Letter Opener"},{"floor":10,"key":"Lantern"},{"floor":14,"key":"TeardropLocket"}],"event_choices":[{"damage_healed":0,"gold_gain":0,"player_choice":"Entered Light","damage_taken":20,"max_hp_gain":0,"max_hp_loss":0,"event_name":"Shining Light","floor":3,"gold_loss":0,"cards_upgraded":["Eruption","Defend_P"]},{"damage_healed":0,"gold_gain":0,"player_choice":"Lose Max HP","damage_taken":0,"relics_obtained":["Golden Idol"],"max_hp_gain":0,"max_hp_loss":6,"event_name":"Golden Idol","floor":5,"gold_loss":0},{"damage_healed":0,"gold_gain":0,"player_choice":"Fled","damage_taken":0,"max_hp_gain":0,"max_hp_loss":0,"event_name":"Scrap Ooze","floor":12,"gold_loss":0},{"damage_healed":0,"gold_gain":0,"player_choice":"Grow","damage_taken":0,"max_hp_gain":0,"max_hp_loss":0,"event_name":"Living Wall","floor":13,"gold_loss":0,"cards_upgraded":["Crescendo"]}],"is_beta":false,"boss_relics":[],"items_purged_floors":[2],"is_endless":false,"potions_floor_spawned":[10,11],"killed_by":"The Guardian","ascension_level":19}}