{"host":"9n6i2vl93jt4o42q","time":1610533155,"event":{"mods":["BaseMod","Minty Spire (QoL Compilation)","Relic Stats"],"gold_per_floor":[19,19,69,81,101,101,119,144,144,144,160,194,269,0,0,77,77,87,101,101,130,45,45,19,19,19,19,33,64,64,76,76,152,152,169,12,12,22,22,22,51,68,68,68,93,120,120,136,136,136,136,136],"floor_reached":51,"language":"ENG","playtime":3889,"items_purged":["Strike_G","Decay"],"score":1412,"play_id":"389fbdf4-4786-43a3-bf84-393621685729","local_time":"20210113111915","is_ascension_mode":true,"campfire_choices":[{"floor":6.0,"key":"RECALL"},{"floor":10.0,"key":"REST"},{"data":"Footwork","floor":15.0,"key":"SMITH"},{"floor":23.0,"key":"REST"},{"data":"Envenom","floor":25.0,"key":"SMITH"},{"data":"Crippling Poison","floor":27.0,"key":"SMITH"},{"floor":32.0,"key":"REST"},{"data":"Adrenaline","floor":40.0,"key":"SMITH"},{"data":"Accuracy","floor":44.0,"key":"SMITH"},{"data":"Cloak And Dagger","floor":47.0,"key":"SMITH"},{"data":"Footwork","floor":49.0,"key":"SMITH"}],"circlet_count":0,"master_deck":["AscendersBane","Strike_G","Strike_G","Defend_G","Defend_G","Defend_G","Defend_G","Survivor","Neutralize","Apotheosis+1","Slice","Dagger Spray","Endless Agony","Quick Slash","Cloak And Dagger+1","Footwork+1","Escape Plan","Crippling Poison+1","Footwork+1","Deadly Poison","Envenom+1","Heel Hook","Acrobatics","Acrobatics","Adrenaline+1","Dodge and Roll+1","Wraith Form v2","Blade Dance+1","Blade Dance+1","Backflip+1","Accuracy+1","Outmaneuver+1","Flechettes+1","Terror+1"],"relics":["Ring of the Snake","Kunai","Eternal Feather","InkBottle","Empty Cage","Red Mask","Happy Flower","Ninja Scroll","Mercury Hourglass","Toxic Egg 2","WristBlade","Regal Pillow","Prayer Wheel","MealTicket"],"acts_visited":["Exordium","TheCity","TheBeyond"],"potions_floor_usage":[51],"damage_taken":[{"damage":9.0,"enemies":"Jaw Worm","floor":1.0,"turns":6.0},{"damage":4.0,"enemies":"Small Slimes","floor":4.0,"turns":4.0},{"damage":0.0,"enemies":"Cultist","floor":5.0,"turns":4.0},{"damage":6.0,"enemies":"Looter","floor":7.0,"turns":3.0},{"damage":0.0,"enemies":"Gremlin Nob","floor":8.0,"turns":2.0},{"damage":0.0,"enemies":"Large Slime","floor":11.0,"turns":6.0},{"damage":3.0,"enemies":"Lagavulin","floor":12.0,"turns":6.0},{"damage":24.0,"enemies":"Hexaghost","floor":16.0,"turns":11.0},{"damage":3.0,"enemies":"3 Byrds","floor":18.0,"turns":5.0},{"damage":11.0,"enemies":"2 Thieves","floor":19.0,"turns":5.0},{"damage":43.0,"enemies":"Masked Bandits","floor":21.0,"turns":5.0},{"damage":19.0,"enemies":"Snake Plant","floor":28.0,"turns":5.0},{"damage":42.0,"enemies":"Book of Stabbing","floor":29.0,"turns":7.0},{"damage":2.0,"enemies":"Centurion and Healer","floor":31.0,"turns":3.0},{"damage":33.0,"enemies":"Automaton","floor":33.0,"turns":11.0},{"damage":0.0,"enemies":"3 Shapes","floor":35.0,"turns":2.0},{"damage":3.0,"enemies":"3 Darklings","floor":38.0,"turns":3.0},{"damage":14.0,"enemies":"Reptomancer","floor":41.0,"turns":6.0},{"damage":4.0,"enemies":"Jaw Worm Horde","floor":42.0,"turns":3.0},{"damage":16.0,"enemies":"Mind Bloom Boss Battle","floor":45.0,"turns":5.0},{"damage":5.0,"enemies":"Nemesis","floor":46.0,"turns":5.0},{"damage":1.0,"enemies":"Transient","floor":48.0,"turns":6.0},{"damage":46.0,"enemies":"Time Eater","floor":50.0,"turns":12.0},{"damage":41,"enemies":"Awakened One","floor":51,"turns":9}],"seed_played":"-2596348944643469275","potions_obtained":[{"floor":7.0,"key":"FearPotion"},{"floor":8.0,"key":"Strength Potion"},{"floor":21.0,"key":"Fire Potion"},{"floor":28.0,"key":"Regen Potion"},{"floor":33.0,"key":"PowerPotion"},{"floor":35.0,"key":"GhostInAJar"}],"is_trial":false,"path_per_floor":["M","?","?","M","M","R","M","E","T","R","M","E","?","$","R","B",null,"M","M","?","?","?","R","$","R","T","R","M","E","T","M","R","B",null,"M","$","?","M","?","R","E","M","T","R","?","E","R","M","R","B","B"],"character_chosen":"THE_SILENT","items_purchased":["Crippling Poison","Footwork","Deadly Poison","Acrobatics","Blade Dance+1"],"campfire_rested":3,"item_purchase_floors":[14,14,14,24,36],"current_hp_per_floor":[50,50,44,40,40,40,34,34,34,62,62,59,48,48,60,36,59,56,45,45,2,2,36,36,51,51,66,47,5,5,15,49,16,54,54,54,54,51,51,63,49,45,45,63,47,42,60,59,63,17,0,0],"gold":136,"neow_bonus":"RANDOM_COLORLESS_2","is_daily":false,"chose_seed":false,"campfire_upgraded":7,"win_rate":0.0,"timestamp":1610533155,"path_taken":["M","?","?","M","M","R","?","E","T","R","M","E","?","$","R","BOSS","M","M","?","?","?","R","?","R","T","R","M","E","?","M","R","BOSS","M","$","?","M","?","R","E","M","T","R","?","E","R","M","R","BOSS","BOSS"],"items_purchased_type":["Card","Card","Card","Card","Card"],"build_version":"2020-12-22","purchased_purges":2,"victory":false,"max_hp_per_floor":[66,66,66,66,66,66,66,66,66,66,66,66,66,66,66,66,66,66,66,66,66,66,66,66,66,66,66,66,66,66,66,66,66,66,66,66,63,63,63,63,63,63,63,63,63,63,63,63,63,63,63,63],"relic_stats":{"Regal Pillow":0,"Happy Flower":[25],"counters":[24,134],"Eternal Feather":133,"Prayer Wheel":1,"MealTicket":0,"Kunai":[102],"obtain_stats":[{"Regal Pillow":41,"Happy Flower":22,"Eternal Feather":9,"Empty Cage":17,"Mercury Hourglass":29,"WristBlade":34,"Ninja Scroll":26,"Prayer Wheel":45,"MealTicket":46,"Red Mask":21,"Kunai":8,"Toxic Egg 2":30,"InkBottle":12,"Ring of the Snake":0},{"Regal Pillow":18,"Happy Flower":11,"Eternal Feather":5,"Empty Cage":8,"Mercury Hourglass":13,"WristBlade":15,"Ninja Scroll":11,"Prayer Wheel":20,"MealTicket":21,"Red Mask":11,"Kunai":5,"Toxic Egg 2":13,"InkBottle":7,"Ring of the Snake":0},{"Regal Pillow":94,"Happy Flower":57,"Eternal Feather":19,"Empty Cage":42,"Mercury Hourglass":69,"WristBlade":83,"Ninja Scroll":57,"Prayer Wheel":102,"MealTicket":107,"Red Mask":57,"Kunai":19,"Toxic Egg 2":69,"InkBottle":31,"Ring of the Snake":0}],"InkBottle":[67],"Ring of the Snake":[44],"Mercury Hourglass":[236]},"card_choices":[{"not_picked":["Metamorphosis","Mayhem"],"picked":"Apotheosis","floor":0.0},{"not_picked":["Skewer","Reflex"],"picked":"Slice","floor":1.0},{"not_picked":["Blade Dance","PiercingWail"],"picked":"Dagger Spray","floor":4.0},{"not_picked":["Outmaneuver","Deflect"],"picked":"Endless Agony","floor":5.0},{"not_picked":["Tactician","Slice"],"picked":"Quick Slash","floor":7.0},{"not_picked":["Deflect","Doppelganger"],"picked":"Cloak And Dagger","floor":8.0},{"not_picked":["Catalyst","Dodge and Roll"],"picked":"Footwork","floor":11.0},{"not_picked":["Dagger Spray","Reflex"],"picked":"Escape Plan","floor":12.0},{"not_picked":["Night Terror","Storm of Steel"],"picked":"Envenom","floor":16.0},{"not_picked":["Escape Plan","Tactician","Slice"],"picked":"SKIP","floor":18.0},{"not_picked":["Accuracy","Eviscerate"],"picked":"Heel Hook","floor":19.0},{"not_picked":["PiercingWail","Outmaneuver"],"picked":"Acrobatics","floor":21.0},{"not_picked":["Riddle With Holes","Deadly Poison","Sucker Punch"],"picked":"SKIP","floor":28.0},{"not_picked":["Underhanded Strike","Masterful Stab"],"picked":"Adrenaline","floor":29.0},{"not_picked":["Skewer+1","Riddle With Holes"],"picked":"Dodge and Roll+1","floor":31.0},{"not_picked":["Phantasmal Killer+1","Tools of the Trade"],"picked":"Wraith Form v2","floor":33.0},{"not_picked":["PiercingWail+1","Quick Slash"],"picked":"Blade Dance+1","floor":35.0},{"not_picked":["Sucker Punch+1","Prepared+1"],"picked":"Backflip+1","floor":38.0},{"not_picked":["Flying Knee","Bouncing Flask+1"],"picked":"Accuracy","floor":41.0},{"not_picked":["Backstab","Noxious Fumes"],"picked":"Outmaneuver+1","floor":42.0},{"not_picked":["Envenom","All Out Attack"],"picked":"Flechettes+1","floor":46.0},{"not_picked":["Quick Slash","Choke"],"picked":"Terror+1","floor":48.0},{"not_picked":["Bane","Eviscerate","Poisoned Stab+1"],"picked":"SKIP","floor":48.0}],"player_experience":2054605,"relics_obtained":[{"floor":8.0,"key":"Kunai"},{"floor":9.0,"key":"Eternal Feather"},{"floor":12.0,"key":"InkBottle"},{"floor":21.0,"key":"Red Mask"},{"floor":26.0,"key":"Ninja Scroll"},{"floor":29.0,"key":"Mercury Hourglass"},{"floor":30.0,"key":"Toxic Egg 2"},{"floor":41.0,"key":"Regal Pillow"},{"floor":45.0,"key":"Prayer Wheel"},{"floor":46.0,"key":"MealTicket"}],"event_choices":[{"damage_healed":0.0,"max_hp_gain":0.0,"max_hp_loss":0.0,"gold_gain":0.0,"event_name":"Living Wall","player_choice":"Grow","floor":2.0,"gold_loss":0.0,"damage_taken":0.0,"cards_upgraded":["Apotheosis"]},{"damage_healed":0.0,"max_hp_gain":0.0,"max_hp_loss":0.0,"gold_gain":50.0,"event_name":"FaceTrader","player_choice":"Touch","floor":3.0,"gold_loss":0.0,"damage_taken":6.0},{"damage_healed":0.0,"max_hp_gain":0.0,"max_hp_loss":0.0,"gold_gain":75.0,"event_name":"World of Goop","player_choice":"Gather Gold","floor":13.0,"gold_loss":0.0,"damage_taken":11.0},{"damage_healed":0.0,"max_hp_gain":0.0,"max_hp_loss":0.0,"gold_gain":0.0,"event_name":"Forgotten Altar","player_choice":"Smashed Altar","floor":20.0,"gold_loss":0.0,"damage_taken":0.0,"cards_obtained":["Decay"]},{"damage_healed":0.0,"max_hp_gain":0.0,"max_hp_loss":0.0,"gold_gain":0.0,"event_name":"Masked Bandits","player_choice":"Fought Bandits","floor":21.0,"gold_loss":0.0,"damage_taken":0.0},{"damage_healed":0.0,"max_hp_gain":0.0,"max_hp_loss":0.0,"gold_gain":0.0,"event_name":"Addict","player_choice":"Obtained Relic","floor":22.0,"gold_loss":85.0,"damage_taken":0.0,"relics_obtained":["Happy Flower"]},{"damage_healed":0.0,"max_hp_gain":0.0,"max_hp_loss":3.0,"gold_gain":0.0,"event_name":"Winding Halls","player_choice":"Max HP","floor":37.0,"gold_loss":0.0,"damage_taken":0.0},{"cards_removed":["Strike_G"],"damage_healed":0.0,"max_hp_gain":0.0,"max_hp_loss":0.0,"gold_gain":0.0,"event_name":"Falling","player_choice":"Removed Attack","floor":39.0,"gold_loss":0.0,"damage_taken":0.0},{"damage_healed":0.0,"max_hp_gain":0.0,"max_hp_loss":0.0,"gold_gain":0.0,"event_name":"MindBloom","player_choice":"Fight","floor":45.0,"gold_loss":0.0,"damage_taken":0.0}],"is_beta":false,"boss_relics":[{"not_picked":["Runic Pyramid","Runic Dome"],"picked":"Empty Cage"},{"not_picked":["SacredBark","Philosopher\u0027s Stone"],"picked":"WristBlade"}],"items_purged_floors":[14,36],"is_endless":false,"potions_floor_spawned":[7,8,21,28,33,35,42,46,48],"killed_by":"Awakened One","ascension_level":20}}