{"host":"00f1p9ihhzi7hxfk","time":1610549510,"event":{"mods":["BaseMod","Colored Map","Colored Powertips","Minty Spire (QoL Compilation)","Rare Cards Sparkle","Relic Stats"],"gold_per_floor":[217,217,231,247,261,261,274,274,300,70,86,98,98,112,112,212,212,202,202,202],"floor_reached":19,"language":"DEU","playtime":793,"items_purged":[],"score":163,"play_id":"bed8f8c8-ad2a-4802-ab3c-be4275e17c92","local_time":"20210113155150","is_ascension_mode":false,"campfire_choices":[{"floor":6,"key":"REST"},{"floor":8,"key":"REST"},{"floor":13,"key":"REST"},{"floor":15,"key":"REST"}],"circlet_count":0,"master_deck":["Strike_R","Strike_R","Strike_R","Strike_R","Strike_R","Defend_R","Defend_R","Defend_R","Defend_R","Bash+1","Headbutt","Iron Wave","Heavy Blade","Pommel Strike","Battle Trance","The Bomb","Carnage","Armaments","Dual Wield","Juggernaut","Sever Soul"],"relics":["Black Blood","Juzu Bracelet"],"acts_visited":["Exordium","TheCity"],"potions_floor_usage":[],"damage_taken":[{"damage":6,"enemies":"Jaw Worm","floor":1,"turns":3},{"damage":6,"enemies":"Cultist","floor":3,"turns":3},{"damage":4,"enemies":"2 Louse","floor":4,"turns":3},{"damage":14,"enemies":"Exordium Wildlife","floor":5,"turns":4},{"damage":10,"enemies":"Looter","floor":7,"turns":3},{"damage":8,"enemies":"Large Slime","floor":11,"turns":5},{"damage":21,"enemies":"Lots of Slimes","floor":12,"turns":3},{"damage":19,"enemies":"Blue Slaver","floor":14,"turns":3},{"damage":35,"enemies":"Slime Boss","floor":16,"turns":7},{"damage":27,"enemies":"2 Thieves","floor":18,"turns":5},{"damage":65,"enemies":"3 Byrds","floor":19,"turns":5}],"seed_played":"6778173867790746701","potions_obtained":[{"floor":1,"key":"Block Potion"},{"floor":4,"key":"LiquidMemories"},{"floor":7,"key":"ElixirPotion"}],"is_trial":false,"path_per_floor":["M","?","M","M","M","R","M","R","T","$","M","M","R","M","R","B",null,"M","M"],"character_chosen":"IRONCLAD","items_purchased":["The Bomb","Block Potion"],"campfire_rested":4,"item_purchase_floors":[10,10],"current_hp_per_floor":[80,80,80,80,72,80,76,80,80,80,78,63,80,67,80,51,80,65,0,0],"gold":202,"neow_bonus":"HUNDRED_GOLD","is_daily":false,"chose_seed":false,"campfire_upgraded":0,"win_rate":0.0,"timestamp":1610549510,"path_taken":["M","?","M","M","M","R","?","R","T","$","M","M","R","M","R","BOSS","M","M"],"items_purchased_type":["Card","Potion"],"build_version":"2020-12-22","purchased_purges":0,"victory":false,"max_hp_per_floor":[80,80,80,80,80,80,80,80,80,80,80,80,80,80,80,80,80,80,80,80],"relic_stats":{"counters":[11,44],"Black Blood":64,"Juzu Bracelet":0,"obtain_stats":[{"Black Blood":17,"Juzu Bracelet":9,"Burning Blood":0},{"Black Blood":9,"Juzu Bracelet":5,"Burning Blood":0},{"Black Blood":34,"Juzu Bracelet":16,"Burning Blood":0}]},"card_choices":[{"not_picked":["Power Through","Havoc"],"picked":"Headbutt","floor":1},{"not_picked":["Evolve","True Grit"],"picked":"Iron Wave","floor":3},{"not_picked":["Wild Strike","Havoc"],"picked":"Heavy Blade","floor":4},{"not_picked":["Second Wind","Evolve"],"picked":"Pommel Strike","floor":5},{"not_picked":["Havoc","Disarm"],"picked":"Battle Trance","floor":7},{"not_picked":["Wild Strike","Rupture"],"picked":"Carnage","floor":11},{"not_picked":["Wild Strike","Havoc"],"picked":"Armaments","floor":12},{"not_picked":["Cleave","Feel No Pain"],"picked":"Dual Wield","floor":14},{"not_picked":["Offering","Feed"],"picked":"Juggernaut","floor":16},{"not_picked":["Uppercut","Havoc"],"picked":"Sever Soul","floor":18}],"player_experience":57173,"relics_obtained":[{"floor":9,"key":"Juzu Bracelet"}],"event_choices":[{"damage_healed":0,"gold_gain":0,"player_choice":"Upgraded","damage_taken":0,"max_hp_gain":0,"max_hp_loss":0,"event_name":"Upgrade Shrine","floor":2,"gold_loss":0,"cards_upgraded":["Bash"]}],"is_beta":false,"boss_relics":[{"not_picked":["Sozu","Philosopher\u0027s Stone"],"picked":"Black Blood"}],"items_purged_floors":[],"is_endless":false,"potions_floor_spawned":[1,4,7,16,18],"killed_by":"3 Byrds","ascension_level":0}}