{"host":"sh8ot41fo7a0kahq","time":1610539100,"event":{"mods":["ATMod(°¢èªMod)","BaseMod","Better Third Choice","Colored Powertips","Displayed Cursed Tome","Minty Spire (QoL Compilation)","Quick Restart","Spicy Shops","StSLib","UnlockEverythingMod","¡¾ÒÅÎï¿¨ÅÆ¡¿REMEMod"],"gold_per_floor":[117,130,141,67,87,114,134,134,134,165,45,72,91,56,56,154,154,171,190,190,190,203,203,217,237,263,290,290,113,130,80,80,177,177,192,205,205,2,17,17,44,58,82,82,114,129,143,156,156,156,156,156,28,57,57],"floor_reached":56,"language":"ZHS","playtime":1907,"items_purged":["Strike_B","Pain","Strike_B","Defend_B"],"score":1823,"play_id":"aeba30ec-c41c-4e6d-b3b6-7afc9e3e946e","local_time":"20210113195820","is_ascension_mode":true,"campfire_choices":[{"data":"AT_EmpoweredMortalDraw","floor":8.0,"key":"SMITH"},{"floor":15.0,"key":"DIG"},{"floor":23.0,"key":"DIG"},{"floor":28.0,"key":"DIG"},{"data":"Turbo","floor":32.0,"key":"SMITH"},{"data":"Reprogram","floor":40,"key":"SMITH"},{"floor":44,"key":"RECALL"},{"floor":49,"key":"REST"},{"floor":52,"key":"DIG"}],"circlet_count":0,"master_deck":["Defend_B","Defend_B","Defend_B","Zap","Dualcast","AT_EmpoweredMortalDraw+1","REME_FirmDetermination","Cold Snap+1","Coolheaded","Ball Lightning+1","AT_ThunderBolt","Turbo+1","Defragment","Creative AI","Ball Lightning+1","AT_DarkMatter+1","AT_EMC2","Reboot","AT_StudyProgram+1","Reprogram+1","Defragment","AT_HeatAcrobatics+1","Defragment"],"relics":["Cracked Core","AT_ATBox","REME_ComplimentaryCards","NeowsBlessing","AT_RedTearstoneRing","Symbiotic Virus","Cables","Smiling Mask","Shovel","Bag of Preparation","Empty Cage","WarpedTongs","AT_ImmortalShieldbow","AT_ArcaneBoots","REME_PuzzleBoxRelic","AT_BellowingDragoncrestRing","Inserter","Girya","Oddly Smooth Stone","Nunchaku","Mummified Hand","AT_GuinsooRageblade","Whetstone"],"acts_visited":["Exordium","TheCity","TheBeyond","TheEnding"],"potions_floor_usage":[42,42,55],"damage_taken":[{"damage":0.0,"enemies":"2 Louse","floor":1.0,"turns":1.0},{"damage":0.0,"enemies":"Small Slimes","floor":2.0,"turns":1.0},{"damage":0.0,"enemies":"Cultist","floor":3.0,"turns":1.0},{"damage":12.0,"enemies":"Exordium Wildlife","floor":5.0,"turns":3.0},{"damage":26.0,"enemies":"3 Sentries","floor":6.0,"turns":4.0},{"damage":6.0,"enemies":"Large Slime","floor":7.0,"turns":4.0},{"damage":18.0,"enemies":"Lagavulin","floor":10.0,"turns":5.0},{"damage":8.0,"enemies":"Gremlin Nob","floor":12.0,"turns":3.0},{"damage":7.0,"enemies":"Gremlin Gang","floor":13.0,"turns":3.0},{"damage":26.0,"enemies":"Hexaghost","floor":16.0,"turns":5.0},{"damage":0.0,"enemies":"2 Thieves","floor":18.0,"turns":1.0},{"damage":6.0,"enemies":"Chosen","floor":19.0,"turns":3.0},{"damage":15.0,"enemies":"Centurion and Healer","floor":22.0,"turns":2.0},{"damage":8.0,"enemies":"Cultist and Chosen","floor":24.0,"turns":4.0},{"damage":16.0,"enemies":"Snecko","floor":25.0,"turns":3.0},{"damage":26.0,"enemies":"Book of Stabbing","floor":27.0,"turns":4.0},{"damage":7.0,"enemies":"Centurion and Healer","floor":30.0,"turns":2.0},{"damage":0.0,"enemies":"Collector","floor":33.0,"turns":5.0},{"damage":0.0,"enemies":"3 Shapes","floor":35.0,"turns":4.0},{"damage":2.0,"enemies":"Orb Walker","floor":36.0,"turns":4.0},{"damage":0.0,"enemies":"4 Shapes","floor":39.0,"turns":2.0},{"damage":0,"enemies":"Giant Head","floor":41,"turns":3},{"damage":16,"enemies":"Jaw Worm Horde","floor":42,"turns":4},{"damage":0,"enemies":"Reptomancer","floor":45,"turns":6},{"damage":27,"enemies":"Transient","floor":46,"turns":5},{"damage":0,"enemies":"Spire Growth","floor":47,"turns":3},{"damage":0,"enemies":"Maw","floor":48,"turns":2},{"damage":10,"enemies":"Time Eater","floor":50,"turns":9},{"damage":0,"enemies":"Shield and Spear","floor":54,"turns":2},{"damage":7,"enemies":"The Heart","floor":55,"turns":3}],"seed_played":"5985366588852199875","potions_obtained":[{"floor":1.0,"key":"Block Potion"},{"floor":2.0,"key":"FairyPotion"},{"floor":6.0,"key":"Block Potion"},{"floor":10.0,"key":"PowerPotion"},{"floor":12.0,"key":"FairyPotion"},{"floor":24.0,"key":"Fire Potion"},{"floor":25.0,"key":"Swift Potion"},{"floor":30.0,"key":"EntropicBrew"},{"floor":36.0,"key":"DuplicationPotion"},{"floor":42,"key":"GamblersBrew"},{"floor":54,"key":"DuplicationPotion"}],"is_trial":false,"path_per_floor":["M","M","M","$","M","E","M","R","T","E","$","E","M","?","R","B",null,"M","M","?","?","M","R","M","M","T","E","R","$","M","$","R","B",null,"M","M","?","$","M","R","E","M","T","R","E","M","M","M","R","B",null,"R","$","E","B",null],"character_chosen":"DEFECT","items_purchased":["AT_RedTearstoneRing","Defragment","AT_BellowingDragoncrestRing","Reprogram","Defragment","AT_GuinsooRageblade"],"campfire_rested":1,"item_purchase_floors":[4,11,29,38,38,53],"current_hp_per_floor":[68,68,68,68,56,30,24,24,24,6,6,22,15,33,33,7,58,58,52,52,52,37,37,29,20,20,29,29,29,22,22,22,26,63,63,61,61,61,61,61,61,45,45,45,45,18,18,18,40,30,64,64,64,64,57],"gold":57,"neow_bonus":"THREE_ENEMY_KILL","is_daily":false,"chose_seed":false,"campfire_upgraded":3,"win_rate":0.0,"timestamp":1610539100,"path_taken":["M","M","M","$","M","E","M","R","T","E","$","E","M","?","R","BOSS","M","M","?","?","?","R","M","M","T","E","R","$","M","?","R","BOSS","M","M","?","$","M","R","E","?","T","R","E","M","M","M","R","BOSS","R","$","E","BOSS"],"items_purchased_type":["Relic","Card","Relic","Card","Card","Relic"],"build_version":"2020-12-22","purchased_purges":4,"victory":true,"max_hp_per_floor":[75,75,75,75,75,75,75,75,75,75,75,75,75,75,75,75,75,75,75,75,75,75,75,75,75,75,75,75,75,75,75,75,75,75,75,75,75,75,75,75,75,75,75,75,75,75,75,75,75,75,75,75,75,75,75],"card_choices":[{"not_picked":["Gash","Conserve Battery"],"picked":"Cold Snap","floor":1.0},{"not_picked":["Streamline","Steam Power"],"picked":"Coolheaded","floor":2.0},{"not_picked":["Blizzard","Steam"],"picked":"Ball Lightning","floor":3.0},{"not_picked":["Gash","BootSequence"],"picked":"AT_ThunderBolt","floor":5.0},{"not_picked":["Sweeping Beam","Leap","Reinforced Body"],"picked":"SKIP","floor":6.0},{"not_picked":["Cold Snap","Redo","Melter"],"picked":"SKIP","floor":7.0},{"not_picked":["REME_SelfUpgrade","Creative AI"],"picked":"Turbo","floor":10.0},{"not_picked":["Rebound","Gash","Reprogram"],"picked":"SKIP","floor":12.0},{"not_picked":["Leap","Genetic Algorithm","Sweeping Beam"],"picked":"SKIP","floor":13.0},{"not_picked":["Hyperbeam","Amplify"],"picked":"Creative AI","floor":16.0},{"not_picked":["Hologram","Leap+1"],"picked":"Ball Lightning+1","floor":18.0},{"not_picked":["Cold Snap+1","AT_WarpDrive","Conserve Battery"],"picked":"SKIP","floor":19.0},{"not_picked":["Genetic Algorithm+1","Aggregate","Loop"],"picked":"SKIP","floor":22.0},{"not_picked":["Loop","Redo","Go for the Eyes"],"picked":"SKIP","floor":24.0},{"not_picked":["Conserve Battery","Consume","AT_HeatAcrobatics"],"picked":"SKIP","floor":25.0},{"not_picked":["Cold Snap+1","Self Repair"],"picked":"AT_DarkMatter+1","floor":27.0},{"not_picked":["Chaos","Redo"],"picked":"AT_EMC2","floor":30.0},{"not_picked":["Multi-Cast","Amplify"],"picked":"Reboot","floor":33.0},{"not_picked":["Lockon","Storm+1","AT_HeatAcrobatics+1"],"picked":"SKIP","floor":35.0},{"not_picked":["Beam Cell","Chill"],"picked":"AT_StudyProgram+1","floor":36.0},{"not_picked":["Rebound+1","Consume+1","AT_ThunderBolt"],"picked":"SKIP","floor":39.0},{"not_picked":["Compile Driver","Barrage+1","Hologram"],"picked":"SKIP","floor":41},{"not_picked":["Force Field","AT_WarpDrive","Consume+1"],"picked":"SKIP","floor":42},{"not_picked":["Compile Driver","BootSequence+1","Hologram+1"],"picked":"SKIP","floor":45},{"not_picked":["Coolheaded","AT_HeatAcrobatics+1","Storm"],"picked":"SKIP","floor":46},{"not_picked":["Coolheaded","Storm"],"picked":"AT_HeatAcrobatics+1","floor":46},{"not_picked":["Chaos+1","Rebound","Hello World+1"],"picked":"SKIP","floor":47},{"not_picked":["Static Discharge","REME_Whirling","Barrage+1"],"picked":"SKIP","floor":48},{"not_picked":["Redo","Force Field"],"picked":"Defragment","floor":54}],"player_experience":323760,"relics_obtained":[{"floor":6.0,"key":"Symbiotic Virus"},{"floor":9.0,"key":"Cables"},{"floor":10.0,"key":"Smiling Mask"},{"floor":12.0,"key":"Shovel"},{"floor":15.0,"key":"Bag of Preparation"},{"floor":23.0,"key":"AT_ImmortalShieldbow"},{"floor":27.0,"key":"AT_SpeedBoots"},{"floor":28.0,"key":"REME_PuzzleBoxRelic"},{"floor":41,"key":"Girya"},{"floor":43,"key":"Oddly Smooth Stone"},{"floor":45,"key":"Nunchaku"},{"floor":52,"key":"Mummified Hand"},{"floor":54,"key":"Whetstone"}],"event_choices":[{"damage_healed":18.0,"max_hp_gain":0.0,"max_hp_loss":0.0,"gold_gain":0.0,"event_name":"The Cleric","player_choice":"Healed","floor":14.0,"gold_loss":35.0,"damage_taken":0.0},{"damage_healed":0.0,"max_hp_gain":0.0,"max_hp_loss":0.0,"gold_gain":0.0,"event_name":"Vampires","player_choice":"Ignored","floor":20.0,"gold_loss":0.0,"damage_taken":0.0},{"damage_healed":0.0,"max_hp_gain":0.0,"max_hp_loss":0.0,"gold_gain":0.0,"event_name":"Accursed Blacksmith","player_choice":"Rummage","floor":21.0,"gold_loss":0.0,"damage_taken":0.0,"relics_obtained":["WarpedTongs"],"cards_obtained":["Pain"]},{"damage_healed":0.0,"max_hp_gain":0.0,"max_hp_loss":0.0,"gold_gain":0.0,"event_name":"Match and Keep!","player_choice":"0 cards matched","floor":37.0,"gold_loss":0.0,"damage_taken":0.0,"cards_obtained":[]}],"is_beta":false,"boss_relics":[{"not_picked":["Velvet Choker","Ectoplasm"],"picked":"Empty Cage"},{"not_picked":["REME_DemonsWealth","Snecko Eye"],"picked":"Inserter"}],"items_purged_floors":[11,29,31,38],"is_endless":false,"potions_floor_spawned":[1,2,6,10,12,24,25,30,36,39,42,46,47,54],"ascension_level":7}}