{"host":"uceopoba4zvqsgiy","time":1610559078,"event":{"mods":["Act Like it!","BaseMod","Better Skull","Better Third Choice","Elementarium","Evolution","GifTheSpireLib","Hermit","Humility","Infinite Spire","Jorbs\u0027s Wanderer Trilogy","Marked Mod","Minty Spire (QoL Compilation)","Potionbrewer","Replay The Spire","Robot Space Explorer","Shade Mod","Spicy Shops","StSLib","Stuff the Spire","The Blue Laboratory","The Caster","The Cursed","The Dragon Tamer","The Hierophant","The Judge","The Jungle","Wandering Minibosses"],"gold_per_floor":[118,129,129,129,145,145,145],"floor_reached":6,"language":"ENG","playtime":531,"items_purged":[],"score":47,"play_id":"813639c4-e850-4d17-a416-78b1821c0669","local_time":"20210114040118","is_ascension_mode":true,"campfire_choices":[],"circlet_count":0,"master_deck":["Bane","Strike_G","Strike_G","Strike_G","Strike_G","Defend_G","Defend_G","Defend_G","Defend_G","Defend_G","Survivor","Neutralize","Catalyst","StuffTheSpire:Injection","StuffTheSpire:CuriosityCurse","Amnesia","Deadly Poison"],"relics":["EVO:Axolotl","WristBlade","Gremlin Horn","Ring of Misfortune","ReplayTheSpireMod:Ring of Exchange"],"acts_visited":["Exordium"],"potions_floor_usage":[],"damage_taken":[{"damage":5,"enemies":"Small Slimes","floor":1,"turns":3},{"damage":3,"enemies":"2 Louse","floor":2,"turns":3},{"damage":7,"enemies":"Jaw Worm","floor":5,"turns":5},{"damage":52,"enemies":"3 Sentries","floor":6,"turns":5}],"seed_played":"5437549450346489690","potions_obtained":[{"floor":1,"key":"SpeedPotion"},{"floor":5,"key":"blueLaboratory:ArtificerPotion"}],"is_trial":false,"path_per_floor":["M","M","?","?","M","E"],"character_chosen":"THE_SILENT","items_purchased":[],"campfire_rested":0,"item_purchase_floors":[],"current_hp_per_floor":[58,55,55,55,48,0,0],"gold":145,"neow_bonus":"BOSS_RELIC","is_daily":false,"chose_seed":false,"campfire_upgraded":0,"win_rate":0.0,"timestamp":1610559078,"path_taken":["M","M","?","?","M","E"],"items_purchased_type":[],"build_version":"2020-12-22","purchased_purges":0,"victory":false,"max_hp_per_floor":[70,70,70,70,70,70,70],"card_choices":[{"not_picked":["Sucker Punch","StuffTheSpire:Fury"],"picked":"Catalyst","floor":1},{"not_picked":["Hidden Blade","Predator"],"picked":"StuffTheSpire:Injection","floor":2},{"not_picked":["StuffTheSpire:Python","Outmaneuver"],"picked":"Deadly Poison","floor":5}],"player_experience":1671903,"relics_obtained":[{"floor":4,"key":"Ring of Misfortune"},{"floor":4,"key":"ReplayTheSpireMod:Ring of Exchange"}],"event_choices":[],"is_beta":false,"boss_relics":[],"items_purged_floors":[],"is_endless":false,"potions_floor_spawned":[1,5],"killed_by":"3 Sentries","ascension_level":6}}