{"host":"sav7uxregyirlf69","time":1610557092,"event":{"mods":["AchievementEnabler","BaseMod","Colored Map","DeckTracker","Keyboard Shortcuts","Minty Spire (QoL Compilation)","READ ME - Guardian Mod","StSLib","SuperFastMode"],"gold_per_floor":[109,109,127,143,154,171,41,73,147,147,159,191,203,217,217,288,288,308,308,208,258,258,258,258,258,258],"floor_reached":25,"language":"KOR","playtime":592,"items_purged":["Strike_B","Strike_B"],"score":430,"play_id":"4de6d2f8-b09e-4984-9c0e-f35d66ddc876","local_time":"20210114015812","is_ascension_mode":true,"campfire_choices":[{"data":"Defragment","floor":10,"key":"SMITH"},{"data":"White Noise","floor":15,"key":"SMITH"},{"data":"Strike_B","floor":23,"key":"PURGE"}],"circlet_count":0,"master_deck":["AscendersBane","Strike_B","Defend_B","Defend_B","Defend_B+1","Defend_B","Zap+1","Dualcast","Cold Snap","Compile Driver","Self Repair","Rebound","Defragment+1","Sweeping Beam","Genetic Algorithm","White Noise+1","Leap","Glacier","Biased Cognition","Blizzard+1"],"relics":["Cracked Core","War Paint","Question Card","Peace Pipe","Busted Crown"],"acts_visited":["Exordium","TheCity"],"potions_floor_usage":[8,12,16,24],"damage_taken":[{"damage":7,"enemies":"2 Louse","floor":1,"turns":3},{"damage":4,"enemies":"Cultist","floor":3,"turns":4},{"damage":5,"enemies":"Small Slimes","floor":4,"turns":2},{"damage":10,"enemies":"Looter","floor":5,"turns":3},{"damage":2,"enemies":"3 Louse","floor":6,"turns":4},{"damage":16,"enemies":"Lagavulin","floor":8,"turns":8},{"damage":19,"enemies":"Gremlin Gang","floor":11,"turns":4},{"damage":11,"enemies":"3 Sentries","floor":12,"turns":7},{"damage":12,"enemies":"2 Fungi Beasts","floor":13,"turns":3},{"damage":13,"enemies":"Blue Slaver","floor":14,"turns":4},{"damage":32,"enemies":"The Guardian","floor":16,"turns":15},{"damage":21,"enemies":"Shell Parasite","floor":18,"turns":5},{"damage":0,"enemies":"2 Thieves","floor":24,"turns":1},{"damage":71,"enemies":"Slavers","floor":25,"turns":4}],"seed_played":"-6538881583753158438","potions_obtained":[{"floor":3,"key":"BlessingOfTheForge"},{"floor":4,"key":"GamblersBrew"},{"floor":6,"key":"Dexterity Potion"},{"floor":14,"key":"EssenceOfSteel"},{"floor":16,"key":"SmokeBomb"}],"is_trial":false,"path_per_floor":["M","?","M","M","M","M","$","E","T","R","M","E","M","M","R","B",null,"M","?","$","?","?","R","M","E"],"character_chosen":"DEFECT","items_purchased":["Sweeping Beam"],"campfire_rested":0,"item_purchase_floors":[7],"current_hp_per_floor":[39,81,77,72,69,74,74,68,68,68,56,52,47,41,41,16,65,51,51,51,51,51,51,58,0,0],"gold":258,"neow_bonus":"THREE_RARE_CARDS","is_daily":false,"chose_seed":false,"campfire_upgraded":2,"win_rate":0.0,"timestamp":1610557092,"path_taken":["M","?","?","M","M","M","$","E","T","R","M","E","M","M","R","BOSS","M","?","$","?","?","R","M","E"],"items_purchased_type":["Card"],"build_version":"2020-12-22","purchased_purges":2,"victory":false,"max_hp_per_floor":[71,81,81,81,81,81,81,81,81,81,81,81,81,81,81,81,81,81,81,81,81,81,81,81,81,81],"card_choices":[{"not_picked":["Machine Learning","Fission"],"picked":"Biased Cognition","floor":0},{"not_picked":["Go for the Eyes","Steam Power"],"picked":"Cold Snap","floor":1},{"not_picked":["Consume","Barrage"],"picked":"Compile Driver","floor":3},{"not_picked":["White Noise","Hologram"],"picked":"Self Repair","floor":4},{"not_picked":["Steam Power","Coolheaded"],"picked":"Rebound","floor":5},{"not_picked":["Consume","Hologram"],"picked":"Defragment","floor":6},{"not_picked":["Scrape","Coolheaded","Barrage"],"picked":"SKIP","floor":8},{"not_picked":["Force Field","Stack","All For One"],"picked":"Genetic Algorithm","floor":11},{"not_picked":["Beam Cell","Stack","Heatsinks"],"picked":"White Noise","floor":12},{"not_picked":["Go for the Eyes","Sweeping Beam","Streamline"],"picked":"Leap","floor":13},{"not_picked":["Leap","Redo","Coolheaded"],"picked":"Glacier","floor":14},{"not_picked":["Rainbow","Machine Learning","Fission"],"picked":"Biased Cognition","floor":16},{"not_picked":["Storm+1"],"picked":"Blizzard","floor":18}],"player_experience":1277855,"relics_obtained":[{"floor":8,"key":"War Paint"},{"floor":9,"key":"Question Card"},{"floor":12,"key":"Peace Pipe"}],"event_choices":[{"cards_removed":["Biased Cognition"],"damage_healed":32,"gold_gain":0,"player_choice":"Offered Rare","damage_taken":0,"max_hp_gain":10,"max_hp_loss":0,"event_name":"Bonfire Elementals","floor":2,"gold_loss":0},{"damage_healed":0,"gold_gain":0,"player_choice":"Ignored","damage_taken":0,"max_hp_gain":0,"max_hp_loss":0,"event_name":"Cursed Tome","floor":19,"gold_loss":0},{"damage_healed":0,"gold_gain":50,"player_choice":"Stole From Cult","damage_taken":0,"max_hp_gain":0,"max_hp_loss":0,"event_name":"Nest","floor":21,"gold_loss":0},{"damage_healed":0,"gold_gain":0,"player_choice":"Forge","damage_taken":0,"max_hp_gain":0,"max_hp_loss":0,"event_name":"Accursed Blacksmith","floor":22,"gold_loss":0,"cards_upgraded":["Blizzard"]}],"is_beta":false,"boss_relics":[{"not_picked":["SlaversCollar","Empty Cage"],"picked":"Busted Crown"}],"items_purged_floors":[7,20],"is_endless":false,"potions_floor_spawned":[3,4,6,14,16,24],"killed_by":"Slavers","ascension_level":20}}