{"host":"qwv9nni2x0umspiu","time":1610505051,"event":{"mods":["BaseMod","Downfall","Minty Spire (QoL Compilation)","Replay The Spire","StSLib","The Hierophant","Wandering Minibosses"],"gold_per_floor":[110,130,205,71,71,71,134,114,114],"floor_reached":8,"language":"ENG","playtime":159,"items_purged":[],"score":92,"play_id":"b0d25c95-3a9b-459b-b3d9-495f251d2d44","local_time":"20210112183051","is_ascension_mode":true,"campfire_choices":[{"data":"hierophant:ChurchCoffers","floor":6,"key":"SMITH"}],"circlet_count":0,"master_deck":["AscendersBane","hierophant:Strike_Hierophant","hierophant:Strike_Hierophant","hierophant:Strike_Hierophant","hierophant:Strike_Hierophant","hierophant:Punish","hierophant:Defend_Hierophant","hierophant:Defend_Hierophant","hierophant:Defend_Hierophant","hierophant:ChurchCoffers+1","hierophant:Shelter","hierophant:BulkyChest","hierophant:Smite","hierophant:Sermon"],"relics":["hierophant:PropheticMaskRelic","NeowsBlessing"],"acts_visited":["Exordium"],"potions_floor_usage":[],"damage_taken":[{"damage":0,"enemies":"Cultist","floor":1,"turns":1},{"damage":0,"enemies":"Small Slimes","floor":2,"turns":1},{"damage":0,"enemies":"2 Louse","floor":7,"turns":1},{"damage":50,"enemies":"Lagavulin","floor":8,"turns":6}],"seed_played":"-4940800429008342523","potions_obtained":[],"is_trial":false,"path_per_floor":["M","M","?","$","?","R","M","E"],"character_chosen":"HIEROPHANT","items_purchased":["hierophant:BulkyChest","hierophant:Smite"],"campfire_rested":0,"item_purchase_floors":[4,4],"current_hp_per_floor":[68,68,57,57,57,57,57,7,7],"gold":114,"neow_bonus":"THREE_ENEMY_KILL","is_daily":false,"chose_seed":false,"campfire_upgraded":1,"win_rate":0.0,"timestamp":1610505051,"path_taken":["M","?","?","$","?","R","?","E"],"items_purchased_type":["Card","Card"],"build_version":"2020-12-22","purchased_purges":0,"victory":false,"max_hp_per_floor":[75,75,75,75,75,75,75,75,75],"card_choices":[{"not_picked":["hierophant:MorningPrayer","hierophant:Sermon","hierophant:RustyCrate"],"picked":"SKIP","floor":1},{"not_picked":["hierophant:Remorse","hierophant:DisplayOfPower"],"picked":"hierophant:Shelter","floor":2},{"not_picked":["hierophant:OrnateBuckler","hierophant:ThreeLashes","hierophant:Endure"],"picked":"SKIP","floor":7}],"player_experience":1355193,"relics_obtained":[],"event_choices":[{"damage_healed":0,"gold_gain":75,"player_choice":"Gather Gold","damage_taken":11,"max_hp_gain":0,"max_hp_loss":0,"event_name":"World of Goop","floor":3,"gold_loss":0},{"damage_healed":0,"gold_gain":0,"cards_transformed":["hierophant:Defend_Hierophant"],"player_choice":"Transformed","damage_taken":0,"max_hp_gain":0,"max_hp_loss":0,"event_name":"Transmorgrifier","floor":5,"gold_loss":0,"cards_obtained":["hierophant:Sermon"]}],"is_beta":false,"boss_relics":[],"items_purged_floors":[],"is_endless":false,"potions_floor_spawned":[],"killed_by":"Lagavulin","ascension_level":20}}