{"host":"utcbn1j9ebmpc40m","time":1610506549,"event":{"mods":["BaseMod","Better Match","Googly Eyes","Hermit","Minty Spire (QoL Compilation)","Poor People Problems","Robot Space Explorer","StSLib","The IronCluck"],"gold_per_floor":[117,117,132,57,73,108,108,108,108,133,133,149,181,199,199,199,199],"floor_reached":16,"language":"ENG","playtime":486,"items_purged":["Defend_R"],"score":196,"play_id":"8acab8f1-cf99-47c2-aecb-3b692086e113","local_time":"20210112215549","is_ascension_mode":true,"campfire_choices":[{"floor":15,"key":"REST"}],"circlet_count":0,"master_deck":["Strike_R","Strike_R","Strike_R","Strike_R","Strike_R","Defend_R","Defend_R","Defend_R","Bash","Corruption","Whirlwind+1","Disarm","Body Slam+1","Impervious","Entrench","Burning Pact"],"relics":["Burning Blood","Red Skull","Darkstone Periapt","Ornamental Fan","Toy Ornithopter","Sundial"],"acts_visited":["Exordium"],"potions_floor_usage":[6,13,16,16],"damage_taken":[{"damage":20,"enemies":"Jaw Worm","floor":1,"turns":6},{"damage":1,"enemies":"Cultist","floor":3,"turns":3},{"damage":8,"enemies":"2 Louse","floor":5,"turns":2},{"damage":20,"enemies":"Gremlin Nob","floor":6,"turns":4},{"damage":50,"enemies":"3 Sentries","floor":10,"turns":6},{"damage":0,"enemies":"Exordium Wildlife","floor":12,"turns":1},{"damage":0,"enemies":"Gremlin Nob","floor":13,"turns":1},{"damage":2,"enemies":"Red Slaver","floor":14,"turns":3},{"damage":63,"enemies":"Slime Boss","floor":16,"turns":7}],"seed_played":"-8008517999156678895","potions_obtained":[{"floor":5,"key":"LiquidMemories"},{"floor":10,"key":"Fire Potion"},{"floor":12,"key":"DuplicationPotion"},{"floor":14,"key":"ColorlessPotion"}],"is_trial":false,"path_per_floor":["M","?","M","$","M","E","?","$","T","E","?","M","E","M","R","B"],"character_chosen":"IRONCLAD","items_purchased":[],"campfire_rested":1,"item_purchase_floors":[],"current_hp_per_floor":[66,66,71,71,69,55,52,52,52,8,8,14,25,29,53,0,0],"gold":199,"neow_bonus":"ONE_RANDOM_RARE_CARD","is_daily":false,"chose_seed":false,"campfire_upgraded":0,"win_rate":0.0,"timestamp":1610506549,"path_taken":["M","?","M","$","?","E","?","$","T","E","?","M","E","M","R","BOSS"],"items_purchased_type":[],"build_version":"2020-12-22","purchased_purges":1,"victory":false,"max_hp_per_floor":[80,80,80,80,80,80,80,80,80,80,80,80,80,80,80,80,80],"card_choices":[{"not_picked":["Heavy Blade","Havoc"],"picked":"Whirlwind","floor":1},{"not_picked":["Havoc","Pummel","Whirlwind"],"picked":"SKIP","floor":3},{"not_picked":["Flex","Shrug It Off"],"picked":"Disarm","floor":5},{"not_picked":["Clash","Thunderclap"],"picked":"Body Slam","floor":6},{"not_picked":["Shrug It Off","Twin Strike"],"picked":"Impervious","floor":10},{"not_picked":["Wild Strike","Seeing Red"],"picked":"Entrench","floor":12},{"not_picked":["Disarm","Twin Strike"],"picked":"Burning Pact","floor":13},{"not_picked":["Clash","Blood for Blood","Sever Soul"],"picked":"SKIP","floor":14}],"player_experience":465778,"relics_obtained":[{"floor":6,"key":"Red Skull"},{"floor":9,"key":"Ornamental Fan"},{"floor":10,"key":"Toy Ornithopter"},{"floor":13,"key":"Sundial"}],"event_choices":[{"damage_healed":0,"gold_gain":0,"player_choice":"Upgraded","damage_taken":0,"max_hp_gain":0,"max_hp_loss":0,"event_name":"Upgrade Shrine","floor":2,"gold_loss":0,"cards_upgraded":["Whirlwind"]},{"damage_healed":0,"gold_gain":0,"player_choice":"Success","damage_taken":3,"relics_obtained":["Darkstone Periapt"],"max_hp_gain":0,"max_hp_loss":0,"event_name":"Scrap Ooze","floor":7,"gold_loss":0},{"damage_healed":0,"gold_gain":0,"player_choice":"Grow","damage_taken":0,"max_hp_gain":0,"max_hp_loss":0,"event_name":"Living Wall","floor":11,"gold_loss":0,"cards_upgraded":["Body Slam"]}],"is_beta":false,"boss_relics":[],"items_purged_floors":[4],"is_endless":false,"potions_floor_spawned":[5,10,12,14],"killed_by":"Slime Boss","ascension_level":3}}