{"host":"6i1e8tv3jhx3lrt3","time":1610529493,"event":{"mods":["Act Like it!","BaseMod","Colored Map","Downfall","Energized Spire","Gensokyo","Minty Spire (QoL Compilation)","Red Circlet Mod","Relic Stats","Replay The Spire","RumiaBox-露米娅的神秘盒子","StSLib","[IsaacMod]以撒尖塔","【功能Mod】混沌之环修复补丁"],"gold_per_floor":[114,114,39,51,51,80,23,56,56,6,6,24,49,49,49,172,122,138,163,181,181,24,24,49,70,70,88,112,127,127,143,143,273,273,293,293,293,77,90,134,134,183,183,418,457,518,249,263,263,270,270],"floor_reached":50,"language":"ZHS","playtime":2401,"items_purged":["Strike_G","Strike_G"],"score":907,"play_id":"329309dc-a929-4fd7-bfaf-b6d3ffda49b1","local_time":"20210113171813","is_ascension_mode":true,"campfire_choices":[{"data":"Draining Mist","floor":23,"key":"SMITH"},{"data":"Noxious Fumes","floor":23,"key":"SMITH"},{"data":"Crippling Poison","floor":30,"key":"SMITH"},{"data":"Burst","floor":30,"key":"SMITH"},{"data":"Draining Mist","floor":32,"key":"SMITH"},{"data":"Corpse Explosion","floor":32,"key":"SMITH"},{"data":"Crippling Poison","floor":41,"key":"SMITH"},{"data":"Poisoned Stab","floor":41,"key":"SMITH"},{"data":"Catalyst","floor":49,"key":"SMITH"},{"data":"Pot Of Greed","floor":49,"key":"SMITH"}],"circlet_count":0,"master_deck":["Strike_G","Strike_G","Defend_G","Defend_G","Defend_G","Defend_G","Survivor","Draining Mist+1","Deflect","Injury","Draining Mist+1","Poisoned Stab+1","Glass Knife","Burst+1","Corpse Explosion+1","Acrobatics","Crippling Poison+1","Slimebound:Icky","Noxious Fumes+1","Expertise+1","Deadly Poison+1","Gensokyo:MedicineKit","Crippling Poison+1","Pot Of Greed","Pot Of Greed","Pot Of Greed+1","Panache+1","Catalyst+1"],"relics":["Ring of the Snake","HushsDoor","Leech","NeowsBlessing","Ginger","ZombieArmy","GodSword4","Letter Opener","Golden Idol","SecretRecord","energizedSpire:HugeHouse","HowToJump","Replay:Arrowhead","SoulBox","Strange Spoon","Frozen Egg 2","SalivaCoin","Replay:Ringing Soul","Grinning Jar","Chaos","Mercury Hourglass"],"acts_visited":["Exordium","TheCity","TheCity"],"potions_floor_usage":[16,50,50],"damage_taken":[{"damage":0,"enemies":"Small Slimes","floor":1,"turns":1},{"damage":0,"enemies":"Jaw Worm","floor":4,"turns":1},{"damage":0,"enemies":"Lagavulin","floor":6,"turns":1},{"damage":26,"enemies":"3 Sentries","floor":8,"turns":7},{"damage":2,"enemies":"2 Louse","floor":12,"turns":2},{"damage":0,"enemies":"Exordium Thugs","floor":13,"turns":4},{"damage":9,"enemies":"The Guardian","floor":16,"turns":7},{"damage":0,"enemies":"Shell Parasite","floor":18,"turns":3},{"damage":9,"enemies":"2 Thieves","floor":19,"turns":3},{"damage":0,"enemies":"Sentry and Sphere","floor":20,"turns":3},{"damage":0,"enemies":"3 Cultists","floor":24,"turns":2},{"damage":5,"enemies":"Centurion and Healer","floor":25,"turns":3},{"damage":2,"enemies":"Cultist and Chosen","floor":27,"turns":2},{"damage":0,"enemies":"3 Cultists","floor":28,"turns":2},{"damage":11,"enemies":"Shelled Parasite and Fungi","floor":29,"turns":3},{"damage":0,"enemies":"Snecko","floor":31,"turns":2},{"damage":10,"enemies":"Collector","floor":33,"turns":5},{"damage":0,"enemies":"Gensokyo:AncientGuardian","floor":35,"turns":3},{"damage":5,"enemies":"Gensokyo:3_Bats","floor":39,"turns":2},{"damage":0,"enemies":"Gensokyo:Marisa","floor":40,"turns":4},{"damage":0,"enemies":"Gensokyo:Doremy","floor":44,"turns":4},{"damage":14,"enemies":"Gensokyo:3_Boulders","floor":45,"turns":3},{"damage":26,"enemies":"Gensokyo:Kasen","floor":46,"turns":4},{"damage":0,"enemies":"Gensokyo:AtlasGolem","floor":48,"turns":3},{"damage":0,"enemies":"Gensokyo:Scarlet_Devils","floor":50,"turns":18}],"seed_played":"-6691772048841552564","potions_obtained":[{"floor":1,"key":"Adrenaline Potion"},{"floor":8,"key":"SkillPotion"},{"floor":13,"key":"CunningPotion"},{"floor":18,"key":"champ:CounterPotion"},{"floor":25,"key":"Reflective Coating"},{"floor":27,"key":"Doom Potion"},{"floor":33,"key":"Toxic Potion"}],"is_trial":false,"path_per_floor":["M","?","$","M","?","E","$","E","T","?","?","M","M","T","R_BF","B",null,"M","M","M","?","$","R","M","M","T","M","M","M","R","M","R","B",null,"M","?","?","COS","M","E","R","T","T","E","M","E","$","M","R","B"],"character_chosen":"THE_SILENT","items_purchased":["ZombieArmy","Noxious Fumes","Replay:Arrowhead","Panache+1"],"campfire_rested":0,"item_purchase_floors":[7,22,22,47],"current_hp_per_floor":[70,75,75,75,75,75,75,53,53,53,53,53,56,56,56,53,70,70,63,66,66,66,66,68,66,66,66,68,59,59,61,61,56,70,70,70,70,70,66,70,70,70,70,73,60,38,41,47,47,53,53],"gold":270,"neow_bonus":"THREE_ENEMY_KILL","is_daily":false,"chose_seed":false,"campfire_upgraded":10,"win_rate":0.0,"timestamp":1610529493,"path_taken":["M","?","$","M","?","E","$","E","T","?","?","M","M","?","R_BF","BOSS","M","M","M","?","?","R","?","M","T","M","M","M","R","M","R","BOSS","M","?","?","COS","M","E","R","?","T","E","?","E","$","M","R","BOSS"],"items_purchased_type":["Relic","Card","Relic","Card"],"build_version":"2020-12-22","purchased_purges":2,"victory":false,"max_hp_per_floor":[70,75,75,75,75,75,75,75,75,75,75,75,75,75,75,75,70,70,70,70,70,70,70,70,70,70,70,70,70,70,70,70,70,70,70,70,70,70,70,70,70,70,70,73,73,73,76,79,79,79,79],"relic_stats":{"Strange Spoon":[10],"counters":[25,91],"Golden Idol":134,"Ginger":[5],"Letter Opener":[246],"obtain_stats":[{"KeepersGift":0,"Chaos":44,"NeowsBlessing":0,"HowToJump":21,"Golden Idol":11,"SecretRecord":14,"SoulBox":34,"Ginger":6,"Letter Opener":9,"Frozen Egg 2":40,"Replay:Arrowhead":22,"Leech":0,"Mercury Hourglass":46,"Strange Spoon":38,"Replay:Ringing Soul":43,"energizedSpire:HugeHouse":17,"SalivaCoin":42,"GodSword4":8,"Grinning Jar":44,"HushsDoor":0,"Ring of the Snake":0,"ZombieArmy":7},{"KeepersGift":0,"Chaos":21,"NeowsBlessing":0,"HowToJump":10,"Golden Idol":4,"SecretRecord":6,"SoulBox":17,"Ginger":3,"Letter Opener":4,"Frozen Egg 2":20,"Replay:Arrowhead":10,"Leech":0,"Mercury Hourglass":23,"Strange Spoon":18,"Replay:Ringing Soul":20,"energizedSpire:HugeHouse":7,"SalivaCoin":20,"GodSword4":4,"Grinning Jar":21,"HushsDoor":0,"Ring of the Snake":0,"ZombieArmy":3},{"KeepersGift":0,"Chaos":64,"NeowsBlessing":0,"HowToJump":32,"Golden Idol":10,"SecretRecord":16,"SoulBox":51,"Ginger":3,"Letter Opener":10,"Frozen Egg 2":60,"Replay:Arrowhead":32,"Leech":0,"Mercury Hourglass":71,"Strange Spoon":54,"Replay:Ringing Soul":60,"energizedSpire:HugeHouse":23,"SalivaCoin":60,"GodSword4":10,"Grinning Jar":64,"HushsDoor":0,"Ring of the Snake":0,"ZombieArmy":3}],"Ring of the Snake":[50],"Mercury Hourglass":[24]},"card_choices":[{"not_picked":["Blur","Outmaneuver","Infinite Blades"],"picked":"SKIP","floor":1},{"not_picked":["Reflex","Deadly Poison"],"picked":"Draining Mist","floor":4},{"not_picked":["Cloak And Dagger","Phantasmal Killer"],"picked":"Deflect","floor":6},{"not_picked":["Masterful Stab","Tactician","ReplayTheSpireMod:Tripwire"],"picked":"SKIP","floor":8},{"not_picked":["Infinite Blades","Underhanded Strike"],"picked":"Draining Mist","floor":12},{"not_picked":["Dodge and Roll","Hidden Blade"],"picked":"Poisoned Stab","floor":13},{"not_picked":["Adrenaline","Replay:Bag of Tricks"],"picked":"Burst","floor":16},{"not_picked":["Sucker Punch","Blade Dance+1"],"picked":"Acrobatics","floor":18},{"not_picked":["Blade Dance+1","ReplayTheSpireMod:Speed Training+1"],"picked":"Crippling Poison","floor":19},{"not_picked":["Deflect","Bane","Dagger Throw"],"picked":"SKIP","floor":20},{"not_picked":["Underhanded Strike+1","Acrobatics+1","PiercingWail"],"picked":"SKIP","floor":24},{"not_picked":["ReplayTheSpireMod:Speed Training","Prepared","Dash"],"picked":"SKIP","floor":25},{"not_picked":["Cloak And Dagger+1","Distraction"],"picked":"Expertise+1","floor":27},{"not_picked":["Poisoned Stab","Accuracy","Leg Sweep"],"picked":"SKIP","floor":28},{"not_picked":["Outmaneuver","Slice","ReplayTheSpireMod:Exploit Weakness+1"],"picked":"SKIP","floor":29},{"not_picked":["ReplayTheSpireMod:Scrap Shanks+1","Quick Slash"],"picked":"Deadly Poison+1","floor":31},{"not_picked":["Blur+1","Finisher+1","Prepared"],"picked":"SKIP","floor":35},{"not_picked":["PiercingWail","Acrobatics+1","Escape Plan+1"],"picked":"SKIP","floor":39},{"not_picked":["Hidden Blade+1","Leg Sweep+1"],"picked":"Crippling Poison","floor":40},{"not_picked":["Corpse Explosion","Terror","Outmaneuver+1"],"picked":"SKIP","floor":44},{"not_picked":["Outmaneuver","Flechettes","Riddle With Holes"],"picked":"SKIP","floor":45},{"not_picked":["Outmaneuver+1","Underhanded Strike+1","All Out Attack+1"],"picked":"SKIP","floor":46},{"not_picked":["ReplayTheSpireMod:Tripwire","Masterful Stab+1"],"picked":"Catalyst","floor":48}],"player_experience":137746,"relics_obtained":[{"floor":6,"key":"Ginger"},{"floor":8,"key":"GodSword4"},{"floor":9,"key":"Letter Opener"},{"floor":14,"key":"SecretRecord"},{"floor":40,"key":"Frozen Egg 2"},{"floor":42,"key":"SalivaCoin"},{"floor":43,"key":"Replay:Ringing Soul"},{"floor":44,"key":"Chaos"},{"floor":46,"key":"Mercury Hourglass"}],"event_choices":[{"damage_healed":0,"gold_gain":0,"player_choice":"Donut","damage_taken":0,"max_hp_gain":5,"max_hp_loss":0,"event_name":"Big Fish","floor":2,"gold_loss":0},{"damage_healed":0,"gold_gain":0,"cards_transformed":["Strike_G"],"player_choice":"Change","damage_taken":0,"max_hp_gain":0,"max_hp_loss":0,"event_name":"Living Wall","floor":5,"gold_loss":0,"cards_obtained":["Draining Mist"]},{"cards_removed":["Strike_G"],"damage_healed":0,"gold_gain":0,"player_choice":"Card Removal","damage_taken":0,"max_hp_gain":0,"max_hp_loss":0,"event_name":"The Cleric","floor":10,"gold_loss":50},{"damage_healed":0,"gold_gain":0,"player_choice":"Take Wound","damage_taken":0,"relics_obtained":["Golden Idol"],"max_hp_gain":0,"max_hp_loss":0,"event_name":"Golden Idol","floor":11,"gold_loss":0,"cards_obtained":["Injury"]}],"is_beta":false,"boss_relics":[{"not_picked":["Runic Dome","Tiny House"],"picked":"energizedSpire:HugeHouse"},{"not_picked":[]},{"not_picked":["Replay:Bronze Core","energizedSpire:OgreHead"],"picked":"SoulBox"},{"not_picked":[]}],"items_purged_floors":[3,47],"is_endless":false,"potions_floor_spawned":[1,8,13,18,25,27,29,33,44,48],"killed_by":"Gensokyo:Scarlet_Devils","ascension_level":1}}