{"host":"tnsigirk6wurdark","time":1610519076,"event":{"mods":["BaseMod","Colored Map","Colored Powertips","Highlight Path","Minty Spire (QoL Compilation)","Quick Restart","Relic Sorter","StSLib","Synergy Search"],"gold_per_floor":[118,133,147,166,91,91,126,141,196,227,240,240,251,401,401,401,401],"floor_reached":16,"language":"ENG","playtime":942,"items_purged":["Strike_G"],"score":200,"play_id":"26c6da44-89e1-4d44-bdbc-5b4a23802e44","local_time":"20210113062436","is_ascension_mode":true,"campfire_choices":[{"data":"Terror","floor":6,"key":"SMITH"},{"floor":15,"key":"REST"}],"circlet_count":0,"master_deck":["AscendersBane","Strike_G","Strike_G","Defend_G","Defend_G","Defend_G","Defend_G","Defend_G","Survivor","Neutralize","Terror+1","Sucker Punch","Slice","Dash","Bullet Time","Slice","Poisoned Stab","Deadly Poison","Doubt"],"relics":["Empty Cage","Gremlin Horn","Anchor","HornCleat","Tiny Chest"],"acts_visited":["Exordium"],"potions_floor_usage":[7,7,10,16],"damage_taken":[{"damage":2,"enemies":"Cultist","floor":1,"turns":6},{"damage":10,"enemies":"Small Slimes","floor":2,"turns":6},{"damage":2,"enemies":"Jaw Worm","floor":3,"turns":4},{"damage":0,"enemies":"Blue Slaver","floor":4,"turns":7},{"damage":13,"enemies":"3 Sentries","floor":7,"turns":17},{"damage":0,"enemies":"Exordium Wildlife","floor":8,"turns":3},{"damage":13,"enemies":"Lagavulin","floor":10,"turns":9},{"damage":0,"enemies":"Red Slaver","floor":11,"turns":2},{"damage":0,"enemies":"2 Fungi Beasts","floor":13,"turns":4},{"damage":27,"enemies":"The Guardian","floor":16,"turns":8}],"seed_played":"-4706560198272502243","potions_obtained":[{"floor":1,"key":"ColorlessPotion"},{"floor":3,"key":"Ancient Potion"},{"floor":8,"key":"Energy Potion"},{"floor":10,"key":"Explosive Potion"}],"is_trial":false,"path_per_floor":["M","M","M","M","$","R","E","M","T","E","M","?","M","?","R","B"],"character_chosen":"THE_SILENT","items_purchased":[],"campfire_rested":1,"item_purchase_floors":[],"current_hp_per_floor":[57,47,45,45,45,45,32,32,32,19,19,8,8,8,27,0,0],"gold":401,"neow_bonus":"BOSS_RELIC","is_daily":false,"chose_seed":false,"campfire_upgraded":1,"win_rate":0.0,"timestamp":1610519076,"path_taken":["M","M","?","M","$","R","E","M","T","E","M","?","M","?","R","BOSS"],"items_purchased_type":[],"build_version":"2020-12-22","purchased_purges":1,"victory":false,"max_hp_per_floor":[66,66,66,66,66,66,66,66,66,66,66,66,66,66,66,66,66],"card_choices":[{"not_picked":["Dodge and Roll","Choke"],"picked":"Terror","floor":1},{"not_picked":["Deflect","Well Laid Plans"],"picked":"Sucker Punch","floor":2},{"not_picked":["Dagger Spray","Cloak And Dagger"],"picked":"Slice","floor":3},{"not_picked":["Expertise","Outmaneuver"],"picked":"Dash","floor":4},{"not_picked":["Dodge and Roll","Eviscerate"],"picked":"Bullet Time","floor":7},{"not_picked":["Acrobatics","Heel Hook"],"picked":"Slice","floor":8},{"not_picked":["Outmaneuver","Blade Dance"],"picked":"Poisoned Stab","floor":10},{"not_picked":["PiercingWail","Slice"],"picked":"Deadly Poison","floor":11},{"not_picked":["Blade Dance","Bullet Time","Dagger Throw"],"picked":"SKIP","floor":13}],"player_experience":701309,"relics_obtained":[{"floor":7,"key":"Gremlin Horn"},{"floor":9,"key":"Anchor"},{"floor":10,"key":"HornCleat"}],"event_choices":[{"damage_healed":0,"gold_gain":0,"player_choice":"Success","damage_taken":11,"relics_obtained":["Tiny Chest"],"max_hp_gain":0,"max_hp_loss":0,"event_name":"Scrap Ooze","floor":12,"gold_loss":0},{"damage_healed":0,"gold_gain":150,"player_choice":"AGREE","damage_taken":0,"max_hp_gain":0,"max_hp_loss":0,"event_name":"Liars Game","floor":14,"gold_loss":0,"cards_obtained":["Doubt"]}],"is_beta":false,"boss_relics":[],"items_purged_floors":[5],"is_endless":false,"potions_floor_spawned":[1,3,8,10],"killed_by":"The Guardian","ascension_level":15}}