{"host":"2se5dq1do2gp0x9k","time":1610503867,"event":{"mods":["AchievementEnabler","BaseMod","Block Reminder","Colored Map","Colored Powertips","Minty Spire (QoL Compilation)","Relic Stats","StSLib","SuperFastMode"],"gold_per_floor":[115,58,58,74,74,74,107,107,156,47,47,63,79,114,114,193,193,208,242,258,258,258,258,283,283,283,313,333,258,258,268,268,346,346,362,380,435,435,435,435,464,479,479,479,115,115,115],"floor_reached":46,"language":"ENG","playtime":2250,"items_purged":["Defend_P","Perseverance"],"score":1066,"play_id":"1928c2ca-7a5a-48fc-9133-d688d9618eb6","local_time":"20210112181107","is_ascension_mode":true,"campfire_choices":[{"data":"FlyingSleeves","floor":6.0,"key":"SMITH"},{"data":"FlyingSleeves","floor":8.0,"key":"SMITH"},{"data":"FlyingSleeves","floor":11.0,"key":"SMITH"},{"data":"TalkToTheHand","floor":15.0,"key":"SMITH"},{"data":"Tantrum","floor":23,"key":"SMITH"},{"floor":25,"key":"REST"},{"data":"Eruption","floor":30,"key":"SMITH"},{"data":"Meditate","floor":32,"key":"SMITH"},{"data":"Vault","floor":40,"key":"SMITH"},{"floor":44,"key":"RECALL"}],"circlet_count":0,"master_deck":["AscendersBane","Defend_P+1","Eruption+1","Vigilance+1","FlyingSleeves+1","FlyingSleeves+1","MentalFortress","CarveReality","Tantrum+1","FlyingSleeves+1","SashWhip","TalkToTheHand+1","SpiritShield","WindmillStrike+1","EmptyMind+1","InnerPeace+1","ThirdEye","TalkToTheHand","Ghostly","Ghostly","Ghostly","SandsOfTime","DeusExMachina","Meditate+1","Vault+1","Crescendo+1","FlurryOfBlows","EmptyFist+1","EmptyMind","TalkToTheHand"],"relics":["PureWater","NeowsBlessing","Toy Ornithopter","War Paint","CloakClasp","Astrolabe","Red Mask","Orichalcum","MealTicket","Nunchaku","Coffee Dripper","TungstenRod","Mummified Hand","TeardropLocket"],"acts_visited":["Exordium","TheCity","TheBeyond"],"potions_floor_usage":[24,33,37,41],"damage_taken":[{"damage":0.0,"enemies":"Small Slimes","floor":1.0,"turns":1.0},{"damage":0.0,"enemies":"Jaw Worm","floor":4.0,"turns":1.0},{"damage":0.0,"enemies":"3 Sentries","floor":7.0,"turns":2.0},{"damage":0.0,"enemies":"2 Louse","floor":12.0,"turns":2.0},{"damage":13.0,"enemies":"Blue Slaver","floor":13.0,"turns":2.0},{"damage":3.0,"enemies":"Lagavulin","floor":14.0,"turns":7.0},{"damage":8.0,"enemies":"The Guardian","floor":16.0,"turns":8.0},{"damage":0.0,"enemies":"3 Byrds","floor":18.0,"turns":3.0},{"damage":55.0,"enemies":"Masked Bandits","floor":19.0,"turns":8.0},{"damage":0.0,"enemies":"Shell Parasite","floor":20.0,"turns":8.0},{"damage":16,"enemies":"Slavers","floor":24,"turns":8},{"damage":0,"enemies":"Gremlin Leader","floor":27,"turns":6},{"damage":0,"enemies":"Sentry and Sphere","floor":28,"turns":6},{"damage":1,"enemies":"Snecko","floor":31,"turns":5},{"damage":0,"enemies":"Champ","floor":33,"turns":8},{"damage":7,"enemies":"3 Darklings","floor":35,"turns":4},{"damage":0,"enemies":"Orb Walker","floor":36,"turns":3},{"damage":0,"enemies":"2 Orb Walkers","floor":37,"turns":5},{"damage":3,"enemies":"Giant Head","floor":41,"turns":8},{"damage":10,"enemies":"Sphere and 2 Shapes","floor":42,"turns":6},{"damage":54,"enemies":"Reptomancer","floor":46,"turns":2}],"seed_played":"5832169044344172113","potions_obtained":[{"floor":4.0,"key":"DuplicationPotion"},{"floor":12.0,"key":"Weak Potion"},{"floor":16.0,"key":"Block Potion"},{"floor":19.0,"key":"CultistPotion"},{"floor":20.0,"key":"PowerPotion"},{"floor":28,"key":"SkillPotion"},{"floor":33,"key":"FearPotion"},{"floor":41,"key":"Strength Potion"}],"is_trial":false,"path_per_floor":["M","$","?","M","?","R","E","R","T","$","R","M","M","E","R","B",null,"M","?","M","?","?","R","E","R","T","E","M","$","R","M","R","B",null,"M","M","?","?","?","R","E","M","T","R","$","E"],"character_chosen":"WATCHER","items_purchased":["FlyingSleeves","Tantrum","FlyingSleeves","TeardropLocket"],"campfire_rested":1,"item_purchase_floors":[2,10,10,45],"current_hp_per_floor":[61,61,66,66,66,66,66,66,66,66,66,66,53,50,50,42,65,65,20,20,20,20,20,9,19,19,19,19,34,34,33,33,36,36,29,29,34,34,34,34,34,24,24,24,36,0,0],"gold":115,"neow_bonus":"THREE_ENEMY_KILL","is_daily":false,"chose_seed":false,"campfire_upgraded":8,"win_rate":0.0,"timestamp":1610503867,"path_taken":["M","$","?","M","?","R","E","R","T","?","R","M","?","E","R","BOSS","BOSS","M","?","M","?","?","R","E","R","T","E","M","?","R","M","R","BOSS","M","M","?","?","?","R","E","M","T","R","$","E"],"items_purchased_type":["Card","Card","Card","Relic"],"build_version":"2020-12-22","purchased_purges":2,"victory":false,"max_hp_per_floor":[68,68,73,73,73,73,73,73,73,73,73,73,73,73,73,73,73,73,73,73,36,36,36,36,36,36,36,36,36,36,36,36,36,36,36,36,36,36,36,36,36,36,36,36,36,36,36],"relic_stats":{"Nunchaku":[11],"counters":[21,103],"Mummified Hand":[1],"Astrolabe":["WindmillStrike","EmptyMind","InnerPeace"],"MealTicket":27,"CloakClasp":[341],"War Paint":["Vigilance","Defend_P"],"Orichalcum":[66],"obtain_stats":[{"NeowsBlessing":0,"Astrolabe":17,"CloakClasp":14,"TeardropLocket":45,"War Paint":9,"Orichalcum":24,"Nunchaku":27,"Mummified Hand":41,"MealTicket":26,"Red Mask":19,"Coffee Dripper":34,"PureWater":0,"Toy Ornithopter":7,"TungstenRod":37},{"NeowsBlessing":0,"Astrolabe":7,"CloakClasp":6,"TeardropLocket":20,"War Paint":3,"Orichalcum":11,"Nunchaku":12,"Mummified Hand":19,"MealTicket":11,"Red Mask":9,"Coffee Dripper":15,"PureWater":0,"Toy Ornithopter":3,"TungstenRod":18},{"NeowsBlessing":0,"Astrolabe":23,"CloakClasp":15,"TeardropLocket":101,"War Paint":4,"Orichalcum":50,"Nunchaku":56,"Mummified Hand":95,"MealTicket":50,"Red Mask":34,"Coffee Dripper":75,"PureWater":0,"Toy Ornithopter":4,"TungstenRod":87}],"Toy Ornithopter":26,"TungstenRod":8},"card_choices":[{"not_picked":["Halt","Collect"],"picked":"FlyingSleeves","floor":1.0},{"not_picked":["EmptyFist","Protect"],"picked":"MentalFortress","floor":4.0},{"not_picked":["FlurryOfBlows","FollowUp"],"picked":"CarveReality","floor":7.0},{"not_picked":["Vengeance","MentalFortress"],"picked":"SashWhip","floor":12.0},{"not_picked":["Evaluate","CutThroughFate"],"picked":"TalkToTheHand","floor":13.0},{"not_picked":["WheelKick","Alpha","SignatureMove"],"picked":"SKIP","floor":14.0},{"not_picked":["Brilliance","LessonLearned"],"picked":"SpiritShield","floor":16.0},{"not_picked":["Evaluate+1","ClearTheMind+1"],"picked":"ThirdEye","floor":18.0},{"not_picked":["FearNoEvil","Fasting2+1"],"picked":"TalkToTheHand","floor":19.0},{"not_picked":["ClearTheMind","FlurryOfBlows+1","Prostrate"],"picked":"SKIP","floor":20.0},{"not_picked":["EmptyMind","EmptyFist"],"picked":"Halt","floor":24},{"not_picked":["PathToVictory","Alpha"],"picked":"DeusExMachina","floor":27},{"not_picked":["Evaluate","SashWhip","Protect"],"picked":"SKIP","floor":28},{"not_picked":["FlurryOfBlows","Tantrum"],"picked":"Meditate","floor":31},{"not_picked":["Judgement","DevaForm"],"picked":"Vault","floor":33},{"not_picked":["Protect+1","FollowUp"],"picked":"Crescendo+1","floor":35},{"not_picked":["Evaluate","EmptyFist"],"picked":"FlurryOfBlows","floor":36},{"not_picked":["Nirvana","WindmillStrike+1"],"picked":"EmptyFist+1","floor":37},{"not_picked":["Meditate","Wireheading","Blasphemy"],"picked":"SKIP","floor":41},{"not_picked":["JustLucky+1","Protect"],"picked":"TalkToTheHand","floor":42}],"player_experience":3843516,"relics_obtained":[{"floor":7.0,"key":"Toy Ornithopter"},{"floor":9.0,"key":"War Paint"},{"floor":14.0,"key":"CloakClasp"},{"floor":19.0,"key":"Red Mask"},{"floor":24,"key":"Orichalcum"},{"floor":26,"key":"MealTicket"},{"floor":27,"key":"Nunchaku"},{"floor":37,"key":"TungstenRod"},{"floor":41,"key":"Mummified Hand"}],"event_choices":[{"damage_healed":0.0,"max_hp_gain":5.0,"max_hp_loss":0.0,"gold_gain":0.0,"event_name":"Big Fish","player_choice":"Donut","floor":3.0,"gold_loss":0.0,"damage_taken":0.0},{"damage_healed":0.0,"max_hp_gain":0.0,"max_hp_loss":0.0,"gold_gain":0.0,"event_name":"The Cleric","player_choice":"Leave","floor":5.0,"gold_loss":0.0,"damage_taken":0.0},{"damage_healed":0.0,"max_hp_gain":0.0,"max_hp_loss":0.0,"gold_gain":0.0,"event_name":"Masked Bandits","player_choice":"Fought Bandits","floor":19.0,"gold_loss":0.0,"damage_taken":0.0},{"damage_healed":0,"gold_gain":0,"player_choice":"Became a Ghost","damage_taken":0,"max_hp_gain":0,"max_hp_loss":37,"event_name":"Ghosts","floor":21,"gold_loss":0,"cards_obtained":["Ghostly","Ghostly","Ghostly"]},{"damage_healed":0,"gold_gain":0,"cards_transformed":["Strike_P","Defend_P"],"player_choice":"Became Test Subject","damage_taken":0,"max_hp_gain":0,"max_hp_loss":0,"event_name":"Drug Dealer","floor":22,"gold_loss":0,"cards_obtained":["Perseverance","SandsOfTime"]},{"damage_healed":0,"gold_gain":0,"player_choice":"Fight","damage_taken":0,"max_hp_gain":0,"max_hp_loss":0,"event_name":"Mysterious Sphere","floor":37,"gold_loss":0},{"cards_removed":["Halt"],"damage_healed":0,"gold_gain":0,"player_choice":"Removed Skill","damage_taken":0,"max_hp_gain":0,"max_hp_loss":0,"event_name":"Falling","floor":38,"gold_loss":0},{"damage_healed":0,"gold_gain":0,"cards_transformed":["Strike_P"],"player_choice":"Transformed","damage_taken":0,"max_hp_gain":0,"max_hp_loss":0,"event_name":"Transmorgrifier","floor":39,"gold_loss":0,"cards_obtained":["EmptyMind"]}],"is_beta":false,"boss_relics":[{"not_picked":["Philosopher\u0027s Stone","Black Star"],"picked":"Astrolabe"},{"not_picked":["Pandora\u0027s Box","Sozu"],"picked":"Coffee Dripper"}],"items_purged_floors":[29,45],"is_endless":false,"potions_floor_spawned":[4,12,14,16,18,19,20,28,31,33,41],"killed_by":"Reptomancer","ascension_level":16}}