{"host":"mai03x2ekbjy4059","time":1610578966,"event":{"mods":["2.2 Compatiblity","BaseMod","DeckTracker","Highlight Path","Keyboard Shortcuts","Minty Spire (QoL Compilation)","Permanent Neow","Quick Restart","SuperFastMode","everything is the same but u backflip on backflip"],"gold_per_floor":[119,44,44,44,62,62,87,12,12,12,30,64,64,89,89,89,139,156,156,156,156,167,195,95,95,95],"floor_reached":25,"language":"KOR","playtime":661,"items_purged":["Defend_P","Strike_P"],"score":481,"play_id":"079ee04f-640b-41c3-80a5-6f9997628eb1","local_time":"20210114080246","is_ascension_mode":true,"campfire_choices":[{"data":"Eruption","floor":6.0,"key":"SMITH"},{"floor":10.0,"key":"REST"},{"data":"Adaptation","floor":13.0,"key":"SMITH"},{"floor":15.0,"key":"REST"}],"circlet_count":0,"master_deck":["AscendersBane","Strike_P","Strike_P","Defend_P","Defend_P","Eruption+1","Vigilance+1","Adaptation+1","MentalFortress"],"relics":["PureWater","Ginger","InkBottle","Letter Opener","Bird Faced Urn","Mercury Hourglass","Tiny House","Yang","Pear"],"acts_visited":["Exordium","TheCity"],"potions_floor_usage":[],"damage_taken":[{"damage":0.0,"enemies":"Small Slimes","floor":1.0,"turns":4.0},{"damage":0.0,"enemies":"2 Louse","floor":5.0,"turns":2.0},{"damage":26.0,"enemies":"Gremlin Nob","floor":7.0,"turns":4.0},{"damage":2.0,"enemies":"Jaw Worm","floor":11.0,"turns":4.0},{"damage":0.0,"enemies":"Lagavulin","floor":12.0,"turns":3.0},{"damage":28.0,"enemies":"Gremlin Nob","floor":14.0,"turns":4.0},{"damage":27.0,"enemies":"The Guardian","floor":16.0,"turns":10.0},{"damage":12.0,"enemies":"Chosen","floor":18.0,"turns":4.0},{"damage":6.0,"enemies":"2 Thieves","floor":22.0,"turns":3.0},{"damage":15.0,"enemies":"Gremlin Leader","floor":23.0,"turns":6.0},{"damage":73,"enemies":"Slavers","floor":25,"turns":4}],"seed_played":"9018581214559377117","potions_obtained":[{"floor":7.0,"key":"AttackPotion"},{"floor":14.0,"key":"BlessingOfTheForge"},{"floor":17.0,"key":"Ancient Potion"},{"floor":22.0,"key":"SkillPotion"}],"is_trial":false,"path_per_floor":["M","$","?","?","M","R","E","?","T","R","M","E","R","E","R","B",null,"M","?","?","T","M","E","$","E"],"character_chosen":"WATCHER","items_purchased":[],"campfire_rested":2,"item_purchase_floors":[],"current_hp_per_floor":[43,43,43,36,36,36,10,10,10,30,28,28,28,4,24,1,56,48,48,63,63,61,60,60,0,0],"gold":95,"neow_bonus":"ONE_RARE_RELIC","is_daily":false,"chose_seed":false,"campfire_upgraded":2,"win_rate":0.0,"timestamp":1610578966,"path_taken":["M","$","?","?","M","R","E","?","T","R","M","E","R","E","R","BOSS","M","?","?","?","?","E","$","E"],"items_purchased_type":[],"build_version":"2020-12-22","purchased_purges":2,"victory":false,"max_hp_per_floor":[68,68,68,68,68,68,68,68,68,68,68,68,68,68,68,68,73,73,73,73,73,73,83,83,83,83],"card_choices":[{"not_picked":["Evaluate","ClearTheMind"],"picked":"Adaptation","floor":1.0},{"not_picked":["Conclude","FlyingSleeves","FollowUp"],"picked":"SKIP","floor":5.0},{"not_picked":["ClearTheMind","MasterReality"],"picked":"MentalFortress","floor":7.0},{"not_picked":["Conclude","WindmillStrike","FollowUp"],"picked":"SKIP","floor":11.0},{"not_picked":["CrushJoints","Pray","Blasphemy"],"picked":"SKIP","floor":12.0},{"not_picked":["Crescendo","EmptyBody","PathToVictory"],"picked":"SKIP","floor":14.0},{"not_picked":["FlyingSleeves","DeceiveReality","Weave"],"picked":"SKIP","floor":18.0},{"not_picked":["Protect","SignatureMove","CutThroughFate"],"picked":"SKIP","floor":22.0},{"not_picked":["Halt","ReachHeaven","BattleHymn"],"picked":"SKIP","floor":23.0}],"player_experience":1130313,"relics_obtained":[{"floor":7.0,"key":"InkBottle"},{"floor":9.0,"key":"Letter Opener"},{"floor":12.0,"key":"Bird Faced Urn"},{"floor":14.0,"key":"Mercury Hourglass"},{"floor":21.0,"key":"Yang"},{"floor":23.0,"key":"Pear"}],"event_choices":[{"damage_healed":0.0,"max_hp_gain":0.0,"max_hp_loss":0.0,"gold_gain":0.0,"event_name":"Liars Game","player_choice":"Ignored","floor":3.0,"gold_loss":0.0,"damage_taken":0.0},{"cards_removed":["Strike_P"],"damage_healed":0.0,"max_hp_gain":0.0,"max_hp_loss":0.0,"gold_gain":0.0,"event_name":"Golden Wing","player_choice":"Card Removal","floor":4.0,"gold_loss":0.0,"damage_taken":7.0},{"cards_removed":["Defend_P"],"damage_healed":0.0,"max_hp_gain":0.0,"max_hp_loss":0.0,"gold_gain":0.0,"event_name":"The Cleric","player_choice":"Card Removal","floor":8.0,"gold_loss":75.0,"damage_taken":0.0},{"damage_healed":0.0,"max_hp_gain":0.0,"max_hp_loss":0.0,"gold_gain":0.0,"event_name":"Vampires","player_choice":"Ignored","floor":19.0,"gold_loss":0.0,"damage_taken":0.0},{"damage_healed":15.0,"max_hp_gain":0.0,"max_hp_loss":0.0,"gold_gain":0.0,"event_name":"The Library","player_choice":"Heal","floor":20.0,"gold_loss":0.0,"damage_taken":0.0}],"is_beta":false,"boss_relics":[{"not_picked":["SacredBark","Pandora\u0027s Box"],"picked":"Tiny House"}],"items_purged_floors":[2,24],"is_endless":false,"potions_floor_spawned":[7,14,22],"killed_by":"Slavers","ascension_level":17}}