{"host":"uxq2rly8rxtwffuf","time":1610553448,"event":{"mods":["BaseMod","Koishi","Minty Spire (QoL Compilation)","StSLib","The Servant 0.9.4"],"gold_per_floor":[117,133,149,149,149,149,165,199,199,35,47,75,75,92,92,92,92],"floor_reached":16,"language":"ENG","playtime":1066,"items_purged":[],"score":218,"play_id":"d95a5b80-4996-4cf9-95de-ce02254a7971","local_time":"20210113185728","is_ascension_mode":true,"campfire_choices":[{"data":"Defy","floor":6,"key":"SMITH"},{"floor":13,"key":"REST"},{"data":"SoulSculpture","floor":15,"key":"SMITH"}],"circlet_count":0,"master_deck":["AscendersBane","Strike_S","Strike_S","Strike_S","Strike_S","Defend_S","Defend_S","Defend_S","Defend_S","KidneyShot","Exchange","Ricochet","Manipulate+1","Defy+1","SpecialFormula","Starlight","SoulSculpture+1","Contraction+1","Misdirection+1"],"relics":["Uniform","Bottled Flame","Toxic Egg 2","Sling","HornCleat"],"acts_visited":["Exordium"],"potions_floor_usage":[12,16,16],"damage_taken":[{"damage":3,"enemies":"2 Louse","floor":1,"turns":4},{"damage":0,"enemies":"Cultist","floor":2,"turns":3},{"damage":2,"enemies":"Jaw Worm","floor":3,"turns":5},{"damage":1,"enemies":"2 Fungi Beasts","floor":7,"turns":4},{"damage":22,"enemies":"3 Sentries","floor":8,"turns":7},{"damage":3,"enemies":"Looter","floor":11,"turns":4},{"damage":24,"enemies":"Gremlin Nob","floor":12,"turns":4},{"damage":1,"enemies":"Blue Slaver","floor":14,"turns":4},{"damage":58,"enemies":"Slime Boss","floor":16,"turns":11}],"seed_played":"3432563856733203384","potions_obtained":[{"floor":2,"key":"ColorlessPotion"},{"floor":11,"key":"Dexterity Potion"},{"floor":12,"key":"SkillPotion"}],"is_trial":false,"path_per_floor":["M","M","M","?","?","R","M","E","T","$","M","E","R","M","R","B"],"character_chosen":"THE_SERVANT","items_purchased":["Sling"],"campfire_rested":1,"item_purchase_floors":[10],"current_hp_per_floor":[57,57,55,60,60,60,59,42,42,42,44,25,46,50,50,0,0],"gold":92,"neow_bonus":"TEN_PERCENT_HP_BONUS","is_daily":false,"chose_seed":false,"campfire_upgraded":2,"win_rate":0.0,"timestamp":1610553448,"path_taken":["M","M","M","?","?","R","M","E","T","$","?","E","R","M","R","BOSS"],"items_purchased_type":["Relic"],"build_version":"2020-12-22","purchased_purges":0,"victory":false,"max_hp_per_floor":[66,66,66,71,71,71,71,71,71,71,71,71,71,71,71,71,71],"card_choices":[{"not_picked":["FastForward","Rearm"],"picked":"Ricochet","floor":1},{"not_picked":["BestPractice","Potential"],"picked":"Manipulate","floor":2},{"not_picked":["Replace","Spin"],"picked":"Defy","floor":3},{"not_picked":["ShatteredReality","Defy"],"picked":"SpecialFormula","floor":7},{"not_picked":["Advance","Revamp"],"picked":"Starlight","floor":8},{"not_picked":["Starlight","FastForward+1"],"picked":"SoulSculpture","floor":11},{"not_picked":["Revamp+1","Rearm+1"],"picked":"Contraction+1","floor":12},{"not_picked":["Desolation","Defy+1"],"picked":"Misdirection+1","floor":14}],"player_experience":1394738,"relics_obtained":[{"floor":8,"key":"Bottled Flame"},{"floor":9,"key":"Toxic Egg 2"},{"floor":12,"key":"HornCleat"}],"event_choices":[{"damage_healed":0,"gold_gain":0,"player_choice":"Donut","damage_taken":0,"max_hp_gain":5,"max_hp_loss":0,"event_name":"Big Fish","floor":4,"gold_loss":0},{"damage_healed":0,"gold_gain":0,"player_choice":"Forge","damage_taken":0,"max_hp_gain":0,"max_hp_loss":0,"event_name":"Accursed Blacksmith","floor":5,"gold_loss":0,"cards_upgraded":["Manipulate"]}],"is_beta":false,"boss_relics":[],"items_purged_floors":[],"is_endless":false,"potions_floor_spawned":[2,11,12,14],"killed_by":"Slime Boss","ascension_level":19}}