{"host":"92108ef2q9tm8rod","time":1610582211,"event":{"mods":["BaseMod","Defuse TimeMaze Blight","Minty Spire (QoL Compilation)","StSLib","The Jungle"],"gold_per_floor":[116,135,153,166,185,185,218,218,241,241,241,259,259,259,259,359,359,387,387,314,332,177,177,177,177,259,290,327,327,351,351,351,451,501,520,544,544,251,211,239,316,343,421,421,448,465,163,178,178,178],"floor_reached":51,"language":"ENG","playtime":2915,"items_purged":[],"score":1244,"play_id":"7e0025c0-7640-4767-9416-28fe10d5fe20","local_time":"20210113235651","daily_mods":["SealedDeck","Colorless Cards","Heirloom","Flight"],"is_ascension_mode":false,"campfire_choices":[{"data":"Deadly Poison","floor":6,"key":"SMITH"},{"data":"Madness","floor":8,"key":"SMITH"},{"data":"Backflip","floor":10,"key":"SMITH"},{"data":"Finesse","floor":11,"key":"SMITH"},{"data":"Backflip","floor":15,"key":"SMITH"},{"data":"Noxious Fumes","floor":23,"key":"SMITH"},{"data":"Deep Breath","floor":24,"key":"SMITH"},{"data":"Underhanded Strike","floor":25,"key":"SMITH"},{"data":"Footwork","floor":32,"key":"SMITH"},{"data":"Bandage Up","floor":44,"key":"SMITH"},{"floor":49,"key":"REST"}],"circlet_count":0,"master_deck":["Underhanded Strike+1","Acrobatics+1","Calculated Gamble+1","Backflip+1","Bandage Up+1","Deadly Poison+1","Backflip+1","Deep Breath+1","Finesse+1","Madness+1","Blur+1","Noxious Fumes+1","Footwork+1","Noxious Fumes+1"],"relics":["Ring of the Snake","Turnip","Tiny Chest","CeramicFish","Black Star","theJungle:BirthdayCakeSlice","Oddly Smooth Stone","Ornamental Fan","Akabeko","Bag of Marbles","Centennial Puzzle","Darkstone Periapt","Art of War","Tiny House","TwistedFunnel","Vajra","Juzu Bracelet","Snake Skull","Paper Crane","Torii","Blood Vial","Shuriken","Potion Belt","Strawberry","Medical Kit","Omamori"],"acts_visited":["Exordium","Exordium","TheBeyond"],"potions_floor_usage":[7,7,33,33,42,50],"damage_taken":[{"damage":0,"enemies":"Small Slimes","floor":1,"turns":2},{"damage":0,"enemies":"Cultist","floor":2,"turns":2},{"damage":0,"enemies":"Jaw Worm","floor":3,"turns":2},{"damage":0,"enemies":"3 Louse","floor":4,"turns":2},{"damage":0,"enemies":"2 Fungi Beasts","floor":5,"turns":2},{"damage":0,"enemies":"Lagavulin","floor":7,"turns":3},{"damage":0,"enemies":"Looter","floor":12,"turns":2},{"damage":0,"enemies":"Hexaghost","floor":16,"turns":3},{"damage":0,"enemies":"theJungle:Flameango_and_Byrd","floor":18,"turns":3},{"damage":0,"enemies":"theJungle:5_Spyders","floor":21,"turns":7},{"damage":0,"enemies":"theJungle:Cassacara","floor":27,"turns":5},{"damage":0,"enemies":"theJungle:2_Phrogs","floor":28,"turns":1},{"damage":0,"enemies":"theJungle:TotemBoss","floor":33,"turns":2},{"damage":0,"enemies":"3 Darklings","floor":35,"turns":1},{"damage":0,"enemies":"3 Shapes","floor":36,"turns":2},{"damage":0,"enemies":"Giant Head","floor":40,"turns":3},{"damage":0,"enemies":"Nemesis","floor":42,"turns":3},{"damage":0,"enemies":"Giant Head","floor":45,"turns":2},{"damage":0,"enemies":"Jaw Worm Horde","floor":46,"turns":3},{"damage":0,"enemies":"Transient","floor":48,"turns":5},{"damage":0,"enemies":"Awakened One","floor":50,"turns":5}],"seed_played":"7943563223605522938","potions_obtained":[{"floor":1,"key":"Energy Potion"},{"floor":3,"key":"AttackPotion"},{"floor":4,"key":"LiquidBronze"},{"floor":21,"key":"Fire Potion"},{"floor":28,"key":"Fire Potion"},{"floor":34,"key":"Block Potion"},{"floor":40,"key":"Regen Potion"},{"floor":45,"key":"CunningPotion"},{"floor":46,"key":"Swift Potion"}],"is_trial":true,"path_per_floor":["M","M","M","M","M","R","E","R","T","R","R","M","?","$","R","B",null,"M","?","$","M","$","R","R","R","T","E","E","?","T","?","R","B",null,"M","M","?","$","?","E","T","E","T","R","E","M","$","M","R","B",null],"character_chosen":"THE_SILENT","items_purchased":["Noxious Fumes","Oddly Smooth Stone","TwistedFunnel","Vajra","Medical Kit","Omamori"],"campfire_rested":1,"item_purchase_floors":[20,22,38,38,47,47],"current_hp_per_floor":[70,70,70,70,70,70,70,70,70,70,70,70,70,70,70,70,70,70,75,75,75,75,75,75,75,75,75,75,75,75,75,75,75,80,80,80,80,80,80,80,80,80,80,80,87,87,87,87,87,87],"gold":178,"neow_bonus":"","is_daily":false,"chose_seed":false,"campfire_upgraded":10,"win_rate":0.0,"timestamp":1610582211,"path_taken":["M","M","M","M","M","R","E","R","T","R","R","M","?","$","R","BOSS","M","?","$","M","$","R","R","R","T","E","E","?","?","?","R","BOSS","M","M","?","$","?","E","?","E","T","R","E","M","$","M","R","BOSS"],"items_purchased_type":["Card","Relic","Relic","Relic","Relic","Relic"],"build_version":"2020-12-22","purchased_purges":0,"victory":true,"max_hp_per_floor":[70,70,70,70,70,70,70,70,70,70,70,70,70,70,70,70,70,70,75,75,75,75,75,75,75,75,75,75,75,75,75,75,75,80,80,80,80,80,80,80,80,80,80,80,87,87,87,87,87,87],"card_choices":[{"not_picked":["Acrobatics","Dagger Throw","Mind Blast"],"picked":"SKIP","floor":1},{"not_picked":["PiercingWail","Backflip","Deflect"],"picked":"SKIP","floor":2},{"not_picked":["Bane","Sucker Punch","Finesse"],"picked":"SKIP","floor":3},{"not_picked":["Concentrate","Burst","Sucker Punch"],"picked":"SKIP","floor":4},{"not_picked":["Dagger Throw","Prepared","Dodge and Roll"],"picked":"SKIP","floor":5},{"not_picked":["Accuracy","Flying Knee"],"picked":"Madness","floor":7},{"not_picked":["Prepared","Blade Dance","Underhanded Strike"],"picked":"SKIP","floor":12},{"not_picked":["Quick Slash","Outmaneuver"],"picked":"Blur+1","floor":18},{"not_picked":["Sucker Punch","Heel Hook","Backflip"],"picked":"SKIP","floor":21},{"not_picked":["Dodge and Roll+1","Dagger Throw","Predator"],"picked":"SKIP","floor":27},{"not_picked":["Panache","Finesse"],"picked":"Footwork","floor":28},{"not_picked":["Purity+1","Blade Dance","Backflip"],"picked":"SKIP","floor":35},{"not_picked":["Cloak And Dagger+1","Quick Slash+1"],"picked":"Noxious Fumes+1","floor":36},{"not_picked":["Heel Hook","Wraith Form v2","Dramatic Entrance+1"],"picked":"SKIP","floor":40},{"not_picked":["Deadly Poison+1","Dark Shackles","PiercingWail"],"picked":"SKIP","floor":42},{"not_picked":["Dagger Throw","Bandage Up+1","Enlightenment"],"picked":"SKIP","floor":45},{"not_picked":["Dagger Spray+1","Outmaneuver","Underhanded Strike+1"],"picked":"SKIP","floor":46},{"not_picked":["Dagger Spray+1","Flechettes","Quick Slash"],"picked":"SKIP","floor":48}],"player_experience":3279978,"relics_obtained":[{"floor":7,"key":"Tiny Chest"},{"floor":9,"key":"CeramicFish"},{"floor":26,"key":"Ornamental Fan"},{"floor":27,"key":"Akabeko"},{"floor":27,"key":"Bag of Marbles"},{"floor":28,"key":"Centennial Puzzle"},{"floor":28,"key":"Darkstone Periapt"},{"floor":30,"key":"Art of War"},{"floor":40,"key":"Juzu Bracelet"},{"floor":40,"key":"Snake Skull"},{"floor":41,"key":"Paper Crane"},{"floor":42,"key":"Torii"},{"floor":42,"key":"Blood Vial"},{"floor":43,"key":"Shuriken"},{"floor":45,"key":"Potion Belt"},{"floor":45,"key":"Strawberry"}],"event_choices":[{"damage_healed":0,"gold_gain":0,"player_choice":"Ignored","damage_taken":0,"max_hp_gain":0,"max_hp_loss":0,"event_name":"Transmorgrifier","floor":13,"gold_loss":0},{"cards_removed":["Flying Knee"],"damage_healed":0,"gold_gain":0,"player_choice":"Removed Attack","damage_taken":0,"max_hp_gain":0,"max_hp_loss":0,"event_name":"Falling","floor":37,"gold_loss":0},{"damage_healed":0,"gold_gain":0,"player_choice":"Upgrade","damage_taken":0,"max_hp_gain":0,"max_hp_loss":0,"event_name":"Designer","floor":39,"gold_loss":40,"cards_upgraded":["Acrobatics"]}],"is_beta":false,"boss_relics":[{"not_picked":["SlaversCollar","Runic Pyramid"],"picked":"Black Star"},{"not_picked":["Calling Bell","HoveringKite"],"picked":"Tiny House"}],"items_purged_floors":[],"is_endless":false,"potions_floor_spawned":[1,3,4,5,21,28,40,45,46],"ascension_level":0}}