{"host":"h4lp0eeso8a0ssq0","time":1610546575,"event":{"mods":["2.2 Compatiblity","AchievementEnabler","BaseMod","CapriCore","Colored Map","Minty Spire (QoL Compilation)","StSLib","SuperFastMode"],"gold_per_floor":[119,119,52,52,77,117,129,168,205,249,275,298,339,368,380,489,501,528,25,36,36,36,70,70,86,86,98,98,98,114,127,127,226,226,242,124,124,138,154,154,166,176,199,199,214,89,107,117,117,117],"floor_reached":51,"language":"KOR","playtime":1627,"items_purged":["Strike_G","Strike_G","Strike_G"],"score":1232,"play_id":"4a7948c5-61ce-4ab0-959c-b1107467e666","local_time":"20210113230255","is_ascension_mode":true,"campfire_choices":[{"data":"Skewer","floor":7.0,"key":"SMITH"},{"data":"Catalyst","floor":15.0,"key":"SMITH"},{"floor":24.0,"key":"REST"},{"floor":29.0,"key":"REST"},{"floor":32.0,"key":"REST"},{"floor":40.0,"key":"REST"},{"floor":44.0,"key":"REST"},{"floor":49.0,"key":"REST"}],"circlet_count":0,"master_deck":["AscendersBane","Strike_G","Defend_G","Defend_G","Defend_G","Defend_G","Defend_G","Survivor","Neutralize","Escape Plan","Bouncing Flask","Skewer+1","Tactician","Calculated Gamble","Catalyst+1","Blade Dance","Noxious Fumes+1","Dagger Spray","Quick Slash","Malaise","Deadly Poison","Dagger Throw","Calculated Gamble","Blur","Deadly Poison","Deadly Poison+1","After Image","PiercingWail+1","Crippling Poison","Choke","Escape Plan+1","Quick Slash+1","Poisoned Stab","Backflip","Poisoned Stab+1","Crippling Poison"],"relics":["Ring of the Snake","NeowsBlessing","MawBank","Ancient Tea Set","Meat on the Bone","Lantern","Darkstone Periapt","Smiling Mask","Fusion Hammer","Snake Skull","Omamori","ClockworkSouvenir","Enchiridion","Lizard Tail","InkBottle","Cursed Key","Art of War"],"acts_visited":["Exordium","TheCity","TheBeyond"],"potions_floor_usage":[50],"damage_taken":[{"damage":0.0,"enemies":"2 Louse","floor":1.0,"turns":1.0},{"damage":0.0,"enemies":"Cultist","floor":5.0,"turns":1.0},{"damage":0.0,"enemies":"Lagavulin","floor":6.0,"turns":1.0},{"damage":17.0,"enemies":"3 Sentries","floor":8.0,"turns":9.0},{"damage":40.0,"enemies":"Gremlin Nob","floor":10.0,"turns":4.0},{"damage":2.0,"enemies":"Jaw Worm","floor":11.0,"turns":3.0},{"damage":0.0,"enemies":"2 Fungi Beasts","floor":12.0,"turns":2.0},{"damage":17.0,"enemies":"3 Sentries","floor":13.0,"turns":5.0},{"damage":13.0,"enemies":"Lots of Slimes","floor":14.0,"turns":5.0},{"damage":31.0,"enemies":"Slime Boss","floor":16.0,"turns":7.0},{"damage":7.0,"enemies":"Spheric Guardian","floor":18.0,"turns":4.0},{"damage":15.0,"enemies":"2 Thieves","floor":20.0,"turns":4.0},{"damage":21.0,"enemies":"Book of Stabbing","floor":23.0,"turns":5.0},{"damage":7.0,"enemies":"Centurion and Healer","floor":25.0,"turns":5.0},{"damage":13.0,"enemies":"Snake Plant","floor":27.0,"turns":3.0},{"damage":0.0,"enemies":"Slavers","floor":28.0,"turns":1.0},{"damage":4.0,"enemies":"Shelled Parasite and Fungi","floor":30.0,"turns":4.0},{"damage":13.0,"enemies":"Cultist and Chosen","floor":31.0,"turns":5.0},{"damage":20.0,"enemies":"Champ","floor":33.0,"turns":6.0},{"damage":0.0,"enemies":"Orb Walker","floor":35.0,"turns":2.0},{"damage":24.0,"enemies":"3 Darklings","floor":38.0,"turns":5.0},{"damage":2.0,"enemies":"Jaw Worm Horde","floor":39.0,"turns":4.0},{"damage":0.0,"enemies":"Sphere and 2 Shapes","floor":41.0,"turns":5.0},{"damage":43.0,"enemies":"Writhing Mass","floor":42.0,"turns":5.0},{"damage":0.0,"enemies":"4 Shapes","floor":45.0,"turns":3.0},{"damage":6.0,"enemies":"Sphere and 2 Shapes","floor":47.0,"turns":3.0},{"damage":0.0,"enemies":"Transient","floor":48.0,"turns":5.0},{"damage":102,"enemies":"Awakened One","floor":50,"turns":13}],"seed_played":"-1521226460157746055","potions_obtained":[{"floor":1.0,"key":"EssenceOfSteel"},{"floor":6.0,"key":"Regen Potion"},{"floor":10.0,"key":"SmokeBomb"},{"floor":12.0,"key":"Explosive Potion"},{"floor":23.0,"key":"FairyPotion"},{"floor":30.0,"key":"Ancient Potion"},{"floor":35.0,"key":"Poison Potion"}],"is_trial":false,"path_per_floor":["M","?","$","?","M","E","R","E","T","E","M","M","E","M","R","B",null,"M","$","M","?","?","E","R","M","T","M","E","R","M","M","R","B",null,"M","$","?","M","M","R","M","M","T","R","M","$","M","M","R","B",null],"character_chosen":"THE_SILENT","items_purchased":["Bouncing Flask","Snake Skull","Omamori","ClockworkSouvenir","Crippling Poison","DistilledChaos"],"campfire_rested":6,"item_purchase_floors":[3,19,19,19,36,46],"current_hp_per_floor":[63,68,68,68,68,68,68,65,65,37,47,47,42,41,41,22,62,55,55,40,24,24,15,37,42,42,41,41,63,59,46,68,48,68,68,68,68,44,42,64,64,33,33,55,55,55,49,49,71,16],"gold":117,"neow_bonus":"THREE_ENEMY_KILL","is_daily":false,"chose_seed":false,"campfire_upgraded":2,"win_rate":0.0,"timestamp":1610546575,"path_taken":["M","?","$","?","M","E","R","E","T","E","M","M","E","?","R","BOSS","M","$","M","?","?","E","R","M","T","?","E","R","M","M","R","BOSS","M","$","?","M","M","R","M","M","T","R","M","$","M","M","R","BOSS"],"items_purchased_type":["Card","Relic","Relic","Relic","Card","Potion"],"build_version":"2020-12-22","purchased_purges":3,"victory":true,"max_hp_per_floor":[70,75,75,75,75,75,75,75,75,75,75,75,75,75,75,75,75,75,75,75,75,75,75,75,75,75,75,75,75,75,75,75,75,75,75,75,75,75,75,75,75,75,75,75,75,75,75,75,75,75],"card_choices":[{"not_picked":["Tactician","Dagger Throw"],"picked":"Escape Plan","floor":1.0},{"not_picked":["Heel Hook","Prepared"],"picked":"Skewer","floor":5.0},{"not_picked":["Infinite Blades","Skewer"],"picked":"Tactician","floor":6.0},{"not_picked":["Riddle With Holes","Prepared"],"picked":"Calculated Gamble","floor":8.0},{"not_picked":["Distraction","Deflect"],"picked":"Catalyst","floor":10.0},{"not_picked":["Riddle With Holes","Flying Knee"],"picked":"Blade Dance","floor":11.0},{"not_picked":["Well Laid Plans","Prepared"],"picked":"Noxious Fumes","floor":12.0},{"not_picked":["Slice","Unload"],"picked":"Dagger Spray","floor":13.0},{"not_picked":["Slice","Cloak And Dagger"],"picked":"Quick Slash","floor":14.0},{"not_picked":["Glass Knife","Grand Finale"],"picked":"Malaise","floor":16.0},{"not_picked":["Distraction","Caltrops+1"],"picked":"Deadly Poison","floor":18.0},{"not_picked":["Accuracy","Skewer"],"picked":"Dagger Throw","floor":20.0},{"not_picked":["Prepared","Flechettes"],"picked":"Calculated Gamble","floor":23.0},{"not_picked":["Predator","Finisher","Dodge and Roll"],"picked":"SKIP","floor":25.0},{"not_picked":["Flechettes","Setup"],"picked":"Blur","floor":27.0},{"not_picked":["Prepared","Sucker Punch"],"picked":"Deadly Poison","floor":30.0},{"not_picked":["Dodge and Roll","All Out Attack"],"picked":"Deadly Poison+1","floor":31.0},{"not_picked":["Envenom","Venomology"],"picked":"After Image","floor":33.0},{"not_picked":["Prepared","Quick Slash"],"picked":"PiercingWail+1","floor":35.0},{"not_picked":["Backflip+1","Flying Knee+1"],"picked":"Escape Plan+1","floor":38.0},{"not_picked":["Caltrops","Flying Knee"],"picked":"Quick Slash+1","floor":39.0},{"not_picked":["Noxious Fumes+1","Grand Finale"],"picked":"Poisoned Stab","floor":41.0},{"not_picked":["Backflip","Dagger Throw","Concentrate"],"picked":"SKIP","floor":42.0},{"not_picked":["Dagger Throw","Concentrate"],"picked":"Backflip","floor":42.0},{"not_picked":["All Out Attack","Underhanded Strike+1"],"picked":"Poisoned Stab+1","floor":45.0},{"not_picked":["PiercingWail","Die Die Die"],"picked":"Crippling Poison","floor":47.0},{"not_picked":["Bane+1","Cloak And Dagger+1","Dagger Throw"],"picked":"SKIP","floor":48.0}],"player_experience":152699,"relics_obtained":[{"floor":6.0,"key":"Ancient Tea Set"},{"floor":8.0,"key":"Meat on the Bone"},{"floor":9.0,"key":"Lantern"},{"floor":10.0,"key":"Darkstone Periapt"},{"floor":13.0,"key":"Smiling Mask"},{"floor":21.0,"key":"Enchiridion"},{"floor":23.0,"key":"Lizard Tail"},{"floor":26.0,"key":"InkBottle"},{"floor":43.0,"key":"Art of War"}],"event_choices":[{"damage_healed":0.0,"max_hp_gain":5.0,"max_hp_loss":0.0,"gold_gain":0.0,"event_name":"Big Fish","player_choice":"Donut","floor":2.0,"gold_loss":0.0,"damage_taken":0.0},{"damage_healed":0.0,"max_hp_gain":0.0,"max_hp_loss":0.0,"gold_gain":0.0,"event_name":"WeMeetAgain","player_choice":"Gave Potion","floor":4.0,"gold_loss":0.0,"damage_taken":0.0,"relics_obtained":["MawBank"]},{"damage_healed":0.0,"max_hp_gain":0.0,"max_hp_loss":0.0,"gold_gain":0.0,"event_name":"Cursed Tome","player_choice":"Obtained Book","floor":21.0,"gold_loss":0.0,"damage_taken":16.0},{"damage_healed":0.0,"max_hp_gain":0.0,"max_hp_loss":0.0,"gold_gain":0.0,"event_name":"Accursed Blacksmith","player_choice":"Forge","floor":22.0,"gold_loss":0.0,"damage_taken":0.0,"cards_upgraded":["Noxious Fumes"]},{"damage_healed":0.0,"max_hp_gain":0.0,"max_hp_loss":0.0,"gold_gain":0.0,"cards_transformed":["Strike_G"],"event_name":"Transmorgrifier","player_choice":"Transformed","floor":37.0,"gold_loss":0.0,"damage_taken":0.0,"cards_obtained":["Choke"]}],"is_beta":false,"boss_relics":[{"not_picked":["Coffee Dripper","Runic Pyramid"],"picked":"Fusion Hammer"},{"not_picked":["HoveringKite","Runic Dome"],"picked":"Cursed Key"}],"items_purged_floors":[19,36,46],"is_endless":false,"potions_floor_spawned":[1,6,10,12,23,28,30,35,38,41,47,48],"ascension_level":12}}