{"host":"uxq2rly8rxtwffuf","time":1610532669,"event":{"mods":["BaseMod","Koishi","Minty Spire (QoL Compilation)","StSLib","The Servant 0.9.4"],"gold_per_floor":[112,127,127,26,26,26,41,41,41,41,61,61,61,11,11,11,11],"floor_reached":16,"language":"ENG","playtime":419,"items_purged":["Strike_S"],"score":172,"play_id":"1d5255c4-c54f-45cd-afa1-995910723acc","local_time":"20210113131109","is_ascension_mode":true,"campfire_choices":[{"floor":6,"key":"REST"},{"floor":8,"key":"REST"},{"data":"KidneyShot","floor":10,"key":"SMITH"},{"data":"SilverBlades","floor":12,"key":"SMITH"},{"data":"Ricochet","floor":15,"key":"SMITH"}],"circlet_count":0,"master_deck":["AscendersBane","Strike_S","Strike_S","Defend_S","Defend_S","Defend_S","Defend_S","KidneyShot+1","Exchange","FanOfKnives+1","Rearm","SilverBlades+1","Ricochet+1"],"relics":["Uniform","Oddly Smooth Stone","StoneCalendar"],"acts_visited":["Exordium"],"potions_floor_usage":[16,16,16,16],"damage_taken":[{"damage":10,"enemies":"Jaw Worm","floor":1,"turns":7},{"damage":5,"enemies":"Small Slimes","floor":2,"turns":3},{"damage":0,"enemies":"Cultist","floor":7,"turns":2},{"damage":0,"enemies":"3 Louse","floor":11,"turns":1},{"damage":56,"enemies":"Slime Boss","floor":16,"turns":6}],"seed_played":"5654292984097996950","potions_obtained":[{"floor":7,"key":"Explosive Potion"},{"floor":11,"key":"EntropicBrew"}],"is_trial":false,"path_per_floor":["M","M","?","$","?","R","M","R","T","R","M","R","?","$","R","B"],"character_chosen":"THE_SERVANT","items_purchased":["Rearm","Ricochet"],"campfire_rested":2,"item_purchase_floors":[4,14],"current_hp_per_floor":[44,39,39,39,4,22,22,40,40,40,40,40,40,40,40,0,0],"gold":11,"neow_bonus":"REMOVE_CARD","is_daily":false,"chose_seed":false,"campfire_upgraded":3,"win_rate":0.0,"timestamp":1610532669,"path_taken":["M","M","?","$","?","R","M","R","T","R","M","R","?","?","R","BOSS"],"items_purchased_type":["Card","Card"],"build_version":"2020-12-22","purchased_purges":1,"victory":false,"max_hp_per_floor":[60,60,60,60,60,60,60,60,60,60,60,60,60,60,60,60,60],"card_choices":[{"not_picked":["Defy","BottledTime"],"picked":"FanOfKnives","floor":1},{"not_picked":["Unruled","Revamp","Reset"],"picked":"SKIP","floor":2},{"not_picked":["Hightail","Replace","Alleviate"],"picked":"SKIP","floor":7},{"not_picked":["Starlight","Contraction"],"picked":"SilverBlades","floor":11}],"player_experience":1389009,"relics_obtained":[{"floor":9,"key":"StoneCalendar"}],"event_choices":[{"damage_healed":0,"gold_gain":0,"player_choice":"Grow","damage_taken":0,"max_hp_gain":0,"max_hp_loss":0,"event_name":"Living Wall","floor":3,"gold_loss":0,"cards_upgraded":["FanOfKnives"]},{"damage_healed":0,"gold_gain":0,"player_choice":"Success","damage_taken":35,"relics_obtained":["Oddly Smooth Stone"],"max_hp_gain":0,"max_hp_loss":0,"event_name":"Scrap Ooze","floor":5,"gold_loss":0},{"damage_healed":0,"gold_gain":0,"player_choice":"Ignored","damage_taken":0,"max_hp_gain":0,"max_hp_loss":0,"event_name":"Liars Game","floor":13,"gold_loss":0}],"is_beta":false,"boss_relics":[],"items_purged_floors":[4],"is_endless":false,"potions_floor_spawned":[7,11],"killed_by":"Slime Boss","ascension_level":19}}