{"host":"9tdk3zzhmpo6o3dg","time":1610522356,"event":{"mods":["BaseMod","Downfall","Marisa£®ÏF”Í°°ƒß¿Ì…≥£©","Minty Spire (QoL Compilation)","Shop Mod","StSLib","The Cursed","The Servant 0.9.4"],"gold_per_floor":[114,133,150,162,162,162,173,191,269,282,282,301,301,10,10,114,114,134,149,160,174,192,192,205,236,236,236,132,132,132,132,132],"floor_reached":31,"language":"ZHS","playtime":1426,"items_purged":[],"score":253,"play_id":"fc9bccae-1fbc-46ef-869a-242e193be9d3","local_time":"20210113151916","is_ascension_mode":false,"campfire_choices":[{"data":"Eruption","floor":6,"key":"SMITH"},{"floor":15,"key":"REST"},{"data":"Establishment","floor":23,"key":"SMITH"},{"data":"SignatureMove","floor":27,"key":"SMITH"},{"data":"Jack Of All Trades","floor":29,"key":"SMITH"}],"circlet_count":0,"master_deck":["Strike_P","Strike_P","Strike_P","Strike_P","Defend_P","Defend_P","Defend_P","Defend_P","Eruption+1","Vigilance","FollowUp","CrushJoints","Swivel","SignatureMove+1","Meditate","Halt","CutThroughFate","Nirvana+1","FearNoEvil","Establishment+1","Protect","DeceiveReality","Indignation","Consecrate","CrushJoints","FlyingSleeves","Consecrate","FlyingSleeves","Jack Of All Trades+1","Decay"],"relics":["PureWater","Nunchaku","Question Card","Mercury Hourglass","MealTicket","Coffee Dripper","StoneCalendar"],"acts_visited":["Exordium","TheCity"],"potions_floor_usage":[12,16,16,16,16,22,22,31],"damage_taken":[{"damage":2,"enemies":"Cultist","floor":1,"turns":3},{"damage":4,"enemies":"Jaw Worm","floor":2,"turns":3},{"damage":5,"enemies":"Small Slimes","floor":3,"turns":2},{"damage":16,"enemies":"Blue Slaver","floor":4,"turns":2},{"damage":9,"enemies":"Gremlin Gang","floor":7,"turns":4},{"damage":5,"enemies":"Looter","floor":8,"turns":3},{"damage":7,"enemies":"Exordium Thugs","floor":10,"turns":4},{"damage":0,"enemies":"Large Slime","floor":12,"turns":3},{"damage":16,"enemies":"Hexaghost","floor":16,"turns":9},{"damage":5,"enemies":"Spheric Guardian","floor":18,"turns":3},{"damage":21,"enemies":"Shell Parasite","floor":19,"turns":4},{"damage":2,"enemies":"Chosen and Byrds","floor":20,"turns":4},{"damage":11,"enemies":"Centurion and Healer","floor":21,"turns":4},{"damage":29,"enemies":"Cultist and Chosen","floor":22,"turns":5},{"damage":0,"enemies":"Snake Plant","floor":24,"turns":2},{"damage":18,"enemies":"Book of Stabbing","floor":25,"turns":3},{"damage":40,"enemies":"Slavers","floor":31,"turns":4}],"seed_played":"2981541687665942926","potions_obtained":[{"floor":3,"key":"GamblersBrew"},{"floor":4,"key":"Energy Potion"},{"floor":10,"key":"Energy Potion"},{"floor":11,"key":"EntropicBrew"},{"floor":11,"key":"Fire Potion"},{"floor":11,"key":"Dexterity Potion"},{"floor":19,"key":"Regen Potion"},{"floor":24,"key":"Ambrosia"},{"floor":25,"key":"LiquidBronze"}],"is_trial":false,"path_per_floor":["M","M","M","M","?","R","M","M","T","M","?","M","?","$","R","B",null,"M","M","M","M","M","R","M","E","T","R","$","R","?","E"],"character_chosen":"WATCHER","items_purchased":["Regen Potion","FearNoEvil","MealTicket","FlyingSleeves","Jack Of All Trades"],"campfire_rested":1,"item_purchase_floors":[14,14,14,28,28],"current_hp_per_floor":[70,66,61,45,27,27,18,13,13,6,6,6,6,6,27,26,72,67,46,44,33,9,9,9,15,15,15,30,30,30,0,0],"gold":132,"neow_bonus":"RANDOM_COMMON_RELIC","is_daily":false,"chose_seed":false,"campfire_upgraded":4,"win_rate":0.0,"timestamp":1610522356,"path_taken":["M","M","?","M","?","R","M","M","T","M","?","?","?","$","R","BOSS","M","M","M","?","M","R","M","E","T","R","$","R","?","E"],"items_purchased_type":["Potion","Card","Relic","Card","Card"],"build_version":"2020-12-22","purchased_purges":0,"victory":false,"max_hp_per_floor":[72,72,72,72,72,72,72,72,72,72,72,72,72,72,72,72,72,72,72,72,72,72,72,72,72,72,72,72,72,72,72,72],"card_choices":[{"not_picked":["FlyingSleeves","ThirdEye"],"picked":"FollowUp","floor":1},{"not_picked":["Crescendo","CutThroughFate"],"picked":"CrushJoints","floor":2},{"not_picked":["Wallop","FollowUp"],"picked":"Swivel","floor":3},{"not_picked":["WaveOfTheHand","CutThroughFate"],"picked":"SignatureMove","floor":4},{"not_picked":["FearNoEvil","Protect","CrushJoints"],"picked":"Meditate","floor":7},{"not_picked":["InnerPeace","Adaptation","Crescendo"],"picked":"Halt","floor":8},{"not_picked":["Protect","WindmillStrike","CrushJoints"],"picked":"CutThroughFate","floor":10},{"not_picked":["Halt","Evaluate","TalkToTheHand"],"picked":"Nirvana","floor":12},{"not_picked":["DevaForm","LessonLearned","Judgement"],"picked":"Establishment","floor":16},{"not_picked":["Wallop+1","TalkToTheHand","EmptyFist"],"picked":"Protect","floor":18},{"not_picked":["EmptyFist","InnerPeace","ThirdEye"],"picked":"DeceiveReality","floor":19},{"not_picked":["ReachHeaven","SandsOfTime","PathToVictory"],"picked":"Indignation","floor":20},{"not_picked":["FollowUp","Crescendo","PathToVictory+1"],"picked":"Consecrate","floor":21},{"not_picked":["Conclude+1","JustLucky+1","Evaluate+1"],"picked":"CrushJoints","floor":22},{"not_picked":["Vengeance","WheelKick","Halt"],"picked":"FlyingSleeves","floor":24},{"not_picked":["Swivel","FollowUp","Evaluate"],"picked":"Consecrate","floor":25}],"player_experience":89047,"relics_obtained":[{"floor":9,"key":"Mercury Hourglass"},{"floor":25,"key":"StoneCalendar"}],"event_choices":[{"damage_healed":0,"gold_gain":0,"player_choice":"Success","damage_taken":18,"relics_obtained":["Question Card"],"max_hp_gain":0,"max_hp_loss":0,"event_name":"Scrap Ooze","floor":5,"gold_loss":0},{"damage_healed":0,"gold_gain":0,"player_choice":"Got Potions","damage_taken":0,"max_hp_gain":0,"max_hp_loss":0,"event_name":"Lab","floor":11,"gold_loss":0},{"damage_healed":0,"gold_gain":0,"player_choice":"Forge","damage_taken":0,"max_hp_gain":0,"max_hp_loss":0,"event_name":"Accursed Blacksmith","floor":13,"gold_loss":0,"cards_upgraded":["Nirvana"]},{"damage_healed":0,"gold_gain":0,"player_choice":"Cursed","damage_taken":0,"max_hp_gain":0,"max_hp_loss":0,"event_name":"Wheel of Change","floor":30,"gold_loss":0,"cards_obtained":["Decay"]}],"is_beta":false,"boss_relics":[{"not_picked":["Velvet Choker","Calling Bell"],"picked":"Coffee Dripper"}],"items_purged_floors":[],"is_endless":false,"potions_floor_spawned":[3,4,10,19,20,24,25],"killed_by":"Slavers","ascension_level":0}}