{"host":"kg61lsvem4dxoat8","time":1610558201,"event":{"mods":["BaseMod","Colored Powertips","Minty Spire (QoL Compilation)","Quick Restart","Rare Cards Sparkle","Relic Stats","slay the spire mod where everything is the same but ironclad has a cowboy hat"],"gold_per_floor":[109,284,234,234,252,277,277,277,327,327,338,338,338,357,357,454,454,474,474,474],"floor_reached":19,"language":"ENG","playtime":284,"items_purged":[],"score":257,"play_id":"51e5147b-73f8-416f-aa0b-e9125e545da5","local_time":"20210114011641","is_ascension_mode":true,"campfire_choices":[{"data":"Spot Weakness","floor":7,"key":"SMITH"},{"data":"Bash","floor":12,"key":"SMITH"},{"data":"Uppercut","floor":15,"key":"SMITH"}],"circlet_count":0,"master_deck":["Strike_R","Strike_R","Strike_R","Defend_R+1","Defend_R","Defend_R+1","Defend_R","Bash+1","Spot Weakness+1","Uppercut+1"],"relics":["Burning Blood","NeowsBlessing","Lantern","MealTicket","Tiny Chest","SacredBark"],"acts_visited":["Exordium","TheCity"],"potions_floor_usage":[16],"damage_taken":[{"damage":0,"enemies":"Jaw Worm","floor":1,"turns":1},{"damage":0,"enemies":"2 Louse","floor":5,"turns":1},{"damage":0,"enemies":"3 Sentries","floor":6,"turns":1},{"damage":10,"enemies":"Small Slimes","floor":11,"turns":3},{"damage":9,"enemies":"Red Slaver","floor":14,"turns":3},{"damage":26,"enemies":"Hexaghost","floor":16,"turns":9},{"damage":38,"enemies":"Shell Parasite","floor":18,"turns":7},{"damage":0,"enemies":"3 Byrds","floor":19,"turns":2}],"seed_played":"-7193378414210895975","potions_obtained":[{"floor":1,"key":"FearPotion"},{"floor":6,"key":"PowerPotion"}],"is_trial":false,"path_per_floor":["M","?","?","?","M","E","R","?","T","T","M","R","?","M","R","B",null,"M","M"],"character_chosen":"IRONCLAD","items_purchased":[],"campfire_rested":0,"item_purchase_floors":[],"current_hp_per_floor":[78,78,78,78,80,80,80,64,64,64,60,60,53,50,50,30,68,36,36,36],"gold":474,"neow_bonus":"THREE_ENEMY_KILL","is_daily":false,"chose_seed":false,"campfire_upgraded":3,"win_rate":0.0,"timestamp":1610558201,"path_taken":["M","?","?","?","?","E","R","?","T","?","M","R","?","M","R","BOSS","M","M"],"items_purchased_type":[],"build_version":"2020-12-22","purchased_purges":0,"victory":false,"max_hp_per_floor":[80,80,80,80,80,80,80,80,80,80,80,80,80,80,80,80,80,80,80,80],"relic_stats":{"counters":[8,27],"MealTicket":0,"Tiny Chest":0,"obtain_stats":[{"Lantern":6,"NeowsBlessing":0,"SacredBark":17,"MealTicket":9,"Tiny Chest":10,"Burning Blood":0},{"Lantern":3,"NeowsBlessing":0,"SacredBark":6,"MealTicket":3,"Tiny Chest":3,"Burning Blood":0},{"Lantern":3,"NeowsBlessing":0,"SacredBark":18,"MealTicket":3,"Tiny Chest":3,"Burning Blood":0}],"Burning Blood":32},"card_choices":[{"not_picked":["Power Through","Bloodletting","Second Wind"],"picked":"SKIP","floor":1},{"not_picked":["Heavy Blade","Cleave"],"picked":"Spot Weakness","floor":5},{"not_picked":["Clothesline","Havoc","Berserk"],"picked":"SKIP","floor":6},{"not_picked":["Evolve","Havoc","Clothesline"],"picked":"SKIP","floor":11},{"not_picked":["Havoc","Anger"],"picked":"Uppercut","floor":14},{"not_picked":["Iron Wave","Rage","Body Slam"],"picked":"SKIP","floor":18}],"player_experience":1326502,"relics_obtained":[{"floor":6,"key":"Lantern"},{"floor":9,"key":"MealTicket"},{"floor":10,"key":"Tiny Chest"}],"event_choices":[{"damage_healed":0,"gold_gain":175,"player_choice":"AGREE","damage_taken":0,"max_hp_gain":0,"max_hp_loss":0,"event_name":"Liars Game","floor":2,"gold_loss":0,"cards_obtained":["Doubt"]},{"cards_removed":["Doubt"],"damage_healed":0,"gold_gain":0,"player_choice":"Card Removal","damage_taken":0,"max_hp_gain":0,"max_hp_loss":0,"event_name":"The Cleric","floor":3,"gold_loss":50},{"cards_removed":["Strike_R"],"damage_healed":0,"gold_gain":0,"player_choice":"Purged","damage_taken":0,"max_hp_gain":0,"max_hp_loss":0,"event_name":"Purifier","floor":4,"gold_loss":0},{"damage_healed":0,"gold_gain":0,"player_choice":"Entered Light","damage_taken":16,"max_hp_gain":0,"max_hp_loss":0,"event_name":"Shining Light","floor":8,"gold_loss":0,"cards_upgraded":["Defend_R","Defend_R"]},{"cards_removed":["Strike_R"],"damage_healed":0,"gold_gain":0,"player_choice":"Card Removal","damage_taken":7,"max_hp_gain":0,"max_hp_loss":0,"event_name":"Golden Wing","floor":13,"gold_loss":0}],"is_beta":false,"boss_relics":[{"not_picked":["Coffee Dripper","SlaversCollar"],"picked":"SacredBark"}],"items_purged_floors":[],"is_endless":false,"potions_floor_spawned":[1,6],"killed_by":"3 Byrds","ascension_level":7}}