{"host":"qrt7o4dq2qslzw13","time":1610568420,"event":{"mods":["AchievementEnabler","BaseMod","Colored Map","Colored Powertips","Minty Spire (QoL Compilation)","Quick Restart","StSLib","SuperFastMode"],"gold_per_floor":[115,115,190,210,223,223,254,254,254,254,274,274,10,30,30,133,133,121,121,133,75,174,174,0,0,27,27,27,42,19,351,351,450,450,463,390,312,331,259,259,276,286,311,323,323,323],"floor_reached":45,"language":"ENG","playtime":1024,"items_purged":[],"score":456,"play_id":"393a3ea0-c6f2-4f55-8cd9-475963534d93","local_time":"20210113150700","is_ascension_mode":false,"campfire_choices":[{"floor":6.0,"key":"REST"},{"floor":8.0,"key":"REST"},{"data":"Consume","floor":10.0,"key":"SMITH"},{"floor":12.0,"key":"REST"},{"data":"Storm","floor":15.0,"key":"SMITH"},{"data":"Tempest","floor":23.0,"key":"SMITH"},{"floor":25.0,"key":"REST"},{"data":"Chaos","floor":27.0,"key":"SMITH"},{"floor":32.0,"key":"REST"},{"data":"1","floor":40.0,"key":"LIFT"}],"circlet_count":0,"master_deck":["Strike_B","Strike_B","Strike_B","Defend_B","Defend_B","Defend_B","Defend_B","Zap","Dualcast","Amplify","Auto Shields","Consume+1","Capacitor","Reinforced Body","Ball Lightning","Storm+1","Ball Lightning","Echo Form","Chaos+1","Chaos+1","Tempest+1","BootSequence","BootSequence","Pain","Double Energy+1","Go for the Eyes","Auto Shields","Double Energy","Tempest+1","Parasite","Hologram+1"],"relics":["Cracked Core","Regal Pillow","Orichalcum","Membership Card","Vajra","Busted Crown","Incense Burner","Dream Catcher","WarpedTongs","Old Coin","SlaversCollar","Girya","HandDrill","DollysMirror","CeramicFish"],"acts_visited":["Exordium","TheCity","TheBeyond"],"potions_floor_usage":[42],"damage_taken":[{"damage":6.0,"enemies":"2 Louse","floor":1.0,"turns":2.0},{"damage":0.0,"enemies":"Cultist","floor":4.0,"turns":4.0},{"damage":0.0,"enemies":"Jaw Worm","floor":5.0,"turns":2.0},{"damage":53.0,"enemies":"Lagavulin","floor":7.0,"turns":8.0},{"damage":10.0,"enemies":"Red Slaver","floor":11.0,"turns":6.0},{"damage":18.0,"enemies":"Lots of Slimes","floor":14.0,"turns":4.0},{"damage":8.0,"enemies":"The Guardian","floor":16.0,"turns":8.0},{"damage":21.0,"enemies":"2 Thieves","floor":18.0,"turns":4.0},{"damage":5.0,"enemies":"Chosen","floor":20.0,"turns":4.0},{"damage":15.0,"enemies":"Snake Plant","floor":29.0,"turns":3.0},{"damage":25.0,"enemies":"Slavers","floor":31.0,"turns":5.0},{"damage":50.0,"enemies":"Champ","floor":33.0,"turns":14.0},{"damage":13.0,"enemies":"3 Darklings","floor":35.0,"turns":10.0},{"damage":0.0,"enemies":"3 Shapes","floor":38.0,"turns":3.0},{"damage":13.0,"enemies":"Writhing Mass","floor":41.0,"turns":5.0},{"damage":29,"enemies":"Maw","floor":42,"turns":7},{"damage":44,"enemies":"Spire Growth","floor":44,"turns":5},{"damage":22,"enemies":"Sphere and 2 Shapes","floor":45,"turns":5}],"seed_played":"-7783115937505337591","potions_obtained":[{"floor":1.0,"key":"SpeedPotion"},{"floor":7.0,"key":"CultistPotion"},{"floor":11.0,"key":"DistilledChaos"},{"floor":18.0,"key":"AttackPotion"},{"floor":20.0,"key":"FairyPotion"},{"floor":33.0,"key":"Swift Potion"},{"floor":35.0,"key":"Weak Potion"},{"floor":38.0,"key":"FairyPotion"}],"is_trial":false,"path_per_floor":["M","?","?","M","M","R","E","R","T","R","M","R","$","M","R","B",null,"M","?","M","$","?","R","$","R","T","R","?","M","$","E","R","B",null,"M","?","$","M","$","R","M","M","T","M","M"],"character_chosen":"DEFECT","items_purchased":["Membership Card","Storm","Vajra","Tempest","BootSequence","Incense Burner","BootSequence","Go for the Eyes","HandDrill","DollysMirror"],"campfire_rested":5,"item_purchase_floors":[13,13,13,21,21,24,24,30,37,39],"current_hp_per_floor":[48,36,29,29,29,66,13,50,50,50,40,75,75,57,57,49,75,54,54,49,49,49,49,49,75,75,75,75,60,60,35,72,22,75,62,62,62,62,62,62,49,20,20,2,2,2],"gold":323,"neow_bonus":"THREE_RARE_CARDS","is_daily":false,"chose_seed":false,"campfire_upgraded":4,"win_rate":0.0,"timestamp":1610568420,"path_taken":["M","?","?","M","M","R","E","R","T","R","?","R","$","M","R","BOSS","M","?","?","?","?","R","$","R","T","R","?","?","$","E","R","BOSS","M","?","$","?","$","R","M","M","T","M","?"],"items_purchased_type":["Relic","Card","Relic","Card","Card","Relic","Card","Card","Relic","Relic"],"build_version":"2020-12-22","purchased_purges":0,"victory":false,"max_hp_per_floor":[75,75,75,75,75,75,75,75,75,75,75,75,75,75,75,75,75,75,75,75,75,75,75,75,75,75,75,75,75,75,75,75,75,75,75,75,75,75,75,75,75,75,75,75,75,75],"card_choices":[{"not_picked":["Biased Cognition","Thunder Strike"],"picked":"Amplify","floor":0.0},{"not_picked":["Darkness","Compile Driver"],"picked":"Auto Shields","floor":1.0},{"not_picked":["Coolheaded","Sunder"],"picked":"Consume","floor":4.0},{"not_picked":["Ball Lightning","Rebound"],"picked":"Capacitor","floor":5.0},{"not_picked":["Stack","Coolheaded"],"picked":"Reinforced Body","floor":7.0},{"not_picked":["Blizzard","Rebound"],"picked":"Ball Lightning","floor":11.0},{"not_picked":["Redo","Leap"],"picked":"Ball Lightning","floor":14.0},{"not_picked":["Fission","Meteor Strike"],"picked":"Echo Form","floor":16.0},{"not_picked":[],"picked":"Chaos+1","floor":18.0},{"not_picked":["Chaos"],"picked":"SKIP","floor":20.0},{"not_picked":[],"picked":"Chaos","floor":20.0},{"not_picked":[],"picked":"Double Energy+1","floor":29.0},{"not_picked":[],"picked":"Auto Shields","floor":31.0},{"not_picked":["Hello World+1"],"picked":"SKIP","floor":35.0},{"not_picked":[],"picked":"Double Energy","floor":38.0},{"not_picked":["Streamline"],"picked":"SKIP","floor":41.0},{"not_picked":[],"picked":"Hologram+1","floor":42},{"not_picked":["Streamline"],"picked":"SKIP","floor":44}],"player_experience":562315,"relics_obtained":[{"floor":7.0,"key":"Orichalcum"},{"floor":26.0,"key":"Dream Catcher"},{"floor":31.0,"key":"Old Coin"},{"floor":43,"key":"CeramicFish"}],"event_choices":[{"damage_healed":0.0,"max_hp_gain":0.0,"max_hp_loss":0.0,"gold_gain":0.0,"event_name":"Scrap Ooze","player_choice":"Success","floor":2.0,"gold_loss":0.0,"damage_taken":12.0,"relics_obtained":["Regal Pillow"]},{"damage_healed":0.0,"max_hp_gain":0.0,"max_hp_loss":0.0,"gold_gain":75.0,"event_name":"FaceTrader","player_choice":"Touch","floor":3.0,"gold_loss":0.0,"damage_taken":7.0},{"cards_removed":["Strike_B"],"damage_healed":0.0,"max_hp_gain":0.0,"max_hp_loss":0.0,"gold_gain":0.0,"event_name":"Bonfire Elementals","player_choice":"Offered Basic","floor":19.0,"gold_loss":0.0,"damage_taken":0.0},{"damage_healed":0.0,"max_hp_gain":0.0,"max_hp_loss":0.0,"gold_gain":99.0,"event_name":"Nest","player_choice":"Stole From Cult","floor":22.0,"gold_loss":0.0,"damage_taken":0.0},{"damage_healed":0.0,"max_hp_gain":0.0,"max_hp_loss":0.0,"gold_gain":0.0,"event_name":"Accursed Blacksmith","player_choice":"Rummage","floor":28.0,"gold_loss":0.0,"damage_taken":0.0,"relics_obtained":["WarpedTongs"],"cards_obtained":["Pain"]},{"damage_healed":0.0,"max_hp_gain":0.0,"max_hp_loss":0.0,"gold_gain":0.0,"event_name":"WeMeetAgain","player_choice":"Paid Gold","floor":36.0,"gold_loss":73.0,"damage_taken":0.0,"relics_obtained":["Girya"]}],"is_beta":false,"boss_relics":[{"not_picked":["Nuclear Battery","Empty Cage"],"picked":"Busted Crown"},{"not_picked":["Coffee Dripper","Fusion Hammer"],"picked":"SlaversCollar"}],"items_purged_floors":[],"is_endless":false,"potions_floor_spawned":[1,7,11,18,20,33,35,38,41],"killed_by":"Sphere and 2 Shapes","ascension_level":0}}