{"host":"fmwbmnqnrup981we","time":1610561076,"event":{"mods":["AchievementEnabler","Act Like it!","BaseMod","Better Match","Better Note","Better Skull","Better Synergies","Better Third Choice","Better Vampires","Block Reminder","Curses Come First","Downfall","Duelist Mod","Elementarium","GungeonMod","HexUI Lib","HornydragonMod","Marked Mod","Minty Spire (QoL Compilation)","Pikachu Mod","Quick Restart","Relic Stats","SIMod","StSLib","The Bug Knight","The Death Knight","The Forsaken","The Marked","The Necromancer","The Runesmith","The Servant 0.9.4","The Wild Card","TheHero","TheVacant","TheVelvet","Transform Curses","Waifu the Spire","Yuri Mod","everything is the same but u backflip on backflip"],"gold_per_floor":[117,117,117,133,150,150,185,360,360,392,264,264,17,29,29,129,129,140,140,140],"floor_reached":19,"language":"ENG","playtime":506,"items_purged":["Doubt","Strike_P"],"score":175,"play_id":"5c22de63-bfd3-4245-992c-ef6d4df039b8","local_time":"20210113180436","is_ascension_mode":false,"campfire_choices":[{"floor":6,"key":"RECALL"},{"floor":15,"key":"REST"}],"circlet_count":0,"master_deck":["Strike_P","Strike_P","Strike_P","Defend_P","Defend_P","Defend_P","Defend_P","Eruption","Vigilance","Evaluate","theWildCard:Metatron","TalkToTheHand+1","BattleHymn","JustLucky","FlurryOfBlows","EmptyFist","DevaForm","MentalFortress"],"relics":["PureWater","NeowsBlessing","CultistMask","Bronze Scales","Bottled Lightning","Damaru","Philosopher\u0027s Stone"],"acts_visited":["Exordium","TheCity"],"potions_floor_usage":[16,16],"damage_taken":[{"damage":0,"enemies":"2 Louse","floor":1,"turns":1},{"damage":0,"enemies":"Small Slimes","floor":4,"turns":1},{"damage":0,"enemies":"Cultist","floor":5,"turns":1},{"damage":5,"enemies":"3 Sentries","floor":7,"turns":4},{"damage":35,"enemies":"Lagavulin","floor":10,"turns":8},{"damage":13,"enemies":"Large Slime","floor":14,"turns":3},{"damage":1,"enemies":"The Guardian","floor":16,"turns":9},{"damage":43,"enemies":"2 Thieves","floor":18,"turns":3},{"damage":31,"enemies":"Snake Plant","floor":19,"turns":2}],"seed_played":"-3485856788941050956","potions_obtained":[{"floor":5,"key":"DemoMod:LeadSkinPotion"},{"floor":7,"key":"EssenceOfSteel"},{"floor":10,"key":"DemoMod:LeadSkinPotion"},{"floor":16,"key":"DistilledChaos"},{"floor":18,"key":"PowerPotion"}],"is_trial":false,"path_per_floor":["M","?","?","M","M","R","E","?","T","E","$","?","$","M","R","B",null,"M","M"],"character_chosen":"WATCHER","items_purchased":["FlurryOfBlows","Damaru"],"campfire_rested":1,"item_purchase_floors":[11,13],"current_hp_per_floor":[72,72,72,72,72,72,67,67,67,32,32,32,32,19,40,39,72,29,0,0],"gold":140,"neow_bonus":"THREE_ENEMY_KILL","is_daily":false,"chose_seed":false,"campfire_upgraded":0,"win_rate":0.0,"timestamp":1610561076,"path_taken":["M","?","?","?","M","R","E","?","T","E","$","?","?","M","R","BOSS","M","?"],"items_purchased_type":["Card","Relic"],"build_version":"2020-12-22","purchased_purges":2,"victory":false,"max_hp_per_floor":[72,72,72,72,72,72,72,72,72,72,72,72,72,72,72,72,72,72,72,72],"relic_stats":{"counters":[9,32],"Bronze Scales":[72],"obtain_stats":[{"NeowsBlessing":0,"Bronze Scales":7,"Damaru":13,"Philosopher\u0027s Stone":17,"CultistMask":3,"DemoMod:GlassGuonStoneRelic":4,"Bottled Lightning":10,"PureWater":0},{"NeowsBlessing":0,"Bronze Scales":4,"Damaru":5,"Philosopher\u0027s Stone":7,"CultistMask":1,"DemoMod:GlassGuonStoneRelic":2,"Bottled Lightning":5,"PureWater":0},{"NeowsBlessing":0,"Bronze Scales":7,"Damaru":15,"Philosopher\u0027s Stone":27,"CultistMask":1,"DemoMod:GlassGuonStoneRelic":2,"Bottled Lightning":15,"PureWater":0}]},"card_choices":[{"not_picked":["DeceiveReality","ClearTheMind"],"picked":"Evaluate","floor":1},{"not_picked":["SashWhip","Crescendo","Wallop"],"picked":"SKIP","floor":4},{"not_picked":["MarkedMod:Acupuncture","CrushJoints"],"picked":"TalkToTheHand","floor":5},{"not_picked":["ClearTheMind","MarkedMod:OneThousandNeedles"],"picked":"BattleHymn","floor":7},{"not_picked":["MarkedMod:Acupuncture","WindmillStrike"],"picked":"JustLucky","floor":10},{"not_picked":["MarkedMod:GentlePulse","Crescendo"],"picked":"EmptyFist","floor":14},{"not_picked":["Establishment","MarkedMod:SlowDance"],"picked":"DevaForm","floor":16},{"not_picked":["Vengeance","CutThroughFate"],"picked":"MentalFortress","floor":18}],"player_experience":438849,"relics_obtained":[{"floor":7,"key":"Bronze Scales"},{"floor":10,"key":"Bottled Lightning"}],"event_choices":[{"damage_healed":0,"gold_gain":0,"player_choice":"Trade","damage_taken":0,"relics_obtained":["CultistMask"],"max_hp_gain":0,"max_hp_loss":0,"event_name":"FaceTrader","floor":3,"gold_loss":0},{"damage_healed":0,"gold_gain":175,"player_choice":"AGREE","damage_taken":185,"max_hp_gain":0,"max_hp_loss":0,"event_name":"betterThird:BetterSerpent","floor":8,"gold_loss":0},{"damage_healed":0,"gold_gain":0,"player_choice":"Grow","damage_taken":0,"max_hp_gain":0,"max_hp_loss":0,"event_name":"Living Wall","floor":12,"gold_loss":0,"cards_upgraded":["TalkToTheHand"]}],"is_beta":false,"boss_relics":[{"not_picked":["Snecko Eye","Coffee Dripper"],"picked":"Philosopher\u0027s Stone"}],"items_purged_floors":[11,13],"is_endless":false,"potions_floor_spawned":[5,7,10,16,18],"killed_by":"Snake Plant","ascension_level":0}}