{"host":"50per11302020","time":1610580971,"event":{"mods":["AchievementEnabler","BaseMod","Colored Map","Minty Spire (QoL Compilation)","Relic Stats","StSLib"],"gold_per_floor":[119,119,135,57,57,89,105,139,139,139,155,155,166,177,177,177,177],"floor_reached":16,"language":"ENG","playtime":833,"items_purged":[],"score":218,"play_id":"c8bf8012-c3cf-4a0a-8fb7-dcc8ca819498","local_time":"20210113153611","is_ascension_mode":true,"campfire_choices":[{"data":"Caltrops","floor":10.0,"key":"SMITH"},{"data":"Envenom","floor":12.0,"key":"SMITH"},{"floor":15.0,"key":"REST"}],"circlet_count":0,"master_deck":["AscendersBane","Strike_G","Strike_G","Strike_G","Defend_G","Defend_G","Defend_G","Defend_G","Defend_G","Survivor","Neutralize","Caltrops+1","Caltrops","Infinite Blades","Prepared","Blur","Envenom+1","Crippling Poison"],"relics":["Ring of the Snake","NeowsBlessing","Letter Opener","Anchor","Bottled Tornado"],"acts_visited":["Exordium"],"potions_floor_usage":[16,16],"damage_taken":[{"damage":0.0,"enemies":"Cultist","floor":1.0,"turns":1.0},{"damage":0.0,"enemies":"Small Slimes","floor":3.0,"turns":1.0},{"damage":2.0,"enemies":"3 Sentries","floor":6.0,"turns":2.0},{"damage":11.0,"enemies":"Jaw Worm","floor":7.0,"turns":8.0},{"damage":6.0,"enemies":"Lagavulin","floor":8.0,"turns":7.0},{"damage":0.0,"enemies":"Red Slaver","floor":11.0,"turns":4.0},{"damage":0.0,"enemies":"Looter","floor":13.0,"turns":4.0},{"damage":12.0,"enemies":"Exordium Thugs","floor":14.0,"turns":4.0},{"damage":41,"enemies":"Slime Boss","floor":16,"turns":7}],"seed_played":"-495667868720245572","potions_obtained":[{"floor":1.0,"key":"BlessingOfTheForge"},{"floor":7.0,"key":"PowerPotion"},{"floor":8.0,"key":"Swift Potion"},{"floor":14.0,"key":"GamblersBrew"}],"is_trial":false,"path_per_floor":["M","?","M","$","?","E","M","E","T","R","M","R","M","M","R","B"],"character_chosen":"THE_SILENT","items_purchased":["Caltrops"],"campfire_rested":1,"item_purchase_floors":[4],"current_hp_per_floor":[59,52,52,52,52,50,39,33,33,33,33,33,33,21,40,0,0],"gold":177,"neow_bonus":"THREE_ENEMY_KILL","is_daily":false,"chose_seed":false,"campfire_upgraded":2,"win_rate":0.0,"timestamp":1610580971,"path_taken":["M","?","M","$","?","E","M","E","T","R","?","R","M","M","R","BOSS"],"items_purchased_type":["Card"],"build_version":"2020-12-18","purchased_purges":0,"victory":false,"max_hp_per_floor":[66,66,66,66,66,66,66,66,66,66,66,66,66,66,66,66,66],"relic_stats":{"counters":[9,38],"Letter Opener":[49],"obtain_stats":[{"Anchor":8,"NeowsBlessing":0,"Letter Opener":6,"Bottled Tornado":9,"Ring of the Snake":0},{"Anchor":5,"NeowsBlessing":0,"Letter Opener":3,"Bottled Tornado":5,"Ring of the Snake":0},{"Anchor":19,"NeowsBlessing":0,"Letter Opener":4,"Bottled Tornado":19,"Ring of the Snake":0}],"Ring of the Snake":[18]},"card_choices":[{"not_picked":["Accuracy","Dagger Spray"],"picked":"Caltrops","floor":1.0},{"not_picked":["Slice","Dodge and Roll","Finisher"],"picked":"SKIP","floor":3.0},{"not_picked":["Riddle With Holes","Acrobatics"],"picked":"Infinite Blades","floor":6.0},{"not_picked":["Choke","Endless Agony"],"picked":"Prepared","floor":7.0},{"not_picked":["Flying Knee","Masterful Stab"],"picked":"Blur","floor":8.0},{"not_picked":["Heel Hook","PiercingWail"],"picked":"Envenom","floor":11.0},{"not_picked":["Finisher","Underhanded Strike"],"picked":"Crippling Poison","floor":13.0},{"not_picked":["Quick Slash","Well Laid Plans","Poisoned Stab"],"picked":"SKIP","floor":14.0}],"player_experience":197483,"relics_obtained":[{"floor":6.0,"key":"Letter Opener"},{"floor":8.0,"key":"Anchor"},{"floor":9.0,"key":"Bottled Tornado"}],"event_choices":[{"cards_removed":["Strike_G"],"damage_healed":0.0,"max_hp_gain":0.0,"max_hp_loss":0.0,"gold_gain":0.0,"event_name":"Golden Wing","player_choice":"Card Removal","floor":2.0,"gold_loss":0.0,"damage_taken":7.0},{"cards_removed":["Strike_G"],"damage_healed":0.0,"max_hp_gain":0.0,"max_hp_loss":0.0,"gold_gain":0.0,"event_name":"Purifier","player_choice":"Purged","floor":5.0,"gold_loss":0.0,"damage_taken":0.0}],"is_beta":true,"boss_relics":[],"items_purged_floors":[],"is_endless":false,"potions_floor_spawned":[1,7,8,14],"killed_by":"Slime Boss","ascension_level":19}}