{"host":"s9oaroyyjdd3e4af","time":1610510414,"event":{"mods":["BaseMod","Colored Powertips","Minty Spire (QoL Compilation)"],"gold_per_floor":[110,126,50,101,56,56,90,90,90,105,105,121,141,119,119,224,224,242,259,271,81,81,95,95,95,95,95,106,106,116,116,116],"floor_reached":31,"language":"ENG","playtime":1647,"items_purged":[],"score":287,"play_id":"b6b2ea9a-a533-4cf5-8f26-608ceb76c764","local_time":"20210112230014","is_ascension_mode":false,"campfire_choices":[{"data":"Ball Lightning","floor":6,"key":"SMITH"},{"data":"Redo","floor":15,"key":"SMITH"},{"floor":25,"key":"REST"},{"floor":27,"key":"REST"}],"circlet_count":0,"master_deck":["Zap","Dualcast","Ball Lightning+1","Go for the Eyes","Sunder","White Noise","Conserve Battery","Zap","Conserve Battery","Storm","FTL","Redo+1","Buffer","Hologram","Rainbow","Echo Form","Hello World","Glacier","Electrodynamics","White Noise","Force Field","Redo+1","Gash","Hologram+1","Apotheosis","Redo","Purity","Chaos","Redo","Stack+1"],"relics":["Cracked Core","NeowsBlessing","Incense Burner","White Beast Statue","Pandora\u0027s Box","Tiny Chest","Enchiridion"],"acts_visited":["Exordium","TheCity"],"potions_floor_usage":[16,16,31,31],"damage_taken":[{"damage":0,"enemies":"2 Louse","floor":1,"turns":1},{"damage":0,"enemies":"Small Slimes","floor":2,"turns":1},{"damage":0,"enemies":"3 Sentries","floor":7,"turns":2},{"damage":6,"enemies":"Jaw Worm","floor":10,"turns":3},{"damage":2,"enemies":"Looter","floor":12,"turns":3},{"damage":8,"enemies":"Gremlin Gang","floor":13,"turns":3},{"damage":22,"enemies":"The Guardian","floor":16,"turns":8},{"damage":10,"enemies":"Spheric Guardian","floor":18,"turns":5},{"damage":18,"enemies":"2 Thieves","floor":19,"turns":3},{"damage":9,"enemies":"3 Cultists","floor":20,"turns":4},{"damage":18,"enemies":"Snake Plant","floor":23,"turns":4},{"damage":24,"enemies":"Cultist and Chosen","floor":28,"turns":6},{"damage":19,"enemies":"Shelled Parasite and Fungi","floor":30,"turns":6},{"damage":7,"enemies":"3 Cultists","floor":31,"turns":4}],"seed_played":"-2688775481261513829","potions_obtained":[{"floor":2,"key":"SkillPotion"},{"floor":10,"key":"Block Potion"},{"floor":12,"key":"SteroidPotion"},{"floor":16,"key":"ColorlessPotion"},{"floor":18,"key":"Block Potion"},{"floor":20,"key":"FocusPotion"},{"floor":28,"key":"DuplicationPotion"}],"is_trial":false,"path_per_floor":["M","M","$","?","?","R","E","?","T","M","?","M","M","$","R","B",null,"M","M","M","$","?","M","?","R","T","R","M","?","M","M"],"character_chosen":"DEFECT","items_purchased":["Sunder","Redo","Apotheosis"],"campfire_rested":2,"item_purchase_floors":[3,14,21],"current_hp_per_floor":[75,75,75,75,75,75,75,60,60,54,54,52,44,44,44,22,75,65,47,38,38,38,20,20,42,42,64,40,24,5,0,0],"gold":116,"neow_bonus":"THREE_ENEMY_KILL","is_daily":false,"chose_seed":false,"campfire_upgraded":2,"win_rate":0.0,"timestamp":1610510414,"path_taken":["M","M","$","?","?","R","E","?","T","?","?","M","?","?","R","BOSS","M","M","M","$","?","M","?","R","T","R","?","?","M","M"],"items_purchased_type":["Card","Card","Card"],"build_version":"2020-12-22","purchased_purges":0,"victory":false,"max_hp_per_floor":[75,75,75,75,75,75,75,75,75,75,75,75,75,75,75,75,75,75,75,75,75,75,75,75,75,75,75,75,75,75,75,75],"card_choices":[{"not_picked":["Streamline","Turbo"],"picked":"Ball Lightning","floor":1},{"not_picked":["Reprogram","Gash"],"picked":"Go for the Eyes","floor":2},{"not_picked":["Rebound","Steam"],"picked":"White Noise","floor":7},{"not_picked":["Stack","Redo"],"picked":"Conserve Battery","floor":10},{"not_picked":["Barrage","Reboot"],"picked":"Storm","floor":12},{"not_picked":["Stack","Coolheaded"],"picked":"FTL","floor":13},{"not_picked":["Biased Cognition","Rainbow"],"picked":"Buffer","floor":16},{"not_picked":["Hologram+1","Barrage"],"picked":"Redo+1","floor":18},{"not_picked":["Turbo","Coolheaded"],"picked":"Gash","floor":19},{"not_picked":["Scrape","Steam Power"],"picked":"Hologram+1","floor":20},{"not_picked":["Rebound","Cold Snap+1"],"picked":"Redo","floor":23},{"not_picked":["Barrage","Go for the Eyes"],"picked":"Redo","floor":28},{"not_picked":["Rainbow","Sweeping Beam+1"],"picked":"Stack+1","floor":30}],"player_experience":707606,"relics_obtained":[{"floor":7,"key":"Incense Burner"},{"floor":9,"key":"White Beast Statue"},{"floor":26,"key":"Tiny Chest"},{"floor":29,"key":"Enchiridion"}],"event_choices":[{"damage_healed":0,"gold_gain":51,"player_choice":"Gained Gold","damage_taken":0,"max_hp_gain":0,"max_hp_loss":0,"event_name":"Golden Wing","floor":4,"gold_loss":0},{"damage_healed":0,"gold_gain":0,"player_choice":"Left Gold","damage_taken":0,"max_hp_gain":0,"max_hp_loss":0,"event_name":"World of Goop","floor":5,"gold_loss":45},{"damage_healed":0,"gold_gain":0,"player_choice":"Entered Light","damage_taken":15,"max_hp_gain":0,"max_hp_loss":0,"event_name":"Shining Light","floor":8,"gold_loss":0,"cards_upgraded":["Strike_B","Strike_B"]},{"damage_healed":0,"gold_gain":0,"player_choice":"2 cards matched","damage_taken":0,"max_hp_gain":0,"max_hp_loss":0,"event_name":"Match and Keep!","floor":11,"gold_loss":0,"cards_obtained":["Zap","Conserve Battery"]},{"damage_healed":0,"gold_gain":0,"player_choice":"Ignored","damage_taken":0,"max_hp_gain":0,"max_hp_loss":0,"event_name":"Beggar","floor":22,"gold_loss":0},{"damage_healed":0,"gold_gain":0,"player_choice":"2 cards matched","damage_taken":0,"max_hp_gain":0,"max_hp_loss":0,"event_name":"Match and Keep!","floor":24,"gold_loss":0,"cards_obtained":["Purity","Chaos"]},{"damage_healed":0,"gold_gain":0,"player_choice":"Obtained Book","damage_taken":16,"max_hp_gain":0,"max_hp_loss":0,"event_name":"Cursed Tome","floor":29,"gold_loss":0}],"is_beta":false,"boss_relics":[{"not_picked":["Cursed Key","Velvet Choker"],"picked":"Pandora\u0027s Box"}],"items_purged_floors":[],"is_endless":false,"potions_floor_spawned":[2,10,12,13,16,18,19,20,23,28,30],"killed_by":"3 Cultists","ascension_level":0}}