{"host":"b995t17pt6d05w8c","time":1610524477,"event":{"mods":["AchievementEnabler","BaseMod","Colored Map","Minty Spire (QoL Compilation)","SuperFastMode"],"gold_per_floor":[365,99,114,128,128,128,162,35,108,124,74,89,102,137,137,213,213,230,230,264,166,265,298,298,109,160,193,293,328,340,340,340,413,413,426,426,208,208,430,430,445,474,474,490,543,133,150,164,164,164],"floor_reached":51,"language":"KOR","playtime":1658,"items_purged":["Strike_R","Strike_R","Strike_R","Strike_R","Defend_R","Normality"],"score":1317,"play_id":"4d9fc082-5561-426f-ace4-54acbb8a0015","local_time":"20210113165437","is_ascension_mode":true,"campfire_choices":[{"data":"Pommel Strike","floor":6.0,"key":"SMITH"},{"data":"Armaments","floor":15.0,"key":"SMITH"},{"data":"Immolate","floor":24.0,"key":"SMITH"},{"data":"Bludgeon","floor":32.0,"key":"SMITH"},{"data":"Evolve","floor":40.0,"key":"SMITH"},{"floor":49,"key":"REST"}],"circlet_count":0,"master_deck":["AscendersBane","Defend_R","Defend_R","Defend_R","Bash","Flash of Steel","Pommel Strike+1","Wild Strike","Battle Trance","Armaments+1","Barricade","Immolate+1","Power Through","Flame Barrier","Shrug It Off+1","Evolve+1","Bludgeon+1","Bludgeon","Body Slam","Dark Embrace","True Grit+1","Entrench+1","Shockwave+1","Shrug It Off+1"],"relics":["Burning Blood","Membership Card","Juzu Bracelet","Toy Ornithopter","TheAbacus","Singing Bowl","Snecko Eye","Red Mask","Oddly Smooth Stone","Lee\u0027s Waffle","Tiny Chest","Art of War","Question Card","Cursed Key","Ornamental Fan","Toxic Egg 2","MealTicket","Lizard Tail","Medical Kit","Potion Belt","Dream Catcher"],"acts_visited":["Exordium","TheCity","TheBeyond"],"potions_floor_usage":[44,45,50,50,50],"damage_taken":[{"damage":1.0,"enemies":"Cultist","floor":1.0,"turns":3.0},{"damage":4.0,"enemies":"Jaw Worm","floor":3.0,"turns":4.0},{"damage":8.0,"enemies":"2 Louse","floor":4.0,"turns":2.0},{"damage":25.0,"enemies":"3 Sentries","floor":7.0,"turns":10.0},{"damage":0.0,"enemies":"2 Fungi Beasts","floor":10.0,"turns":2.0},{"damage":0.0,"enemies":"Exordium Wildlife","floor":12.0,"turns":3.0},{"damage":4.0,"enemies":"Lots of Slimes","floor":13.0,"turns":5.0},{"damage":24.0,"enemies":"Gremlin Nob","floor":14.0,"turns":4.0},{"damage":29.0,"enemies":"Hexaghost","floor":16.0,"turns":12.0},{"damage":7.0,"enemies":"Chosen","floor":18.0,"turns":5.0},{"damage":0.0,"enemies":"Masked Bandits","floor":20.0,"turns":2.0},{"damage":7.0,"enemies":"Gremlin Leader","floor":23.0,"turns":7.0},{"damage":4.0,"enemies":"Book of Stabbing","floor":27.0,"turns":4.0},{"damage":26.0,"enemies":"Gremlin Leader","floor":29.0,"turns":5.0},{"damage":0.0,"enemies":"Spheric Guardian","floor":30.0,"turns":1.0},{"damage":22.0,"enemies":"Champ","floor":33.0,"turns":11.0},{"damage":0.0,"enemies":"Orb Walker","floor":35.0,"turns":2.0},{"damage":0.0,"enemies":"3 Darklings","floor":41.0,"turns":4.0},{"damage":28.0,"enemies":"Reptomancer","floor":42.0,"turns":6.0},{"damage":6,"enemies":"Writhing Mass","floor":44,"turns":8},{"damage":39,"enemies":"2 Orb Walkers","floor":45,"turns":5},{"damage":0,"enemies":"Maw","floor":47,"turns":7},{"damage":0,"enemies":"Transient","floor":48,"turns":5},{"damage":27,"enemies":"Awakened One","floor":50,"turns":8}],"seed_played":"-3483304413153803242","potions_obtained":[{"floor":1.0,"key":"Dexterity Potion"},{"floor":4.0,"key":"Block Potion"},{"floor":12.0,"key":"Fire Potion"},{"floor":16.0,"key":"Ancient Potion"},{"floor":29.0,"key":"ElixirPotion"},{"floor":33.0,"key":"Energy Potion"},{"floor":44,"key":"BlessingOfTheForge"},{"floor":45,"key":"LiquidMemories"}],"is_trial":false,"path_per_floor":["M","$","M","M","?","R","E","$","T","M","?","M","M","E","R","B",null,"M","?","?","$","?","E","R","$","T","E","?","E","M","?","R","B",null,"M","?","$","T","?","R","M","E","T","M","?","$","M","M","R","B",null],"character_chosen":"IRONCLAD","items_purchased":["Membership Card","Flash of Steel","Pommel Strike","TheAbacus","Flame Barrier","Evolve","Lee\u0027s Waffle","Ornamental Fan","Medical Kit","Potion Belt","Shockwave+1","PowerPotion","ColorlessPotion","Dream Catcher"],"campfire_rested":1,"item_purchase_floors":[2,2,2,8,21,25,25,37,46,46,46,46,46,46],"current_hp_per_floor":[68,68,68,66,54,54,35,35,35,43,43,51,55,37,37,19,60,61,47,58,58,58,57,57,88,88,90,90,70,78,78,78,62,85,91,87,87,87,87,87,95,73,73,78,50,65,73,81,104,85],"gold":164,"neow_bonus":"TWO_FIFTY_GOLD","is_daily":false,"chose_seed":false,"campfire_upgraded":5,"win_rate":0.0,"timestamp":1610524477,"path_taken":["M","?","M","M","?","R","E","$","T","M","?","M","M","E","R","BOSS","M","?","?","$","?","E","R","$","T","E","?","E","M","?","R","BOSS","M","?","$","?","?","R","M","E","T","M","?","$","M","M","R","BOSS"],"items_purchased_type":["Relic","Card","Card","Relic","Card","Card","Relic","Relic","Relic","Relic","Card","Potion","Potion","Relic"],"build_version":"2020-12-22","purchased_purges":6,"victory":true,"max_hp_per_floor":[68,68,68,68,68,68,68,68,68,70,70,72,74,74,74,74,74,76,81,81,81,81,81,81,88,88,90,90,90,92,92,92,92,92,92,98,98,98,98,98,100,100,100,100,100,100,102,104,104,104],"card_choices":[{"not_picked":["Clash","Havoc","Body Slam"],"picked":"SKIP","floor":1.0},{"not_picked":["Body Slam","Iron Wave"],"picked":"Wild Strike","floor":3.0},{"not_picked":["Anger","Twin Strike"],"picked":"Battle Trance","floor":4.0},{"not_picked":["Pommel Strike","Infernal Blade"],"picked":"Armaments","floor":7.0},{"not_picked":["Clothesline","Perfected Strike","Thunderclap"],"picked":"Singing Bowl","floor":10.0},{"not_picked":["Armaments","Sever Soul","Heavy Blade"],"picked":"Singing Bowl","floor":12.0},{"not_picked":["Havoc","True Grit","Clash"],"picked":"Singing Bowl","floor":13.0},{"not_picked":["Spot Weakness","Anger"],"picked":"Barricade","floor":14.0},{"not_picked":["Juggernaut","Limit Break"],"picked":"Immolate","floor":16.0},{"not_picked":["Perfected Strike","Armaments","Pommel Strike"],"picked":"Singing Bowl","floor":18.0},{"not_picked":["Rampage+1","Heavy Blade"],"picked":"Power Through","floor":20.0},{"not_picked":["Sword Boomerang","Iron Wave"],"picked":"Shrug It Off+1","floor":23.0},{"not_picked":["Seeing Red","Headbutt","Warcry"],"picked":"Singing Bowl","floor":27.0},{"not_picked":["Feed","Hemokinesis"],"picked":"Bludgeon","floor":29.0},{"not_picked":["Wild Strike","Reckless Charge","Perfected Strike","Evolve"],"picked":"Singing Bowl","floor":30.0},{"not_picked":["Barricade","Immolate","Double Tap"],"picked":"Bludgeon","floor":33.0},{"not_picked":["Pommel Strike","Perfected Strike","Cleave+1"],"picked":"Body Slam","floor":35.0},{"not_picked":["Deep Breath","Transmutation","Sadistic Nature","Impatience"],"picked":"Singing Bowl","floor":36.0},{"not_picked":["Panacea","Enlightenment","Master of Strategy","Transmutation"],"picked":"Singing Bowl","floor":36.0},{"not_picked":["Flash of Steel","Finesse","Forethought","Deep Breath"],"picked":"Singing Bowl","floor":36.0},{"not_picked":["Flex+1","Thunderclap","Body Slam","Blood for Blood"],"picked":"Singing Bowl","floor":41.0},{"not_picked":["Limit Break+1","Armaments+1","Sever Soul"],"picked":"Dark Embrace","floor":42.0},{"not_picked":["Cleave","Perfected Strike","Whirlwind"],"picked":"True Grit+1","floor":44},{"not_picked":["Disarm+1","Rampage","Battle Trance+1"],"picked":"Entrench+1","floor":45},{"not_picked":["Sword Boomerang+1","Headbutt","Body Slam+1","Thunderclap"],"picked":"Singing Bowl","floor":47},{"not_picked":["Pommel Strike","Perfected Strike","Blood for Blood+1","Sentinel+1"],"picked":"Singing Bowl","floor":48},{"not_picked":["Sever Soul","Heavy Blade","Clothesline"],"picked":"Shrug It Off+1","floor":49}],"player_experience":111309,"relics_obtained":[{"floor":7.0,"key":"Toy Ornithopter"},{"floor":9.0,"key":"Singing Bowl"},{"floor":20.0,"key":"Red Mask"},{"floor":23.0,"key":"Oddly Smooth Stone"},{"floor":26.0,"key":"Tiny Chest"},{"floor":27.0,"key":"Art of War"},{"floor":29.0,"key":"Question Card"},{"floor":38.0,"key":"Toxic Egg 2"},{"floor":42.0,"key":"MealTicket"},{"floor":45,"key":"Lizard Tail"}],"event_choices":[{"damage_healed":0.0,"max_hp_gain":0.0,"max_hp_loss":0.0,"gold_gain":0.0,"event_name":"Scrap Ooze","player_choice":"Success","floor":5.0,"gold_loss":0.0,"damage_taken":12.0,"relics_obtained":["Juzu Bracelet"]},{"cards_removed":["Strike_R"],"damage_healed":0.0,"max_hp_gain":0.0,"max_hp_loss":0.0,"gold_gain":0.0,"event_name":"The Cleric","player_choice":"Card Removal","floor":11.0,"gold_loss":50.0,"damage_taken":0.0},{"damage_healed":0.0,"max_hp_gain":5.0,"max_hp_loss":0.0,"gold_gain":0.0,"event_name":"Forgotten Altar","player_choice":"Shed Blood","floor":19.0,"gold_loss":0.0,"damage_taken":19.0},{"damage_healed":0.0,"max_hp_gain":0.0,"max_hp_loss":0.0,"gold_gain":0.0,"event_name":"Masked Bandits","player_choice":"Fought Bandits","floor":20.0,"gold_loss":0.0,"damage_taken":0.0},{"damage_healed":0.0,"max_hp_gain":0.0,"max_hp_loss":0.0,"gold_gain":99.0,"event_name":"Nest","player_choice":"Stole From Cult","floor":22.0,"gold_loss":0.0,"damage_taken":0.0},{"damage_healed":0.0,"max_hp_gain":0.0,"max_hp_loss":0.0,"gold_gain":100.0,"event_name":"Golden Shrine","player_choice":"Pray","floor":28.0,"gold_loss":0.0,"damage_taken":0.0},{"damage_healed":0.0,"max_hp_gain":0.0,"max_hp_loss":0.0,"gold_gain":0.0,"event_name":"Vampires","player_choice":"Ignored","floor":31.0,"gold_loss":0.0,"damage_taken":0.0},{"damage_healed":0.0,"max_hp_gain":0.0,"max_hp_loss":0.0,"gold_gain":0.0,"event_name":"SensoryStone","player_choice":"Memory 3","floor":36.0,"gold_loss":0.0,"damage_taken":10.0},{"damage_healed":0.0,"max_hp_gain":0.0,"max_hp_loss":0.0,"gold_gain":222.0,"event_name":"Tomb of Lord Red Mask","player_choice":"Wore Mask","floor":39.0,"gold_loss":0.0,"damage_taken":0.0},{"damage_healed":0,"gold_gain":0,"player_choice":"Fight","damage_taken":0,"max_hp_gain":0,"max_hp_loss":0,"event_name":"Mysterious Sphere","floor":45,"gold_loss":0}],"is_beta":false,"boss_relics":[{"not_picked":["Black Star","Busted Crown"],"picked":"Snecko Eye"},{"not_picked":["Astrolabe","Fusion Hammer"],"picked":"Cursed Key"}],"items_purged_floors":[2,8,21,25,37,46],"is_endless":false,"potions_floor_spawned":[1,4,12,16,18,29,33,35,44,45],"ascension_level":14}}