{"host":"rolltorest","time":1610510922,"event":{"mods":["BaseMod","Minty Spire (QoL Compilation)","Relic Stats","Slay the Relics Exporter","StSLib","The Bladedancer"],"gold_per_floor":[111,124,137,117,130,156,156,173,173,186,186,221,239,271,271,345,345,361,378,395,410,410,742,742,769,769,789,789,355,384,396,396,470,470,484,533,533,533,433,467,467,502,502,521,546,575,589,299,299,299,299,299,149,184,184],"floor_reached":56,"language":"ENG","playtime":2142,"items_purged":["Decay","blademaster:Strike","Doubt","blademaster:Strike"],"score":2977,"play_id":"f7b56028-b76f-4840-a95e-ec3008581d18","local_time":"20210112200842","is_ascension_mode":true,"campfire_choices":[{"data":"blademaster:AirSlash","floor":7,"key":"SMITH"},{"data":"blademaster:DeadlyDance","floor":11,"key":"SMITH"},{"data":"blademaster:Empower","floor":15,"key":"SMITH"},{"data":"blademaster:Empower","floor":24,"key":"SMITH"},{"data":"blademaster:ColdBlood","floor":32,"key":"SMITH"},{"floor":49,"key":"RECALL"},{"data":"blademaster:EnchantedCuirass","floor":52,"key":"SMITH"}],"circlet_count":0,"master_deck":["AscendersBane","blademaster:Strike","blademaster:Strike","blademaster:Defend","blademaster:Defend","blademaster:Defend","blademaster:Defend","blademaster:RagingBlow","blademaster:HighVoltage","blademaster:Cut","blademaster:Cut","blademaster:DeadlyDance+1","blademaster:Gust","blademaster:AirSlash+1","blademaster:ColdBlood+1","blademaster:Safeguard","blademaster:Empower+1","blademaster:Empower+1","blademaster:Flash","blademaster:Flurry","blademaster:Breeze+1","blademaster:Flurry","Thinking Ahead","blademaster:RollingTyphoon","blademaster:Meditate+1","blademaster:EnchantedCuirass+1","blademaster:Quickness+1","Panache","blademaster:Thrust+1","blademaster:ColdBlood+1","blademaster:Blockade"],"relics":["blademaster:DancersAmulet","Dead Branch","Singing Bowl","Pantograph","Cursed Key","Old Coin","Mummified Hand","Eternal Feather","WingedGreaves","SlaversCollar","Calipers","Shuriken","Akabeko","Boot","PreservedInsect","Art of War","DollysMirror","Centennial Puzzle"],"acts_visited":["Exordium","TheCity","TheBeyond","TheEnding"],"potions_floor_usage":[55,55],"damage_taken":[{"damage":0,"enemies":"Cultist","floor":1,"turns":3},{"damage":0,"enemies":"2 Louse","floor":2,"turns":2},{"damage":0,"enemies":"Small Slimes","floor":3,"turns":3},{"damage":3,"enemies":"Blue Slaver","floor":5,"turns":5},{"damage":3,"enemies":"Gremlin Nob","floor":6,"turns":3},{"damage":0,"enemies":"3 Louse","floor":8,"turns":3},{"damage":1,"enemies":"Large Slime","floor":10,"turns":3},{"damage":14,"enemies":"Lagavulin","floor":12,"turns":7},{"damage":0,"enemies":"Exordium Wildlife","floor":13,"turns":3},{"damage":5,"enemies":"3 Sentries","floor":14,"turns":5},{"damage":0,"enemies":"Slime Boss","floor":16,"turns":5},{"damage":0,"enemies":"3 Byrds","floor":18,"turns":3},{"damage":0,"enemies":"Chosen","floor":19,"turns":3},{"damage":0,"enemies":"Snecko","floor":20,"turns":1},{"damage":6,"enemies":"Snake Plant","floor":21,"turns":3},{"damage":0,"enemies":"Slavers","floor":23,"turns":2},{"damage":0,"enemies":"Gremlin Leader","floor":25,"turns":2},{"damage":0,"enemies":"Chosen and Byrds","floor":27,"turns":2},{"damage":0,"enemies":"Book of Stabbing","floor":30,"turns":3},{"damage":12,"enemies":"Snecko","floor":31,"turns":3},{"damage":0,"enemies":"Champ","floor":33,"turns":2},{"damage":0,"enemies":"3 Shapes","floor":35,"turns":1},{"damage":7,"enemies":"2 Orb Walkers","floor":36,"turns":3},{"damage":0,"enemies":"Giant Head","floor":40,"turns":2},{"damage":27,"enemies":"Nemesis","floor":42,"turns":3},{"damage":0,"enemies":"3 Darklings","floor":44,"turns":1},{"damage":0,"enemies":"Reptomancer","floor":45,"turns":3},{"damage":0,"enemies":"Nemesis","floor":46,"turns":2},{"damage":0,"enemies":"Maw","floor":47,"turns":4},{"damage":33,"enemies":"Time Eater","floor":50,"turns":5},{"damage":0,"enemies":"Shield and Spear","floor":54,"turns":2},{"damage":20,"enemies":"The Heart","floor":55,"turns":4}],"seed_played":"5112632363483383977","potions_obtained":[{"floor":1,"key":"Dexterity Potion"},{"floor":3,"key":"SneckoOil"},{"floor":12,"key":"ColorlessPotion"},{"floor":25,"key":"LiquidMemories"}],"is_trial":false,"path_per_floor":["M","M","M","?","M","E","R","M","T","M","R","E","M","E","R","B",null,"M","M","M","M","?","E","R","E","T","M","?","$","E","M","R","B",null,"M","?","?","?","$","E","?","E","T","M","E","E","M","$","R","B",null,"R","$","E","B",null],"character_chosen":"THE_BLADEMASTER","items_purchased":["Thinking Ahead","blademaster:RollingTyphoon","DollysMirror"],"campfire_rested":0,"item_purchase_floors":[29,29,48],"current_hp_per_floor":[64,64,64,64,61,58,58,58,58,57,57,45,47,45,45,70,74,74,76,78,74,74,74,74,76,76,76,76,76,78,72,85,85,85,85,87,87,87,87,89,89,89,89,91,93,95,97,97,97,97,97,97,97,97,97],"gold":184,"neow_bonus":"THREE_CARDS","is_daily":false,"chose_seed":false,"campfire_upgraded":6,"win_rate":0.0,"timestamp":1610510922,"path_taken":["M","M","?","?","M","E","R","M","T","M","R","E","?","E","R","BOSS","M","M","M","M","?","E","R","E","T","M","?","$","E","M","R","BOSS","M","?","?","?","?","E","?","E","T","M","E","E","M","$","R","BOSS","R","$","E","BOSS"],"items_purchased_type":["Card","Card","Relic"],"build_version":"2020-12-18","purchased_purges":4,"victory":true,"max_hp_per_floor":[71,71,71,71,71,71,71,71,71,71,71,73,75,75,75,75,75,75,77,79,81,81,81,81,83,83,83,83,83,85,85,85,85,85,85,87,87,87,87,89,89,89,89,91,93,95,97,97,97,97,97,97,97,97,97],"relic_stats":{"Singing Bowl":26,"counters":[32,96],"Dead Branch":[160],"Eternal Feather":13,"PreservedInsect":127,"Cursed Key":2,"Boot":[80],"Centennial Puzzle":[3],"Mummified Hand":[55],"Shuriken":[27],"Pantograph":25,"Art of War":[2],"obtain_stats":[{"Calipers":36,"Singing Bowl":12,"blademaster:BonusFuryPerk":45,"Cursed Key":17,"Boot":43,"Old Coin":23,"Centennial Puzzle":54,"Mummified Hand":25,"DollysMirror":48,"Pantograph":14,"blademaster:LightningChargePerk":54,"WingedGreaves":30,"blademaster:ComboEveryTurnPerk":25,"blademaster:DextrousPerk":40,"blademaster:BleedingLaceratePerk":42,"blademaster:StrongPerk":36,"Dead Branch":6,"Eternal Feather":26,"PreservedInsect":45,"blademaster:RandomBladePerk":6,"blademaster:OnAttackedChargePerk":46,"Akabeko":42,"SlaversCollar":34,"blademaster:FuryEveryTurnPerk":14,"Shuriken":40,"blademaster:BleedingMoreDamagePerk":12,"blademaster:StanceHealPerk":30,"Art of War":46,"blademaster:DancersAmulet":0,"blademaster:WindChargePerk":23},{"Calipers":23,"Singing Bowl":8,"blademaster:BonusFuryPerk":27,"Cursed Key":11,"Boot":25,"Old Coin":16,"Centennial Puzzle":31,"Mummified Hand":17,"DollysMirror":29,"Pantograph":10,"blademaster:LightningChargePerk":31,"WingedGreaves":19,"blademaster:ComboEveryTurnPerk":17,"blademaster:DextrousPerk":24,"blademaster:BleedingLaceratePerk":25,"blademaster:StrongPerk":23,"Dead Branch":5,"Eternal Feather":17,"PreservedInsect":27,"blademaster:RandomBladePerk":5,"blademaster:OnAttackedChargePerk":28,"Akabeko":25,"SlaversCollar":21,"blademaster:FuryEveryTurnPerk":10,"Shuriken":24,"blademaster:BleedingMoreDamagePerk":8,"blademaster:StanceHealPerk":19,"Art of War":28,"blademaster:DancersAmulet":0,"blademaster:WindChargePerk":16},{"Calipers":70,"Singing Bowl":29,"blademaster:BonusFuryPerk":79,"Cursed Key":42,"Boot":75,"Old Coin":54,"Centennial Puzzle":92,"Mummified Hand":56,"DollysMirror":85,"Pantograph":37,"blademaster:LightningChargePerk":92,"WingedGreaves":61,"blademaster:ComboEveryTurnPerk":56,"blademaster:DextrousPerk":72,"blademaster:BleedingLaceratePerk":75,"blademaster:StrongPerk":70,"Dead Branch":16,"Eternal Feather":56,"PreservedInsect":79,"blademaster:RandomBladePerk":16,"blademaster:OnAttackedChargePerk":81,"Akabeko":75,"SlaversCollar":66,"blademaster:FuryEveryTurnPerk":37,"Shuriken":72,"blademaster:BleedingMoreDamagePerk":29,"blademaster:StanceHealPerk":61,"Art of War":81,"blademaster:DancersAmulet":0,"blademaster:WindChargePerk":54}]},"card_choices":[{"not_picked":["blademaster:Thrust","blademaster:Flurry"],"picked":"blademaster:Cut","floor":0},{"not_picked":["blademaster:SlyStabs","blademaster:KiBarrier"],"picked":"blademaster:Cut","floor":1},{"not_picked":["blademaster:SlyStabs","blademaster:Stormstrike"],"picked":"blademaster:DeadlyDance","floor":2},{"not_picked":["blademaster:Thrust","blademaster:CullingStrike"],"picked":"blademaster:Gust","floor":3},{"not_picked":["blademaster:BrainBloom","blademaster:ChargingUp"],"picked":"blademaster:AirSlash","floor":5},{"not_picked":["blademaster:Thrust","blademaster:OneTrickPony"],"picked":"blademaster:ColdBlood","floor":6},{"not_picked":["blademaster:Thrust","blademaster:ThunderSlash"],"picked":"blademaster:AwakeningDefend","floor":8},{"not_picked":["blademaster:CombatPrep","blademaster:Rupture"],"picked":"blademaster:Safeguard","floor":10},{"not_picked":["blademaster:BloodyBlow","blademaster:FuriousStrike","blademaster:LeechingStrike"],"picked":"Singing Bowl","floor":12},{"not_picked":["blademaster:Frenzy","blademaster:FuriousStrike","blademaster:Sharpen"],"picked":"Singing Bowl","floor":13},{"not_picked":["blademaster:AspectOfLightning","blademaster:ThunderSlash"],"picked":"blademaster:Empower","floor":14},{"not_picked":["blademaster:HighVoltage","blademaster:FuryOfTheElements"],"picked":"blademaster:Empower","floor":16},{"not_picked":["blademaster:ThunderSlash+1","blademaster:Stability+1"],"picked":"blademaster:Flash","floor":18},{"not_picked":["blademaster:AirSlash","blademaster:Safeguard+1","blademaster:Quickness"],"picked":"Singing Bowl","floor":19},{"not_picked":["blademaster:AspectOfWind","blademaster:ThunderingOpener","blademaster:IcyWind"],"picked":"Singing Bowl","floor":20},{"not_picked":["blademaster:SharpBlades","blademaster:Quickstep+1","blademaster:DeadlyDance+1"],"picked":"Singing Bowl","floor":21},{"not_picked":["blademaster:HighVoltage","blademaster:KiBarrier"],"picked":"blademaster:Flurry","floor":23},{"not_picked":["blademaster:HighVoltage","blademaster:Hailwind+1","blademaster:Overcharge"],"picked":"Singing Bowl","floor":25},{"not_picked":["blademaster:Havoc","blademaster:Thrust"],"picked":"blademaster:Breeze+1","floor":27},{"not_picked":["blademaster:BloodyBlow+1","blademaster:AspectOfLightning+1","blademaster:SharpBlades"],"picked":"Singing Bowl","floor":30},{"not_picked":["blademaster:ParryingStrike","blademaster:FuriousStrike"],"picked":"blademaster:Meditate+1","floor":31},{"not_picked":["blademaster:LightningDraw","blademaster:CloudOfSteel"],"picked":"blademaster:EnchantedCuirass","floor":33},{"not_picked":["blademaster:AwakeningStrike","blademaster:AspectOfLightning+1"],"picked":"blademaster:Quickness+1","floor":35},{"not_picked":["blademaster:ChargingUp","blademaster:AspectOfWind","blademaster:DaggerAndCloak"],"picked":"Singing Bowl","floor":36},{"not_picked":["Swift Strike","Panacea"],"picked":"Panache","floor":38},{"not_picked":["blademaster:Sharpen","blademaster:Quickstep+1","blademaster:AirSlash+1"],"picked":"Singing Bowl","floor":40},{"not_picked":["blademaster:LightningCrash","blademaster:DaggerAndCloak+1"],"picked":"blademaster:Thrust+1","floor":42},{"not_picked":["blademaster:AwakeningDefend","blademaster:Sharpen","blademaster:Safeguard"],"picked":"Singing Bowl","floor":44},{"not_picked":["blademaster:EyeOfTheStorm","blademaster:Reversal+1","blademaster:AspectOfLightning"],"picked":"Singing Bowl","floor":45},{"not_picked":["blademaster:Stability+1","blademaster:AwakeningDefend","blademaster:ThunderSlash"],"picked":"Singing Bowl","floor":46},{"not_picked":["blademaster:Cut","blademaster:CombatPrep","blademaster:Thrust"],"picked":"Singing Bowl","floor":47},{"not_picked":["blademaster:Havoc","blademaster:Slice+1"],"picked":"blademaster:Blockade","floor":54}],"player_experience":1770876,"relics_obtained":[{"floor":6,"key":"Dead Branch"},{"floor":6,"key":"blademaster:RandomBladePerk"},{"floor":12,"key":"Singing Bowl"},{"floor":12,"key":"blademaster:BleedingMoreDamagePerk"},{"floor":14,"key":"Pantograph"},{"floor":14,"key":"blademaster:FuryEveryTurnPerk"},{"floor":23,"key":"Old Coin"},{"floor":23,"key":"blademaster:WindChargePerk"},{"floor":25,"key":"Mummified Hand"},{"floor":25,"key":"blademaster:ComboEveryTurnPerk"},{"floor":26,"key":"Eternal Feather"},{"floor":30,"key":"WingedGreaves"},{"floor":30,"key":"blademaster:StanceHealPerk"},{"floor":36,"key":"Calipers"},{"floor":36,"key":"blademaster:StrongPerk"},{"floor":40,"key":"Shuriken"},{"floor":40,"key":"blademaster:DextrousPerk"},{"floor":42,"key":"Akabeko"},{"floor":42,"key":"blademaster:BleedingLaceratePerk"},{"floor":43,"key":"Boot"},{"floor":45,"key":"PreservedInsect"},{"floor":45,"key":"blademaster:BonusFuryPerk"},{"floor":46,"key":"Art of War"},{"floor":46,"key":"blademaster:OnAttackedChargePerk"},{"floor":54,"key":"Centennial Puzzle"},{"floor":54,"key":"blademaster:LightningChargePerk"}],"event_choices":[{"damage_healed":0,"gold_gain":0,"player_choice":"Bought 1 Potion","damage_taken":0,"max_hp_gain":0,"max_hp_loss":0,"event_name":"The Woman in Blue","floor":4,"gold_loss":0},{"damage_healed":0,"gold_gain":0,"player_choice":"Ignored","damage_taken":0,"max_hp_gain":0,"max_hp_loss":0,"event_name":"The Mausoleum","floor":22,"gold_loss":0},{"damage_healed":0,"gold_gain":0,"player_choice":"Read","damage_taken":0,"max_hp_gain":0,"max_hp_loss":0,"event_name":"The Library","floor":28,"gold_loss":0,"cards_obtained":["blademaster:Flurry"]},{"damage_healed":0,"gold_gain":0,"player_choice":"Fight","damage_taken":0,"max_hp_gain":0,"max_hp_loss":0,"event_name":"Mysterious Sphere","floor":36,"gold_loss":0},{"damage_healed":0,"gold_gain":0,"player_choice":"Ignored","damage_taken":0,"max_hp_gain":0,"max_hp_loss":0,"event_name":"Tomb of Lord Red Mask","floor":37,"gold_loss":0},{"damage_healed":0,"gold_gain":0,"player_choice":"Memory 1","damage_taken":0,"max_hp_gain":0,"max_hp_loss":0,"event_name":"SensoryStone","floor":38,"gold_loss":0},{"cards_removed":["blademaster:AwakeningDefend"],"damage_healed":0,"gold_gain":0,"player_choice":"Removed Skill","damage_taken":0,"max_hp_gain":0,"max_hp_loss":0,"event_name":"Falling","floor":41,"gold_loss":0}],"is_beta":true,"boss_relics":[{"not_picked":["Astrolabe","Fusion Hammer"],"picked":"Cursed Key"},{"not_picked":["Velvet Choker","Busted Crown"],"picked":"SlaversCollar"}],"items_purged_floors":[29,39,48,53],"is_endless":false,"potions_floor_spawned":[1,3,10,12,16,18,19,21,25,30,40,45,46],"ascension_level":19}}