{"host":"Oniwa","time":1610545644,"event":{"mods":["BaseMod","Colored Map","Colored Powertips","Minty Spire (QoL Compilation)","Relic Stats","Slay the Relics Exporter","SpireBot","StSLib","ojb\u0027s Better Paths Mod","ojb\u0027s Info Mod"],"gold_per_floor":[111,130,130,143,156,183,183,194,194,226,0,16,46,65,65,143,143,163,181,92,15,35,35,35,60,60,60,80,113,113,140,140,217,217,228,228,240,240,240,273,273,73,73,101,121,121,135,145,145,145,145,145,145,45,77,77],"floor_reached":57,"language":"JPN","playtime":8056,"items_purged":["Strike_P","Strike_P"],"score":3359,"play_id":"dafb94ad-9d1a-4580-99b1-8625a51273ab","local_time":"20210113224724","is_ascension_mode":true,"campfire_choices":[{"floor":7,"key":"REST"},{"data":"MentalFortress","floor":15,"key":"SMITH"},{"data":"Vault","floor":23,"key":"SMITH"},{"data":"MentalFortress","floor":27,"key":"SMITH"},{"floor":32,"key":"REST"},{"data":"Fasting2","floor":41,"key":"SMITH"},{"floor":46,"key":"RECALL"},{"data":"Scrawl","floor":49,"key":"SMITH"},{"data":"Wireheading","floor":53,"key":"SMITH"}],"circlet_count":0,"master_deck":["AscendersBane","Strike_P","Strike_P","Defend_P","Defend_P","Defend_P","Defend_P","Eruption","Vigilance","Apotheosis+1","CutThroughFate","MentalFortress+1","BowlingBash","CrushJoints","SandsOfTime","Protect","Vault+1","FlurryOfBlows","EmptyFist","SpiritShield","Wireheading+1","Meditate","MentalFortress+1","Halt+1","Meditate","Scrawl+1","Fasting2+1","Discovery","Secret Weapon","WheelKick+1","LikeWater","LikeWater","Wallop","Indignation","ClearTheMind"],"relics":["PureWater","Blood Vial","Calipers","Gremlin Horn","Frozen Eye","Thread and Needle","Philosopher\u0027s Stone","Lizard Tail","StrikeDummy","Anchor","Singing Bowl","SlaversCollar","Bag of Marbles","Eternal Feather","Happy Flower"],"acts_visited":["Exordium","TheCity","TheBeyond","TheEnding"],"potions_floor_usage":[6,8,10,25,25,33,40,44,55,56],"damage_taken":[{"damage":0,"enemies":"Cultist","floor":1,"turns":3},{"damage":0,"enemies":"Small Slimes","floor":2,"turns":4},{"damage":0,"enemies":"Jaw Worm","floor":4,"turns":2},{"damage":3,"enemies":"Looter","floor":5,"turns":4},{"damage":17,"enemies":"3 Sentries","floor":6,"turns":4},{"damage":1,"enemies":"Exordium Thugs","floor":8,"turns":3},{"damage":0,"enemies":"Gremlin Nob","floor":10,"turns":3},{"damage":7,"enemies":"Exordium Wildlife","floor":12,"turns":3},{"damage":0,"enemies":"Lagavulin","floor":13,"turns":5},{"damage":0,"enemies":"Looter","floor":14,"turns":2},{"damage":0,"enemies":"The Guardian","floor":16,"turns":10},{"damage":8,"enemies":"Spheric Guardian","floor":18,"turns":4},{"damage":0,"enemies":"Chosen","floor":19,"turns":4},{"damage":0,"enemies":"Snecko","floor":22,"turns":5},{"damage":13,"enemies":"Slavers","floor":25,"turns":3},{"damage":27,"enemies":"Snake Plant","floor":28,"turns":4},{"damage":20,"enemies":"Book of Stabbing","floor":29,"turns":5},{"damage":0,"enemies":"Gremlin Leader","floor":31,"turns":4},{"damage":0,"enemies":"Automaton","floor":33,"turns":8},{"damage":0,"enemies":"3 Shapes","floor":35,"turns":6},{"damage":0,"enemies":"3 Darklings","floor":37,"turns":4},{"damage":0,"enemies":"Nemesis","floor":40,"turns":5},{"damage":0,"enemies":"Reptomancer","floor":44,"turns":6},{"damage":4,"enemies":"4 Shapes","floor":45,"turns":5},{"damage":0,"enemies":"Jaw Worm Horde","floor":47,"turns":3},{"damage":0,"enemies":"Sphere and 2 Shapes","floor":48,"turns":6},{"damage":25,"enemies":"Donu and Deca","floor":50,"turns":8},{"damage":0,"enemies":"Time Eater","floor":51,"turns":12},{"damage":48,"enemies":"Shield and Spear","floor":55,"turns":6},{"damage":100023,"enemies":"The Heart","floor":56,"turns":11}],"seed_played":"-6010902420215118869","potions_obtained":[{"floor":2,"key":"Block Potion"},{"floor":4,"key":"ColorlessPotion"},{"floor":8,"key":"Ancient Potion"},{"floor":12,"key":"Ambrosia"},{"floor":28,"key":"Strength Potion"},{"floor":29,"key":"Swift Potion"},{"floor":33,"key":"GamblersBrew"},{"floor":40,"key":"DistilledChaos"},{"floor":44,"key":"DuplicationPotion"}],"is_trial":false,"path_per_floor":["M","M","?","M","M","E","R","M","T","E","$","M","E","M","R","B",null,"M","M","$","$","M","R","$","E","T","R","M","E","?","E","R","B",null,"M","?","M","?","?","E","R","$","T","E","M","R","M","M","R","B","B",null,"R","$","E","B",null],"character_chosen":"WATCHER","items_purchased":["Frozen Eye","FearPotion","Meditate","MentalFortress","LikeWater","Wallop"],"campfire_rested":2,"item_purchase_floors":[11,11,20,21,42,42],"current_hp_per_floor":[61,61,61,61,58,41,59,60,60,62,62,55,57,59,59,61,62,54,56,56,56,58,58,58,47,47,47,22,4,16,20,39,41,58,60,52,54,54,54,56,56,56,56,60,58,68,68,70,70,45,47,64,70,70,24,36],"gold":77,"neow_bonus":"RANDOM_COLORLESS_2","is_daily":false,"chose_seed":false,"campfire_upgraded":6,"win_rate":0.0,"timestamp":1610545644,"path_taken":["M","?","?","M","M","E","R","M","T","E","?","M","E","M","R","BOSS","M","?","?","$","M","R","$","E","T","R","M","E","?","E","R","BOSS","M","?","M","?","?","E","R","$","T","E","M","R","M","M","R","BOSS","BOSS","R","$","E","BOSS"],"items_purchased_type":["Relic","Potion","Card","Card","Card","Card"],"build_version":"2020-12-18","purchased_purges":2,"victory":true,"max_hp_per_floor":[62,62,62,62,62,62,62,62,62,62,62,62,62,62,62,62,62,62,62,62,62,62,62,62,62,62,62,62,62,62,64,64,64,64,64,66,66,66,66,66,66,66,66,68,68,68,68,70,70,70,70,70,70,70,72,72],"relic_stats":{"Blood Vial":38,"Lizard Tail":36,"Gremlin Horn":[25,26],"Singing Bowl":10,"Happy Flower":[3],"counters":[30,152],"Eternal Feather":16,"obtain_stats":[{"Calipers":9,"Gremlin Horn":10,"Singing Bowl":31,"Happy Flower":55,"Thread and Needle":13,"Eternal Feather":44,"Blood Vial":6,"Frozen Eye":11,"SlaversCollar":34,"Lizard Tail":25,"Anchor":29,"Philosopher\u0027s Stone":17,"Bag of Marbles":40,"PureWater":0,"StrikeDummy":26},{"Calipers":6,"Gremlin Horn":7,"Singing Bowl":18,"Happy Flower":29,"Thread and Needle":9,"Eternal Feather":23,"Blood Vial":5,"Frozen Eye":7,"SlaversCollar":19,"Lizard Tail":15,"Anchor":17,"Philosopher\u0027s Stone":11,"Bag of Marbles":22,"PureWater":0,"StrikeDummy":15},{"Calipers":20,"Gremlin Horn":23,"Singing Bowl":72,"Happy Flower":141,"Thread and Needle":31,"Eternal Feather":101,"Blood Vial":17,"Frozen Eye":23,"SlaversCollar":80,"Lizard Tail":59,"Anchor":68,"Philosopher\u0027s Stone":43,"Bag of Marbles":95,"PureWater":0,"StrikeDummy":59}]},"card_choices":[{"not_picked":["Secret Technique","Secret Weapon"],"picked":"Apotheosis","floor":0},{"not_picked":["Sanctity","Pray"],"picked":"CutThroughFate","floor":1},{"not_picked":["Protect","Prostrate"],"picked":"MentalFortress","floor":2},{"not_picked":["Protect","PathToVictory"],"picked":"BowlingBash","floor":4},{"not_picked":["SashWhip","Wireheading"],"picked":"CrushJoints","floor":5},{"not_picked":["ConjureBlade","ReachHeaven"],"picked":"SandsOfTime","floor":6},{"not_picked":["Prostrate","PathToVictory"],"picked":"Protect","floor":8},{"not_picked":["CutThroughFate","FollowUp"],"picked":"Vault","floor":10},{"not_picked":["JustLucky","LikeWater"],"picked":"FlurryOfBlows","floor":12},{"not_picked":["Pray","FlurryOfBlows","Evaluate"],"picked":"SKIP","floor":13},{"not_picked":["ClearTheMind","BowlingBash"],"picked":"EmptyFist","floor":14},{"not_picked":["Ragnarok","Alpha"],"picked":"SpiritShield","floor":16},{"not_picked":["BattleHymn","Nirvana"],"picked":"Wireheading","floor":18},{"not_picked":["CrushJoints","Perseverance","SashWhip"],"picked":"SKIP","floor":19},{"not_picked":["Crescendo","JustLucky","FollowUp"],"picked":"SKIP","floor":22},{"not_picked":["Judgement","Halt+1","Collect"],"picked":"SKIP","floor":25},{"not_picked":["Judgement","Collect"],"picked":"Halt+1","floor":25},{"not_picked":["Swivel","PathToVictory"],"picked":"Meditate","floor":28},{"not_picked":["Consecrate","Weave","Pray"],"picked":"SKIP","floor":29},{"not_picked":["Perseverance","CarveReality","Judgement"],"picked":"Singing Bowl","floor":31},{"not_picked":["ConjureBlade","MasterReality"],"picked":"Scrawl","floor":33},{"not_picked":["FollowUp","ThirdEye"],"picked":"Fasting2","floor":35},{"not_picked":["Forethought","Mayhem"],"picked":"Discovery","floor":36},{"not_picked":["HandOfGreed","Bandage Up","Dramatic Entrance"],"picked":"Singing Bowl","floor":36},{"not_picked":["Magnetism","HandOfGreed"],"picked":"Secret Weapon","floor":36},{"not_picked":["CrushJoints","Crescendo"],"picked":"WheelKick+1","floor":37},{"not_picked":["JustLucky","Consecrate"],"picked":"LikeWater","floor":40},{"not_picked":["LikeWater","JustLucky","Devotion"],"picked":"Singing Bowl","floor":44},{"not_picked":["Fasting2","Protect+1"],"picked":"Indignation","floor":45},{"not_picked":["Halt+1","CutThroughFate+1"],"picked":"ClearTheMind","floor":47},{"not_picked":["Prostrate+1","Evaluate","CutThroughFate+1"],"picked":"Singing Bowl","floor":48},{"not_picked":["FollowUp","WreathOfFlame+1","SignatureMove+1"],"picked":"Singing Bowl","floor":55}],"player_experience":2540513,"relics_obtained":[{"floor":6,"key":"Blood Vial"},{"floor":9,"key":"Calipers"},{"floor":10,"key":"Gremlin Horn"},{"floor":13,"key":"Thread and Needle"},{"floor":25,"key":"Lizard Tail"},{"floor":26,"key":"StrikeDummy"},{"floor":29,"key":"Anchor"},{"floor":31,"key":"Singing Bowl"},{"floor":40,"key":"Bag of Marbles"},{"floor":44,"key":"Eternal Feather"},{"floor":55,"key":"Happy Flower"}],"event_choices":[{"damage_healed":0,"gold_gain":0,"player_choice":"Forge","damage_taken":0,"max_hp_gain":0,"max_hp_loss":0,"event_name":"Accursed Blacksmith","floor":3,"gold_loss":0,"cards_upgraded":["Apotheosis"]},{"damage_healed":12,"gold_gain":0,"player_choice":"Heal","damage_taken":0,"max_hp_gain":0,"max_hp_loss":0,"event_name":"The Library","floor":30,"gold_loss":0},{"damage_healed":0,"gold_gain":0,"player_choice":"Memory 3","damage_taken":10,"max_hp_gain":0,"max_hp_loss":0,"event_name":"SensoryStone","floor":36,"gold_loss":0},{"damage_healed":0,"gold_gain":0,"player_choice":"Ignored","damage_taken":0,"max_hp_gain":0,"max_hp_loss":0,"event_name":"Tomb of Lord Red Mask","floor":38,"gold_loss":0},{"damage_healed":0,"gold_gain":0,"player_choice":"Got Potions","damage_taken":0,"max_hp_gain":0,"max_hp_loss":0,"event_name":"Lab","floor":39,"gold_loss":0}],"is_beta":true,"boss_relics":[{"not_picked":["Velvet Choker","Busted Crown"],"picked":"Philosopher\u0027s Stone"},{"not_picked":["Cursed Key","SacredBark"],"picked":"SlaversCollar"}],"items_purged_floors":[42,54],"is_endless":false,"potions_floor_spawned":[2,4,8,12,14,19,28,29,33,40,44,45],"ascension_level":20}}