{"host":"guk5h31bsklpp7e4","time":1610497399,"event":{"mods":["AchievementEnabler","BaseMod","Colored Map","Colored Powertips","Highlight Path","Minty Spire (QoL Compilation)","Quick Restart"],"gold_per_floor":[114,289,289,60,71,101,101,134,134,134,149,149,149,181,181,276,276,296,476,486,486,486,486,521,521,521,521,550,550,221,231,231,328,328,345,345,355,22,37,71,71,71,71,21,53,53,71,71,71,71,71],"floor_reached":50,"language":"ENG","playtime":3107,"items_purged":["Doubt","Strike_R"],"score":685,"play_id":"94202953-8c90-4d8e-b06f-3768b49e123b","local_time":"20210112192319","is_ascension_mode":true,"campfire_choices":[{"floor":7,"key":"RECALL"},{"data":"Armaments","floor":12,"key":"SMITH"},{"data":"Inflame","floor":15,"key":"SMITH"},{"floor":23,"key":"REST"},{"data":"Corruption","floor":25,"key":"SMITH"},{"data":"Spot Weakness","floor":27,"key":"SMITH"},{"data":"Rupture","floor":29,"key":"SMITH"},{"data":"Dark Embrace","floor":32,"key":"SMITH"},{"floor":41,"key":"REST"},{"floor":46,"key":"REST"},{"floor":49,"key":"REST"}],"circlet_count":0,"master_deck":["Bash","Bludgeon","Shockwave","Twin Strike+1","Spot Weakness+1","Armaments+1","Inflame+1","Offering","Corruption+1","Shrug It Off","Purity","Clothesline+1","Rampage+1","Flex+1","Rupture+1","Dark Embrace+1","Dropkick+1","Reaper","Seeing Red","Infernal Blade","Hemokinesis","Warcry","Iron Wave","Havoc","Rupture","Feel No Pain+1","Shrug It Off+1","Bandage Up","Sentinel+1","Body Slam+1","Pommel Strike+1","Feel No Pain+1","Cleave+1","Wild Strike+1","Havoc+1","Pummel+1","Heavy Blade+1"],"relics":["Black Blood","Sling","Dream Catcher","Red Skull","Akabeko","Matryoshka","Boot","MealTicket","Regal Pillow","Bronze Scales","Toy Ornithopter","Letter Opener","Whetstone","HandDrill","Pandora\u0027s Box","Pantograph","Molten Egg 2","Anchor","Unceasing Top","Bottled Flame"],"acts_visited":["Exordium","TheCity","TheBeyond"],"potions_floor_usage":[13,16,16,24,24,24,28,28,31,33,40,40],"damage_taken":[{"damage":1.0,"enemies":"Cultist","floor":1.0,"turns":3.0},{"damage":2,"enemies":"Jaw Worm","floor":5,"turns":4},{"damage":27,"enemies":"Lagavulin","floor":6,"turns":5},{"damage":12,"enemies":"Gremlin Nob","floor":8,"turns":3},{"damage":0,"enemies":"Small Slimes","floor":11,"turns":2},{"damage":0,"enemies":"Gremlin Gang","floor":13,"turns":1},{"damage":15,"enemies":"3 Sentries","floor":14,"turns":7},{"damage":36,"enemies":"Slime Boss","floor":16,"turns":7},{"damage":14,"enemies":"Chosen","floor":18,"turns":4},{"damage":24,"enemies":"3 Byrds","floor":20,"turns":7},{"damage":23,"enemies":"Book of Stabbing","floor":24,"turns":5},{"damage":22,"enemies":"Slavers","floor":28,"turns":5},{"damage":10,"enemies":"Shelled Parasite and Fungi","floor":31,"turns":3},{"damage":61,"enemies":"Champ","floor":33,"turns":9},{"damage":37,"enemies":"3 Darklings","floor":35,"turns":4},{"damage":23,"enemies":"3 Shapes","floor":37,"turns":2},{"damage":62,"enemies":"Sphere and 2 Shapes","floor":39,"turns":9},{"damage":32,"enemies":"Giant Head","floor":40,"turns":7},{"damage":40,"enemies":"Nemesis","floor":45,"turns":7},{"damage":55,"enemies":"Maw","floor":47,"turns":8},{"damage":89,"enemies":"Awakened One","floor":50,"turns":6}],"seed_played":"-8205437517729704465","potions_obtained":[{"floor":1.0,"key":"FearPotion"},{"floor":5,"key":"FearPotion"},{"floor":10,"key":"SmokeBomb"},{"floor":10,"key":"EntropicBrew"},{"floor":14,"key":"Regen Potion"},{"floor":16,"key":"Dexterity Potion"},{"floor":24,"key":"Fire Potion"},{"floor":28,"key":"FearPotion"},{"floor":33,"key":"DuplicationPotion"},{"floor":37,"key":"FearPotion"},{"floor":39,"key":"EssenceOfSteel"}],"is_trial":false,"path_per_floor":["M","?","T","$","M","E","R","E","T","?","M","R","M","E","R","B",null,"M","?","M","T","T","R","E","R","T","R","E","R","$","M","R","B",null,"M","?","M","$","M","E","R","?","T","$","E","R","M","?","R","B"],"character_chosen":"IRONCLAD","items_purchased":["Sling","HandDrill","Dark Embrace","Molten Egg 2","Bandage Up","Cleave+1"],"campfire_rested":4,"item_purchase_floors":[4,30,30,38,38,44],"current_hp_per_floor":[80,80,80,80,80,59,59,53,53,53,59,59,65,56,56,40,80,78,53,41,41,41,80,69,69,69,69,69,69,80,80,80,36,80,80,80,69,80,34,28,67,67,67,80,56,80,49,49,80,0,0],"gold":71,"neow_bonus":"ONE_RANDOM_RARE_CARD","is_daily":false,"chose_seed":false,"campfire_upgraded":6,"win_rate":0.0,"timestamp":1610497399,"path_taken":["M","?","?","$","M","E","R","E","T","?","?","R","M","E","R","BOSS","M","?","?","?","?","R","E","R","T","R","E","R","?","?","R","BOSS","M","?","?","$","M","E","R","?","T","?","E","R","M","?","R","BOSS"],"items_purchased_type":["Relic","Relic","Card","Relic","Card","Card"],"build_version":"2020-12-22","purchased_purges":2,"victory":false,"max_hp_per_floor":[80,80,80,80,80,80,80,80,80,80,80,80,80,80,80,80,80,80,80,80,80,80,80,80,80,80,80,80,80,80,80,80,80,80,80,80,80,80,80,80,80,80,80,80,80,80,80,80,80,80,80],"card_choices":[{"not_picked":["Blood for Blood","Sword Boomerang"],"picked":"Shockwave","floor":1.0},{"not_picked":["Armaments","Disarm"],"picked":"Twin Strike","floor":5},{"not_picked":["Anger","Clash"],"picked":"Spot Weakness","floor":6},{"not_picked":["Anger","Clash"],"picked":"Armaments","floor":8},{"not_picked":["Thunderclap","Armaments"],"picked":"Inflame","floor":11},{"not_picked":["Body Slam","Armaments"],"picked":"Offering","floor":14},{"not_picked":["Juggernaut","Fiend Fire"],"picked":"Corruption","floor":16},{"not_picked":["Fire Breathing","Metallicize"],"picked":"Shrug It Off","floor":18},{"not_picked":["Fire Breathing","Carnage"],"picked":"Clothesline+1","floor":20},{"not_picked":["Seeing Red","Power Through"],"picked":"Rampage+1","floor":23},{"not_picked":["Corruption","Sword Boomerang"],"picked":"Flex+1","floor":24},{"not_picked":["Havoc","Disarm+1"],"picked":"Rupture","floor":28},{"not_picked":["Twin Strike+1","Wild Strike"],"picked":"Dropkick+1","floor":31},{"not_picked":["Corruption","Demon Form"],"picked":"Reaper","floor":33},{"not_picked":["True Grit+1","Twin Strike"],"picked":"Feel No Pain+1","floor":35},{"not_picked":["Clash","Clothesline"],"picked":"Shrug It Off+1","floor":37},{"not_picked":["Uppercut+1","Clothesline+1"],"picked":"Sentinel+1","floor":39},{"not_picked":["Clothesline+1","Wild Strike+1"],"picked":"Body Slam+1","floor":40},{"not_picked":["Shockwave","Clothesline+1"],"picked":"Pommel Strike+1","floor":41},{"not_picked":["Fire Breathing+1","Flex"],"picked":"Wild Strike+1","floor":45},{"not_picked":["Demon Form","Spot Weakness"],"picked":"Havoc+1","floor":46},{"not_picked":["Warcry","Heavy Blade+1"],"picked":"Pummel+1","floor":47},{"not_picked":["Headbutt+1","Iron Wave+1"],"picked":"Heavy Blade+1","floor":49}],"player_experience":289107,"relics_obtained":[{"floor":6,"key":"Dream Catcher"},{"floor":8,"key":"Red Skull"},{"floor":9,"key":"Akabeko"},{"floor":14,"key":"Matryoshka"},{"floor":21,"key":"Boot"},{"floor":21,"key":"MealTicket"},{"floor":22,"key":"Regal Pillow"},{"floor":22,"key":"Bronze Scales"},{"floor":24,"key":"Toy Ornithopter"},{"floor":26,"key":"Letter Opener"},{"floor":28,"key":"Whetstone"},{"floor":40,"key":"Anchor"},{"floor":43,"key":"Unceasing Top"},{"floor":45,"key":"Bottled Flame"}],"event_choices":[{"damage_healed":0,"gold_gain":175,"player_choice":"AGREE","damage_taken":0,"max_hp_gain":0,"max_hp_loss":0,"event_name":"Liars Game","floor":2,"gold_loss":0,"cards_obtained":["Doubt"]},{"damage_healed":0,"gold_gain":0,"player_choice":"Got Potions","damage_taken":0,"max_hp_gain":0,"max_hp_loss":0,"event_name":"Lab","floor":10,"gold_loss":0},{"damage_healed":0,"gold_gain":180,"player_choice":"CARD GOLD GOLD ","damage_taken":25,"max_hp_gain":0,"max_hp_loss":0,"event_name":"Knowing Skull","floor":19,"potions_obtained":[],"gold_loss":0,"cards_obtained":["Purity"]},{"damage_healed":0,"gold_gain":0,"player_choice":"Gave Potion","damage_taken":0,"relics_obtained":["Pantograph"],"max_hp_gain":0,"max_hp_loss":0,"event_name":"WeMeetAgain","floor":36,"gold_loss":0},{"damage_healed":0,"gold_gain":0,"player_choice":"Copied","damage_taken":0,"max_hp_gain":0,"max_hp_loss":0,"event_name":"Duplicator","floor":42,"gold_loss":0,"cards_obtained":["Feel No Pain"]},{"cards_removed":["True Grit"],"damage_healed":0,"gold_gain":0,"player_choice":"Removed Skill","damage_taken":0,"max_hp_gain":0,"max_hp_loss":0,"event_name":"Falling","floor":48,"gold_loss":0}],"is_beta":false,"boss_relics":[{"not_picked":["Fusion Hammer","Ectoplasm"],"picked":"Black Blood"},{"not_picked":["Sozu","Calling Bell"],"picked":"Pandora\u0027s Box"}],"items_purged_floors":[4,30],"is_endless":false,"potions_floor_spawned":[1,5,11,14,16,24,28,33,37,39],"killed_by":"Awakened One","ascension_level":3}}