{"host":"z9nhqy1wc0bvpk1o","time":1610575590,"event":{"mods":["BaseMod","Downfall","Minty Spire (QoL Compilation)","StSLib"],"gold_per_floor":[117,117,117,117,132,161,161,187,187,187,32,32,32,48,48,151,151,163,183,20,20,47,67,87,118,143,58,72,72,91,109,109,109,109],"floor_reached":33,"language":"ENG","playtime":2066,"items_purged":[],"score":350,"play_id":"bb01900c-86e3-4ec1-83e1-5cd098f67b04","local_time":"20210113220630","is_ascension_mode":false,"campfire_choices":[{"floor":7,"key":"REST"},{"floor":10,"key":"REST"},{"data":"Bash","floor":12,"key":"SMITH"},{"floor":15,"key":"REST"},{"data":"Violence","floor":29,"key":"SMITH"},{"floor":32,"key":"REST"}],"circlet_count":0,"master_deck":["Defend_R","Defend_R","Defend_R","Bash+1","Anger+1","Combust+1","Regret","Clash+1","Rampage+1","Perfected Strike+1","Cleave+1","Limit Break","Dark Embrace+1","Headbutt+1","Violence+1","Bite+1","Bite+1","Bite+1","Bite+1","Bite+1","Clash+1","Twin Strike+1","Body Slam+1","Perfected Strike+1"],"relics":["Burning Blood","Lizard Tail","Molten Egg 2","Darkstone Periapt","Strawberry","Self Forming Clay","Busted Crown","Ancient Tea Set","Whetstone","MealTicket","Happy Flower"],"acts_visited":["Exordium","TheCity"],"potions_floor_usage":[8,23,24,25,28,33],"damage_taken":[{"damage":2,"enemies":"2 Louse","floor":1,"turns":4},{"damage":3,"enemies":"Cultist","floor":5,"turns":3},{"damage":30,"enemies":"Lagavulin","floor":6,"turns":5},{"damage":42,"enemies":"3 Sentries","floor":8,"turns":7},{"damage":7,"enemies":"Jaw Worm","floor":14,"turns":3},{"damage":11,"enemies":"Slime Boss","floor":16,"turns":7},{"damage":37,"enemies":"2 Thieves","floor":18,"turns":4},{"damage":26,"enemies":"Shell Parasite","floor":19,"turns":4},{"damage":21,"enemies":"Centurion and Healer","floor":23,"turns":4},{"damage":25,"enemies":"Cultist and Chosen","floor":24,"turns":5},{"damage":39,"enemies":"Slavers","floor":25,"turns":6},{"damage":31,"enemies":"Snake Plant","floor":28,"turns":3},{"damage":16,"enemies":"Centurion and Healer","floor":30,"turns":4},{"damage":17,"enemies":"Cultist and Chosen","floor":31,"turns":4},{"damage":92,"enemies":"Automaton","floor":33,"turns":8}],"seed_played":"-8770456820673480615","potions_obtained":[{"floor":6,"key":"Block Potion"},{"floor":14,"key":"Dexterity Potion"},{"floor":19,"key":"PowerPotion"},{"floor":24,"key":"HeartOfIron"},{"floor":25,"key":"DuplicationPotion"},{"floor":30,"key":"ColorlessPotion"}],"is_trial":false,"path_per_floor":["M","?","?","?","M","E","R","E","T","R","$","R","?","M","R","B",null,"M","M","$","?","T","M","M","E","T","?","M","R","M","M","R","B"],"character_chosen":"IRONCLAD","items_purchased":["Blood Vial","Violence"],"campfire_rested":4,"item_purchase_floors":[11,20],"current_hp_per_floor":[80,80,62,62,65,41,65,36,36,62,62,62,55,56,82,79,87,56,38,38,38,38,35,37,22,22,22,52,52,51,52,78,13,13],"gold":109,"neow_bonus":"THREE_CARDS","is_daily":false,"chose_seed":false,"campfire_upgraded":2,"win_rate":0.0,"timestamp":1610575590,"path_taken":["M","?","?","?","?","E","R","E","T","R","$","R","?","M","R","BOSS","M","M","$","?","?","M","M","E","T","?","M","R","M","M","R","BOSS"],"items_purchased_type":["Relic","Card"],"build_version":"2020-12-22","purchased_purges":0,"victory":false,"max_hp_per_floor":[80,80,80,80,80,80,80,87,87,87,87,87,87,87,87,87,87,87,87,87,87,87,87,87,87,87,87,87,87,87,87,87,87,87],"card_choices":[{"not_picked":["Headbutt","Clothesline"],"picked":"Anger","floor":0},{"not_picked":["Shrug It Off","Dual Wield"],"picked":"Combust","floor":1},{"not_picked":["Clothesline+1","Armaments"],"picked":"Clash+1","floor":5},{"not_picked":["True Grit","Blood for Blood+1"],"picked":"Rampage+1","floor":6},{"not_picked":["Combust","Sever Soul+1"],"picked":"Perfected Strike+1","floor":8},{"not_picked":["Sword Boomerang+1","Thunderclap+1"],"picked":"Cleave+1","floor":14},{"not_picked":["Bludgeon+1","Offering"],"picked":"Limit Break","floor":16},{"not_picked":[],"picked":"Dark Embrace+1","floor":18},{"not_picked":[],"picked":"Headbutt+1","floor":19},{"not_picked":["Bloodletting"],"picked":"SKIP","floor":23},{"not_picked":[],"picked":"Clash+1","floor":24},{"not_picked":[],"picked":"Twin Strike+1","floor":25},{"not_picked":[],"picked":"Body Slam+1","floor":28},{"not_picked":[],"picked":"Perfected Strike+1","floor":30},{"not_picked":["Dropkick+1"],"picked":"SKIP","floor":31}],"player_experience":11328,"relics_obtained":[{"floor":6,"key":"Darkstone Periapt"},{"floor":8,"key":"Strawberry"},{"floor":9,"key":"Self Forming Clay"},{"floor":22,"key":"Ancient Tea Set"},{"floor":25,"key":"Whetstone"},{"floor":26,"key":"MealTicket"}],"event_choices":[{"damage_healed":0,"gold_gain":0,"player_choice":"Box","damage_taken":0,"relics_obtained":["Lizard Tail"],"max_hp_gain":0,"max_hp_loss":0,"event_name":"Big Fish","floor":2,"gold_loss":0,"cards_obtained":["Regret"]},{"damage_healed":0,"gold_gain":0,"player_choice":"Success","damage_taken":18,"relics_obtained":["Molten Egg 2"],"max_hp_gain":0,"max_hp_loss":0,"event_name":"Scrap Ooze","floor":3,"gold_loss":0},{"damage_healed":0,"gold_gain":0,"player_choice":"Upgraded","damage_taken":0,"max_hp_gain":0,"max_hp_loss":0,"event_name":"Upgrade Shrine","floor":4,"gold_loss":0,"cards_upgraded":["Combust"]},{"cards_removed":["Defend_R"],"damage_healed":0,"gold_gain":0,"player_choice":"Card Removal","damage_taken":7,"max_hp_gain":0,"max_hp_loss":0,"event_name":"Golden Wing","floor":13,"gold_loss":0},{"damage_healed":0,"gold_gain":0,"player_choice":"Became a vampire (Vial)","damage_taken":0,"max_hp_gain":0,"max_hp_loss":0,"event_name":"Vampires","floor":21,"relics_lost":["Blood Vial"],"gold_loss":0,"cards_obtained":["Bite","Bite","Bite","Bite","Bite"]},{"damage_healed":0,"gold_gain":0,"player_choice":"Obtained Relic","damage_taken":0,"relics_obtained":["Happy Flower"],"max_hp_gain":0,"max_hp_loss":0,"event_name":"Addict","floor":27,"gold_loss":85}],"is_beta":false,"boss_relics":[{"not_picked":["Velvet Choker","Runic Pyramid"],"picked":"Busted Crown"}],"items_purged_floors":[],"is_endless":false,"potions_floor_spawned":[6,14,19,24,25,30],"killed_by":"Automaton","ascension_level":0}}