{"host":"neshiy0twyn5josp","time":1610553212,"event":{"mods":["AchievementEnabler","Act Like it!","AlwaysNeverKeys","Aspiration","BaseMod","Better Note","Better Silent Start","Better Third Choice","Challenge The Spire","Colored Powertips","Conspire","Emptier Cage","Energized Spire","GifTheSpireLib","Hubris","Minty Spire (QoL Compilation)","Pale of the Ancients","Permanent Neow","Quick Restart","Rare Cards Sparkle","Replay The Spire","Reworked Bosses","StSLib","Stuff the Spire"],"gold_per_floor":[112,112,112,37,53,53,66,84,84,84,84,84,84,84,29,0,0,130,130,145,70,86,104,183,183,183,183,183,206,249,249,263,282,282,410,410,424,438,463,209,228,228,228,246,269,316,344,356,368,420,432,444,476,501,513,64,64,89,89,89,89,39],"floor_reached":63,"language":"ENG","playtime":4672,"items_purged":["Regret","Strike_G"],"score":1503,"play_id":"97d42e73-5118-46fe-b140-e64803574f9a","local_time":"20210113075332","is_ascension_mode":false,"campfire_choices":[{"data":"Noxious Fumes","floor":6,"key":"SMITH"},{"data":"StuffTheSpire:CelestialWarden","floor":11,"key":"SMITH"},{"data":"Fluid Movement","floor":17,"key":"SMITH"},{"data":"Noxious Fumes+1","floor":25,"key":"SMITH"},{"data":"Noxious Fumes+2","floor":31,"key":"SMITH"},{"data":"Noxious Fumes+3","floor":34,"key":"SMITH"},{"data":"Fluid Movement+1","floor":42,"key":"SMITH"},{"data":"Catalyst","floor":48,"key":"SMITH"},{"data":"Fluid Movement+2","floor":51,"key":"SMITH"},{"data":"Apotheosis","floor":57,"key":"SMITH"},{"data":"StuffTheSpire:CelestialWarden+1","floor":59,"key":"SMITH"}],"circlet_count":0,"master_deck":["Strike_G","Strike_G","Defend_G","Defend_G","Defend_G","Defend_G","Survivor","Neutralize+1","Dodge and Roll","Noxious Fumes+4","StuffTheSpire:ReptileScales","Fluid Movement+3","StuffTheSpire:CelestialWarden+2","Noxious Fumes+1","Adrenaline","Leg Sweep","Malaise","Deflect+1","Well Laid Plans+1","Crippling Poison","ReplayTheSpireMod:Speed Training","Catalyst+1","StuffTheSpire:Incursion+1","Replay:Poison Smokescreen","Apotheosis+1"],"relics":["Ring of the Snake","NeowsBlessing","Golden Idol","Replay:Towering Pillar of Hats","hubris:Backtick","conspire:InfiniteJournal","StuffTheSpire:Rhapsscallions","hubris:Icosahedron","Snake Skull","Thread and Needle","TwistedFunnel","MawBank","StuffTheSpire:WitherSkull","Blue Candle","paleoftheancients:Timepiece","paleoftheancients:KeyRelic","Ice Cream","Gremlin Horn","Ring of Panic","Counterbalance","paleoftheancients:SoulOfTheHexaghost","hubris:PeanutButter"],"acts_visited":["Exordium","TheCity","TheBeyond","TheBeyond"],"potions_floor_usage":[18,30,30,30,33,35,39,50,50],"damage_taken":[{"damage":0,"enemies":"Jaw Worm","floor":1,"turns":1},{"damage":0,"enemies":"Small Slimes","floor":5,"turns":1},{"damage":0,"enemies":"2 Louse","floor":7,"turns":2},{"damage":13,"enemies":"Red Slaver","floor":8,"turns":6},{"damage":2,"enemies":"Looter","floor":16,"turns":4},{"damage":9,"enemies":"Fading Forest","floor":18,"turns":11},{"damage":1,"enemies":"3 Byrds","floor":20,"turns":5},{"damage":6,"enemies":"Chosen","floor":22,"turns":8},{"damage":0,"enemies":"Centurion and Healer","floor":23,"turns":7},{"damage":14,"enemies":"3 Cultists","floor":29,"turns":5},{"damage":0,"enemies":"Book of Stabbing","floor":30,"turns":9},{"damage":0,"enemies":"Shelled Parasite and Fungi","floor":32,"turns":6},{"damage":0,"enemies":"Snecko","floor":33,"turns":6},{"damage":19,"enemies":"hubris:MusketHawk","floor":35,"turns":9},{"damage":0,"enemies":"Orb Walker","floor":37,"turns":5},{"damage":0,"enemies":"3 Darklings","floor":38,"turns":6},{"damage":0,"enemies":"Writhing Mass","floor":39,"turns":9},{"damage":0,"enemies":"Maw","floor":41,"turns":9},{"damage":0,"enemies":"4 Shapes","floor":44,"turns":5},{"damage":1,"enemies":"Giant Head","floor":46,"turns":11},{"damage":0,"enemies":"Jaw Worm Horde","floor":47,"turns":4},{"damage":11,"enemies":"Reptomancer","floor":50,"turns":8},{"damage":0,"enemies":"bossMod:newAwakened","floor":52,"turns":18},{"damage":0,"enemies":"bossMod:newAwakened","floor":53,"turns":9},{"damage":2,"enemies":"bossMod:newAwakened","floor":54,"turns":11},{"damage":0,"enemies":"bossMod:newAwakened","floor":58,"turns":8},{"damage":8,"enemies":"paleoftheancients:N","floor":62,"turns":22}],"seed_played":"5867660534440666815","potions_obtained":[{"floor":1,"key":"Dexterity Potion"},{"floor":5,"key":"FearPotion"},{"floor":7,"key":"Flashbang"},{"floor":20,"key":"BlessingOfTheForge"},{"floor":22,"key":"LifebloodPotion"},{"floor":30,"key":"Adrenaline Potion"},{"floor":37,"key":"SpeedPotion"},{"floor":38,"key":"Fire Potion"},{"floor":47,"key":"LiquidMemories"}],"is_trial":false,"path_per_floor":["M","?","?","$","M","R","M","M","T","?","R","?","PTL","PTL","$","M","R","B",null,"M","$","M","M","T","R","?","?","T","M","E","R","M","M","R","B",null,"M","M","M","$","M","R","?","M","T","E","M","R","?","E","R","B","M","M","?","$","R","M","R","T","?","B",null],"character_chosen":"THE_SILENT","items_purchased":["Noxious Fumes","Noxious Fumes+1","TwistedFunnel","Apotheosis","Counterbalance"],"campfire_rested":0,"item_purchase_floors":[4,15,40,56,56],"current_hp_per_floor":[70,70,65,65,65,65,65,52,52,52,52,52,52,52,52,50,50,63,65,64,64,58,58,61,61,61,61,61,47,47,47,47,47,47,28,68,68,68,68,68,68,68,68,68,68,67,67,67,65,54,54,65,65,64,64,64,64,65,65,65,65,61],"gold":39,"neow_bonus":"THREE_ENEMY_KILL","is_daily":false,"chose_seed":false,"campfire_upgraded":11,"win_rate":0.0,"timestamp":1610553212,"path_taken":["M","?","?","$","?","R","M","M","T","?","R","?","PTL","PTL","$","M","R","BOSS","M","$","M","M","?","R","?","?","T","M","E","R","M","M","R","BOSS","M","M","M","$","M","R","?","?","T","E","M","R","?","E","R","BOSS","M","M","?","$","R","M","R","T","?","BOSS"],"items_purchased_type":["Card","Card","Relic","Card","Relic"],"build_version":"2020-12-22","purchased_purges":2,"victory":true,"max_hp_per_floor":[70,70,65,65,65,65,65,65,65,65,65,65,65,65,65,65,65,65,65,65,65,65,65,68,68,68,68,68,68,68,68,68,68,68,68,68,68,68,68,68,68,68,68,68,68,68,68,68,65,65,65,65,65,65,65,65,65,65,65,65,65,65],"card_choices":[{"not_picked":["StuffTheSpire:ReptileScales","Backflip"],"picked":"Dodge and Roll","floor":1},{"not_picked":["ReplayTheSpireMod:The Works","StuffTheSpire:Python"],"picked":"StuffTheSpire:ReptileScales","floor":5},{"not_picked":["Slice","StuffTheSpire:ClusterCrunch","Concentrate"],"picked":"SKIP","floor":7},{"not_picked":["PiercingWail","Accuracy"],"picked":"Fluid Movement","floor":8},{"not_picked":["StuffTheSpire:Vigor","StuffTheSpire:Harmony"],"picked":"StuffTheSpire:CelestialWarden","floor":10},{"not_picked":["Sucker Punch","Caltrops","Quick Slash"],"picked":"SKIP","floor":16},{"not_picked":["Phantasmal Killer","Tools of the Trade"],"picked":"Adrenaline","floor":18},{"not_picked":["ReplayTheSpireMod:Exploit Weakness","Flying Knee","Dodge and Roll"],"picked":"SKIP","floor":20},{"not_picked":["PiercingWail","Prepared","Sneak Up"],"picked":"SKIP","floor":22},{"not_picked":["hubris:SlightOfHand","Outmaneuver+1","StuffTheSpire:Python"],"picked":"SKIP","floor":23},{"not_picked":["Bane","Slice","Prepared"],"picked":"SKIP","floor":29},{"not_picked":["Flying Knee","Accuracy","Finisher"],"picked":"SKIP","floor":30},{"not_picked":["Acrobatics","Dagger Throw"],"picked":"Leg Sweep","floor":32},{"not_picked":["Wraith Form v2","Backflip","Underhanded Strike"],"picked":"SKIP","floor":33},{"not_picked":["Die Die Die","Glass Knife"],"picked":"Malaise","floor":35},{"not_picked":["Dagger Spray+1","Dodge and Roll"],"picked":"Deflect+1","floor":37},{"not_picked":["Dagger Throw","Infinite Blades+1"],"picked":"Well Laid Plans+1","floor":38},{"not_picked":["Endless Agony+1","StuffTheSpire:Injection+1"],"picked":"Crippling Poison","floor":39},{"not_picked":["Acrobatics","Riddle With Holes","Dagger Spray"],"picked":"SKIP","floor":41},{"not_picked":["Backflip","Predator+1","Slice+1"],"picked":"SKIP","floor":44},{"not_picked":["ReplayTheSpireMod:From All Sides","ReplayTheSpireMod:Necrosis"],"picked":"ReplayTheSpireMod:Speed Training","floor":46},{"not_picked":["Footwork+1","StuffTheSpire:Python+1"],"picked":"Catalyst","floor":47},{"not_picked":["hubris:SlightOfHand+1","Calculated Gamble+1","Venomology"],"picked":"SKIP","floor":50},{"not_picked":["Deflect+1","Bane"],"picked":"StuffTheSpire:Incursion+1","floor":53},{"not_picked":["conspire:PoisonWeapons+1","Underhanded Strike"],"picked":"Replay:Poison Smokescreen","floor":54},{"not_picked":["Masterful Stab","Predator","conspire:PoisonWeapons+1"],"picked":"SKIP","floor":58}],"player_experience":280660,"relics_obtained":[{"floor":9,"key":"Replay:Towering Pillar of Hats"},{"floor":24,"key":"StuffTheSpire:Rhapsscallions"},{"floor":28,"key":"Snake Skull"},{"floor":30,"key":"Thread and Needle"},{"floor":45,"key":"MawBank"},{"floor":46,"key":"StuffTheSpire:WitherSkull"},{"floor":50,"key":"Blue Candle"},{"floor":55,"key":"Ring of Panic"},{"floor":58,"key":"paleoftheancients:SoulOfTheHexaghost"},{"floor":60,"key":"hubris:PeanutButter"}],"event_choices":[{"damage_healed":0,"gold_gain":0,"player_choice":"Box","damage_taken":0,"relics_obtained":["Replay:Mystery Machine"],"max_hp_gain":0,"max_hp_loss":0,"event_name":"Big Fish","floor":2,"gold_loss":0,"cards_obtained":["Regret"]},{"damage_healed":0,"gold_gain":0,"player_choice":"Lose Max HP","damage_taken":0,"relics_obtained":["Golden Idol"],"max_hp_gain":0,"max_hp_loss":5,"event_name":"Golden Idol","floor":3,"gold_loss":0},{"damage_healed":0,"gold_gain":0,"player_choice":"Forge","damage_taken":0,"max_hp_gain":0,"max_hp_loss":0,"event_name":"Accursed Blacksmith","floor":12,"gold_loss":0,"cards_upgraded":["Neutralize"]},{"cards_removed":["StuffTheSpire:CelestialWarden"],"damage_healed":0,"gold_gain":0,"player_choice":"Give","damage_taken":0,"max_hp_gain":0,"max_hp_loss":0,"event_name":"betterNote:BetterNote","floor":26,"gold_loss":0,"cards_obtained":["Pommel Strike"]},{"damage_healed":0,"gold_gain":0,"player_choice":"Ignored","damage_taken":0,"max_hp_gain":0,"max_hp_loss":0,"event_name":"betterThird:BetterPortal","floor":43,"gold_loss":0},{"cards_removed":["Parasite"],"damage_healed":0,"gold_gain":0,"player_choice":"Removed Curses","damage_taken":0,"max_hp_gain":0,"max_hp_loss":0,"event_name":"Fountain of Cleansing","floor":49,"gold_loss":0}],"is_beta":false,"boss_relics":[{"not_picked":["conspire:RoyalGoblet","aspiration:PoetsPen_weak"],"picked":"hubris:Backtick"},{"not_picked":["Busted Crown","ReplayTheSpireMod:DimensionalGlitch","energizedSpire:EnergizedDie"]}],"items_purged_floors":[21,40],"is_endless":false,"potions_floor_spawned":[1,5,7,20,22,30,37,38,47],"ascension_level":0}}