{"host":"d3wn6ylxoasccvbu","time":1610578110,"event":{"mods":["BaseMod","Better Debug","Downfall","Minty Spire (QoL Compilation)","StSLib"],"gold_per_floor":[114,129,129,204,129,129,149,149,149,164,191,209,243,261,261,361,361,372,52,62,62,152,180,180,193,193,223,223,19,52,72,72,173,173,185,185,35,50,68,96,128,168,180,209,235,266,278,115,115,115],"floor_reached":51,"language":"ENG","playtime":3133,"items_purged":["Regret","Strike_R","Strike_R","Strike_R","Parasite"],"score":784,"play_id":"da477e34-5e9d-4c02-a5a3-778f00ec56a9","local_time":"20210113174830","is_ascension_mode":false,"campfire_choices":[{"data":"Sword Boomerang","floor":6,"key":"SMITH"},{"data":"Sword Boomerang","floor":8,"key":"SMITH"},{"data":"Limit Break","floor":15,"key":"SMITH"},{"data":"Offering","floor":24,"key":"SMITH"},{"floor":28,"key":"REST"},{"data":"Dark Embrace","floor":32,"key":"SMITH"},{"floor":47,"key":"REST"},{"data":"Pommel Strike","floor":49,"key":"SMITH"}],"circlet_count":0,"master_deck":["Defend_R","Defend_R","Defend_R+1","Defend_R","Bash","Shockwave+1","Sword Boomerang+1","Feel No Pain","Sword Boomerang+1","Pommel Strike+1","Limit Break+1","Thunderclap","Headbutt","Offering+1","Iron Wave","Inflame","Impervious","Feel No Pain","Dark Embrace+1","Warcry+1","Intimidate+1"],"relics":["Burning Blood","Strawberry","Mercury Hourglass","Red Skull","Anchor","Busted Crown","War Paint","Mango","MealTicket","Red Mask","TungstenRod","SlaversCollar","MawBank","Blood Vial","InkBottle"],"acts_visited":["Exordium","TheCity","TheBeyond"],"potions_floor_usage":[12,14,16,16,23,30,31,39,39,42,44,44,50],"damage_taken":[{"damage":1,"enemies":"Small Slimes","floor":1,"turns":4},{"damage":4,"enemies":"Cultist","floor":2,"turns":4},{"damage":8,"enemies":"Jaw Worm","floor":7,"turns":3},{"damage":11,"enemies":"Exordium Wildlife","floor":10,"turns":3},{"damage":16,"enemies":"Lagavulin","floor":11,"turns":7},{"damage":19,"enemies":"Exordium Thugs","floor":12,"turns":4},{"damage":9,"enemies":"3 Sentries","floor":13,"turns":3},{"damage":0,"enemies":"3 Louse","floor":14,"turns":1},{"damage":43,"enemies":"The Guardian","floor":16,"turns":9},{"damage":11,"enemies":"Spheric Guardian","floor":18,"turns":3},{"damage":6,"enemies":"3 Byrds","floor":20,"turns":3},{"damage":24,"enemies":"Gremlin Leader","floor":23,"turns":3},{"damage":3,"enemies":"3 Cultists","floor":25,"turns":3},{"damage":6,"enemies":"Masked Bandits","floor":27,"turns":2},{"damage":28,"enemies":"Slavers","floor":30,"turns":4},{"damage":17,"enemies":"Snake Plant","floor":31,"turns":3},{"damage":24,"enemies":"Collector","floor":33,"turns":4},{"damage":22,"enemies":"Orb Walker","floor":35,"turns":3},{"damage":11,"enemies":"3 Darklings","floor":38,"turns":3},{"damage":21,"enemies":"Writhing Mass","floor":39,"turns":6},{"damage":5,"enemies":"Giant Head","floor":40,"turns":5},{"damage":35,"enemies":"Maw","floor":41,"turns":7},{"damage":40,"enemies":"Nemesis","floor":42,"turns":7},{"damage":3,"enemies":"Sphere and 2 Shapes","floor":44,"turns":3},{"damage":5,"enemies":"Writhing Mass","floor":45,"turns":4},{"damage":19,"enemies":"Jaw Worm Horde","floor":46,"turns":4},{"damage":40,"enemies":"Awakened One","floor":50,"turns":6}],"seed_played":"-5806659181823457898","potions_obtained":[{"floor":1,"key":"ElixirPotion"},{"floor":10,"key":"Weak Potion"},{"floor":11,"key":"PowerPotion"},{"floor":13,"key":"BloodPotion"},{"floor":14,"key":"BlessingOfTheForge"},{"floor":20,"key":"LiquidBronze"},{"floor":27,"key":"Energy Potion"},{"floor":30,"key":"SkillPotion"},{"floor":31,"key":"Energy Potion"},{"floor":38,"key":"AttackPotion"},{"floor":39,"key":"Energy Potion"},{"floor":42,"key":"ColorlessPotion"},{"floor":46,"key":"Dexterity Potion"}],"is_trial":false,"path_per_floor":["M","M","?","?","$","R","M","R","T","M","E","M","E","M","R","B",null,"M","$","M","?","?","E","R","M","T","?","R","$","E","M","R","B",null,"M","?","$","M","M","E","M","E","T","M","M","M","R","$","R","B",null],"character_chosen":"IRONCLAD","items_purchased":["Inflame","War Paint","Dark Embrace"],"campfire_rested":2,"item_purchase_floors":[19,19,29],"current_hp_per_floor":[80,80,87,76,76,76,74,74,74,69,59,46,43,66,66,29,87,82,82,82,65,53,49,49,52,52,52,83,98,76,65,65,47,106,90,90,105,100,85,86,57,23,23,28,31,20,51,66,66,34],"gold":115,"neow_bonus":"TRANSFORM_CARD","is_daily":false,"chose_seed":false,"campfire_upgraded":6,"win_rate":0.0,"timestamp":1610578110,"path_taken":["M","M","?","?","$","R","M","R","T","M","E","M","E","M","R","BOSS","M","$","M","?","?","E","R","?","T","?","R","$","E","M","R","BOSS","M","?","?","M","M","E","M","E","T","M","M","M","R","$","R","BOSS"],"items_purchased_type":["Card","Relic","Card"],"build_version":"2020-12-22","purchased_purges":5,"victory":true,"max_hp_per_floor":[80,80,87,87,87,87,87,87,87,87,87,87,87,87,87,87,87,87,87,87,92,92,106,106,106,106,106,106,106,106,106,106,106,106,106,106,106,106,106,106,106,106,106,106,106,106,106,103,103,103],"card_choices":[{"not_picked":["Seeing Red","True Grit"],"picked":"Sword Boomerang","floor":1},{"not_picked":["Heavy Blade","Uppercut"],"picked":"Feel No Pain","floor":2},{"not_picked":["Twin Strike","Flame Barrier"],"picked":"Sword Boomerang","floor":7},{"not_picked":["Clothesline","Blood for Blood"],"picked":"Pommel Strike","floor":10},{"not_picked":["Feed","Metallicize"],"picked":"Limit Break","floor":11},{"not_picked":["Shockwave","Searing Blow"],"picked":"Thunderclap","floor":12},{"not_picked":["Anger","Heavy Blade"],"picked":"Headbutt","floor":13},{"not_picked":["Shockwave","Perfected Strike","Headbutt"],"picked":"SKIP","floor":14},{"not_picked":["Double Tap","Limit Break"],"picked":"Offering","floor":16},{"not_picked":[],"picked":"Iron Wave","floor":18},{"not_picked":["Fire Breathing"],"picked":"SKIP","floor":20},{"not_picked":[],"picked":"Impervious","floor":23},{"not_picked":[],"picked":"Feel No Pain","floor":25},{"not_picked":["Barricade"],"picked":"SKIP","floor":30},{"not_picked":["Thunderclap"],"picked":"SKIP","floor":31},{"not_picked":[],"picked":"Warcry+1","floor":35},{"not_picked":[],"picked":"Intimidate+1","floor":38},{"not_picked":["Rage"],"picked":"SKIP","floor":39},{"not_picked":["Shockwave+1"],"picked":"SKIP","floor":40},{"not_picked":["Pommel Strike"],"picked":"SKIP","floor":41},{"not_picked":["Second Wind+1"],"picked":"SKIP","floor":42},{"not_picked":["Perfected Strike+1"],"picked":"SKIP","floor":44},{"not_picked":["Clash"],"picked":"SKIP","floor":45},{"not_picked":["Flex+1"],"picked":"SKIP","floor":46}],"player_experience":59519,"relics_obtained":[{"floor":9,"key":"Mercury Hourglass"},{"floor":11,"key":"Red Skull"},{"floor":13,"key":"Anchor"},{"floor":23,"key":"Mango"},{"floor":26,"key":"MealTicket"},{"floor":27,"key":"Red Mask"},{"floor":30,"key":"TungstenRod"},{"floor":40,"key":"MawBank"},{"floor":42,"key":"Blood Vial"},{"floor":43,"key":"InkBottle"}],"event_choices":[{"damage_healed":0,"gold_gain":0,"player_choice":"Box","damage_taken":0,"relics_obtained":["Strawberry"],"max_hp_gain":0,"max_hp_loss":0,"event_name":"Big Fish","floor":3,"gold_loss":0,"cards_obtained":["Regret"]},{"damage_healed":0,"gold_gain":75,"player_choice":"Gather Gold","damage_taken":11,"max_hp_gain":0,"max_hp_loss":0,"event_name":"World of Goop","floor":4,"gold_loss":0},{"damage_healed":0,"gold_gain":0,"player_choice":"Shed Blood","damage_taken":22,"max_hp_gain":5,"max_hp_loss":0,"event_name":"Forgotten Altar","floor":21,"gold_loss":0},{"damage_healed":0,"gold_gain":90,"player_choice":"GOLD ","damage_taken":12,"max_hp_gain":0,"max_hp_loss":0,"event_name":"Knowing Skull","floor":22,"potions_obtained":[],"gold_loss":0,"cards_obtained":[]},{"damage_healed":0,"gold_gain":0,"player_choice":"Fought Bandits","damage_taken":0,"max_hp_gain":0,"max_hp_loss":0,"event_name":"Masked Bandits","floor":27,"gold_loss":0},{"cards_removed":["Strike_R"],"damage_healed":0,"gold_gain":0,"player_choice":"Purged","damage_taken":0,"max_hp_gain":0,"max_hp_loss":0,"event_name":"Purifier","floor":36,"gold_loss":0}],"is_beta":false,"boss_relics":[{"not_picked":["Mark of Pain","Tiny House"],"picked":"Busted Crown"},{"not_picked":["Runic Cube","Empty Cage"],"picked":"SlaversCollar"}],"items_purged_floors":[5,19,29,37,48],"is_endless":false,"potions_floor_spawned":[1,10,11,13,14,20,27,30,31,38,39,42,46],"ascension_level":0}}