{"host":"mmqs5ul2bvb60kyc","time":1610515358,"event":{"mods":["AchievementEnabler","BaseMod","Colored Map","Hermit","Minty Spire (QoL Compilation)","Quick Restart","Remilia£®¿Ÿ√◊¿Ú—«£©","StSLib","[IsaacMod]“‘»ˆº‚À˛"],"gold_per_floor":[114,125,80,96,96,96,106,136,213,68,82,82,114,125,125,246,246,246,246],"floor_reached":18,"language":"ZHS","playtime":1686,"items_purged":["Regret"],"score":272,"play_id":"559b0375-e99e-4dfb-bb99-ba1154aa5577","local_time":"20210113132238","is_ascension_mode":false,"campfire_choices":[{"data":"ScarletImprint","floor":6.0,"key":"SMITH"},{"data":"DiffusionOfMisfortune","floor":12.0,"key":"SMITH"},{"data":"ScarletImprint","floor":15,"key":"SMITH"}],"circlet_count":0,"master_deck":["Strike_RM","Strike_RM","Strike_RM","Strike_RM","Defend_RM","Defend_RM","Defend_RM","Defend_RM","RedMoon","ScarletShoot","ScarletImprint+1","DevilSight","CharismaGuard","ScarletSymphony","VampirishNight","ForecastOfChange","VampireKiss","Septette","ScarletImprint+1","DiffusionOfMisfortune+1","ScarletCoffin","AfternoonTea","ScarletNetherworld","Ultimatum","HellCatastrophe","CurseOfVladTepes","BloodyCatastrophe","VampirishNight","Deep Breath","SuicideKing"],"relics":["ScarletHat","HushsDoor","SatanicBible","NeowsBlessing","Prayer Wheel","Regal Pillow","Eternal Feather","Orrery","HornCleat","Cursed Key","MyShadow","Incubus"],"acts_visited":["Exordium","TheCity"],"potions_floor_usage":[],"damage_taken":[{"damage":0.0,"enemies":"Cultist","floor":1.0,"turns":1.0},{"damage":0.0,"enemies":"Small Slimes","floor":2.0,"turns":1.0},{"damage":0.0,"enemies":"2 Louse","floor":4.0,"turns":2.0},{"damage":38.0,"enemies":"Gremlin Gang","floor":7.0,"turns":3.0},{"damage":0.0,"enemies":"3 Sentries","floor":8.0,"turns":10.0},{"damage":0.0,"enemies":"Lots of Slimes","floor":11.0,"turns":1.0},{"damage":0,"enemies":"Lagavulin","floor":13,"turns":9},{"damage":0,"enemies":"Blue Slaver","floor":14,"turns":4},{"damage":0,"enemies":"The Guardian","floor":16,"turns":15},{"damage":0,"enemies":"Spheric Guardian","floor":18,"turns":2}],"seed_played":"-2132281025589666543","potions_obtained":[{"floor":11.0,"key":"SpeedPotion"},{"floor":13,"key":"AttackPotion"},{"floor":14,"key":"AttackPotion"},{"floor":16,"key":"Dexterity Potion"}],"is_trial":false,"path_per_floor":["M","M","$","M","?","R","M","E","T","$","M","R","E","M","R","B",null,"M"],"character_chosen":"REMILIA","items_purchased":["CharismaGuard","Orrery","MyShadow","Incubus","CurseOfVladTepes","BloodyCatastrophe","VampirishNight","DestinyDice","GamblersBrew","Deep Breath","SuicideKing"],"campfire_rested":0,"item_purchase_floors":[3,10,17,17,17,17,17,17,17,17,17],"current_hp_per_floor":[75,75,75,75,75,75,37,55,55,55,55,67,70,72,75,75,13,0,0],"gold":246,"neow_bonus":"THREE_ENEMY_KILL","is_daily":false,"chose_seed":false,"campfire_upgraded":3,"win_rate":0.0,"timestamp":1610515358,"path_taken":["M","M","?","M","?","R","?","E","T","$","M","R","E","M","R","BOSS","M"],"items_purchased_type":["Card","Relic","Relic","Relic","Card","Card","Card","Potion","Potion","Card","Card"],"build_version":"2020-12-22","purchased_purges":1,"victory":false,"max_hp_per_floor":[75,75,75,75,75,75,75,75,75,75,75,75,75,75,75,75,13,13,13],"card_choices":[{"not_picked":[],"picked":"SuicideKing","floor":0.0},{"not_picked":["NightDance","ScarletDevil"],"picked":"ScarletImprint","floor":1.0},{"not_picked":["ScarletImprint","ScarletGensokyo"],"picked":"DevilSight","floor":2.0},{"not_picked":["BlasphemousPunishment","NightDance"],"picked":"ScarletSymphony","floor":4.0},{"not_picked":["CharismaGuard","DevilSight"],"picked":"VampirishNight","floor":7.0},{"not_picked":["BombardNight","UnderTheZenith"],"picked":"ForecastOfChange","floor":7.0},{"not_picked":["EmergencyRegeneration","CharismaGuard"],"picked":"VampireKiss","floor":8.0},{"not_picked":["ChainGang","ScarletDevil"],"picked":"Septette","floor":10.0},{"not_picked":["EndlessAdversity","Stigmanizer"],"picked":"ScarletImprint","floor":10.0},{"not_picked":["RedMagic","UltimateOffering"],"picked":"DiffusionOfMisfortune","floor":10.0},{"not_picked":["UnderTheZenith","DiffusionOfMisfortune"],"picked":"ScarletCoffin","floor":10.0},{"not_picked":["ScarletDevilSign","HunterOfTheNight"],"picked":"AfternoonTea","floor":10.0},{"not_picked":["NightDance","UnstableMagic","ScarletDevil"],"picked":"SKIP","floor":11.0},{"not_picked":["BloodyMagicSquare","UltimateOffering","Septette"],"picked":"SKIP","floor":11.0},{"not_picked":["NightDance","UnstableMagic","ScarletDevil"],"picked":"SKIP","floor":11.0},{"not_picked":["BloodyMagicSquare","UltimateOffering","Septette"],"picked":"SKIP","floor":11.0},{"not_picked":["Maim","DiffusionOfMisfortune"],"picked":"ScarletNetherworld","floor":13},{"not_picked":["Septette","BloodyMagicSquare"],"picked":"Ultimatum","floor":14},{"not_picked":["RedNightlessCastle","BadLadyScramble","NightDance"],"picked":"SKIP","floor":14},{"not_picked":["ScarletCoffin","BloodyCatastrophe"],"picked":"HellCatastrophe","floor":16}],"player_experience":253236,"relics_obtained":[{"floor":8.0,"key":"Regal Pillow"},{"floor":9.0,"key":"Eternal Feather"},{"floor":13,"key":"HornCleat"}],"event_choices":[{"damage_healed":0.0,"max_hp_gain":0.0,"max_hp_loss":0.0,"gold_gain":0.0,"event_name":"Big Fish","player_choice":"Box","floor":5.0,"gold_loss":0.0,"damage_taken":0.0,"relics_obtained":["Prayer Wheel"],"cards_obtained":["Regret"]}],"is_beta":false,"boss_relics":[{"not_picked":["Black Star","SlaversCollar"],"picked":"Cursed Key"},{"not_picked":[]}],"items_purged_floors":[17],"is_endless":false,"potions_floor_spawned":[11,13,14,16],"killed_by":"Spheric Guardian","ascension_level":0}}