{"host":"BK","time":1610498724,"event":{"mods":["BaseMod","Highlight Path","Minty Spire (QoL Compilation)","StSLib"],"gold_per_floor":[110,121,138,138,153,153,78,111,111,111,122,141,158,188,188,265,265,275,287,287,7,19,19,19,19],"floor_reached":24,"language":"ENG","playtime":1026,"items_purged":["Strike_R","Strike_R"],"score":400,"play_id":"d9055e1d-4ca1-434d-89f6-4c6a37722f61","local_time":"20210112174524","is_ascension_mode":true,"campfire_choices":[{"data":"Pommel Strike","floor":6,"key":"SMITH"},{"data":"Flame Barrier","floor":10,"key":"SMITH"},{"data":"Clothesline","floor":15,"key":"SMITH"},{"data":"Shrug It Off","floor":23,"key":"SMITH"}],"circlet_count":0,"master_deck":["AscendersBane","Strike_R","Strike_R","Defend_R","Defend_R","Defend_R","Defend_R","Bash","Pommel Strike+1","Clothesline+1","Shrug It Off+1","Flame Barrier+1","Bash","Dropkick","Dropkick","CurseOfTheBell","Master of Strategy"],"relics":["Sozu","Strawberry","Paper Frog","Odd Mushroom","Calling Bell","Pen Nib","Eternal Feather","Bird Faced Urn"],"acts_visited":["Exordium","TheCity"],"potions_floor_usage":[],"damage_taken":[{"damage":0,"enemies":"Small Slimes","floor":1,"turns":3},{"damage":1,"enemies":"Cultist","floor":2,"turns":3},{"damage":7,"enemies":"Jaw Worm","floor":3,"turns":3},{"damage":14,"enemies":"Gremlin Gang","floor":5,"turns":5},{"damage":6,"enemies":"Gremlin Nob","floor":8,"turns":3},{"damage":2,"enemies":"Lots of Slimes","floor":11,"turns":4},{"damage":8,"enemies":"Blue Slaver","floor":12,"turns":2},{"damage":1,"enemies":"Looter","floor":13,"turns":3},{"damage":5,"enemies":"The Mushroom Lair","floor":14,"turns":4},{"damage":22,"enemies":"Hexaghost","floor":16,"turns":11},{"damage":0,"enemies":"Chosen","floor":18,"turns":4},{"damage":14,"enemies":"3 Byrds","floor":19,"turns":5},{"damage":10,"enemies":"Snecko","floor":22,"turns":6},{"damage":54,"enemies":"Book of Stabbing","floor":24,"turns":5}],"seed_played":"-220737120894028409","potions_obtained":[],"is_trial":false,"path_per_floor":["M","M","M","?","M","R","$","E","T","R","M","M","M","?","R","B",null,"M","M","?","$","M","R","E"],"character_chosen":"IRONCLAD","items_purchased":["Master of Strategy"],"campfire_rested":0,"item_purchase_floors":[21],"current_hp_per_floor":[68,67,60,60,46,46,46,47,47,47,45,37,36,31,31,9,64,64,50,50,50,40,49,0,0],"gold":19,"neow_bonus":"BOSS_RELIC","is_daily":false,"chose_seed":false,"campfire_upgraded":4,"win_rate":0.0,"timestamp":1610498724,"path_taken":["M","M","M","?","M","R","$","E","T","R","M","M","?","?","R","BOSS","M","M","?","$","?","R","E"],"items_purchased_type":["Card"],"build_version":"2020-12-18","purchased_purges":2,"victory":false,"max_hp_per_floor":[75,75,75,75,75,75,75,82,82,82,82,82,82,82,82,82,82,82,82,82,82,82,82,82,82],"card_choices":[{"not_picked":["Anger","Body Slam"],"picked":"Pommel Strike","floor":1},{"not_picked":["Wild Strike","Searing Blow"],"picked":"Clothesline","floor":2},{"not_picked":["Clothesline","Clash"],"picked":"Shrug It Off","floor":3},{"not_picked":["Pummel","Armaments"],"picked":"Dropkick","floor":5},{"not_picked":["Armaments","Intimidate","Flex"],"picked":"SKIP","floor":8},{"not_picked":["Heavy Blade","Clash","Berserk"],"picked":"SKIP","floor":11},{"not_picked":["True Grit","Rupture","Clothesline"],"picked":"SKIP","floor":12},{"not_picked":["Combust","Havoc"],"picked":"Dropkick","floor":13},{"not_picked":["Sword Boomerang","Rampage","Uppercut"],"picked":"SKIP","floor":18},{"not_picked":["Feel No Pain","Flex","Ghostly Armor"],"picked":"SKIP","floor":19},{"not_picked":["Warcry","Heavy Blade+1","Anger"],"picked":"SKIP","floor":22}],"player_experience":2496652,"relics_obtained":[{"floor":8,"key":"Strawberry"},{"floor":9,"key":"Paper Frog"},{"floor":14,"key":"Odd Mushroom"},{"floor":17,"key":"Pen Nib"},{"floor":17,"key":"Eternal Feather"},{"floor":17,"key":"Bird Faced Urn"}],"event_choices":[{"damage_healed":0,"gold_gain":0,"player_choice":"2 cards matched","damage_taken":0,"max_hp_gain":0,"max_hp_loss":0,"event_name":"Match and Keep!","floor":4,"gold_loss":0,"cards_obtained":["Flame Barrier","Bash"]},{"damage_healed":0,"gold_gain":0,"player_choice":"Fought Mushrooms","damage_taken":0,"max_hp_gain":0,"max_hp_loss":0,"event_name":"Mushrooms","floor":14,"gold_loss":0},{"cards_removed":["Strike_R"],"damage_healed":0,"gold_gain":0,"player_choice":"Purged","damage_taken":0,"max_hp_gain":0,"max_hp_loss":0,"event_name":"Purifier","floor":20,"gold_loss":0}],"is_beta":true,"boss_relics":[{"not_picked":["Mark of Pain","Black Star"],"picked":"Calling Bell"}],"items_purged_floors":[7,21],"is_endless":false,"potions_floor_spawned":[2,5,8,13,16,19],"killed_by":"Book of Stabbing","ascension_level":20}}