{"host":"y8cpnk8u7pqs5ve6","time":1610547363,"event":{"mods":["100% Spire Juice","Act Like it!","BaseMod","Gold Saver","Hallownest","Hermit","Minty Spire (QoL Compilation)","Quick Restart","StSLib","The Servant 0.9.4","WarShipGirlsR/’ΩΩ¢…Ÿ≈ÆR mod","Yakumo Yukari mod"],"gold_per_floor":[116,141,141,141,9,39,39,64,64,78,78,92,92,102,102,174,174,186,186,111,124,124,124,153,153,153,169,169,169,179,22,22,22,22],"floor_reached":33,"language":"ZHS","playtime":1809,"items_purged":[],"score":578,"play_id":"56a4d3fc-b74a-496b-9aa5-aa232d74a152","local_time":"20210113221603","is_ascension_mode":true,"campfire_choices":[{"data":"Flex","floor":7.0,"key":"SMITH"},{"data":"Pommel Strike","floor":13.0,"key":"SMITH"},{"data":"Inflame","floor":15.0,"key":"SMITH"},{"data":"Seeing Red","floor":23.0,"key":"SMITH"},{"floor":25.0,"key":"REST"},{"floor":29,"key":"REST"},{"floor":32,"key":"REST"}],"circlet_count":0,"master_deck":["AscendersBane","Strike_R","Strike_R","Strike_R","Strike_R","Defend_R","Defend_R","Defend_R","Defend_R","Bash","Heavy Blade","Flex+1","Inflame+1","Seeing Red+1","Pommel Strike+1","Armaments","Exhume","J.A.X.","Twin Strike"],"relics":["Burning Blood","NeowsBlessing","PreservedInsect","Champion Belt","StoneCalendar","Bottled Lightning","InkBottle","Sozu","Toy Ornithopter","Frozen Egg 2","StrikeDummy","Pen Nib"],"acts_visited":["Exordium","TheCity"],"potions_floor_usage":[],"damage_taken":[{"damage":0.0,"enemies":"Cultist","floor":1.0,"turns":1.0},{"damage":0.0,"enemies":"Gremlin Nob","floor":6.0,"turns":1.0},{"damage":0.0,"enemies":"Lagavulin","floor":8.0,"turns":1.0},{"damage":8.0,"enemies":"2 Louse","floor":10.0,"turns":2.0},{"damage":6.0,"enemies":"Jaw Worm","floor":12.0,"turns":4.0},{"damage":0.0,"enemies":"Exordium Wildlife","floor":14.0,"turns":3.0},{"damage":27.0,"enemies":"Slime Boss","floor":16.0,"turns":7.0},{"damage":3.0,"enemies":"Chosen","floor":18.0,"turns":3.0},{"damage":19.0,"enemies":"Spheric Guardian","floor":21.0,"turns":4.0},{"damage":66.0,"enemies":"Gremlin Leader","floor":24.0,"turns":4.0},{"damage":34,"enemies":"Shelled Parasite and Fungi","floor":27,"turns":4},{"damage":22,"enemies":"Snecko","floor":30,"turns":4},{"damage":46,"enemies":"Collector","floor":33,"turns":4}],"seed_played":"-6184789273621652809","potions_obtained":[{"floor":8.0,"key":"CultistPotion"},{"floor":10.0,"key":"Swift Potion"},{"floor":16.0,"key":"BloodPotion"}],"is_trial":false,"path_per_floor":["M","T","?","?","$","E","R","E","T","M","$","M","R","M","R","B",null,"M","?","?","M","T","R","E","R","T","M","?","R","M","$","R","B"],"character_chosen":"IRONCLAD","items_purchased":["Flex","Inflame","Pen Nib"],"campfire_rested":3,"item_purchase_floors":[5,5,31],"current_hp_per_floor":[74,74,63,63,63,69,69,75,75,73,73,73,73,75,75,54,70,73,73,73,60,60,60,20,42,42,14,14,36,20,20,42,0,0],"gold":22,"neow_bonus":"THREE_ENEMY_KILL","is_daily":false,"chose_seed":false,"campfire_upgraded":4,"win_rate":0.0,"timestamp":1610547363,"path_taken":["M","?","?","?","$","E","R","E","T","M","?","M","R","M","R","BOSS","M","?","?","M","?","R","E","R","T","?","?","R","M","$","R","BOSS"],"items_purchased_type":["Card","Card","Relic"],"build_version":"2020-12-22","purchased_purges":0,"victory":false,"max_hp_per_floor":[75,75,75,75,75,75,75,75,75,75,75,75,75,75,75,75,75,75,75,75,75,75,75,75,75,75,75,75,75,75,75,75,75,75],"card_choices":[{"not_picked":["Hemokinesis","Anger"],"picked":"Heavy Blade","floor":1.0},{"not_picked":["Flex","Burning Pact"],"picked":"Seeing Red","floor":6.0},{"not_picked":["Blood for Blood","True Grit"],"picked":"Pommel Strike","floor":8.0},{"not_picked":["Fire Breathing","Bludgeon","Havoc"],"picked":"SKIP","floor":10.0},{"not_picked":["Wild Strike","Clothesline","Dark Embrace"],"picked":"SKIP","floor":12.0},{"not_picked":["Warcry","Pommel Strike"],"picked":"Armaments","floor":14.0},{"not_picked":["Juggernaut","Berserk"],"picked":"Exhume","floor":16.0},{"not_picked":["Clash","Anger","Dark Embrace"],"picked":"SKIP","floor":18.0},{"not_picked":["Carnage","Blood for Blood","Body Slam"],"picked":"SKIP","floor":21.0},{"not_picked":["Metallicize+1","Perfected Strike"],"picked":"Twin Strike","floor":24.0},{"not_picked":["Second Wind","True Grit","Sever Soul"],"picked":"SKIP","floor":27},{"not_picked":["Reckless Charge","Perfected Strike","Shockwave"],"picked":"SKIP","floor":30}],"player_experience":208714,"relics_obtained":[{"floor":2.0,"key":"PreservedInsect"},{"floor":6.0,"key":"StoneCalendar"},{"floor":8.0,"key":"Bottled Lightning"},{"floor":9.0,"key":"InkBottle"},{"floor":22.0,"key":"Toy Ornithopter"},{"floor":24.0,"key":"Frozen Egg 2"},{"floor":26.0,"key":"StrikeDummy"}],"event_choices":[{"damage_healed":0.0,"max_hp_gain":0.0,"max_hp_loss":0.0,"gold_gain":0.0,"event_name":"Scrap Ooze","player_choice":"Success","floor":3.0,"gold_loss":0.0,"damage_taken":11.0,"relics_obtained":["Champion Belt"]},{"damage_healed":0.0,"max_hp_gain":0.0,"max_hp_loss":0.0,"gold_gain":0.0,"event_name":"The Cleric","player_choice":"Leave","floor":4.0,"gold_loss":0.0,"damage_taken":0.0},{"damage_healed":0.0,"max_hp_gain":0.0,"max_hp_loss":0.0,"gold_gain":0.0,"event_name":"Drug Dealer","player_choice":"Obtain J.A.X.","floor":19.0,"gold_loss":0.0,"damage_taken":0.0,"cards_obtained":["J.A.X."]},{"cards_removed":["Strike_R"],"damage_healed":0.0,"max_hp_gain":0.0,"max_hp_loss":0.0,"gold_gain":0.0,"event_name":"Beggar","player_choice":"Gave Gold","floor":20.0,"gold_loss":75.0,"damage_taken":0.0}],"is_beta":false,"boss_relics":[{"not_picked":["Snecko Eye","Cursed Key"],"picked":"Sozu"}],"items_purged_floors":[],"is_endless":false,"potions_floor_spawned":[8,10,14,16,21,24],"killed_by":"Collector","ascension_level":16}}