{"host":"n4fty02wqqi95laq","time":1610525208,"event":{"mods":["BaseMod","Highlight Path","Minty Spire (QoL Compilation)","Quick Restart","Rare Cards Sparkle","StSLib"],"gold_per_floor":[113,113,188,188,199,233,250,250,275,287,311,335,379,410,422,507,519,550,612,638,669,449,449,464,33,81,101,101,101,101,101,101,175,175,192,239,199,210,227,227,227,252,252,252,267,142,158,169,169,169,169,169,169,19,47,47],"floor_reached":57,"language":"ZHS","playtime":1999,"items_purged":["Strike_R","Strike_R","Strike_R","Strike_R"],"score":2813,"play_id":"741a345c-9c3e-4cdd-b826-f9b8ba7e492f","local_time":"20210113160648","is_ascension_mode":true,"campfire_choices":[{"data":"Armaments","floor":8.0,"key":"SMITH"},{"data":"Searing Blow","floor":10.0,"key":"SMITH"},{"data":"Searing Blow+1","floor":15.0,"key":"SMITH"},{"data":"Searing Blow+2","floor":23.0,"key":"SMITH"},{"data":"Searing Blow+3","floor":28.0,"key":"SMITH"},{"data":"Searing Blow+4","floor":29.0,"key":"SMITH"},{"data":"Searing Blow+5","floor":30.0,"key":"SMITH"},{"data":"Searing Blow+6","floor":32.0,"key":"SMITH"},{"data":"Searing Blow+7","floor":40.0,"key":"SMITH"},{"data":"Searing Blow+8","floor":41.0,"key":"SMITH"},{"data":"Searing Blow+9","floor":44.0,"key":"SMITH"},{"floor":49.0,"key":"RECALL"},{"data":"Searing Blow+10","floor":53.0,"key":"SMITH"}],"circlet_count":0,"master_deck":["AscendersBane","Defend_R","Defend_R","Defend_R","Defend_R","Bash","Searing Blow+11","Armaments+1","Hemokinesis","Dark Embrace","Shrug It Off","Burning Pact","Feed","Pommel Strike","Double Tap","Disarm+1","Offering","Bloodletting+1","True Grit+1","Sentinel"],"relics":["Burning Blood","NeowsBlessing","Happy Flower","Lantern","MawBank","Ancient Tea Set","Coffee Dripper","Bag of Marbles","WingedGreaves","Potion Belt","SlaversCollar","Thread and Needle","Pen Nib","HornCleat"],"acts_visited":["Exordium","TheCity","TheBeyond","TheEnding"],"potions_floor_usage":[56,56,56],"damage_taken":[{"damage":0.0,"enemies":"Jaw Worm","floor":1.0,"turns":1.0},{"damage":0.0,"enemies":"Small Slimes","floor":5.0,"turns":1.0},{"damage":0.0,"enemies":"Lagavulin","floor":6.0,"turns":1.0},{"damage":3.0,"enemies":"Cultist","floor":7.0,"turns":3.0},{"damage":7.0,"enemies":"Exordium Wildlife","floor":11.0,"turns":4.0},{"damage":8.0,"enemies":"2 Fungi Beasts","floor":12.0,"turns":3.0},{"damage":13.0,"enemies":"3 Sentries","floor":13.0,"turns":6.0},{"damage":18.0,"enemies":"Blue Slaver","floor":14.0,"turns":7.0},{"damage":47.0,"enemies":"The Guardian","floor":16.0,"turns":11.0},{"damage":4.0,"enemies":"Chosen","floor":18.0,"turns":3.0},{"damage":19.0,"enemies":"Shell Parasite","floor":20.0,"turns":6.0},{"damage":8.0,"enemies":"Centurion and Healer","floor":21.0,"turns":5.0},{"damage":0.0,"enemies":"Sentry and Sphere","floor":24.0,"turns":3.0},{"damage":14.0,"enemies":"Snake Plant","floor":27.0,"turns":2.0},{"damage":26.0,"enemies":"Champ","floor":33.0,"turns":5.0},{"damage":45.0,"enemies":"3 Darklings","floor":35.0,"turns":5.0},{"damage":9.0,"enemies":"2 Orb Walkers","floor":36.0,"turns":4.0},{"damage":9.0,"enemies":"3 Shapes","floor":38.0,"turns":4.0},{"damage":6.0,"enemies":"Sphere and 2 Shapes","floor":39.0,"turns":4.0},{"damage":25.0,"enemies":"Nemesis","floor":42.0,"turns":3.0},{"damage":12.0,"enemies":"Transient","floor":45.0,"turns":6.0},{"damage":0.0,"enemies":"Writhing Mass","floor":47.0,"turns":1.0},{"damage":6.0,"enemies":"Jaw Worm Horde","floor":48.0,"turns":4.0},{"damage":22.0,"enemies":"Awakened One","floor":50.0,"turns":3.0},{"damage":17.0,"enemies":"Time Eater","floor":51.0,"turns":6.0},{"damage":8.0,"enemies":"Shield and Spear","floor":55.0,"turns":3.0},{"damage":59,"enemies":"The Heart","floor":56,"turns":5}],"seed_played":"1937005160912228139","potions_obtained":[{"floor":1.0,"key":"Swift Potion"},{"floor":5.0,"key":"Fire Potion"},{"floor":13.0,"key":"Fire Potion"},{"floor":16.0,"key":"SteroidPotion"},{"floor":24.0,"key":"Swift Potion"},{"floor":27.0,"key":"DuplicationPotion"},{"floor":33.0,"key":"Block Potion"},{"floor":37.0,"key":"PowerPotion"},{"floor":37.0,"key":"Explosive Potion"},{"floor":37.0,"key":"EntropicBrew"},{"floor":38.0,"key":"LiquidMemories"},{"floor":45.0,"key":"Energy Potion"},{"floor":47.0,"key":"PowerPotion"},{"floor":55.0,"key":"Ancient Potion"}],"is_trial":false,"path_per_floor":["M","?","?","?","M","E","M","R","T","R","M","M","E","M","R","B",null,"M","?","M","M","$","R","M","$","T","M","R","R","R","?","R","B",null,"M","?","?","M","M","R","R","E","T","R","M","$","M","M","R","B","B",null,"R","$","E","B",null],"character_chosen":"IRONCLAD","items_purchased":["Bag of Marbles","WingedGreaves"],"campfire_rested":0,"item_purchase_floors":[22,25],"current_hp_per_floor":[74,74,63,63,69,75,75,75,75,75,74,72,65,57,57,20,67,69,69,56,58,58,58,67,67,67,59,59,59,59,59,59,39,77,38,35,35,35,38,38,38,23,23,23,17,17,23,27,27,11,20,83,83,83,81,28],"gold":47,"neow_bonus":"THREE_ENEMY_KILL","is_daily":false,"chose_seed":false,"campfire_upgraded":12,"win_rate":0.0,"timestamp":1610525208,"path_taken":["M","?","?","?","?","E","M","R","T","R","M","?","E","M","R","BOSS","M","?","M","M","$","R","M","$","T","M","R","R","R","?","R","BOSS","M","?","?","?","M","R","R","E","T","R","M","$","M","M","R","BOSS","BOSS","R","$","E","BOSS"],"items_purchased_type":["Relic","Relic"],"build_version":"2020-12-22","purchased_purges":4,"victory":true,"max_hp_per_floor":[75,75,75,75,75,75,75,75,75,75,75,75,75,79,79,83,83,83,83,83,87,87,87,90,90,90,90,90,90,90,90,90,90,90,90,90,90,93,96,96,96,100,100,100,100,100,100,104,104,104,104,104,104,104,104,104],"card_choices":[{"not_picked":["Sentinel","Uppercut"],"picked":"Searing Blow","floor":1.0},{"not_picked":["Thunderclap","Spot Weakness"],"picked":"Armaments","floor":5.0},{"not_picked":["Entrench","Pummel"],"picked":"Hemokinesis","floor":6.0},{"not_picked":["Burning Pact","Headbutt"],"picked":"Dark Embrace","floor":7.0},{"not_picked":["Blood for Blood","Inflame"],"picked":"Shrug It Off","floor":11.0},{"not_picked":["Clash","Armaments"],"picked":"Burning Pact","floor":12.0},{"not_picked":["Bloodletting","Flex"],"picked":"Feed","floor":13.0},{"not_picked":["Shockwave","Cleave"],"picked":"Pommel Strike","floor":14.0},{"not_picked":["Demon Form","Reaper"],"picked":"Double Tap","floor":16.0},{"not_picked":["Blood for Blood","Thunderclap","Iron Wave"],"picked":"SKIP","floor":18.0},{"not_picked":["Dropkick","Rupture","Heavy Blade"],"picked":"SKIP","floor":20.0},{"not_picked":["Twin Strike","Thunderclap"],"picked":"Disarm+1","floor":21.0},{"not_picked":["Clothesline","Heavy Blade","Wild Strike"],"picked":"SKIP","floor":24.0},{"not_picked":["Hemokinesis","Dropkick","Intimidate"],"picked":"SKIP","floor":27.0},{"not_picked":["Twin Strike","Wild Strike"],"picked":"Bloodletting+1","floor":35.0},{"not_picked":["Body Slam","Havoc","Brutality"],"picked":"SKIP","floor":38.0},{"not_picked":["Spot Weakness","Pommel Strike","Wild Strike"],"picked":"SKIP","floor":39.0},{"not_picked":["Anger","Warcry"],"picked":"True Grit+1","floor":42.0},{"not_picked":["Perfected Strike","Fire Breathing","Havoc"],"picked":"SKIP","floor":45.0},{"not_picked":["Inflame","Combust","Sword Boomerang"],"picked":"SKIP","floor":47.0},{"not_picked":["Whirlwind","Cleave"],"picked":"Sentinel","floor":48.0},{"not_picked":["Anger","Hemokinesis","Wild Strike+1"],"picked":"SKIP","floor":55.0}],"player_experience":663680,"relics_obtained":[{"floor":4.0,"key":"Happy Flower"},{"floor":6.0,"key":"Lantern"},{"floor":9.0,"key":"MawBank"},{"floor":13.0,"key":"Ancient Tea Set"},{"floor":26.0,"key":"Potion Belt"},{"floor":36.0,"key":"Thread and Needle"},{"floor":42.0,"key":"Pen Nib"},{"floor":55.0,"key":"HornCleat"}],"event_choices":[{"cards_removed":["Strike_R"],"damage_healed":0.0,"max_hp_gain":0.0,"max_hp_loss":0.0,"gold_gain":0.0,"event_name":"Living Wall","player_choice":"Forget","floor":2.0,"gold_loss":0.0,"damage_taken":0.0},{"damage_healed":0.0,"max_hp_gain":0.0,"max_hp_loss":0.0,"gold_gain":75.0,"event_name":"World of Goop","player_choice":"Gather Gold","floor":3.0,"gold_loss":0.0,"damage_taken":11.0},{"damage_healed":0.0,"max_hp_gain":0.0,"max_hp_loss":0.0,"gold_gain":0.0,"event_name":"Wheel of Change","player_choice":"Relic","floor":4.0,"gold_loss":0.0,"damage_taken":0.0},{"damage_healed":0.0,"max_hp_gain":0.0,"max_hp_loss":0.0,"gold_gain":50.0,"event_name":"Nest","player_choice":"Stole From Cult","floor":19.0,"gold_loss":0.0,"damage_taken":0.0},{"damage_healed":0.0,"max_hp_gain":0.0,"max_hp_loss":0.0,"gold_gain":0.0,"event_name":"The Library","player_choice":"Read","floor":31.0,"gold_loss":0.0,"damage_taken":0.0,"cards_obtained":["Offering"]},{"damage_healed":0.0,"max_hp_gain":0.0,"max_hp_loss":0.0,"gold_gain":0.0,"event_name":"Mysterious Sphere","player_choice":"Fight","floor":36.0,"gold_loss":0.0,"damage_taken":0.0},{"damage_healed":0.0,"max_hp_gain":0.0,"max_hp_loss":0.0,"gold_gain":0.0,"event_name":"The Woman in Blue","player_choice":"Bought 3 Potions","floor":37.0,"gold_loss":0.0,"damage_taken":0.0}],"is_beta":false,"boss_relics":[{"not_picked":["Tiny House","SacredBark"],"picked":"Coffee Dripper"},{"not_picked":["Pandora\u0027s Box","Sozu"],"picked":"SlaversCollar"}],"items_purged_floors":[22,25,46,54],"is_endless":false,"potions_floor_spawned":[1,5,7,13,16,24,27,33,38,45,47,55],"ascension_level":20}}