{"host":"19t2eyow02s954g8","time":1610511839,"event":{"mods":["BaseMod","Colored Map","DeckTracker","Minty Spire (QoL Compilation)","StSLib","SuperFastMode"],"gold_per_floor":[119,119,119,132,207,235,38,50,50,50,68,68,68,68,68,163,163,176,226,72,93,93,93,137,137,137],"floor_reached":25,"language":"KOR","playtime":577,"items_purged":["Strike_G","Riddle With Holes+1"],"score":634,"play_id":"c3780013-658b-4f39-a200-72e23559ef8a","local_time":"20210113132359","is_ascension_mode":true,"campfire_choices":[{"data":"Blade Dance","floor":10.0,"key":"SMITH"},{"data":"Catalyst","floor":15.0,"key":"SMITH"},{"data":"Neutralize","floor":23,"key":"SMITH"}],"circlet_count":0,"master_deck":["AscendersBane","Defend_G","Defend_G+1","Defend_G","Defend_G","Defend_G+1","Survivor","Neutralize+1","Blade Dance+1","Deadly Poison","Poisoned Stab","Catalyst+1","Footwork","Noxious Fumes","Accuracy","Burst","Distraction+1","Storm of Steel+1","Blade Dance","Catalyst+1","Adrenaline"],"relics":["Ring of the Snake","NeowsBlessing","Darkstone Periapt","Kunai","Golden Idol","Nunchaku","Astrolabe","PreservedInsect"],"acts_visited":["Exordium","TheCity"],"potions_floor_usage":[24],"damage_taken":[{"damage":0.0,"enemies":"Small Slimes","floor":1.0,"turns":1.0},{"damage":0.0,"enemies":"2 Louse","floor":4.0,"turns":1.0},{"damage":0.0,"enemies":"3 Sentries","floor":6.0,"turns":2.0},{"damage":1.0,"enemies":"Jaw Worm","floor":8.0,"turns":3.0},{"damage":7.0,"enemies":"Blue Slaver","floor":11.0,"turns":4.0},{"damage":0.0,"enemies":"Hexaghost","floor":16.0,"turns":8.0},{"damage":17.0,"enemies":"Spheric Guardian","floor":18.0,"turns":4.0},{"damage":15,"enemies":"2 Thieves","floor":21,"turns":5},{"damage":14,"enemies":"Book of Stabbing","floor":24,"turns":2},{"damage":18,"enemies":"Snake Plant","floor":25,"turns":4}],"seed_played":"-421875945918841393","potions_obtained":[{"floor":8.0,"key":"EntropicBrew"},{"floor":21,"key":"DuplicationPotion"},{"floor":24,"key":"FairyPotion"}],"is_trial":false,"path_per_floor":["M","?","?","M","?","E","$","M","T","R","M","?","$","T","R","B",null,"M","?","$","M","?","R","E","M"],"character_chosen":"THE_SILENT","items_purchased":["Catalyst","Footwork","Blade Dance"],"campfire_rested":0,"item_purchase_floors":[7,7,20],"current_hp_per_floor":[59,52,32,32,21,21,21,20,20,20,13,13,13,13,13,13,48,31,31,31,16,60,60,46,28,28],"gold":137,"neow_bonus":"THREE_ENEMY_KILL","is_daily":false,"chose_seed":false,"campfire_upgraded":3,"win_rate":0.0,"timestamp":1610511839,"path_taken":["M","?","?","M","?","E","?","M","T","R","?","?","$","?","R","BOSS","M","?","$","M","?","R","E","M"],"items_purchased_type":["Card","Card","Card"],"build_version":"2020-12-22","purchased_purges":2,"victory":false,"max_hp_per_floor":[66,66,66,66,66,66,66,66,66,66,66,60,60,60,60,60,60,60,60,60,60,60,60,60,60,60],"card_choices":[{"not_picked":["Dodge and Roll","Acrobatics"],"picked":"Blade Dance","floor":1.0},{"not_picked":["Acrobatics","Sucker Punch"],"picked":"Deadly Poison","floor":4.0},{"not_picked":["Bullet Time","Bane"],"picked":"Poisoned Stab","floor":6.0},{"not_picked":["Deflect","Prepared"],"picked":"Noxious Fumes","floor":8.0},{"not_picked":["Bane","Outmaneuver"],"picked":"Accuracy","floor":11.0},{"not_picked":["Wraith Form v2","A Thousand Cuts"],"picked":"Burst","floor":16.0},{"not_picked":["Masterful Stab","Backflip","Deadly Poison"],"picked":"SKIP","floor":18.0},{"not_picked":["Skewer","Sucker Punch"],"picked":"Catalyst+1","floor":21},{"not_picked":["Flechettes+1","Noxious Fumes"],"picked":"Adrenaline","floor":24}],"player_experience":4259303,"relics_obtained":[{"floor":6.0,"key":"Darkstone Periapt"},{"floor":9.0,"key":"Kunai"},{"floor":14.0,"key":"Nunchaku"},{"floor":24,"key":"PreservedInsect"}],"event_choices":[{"cards_removed":["Strike_G"],"damage_healed":0.0,"max_hp_gain":0.0,"max_hp_loss":0.0,"gold_gain":0.0,"event_name":"Golden Wing","player_choice":"Card Removal","floor":2.0,"gold_loss":0.0,"damage_taken":7.0},{"damage_healed":0.0,"max_hp_gain":0.0,"max_hp_loss":0.0,"gold_gain":0.0,"event_name":"Shining Light","player_choice":"Entered Light","floor":3.0,"gold_loss":0.0,"damage_taken":20.0,"cards_upgraded":["Defend_G","Defend_G"]},{"damage_healed":0.0,"max_hp_gain":0.0,"max_hp_loss":0.0,"gold_gain":75.0,"event_name":"World of Goop","player_choice":"Gather Gold","floor":5.0,"gold_loss":0.0,"damage_taken":11.0},{"damage_healed":0.0,"max_hp_gain":0.0,"max_hp_loss":6.0,"gold_gain":0.0,"event_name":"Golden Idol","player_choice":"Lose Max HP","floor":12.0,"gold_loss":0.0,"damage_taken":0.0,"relics_obtained":["Golden Idol"]},{"damage_healed":0.0,"max_hp_gain":0.0,"max_hp_loss":0.0,"gold_gain":50.0,"event_name":"Nest","player_choice":"Stole From Cult","floor":19.0,"gold_loss":0.0,"damage_taken":0.0},{"damage_healed":44,"gold_gain":0,"player_choice":"Full Heal","damage_taken":0,"max_hp_gain":0,"max_hp_loss":0,"event_name":"Wheel of Change","floor":22,"gold_loss":0}],"is_beta":false,"boss_relics":[{"not_picked":["WristBlade","HoveringKite"],"picked":"Astrolabe"}],"items_purged_floors":[7,20],"is_endless":false,"potions_floor_spawned":[8,21,24],"killed_by":"Snake Plant","ascension_level":20}}