{"host":"40gggw0x72bpm5se","time":1610517912,"event":{"mods":["ATMod(°¢èªMod)","Act Like it!","Aspiration","BaseMod","Better Vampires","Colored Map","Conspire","Downfall","Energized Spire","Friendly Minions","Gensokyo","GungeonMod","Infinite Spire","Koishi","Library of Ruina","Library of Ruina Extra","Lobotomy","LobotomyExtend","Minty Spire (QoL Compilation)","Quarter Circle Forward PUNCH!","Quick Restart","Reimu£¨²©ÀöÁéÃÎ£©","Relic Stats","Replay The Spire","RumiaBox-Â¶Ã×æ«µÄÉñÃØºÐ×Ó","Shop Mod","Spicy Shops","StSLib","The Alterego","UnlockEverythingMod","Waifu the Spire","Youmu£¨»êÆÇÑýÃÎ£©","vexMod","¡¾¹¦ÄÜMod¡¿»ìãçÖ®»·ÐÞ¸´²¹¶¡","¡¾ÒÅÎï¿¨ÅÆ¡¿REMEMod"],"gold_per_floor":[112,112,139,72,82,111,36,36,36,52,71,71,71,99,99,196,196,210,223,322,322,322,322,339,16,16,38,38,57,89,109,109,211,877,897,2,20,20,30,30,42,85,85,85,110,110,110,110,110,110,110,110,38,67,67],"floor_reached":56,"language":"ZHS","playtime":2092,"items_purged":["Pain","Looming Evil","infinitespire:UltimateForm+1"],"score":1386,"play_id":"d108a97c-e92b-4d6b-8dcd-4f8bf66a0da5","local_time":"20210113140512","is_ascension_mode":true,"campfire_choices":[{"data":"AT_FamilyPortrait","floor":8.0,"key":"SMITH"},{"data":"infinitespire:UltimateForm","floor":13.0,"key":"SMITH"},{"data":"alterego_mod:IndependentAction","floor":15.0,"key":"SMITH"},{"data":"alterego_mod:RidiculouslyBig","floor":23.0,"key":"SMITH"},{"data":"ReplayTheSpireMod:Faulty Equipment","floor":28.0,"key":"SMITH"},{"floor":32.0,"key":"RECALL"},{"data":"alterego_mod:SakuraLabyrinth","floor":40.0,"key":"SMITH"},{"data":"alterego_mod:Rake","floor":44.0,"key":"SMITH"},{"floor":47.0,"key":"REST"},{"data":"alterego_mod:Support","floor":49.0,"key":"SMITH"},{"data":"REME_WheelOfFate","floor":52,"key":"SMITH"}],"circlet_count":0,"master_deck":["alterego_mod:Strike+1","alterego_mod:Strike","alterego_mod:Strike+1","alterego_mod:Defend","alterego_mod:Defend","alterego_mod:Defend","alterego_mod:Defend","alterego_mod:Impale","alterego_mod:BigMeatyClaws+1","alterego_mod:BrynhildrsRune","Koishi:LastRemote","AT_FamilyPortrait+1","alterego_mod:DeftHands","alterego_mod:Stockings+1","alterego_mod:RocketPunch+1","alterego_mod:Rip","alterego_mod:BusterCard+1","alterego_mod:IndependentAction+1","alterego_mod:Pet","alterego_mod:SakuraFive+1","alterego_mod:IdEs+1","alterego_mod:RidiculouslyBig+1","alterego_mod:BiFurious+1","alterego_mod:Pet+1","alterego_mod:SakuraFive","alterego_mod:PerceptionDisorder","alterego_mod:SakuraLabyrinth+1","alterego_mod:Undulate","alterego_mod:Jiggle+1","alterego_mod:TrashNCrash","REME_WheelOfFate+1","alterego_mod:Complex+1","Koishi:LastRemote","alterego_mod:DeftHands+1","alterego_mod:ChallengeComplete+1","alterego_mod:Support+1","alterego_mod:ChallengeComplete","alterego_mod:Cooking","alterego_mod:Rake+1","alterego_mod:Undulate+1"],"relics":["REME_ComplimentaryCards","AT_ATBox","Painkiller Herb","LetterFromLob","DemoMod:GundromedaStrain","PageOfFreischutz","PageOfFreischutz","AT_DeathDance","DemoMod:GreenGuonStone","PageOfSpiderBud","vexMod:ImprovementManual","Whetstone","PageOfSingingMachine","Membership Card","Oddly Smooth Stone","GodSword1","Replay:Towering Pillar of Hats","vexMod:RockOfEvil","AT_RabadonDeathcap","conspire:Boomerang","conspire:TreasureMap","aspiration:HiddenCompartment","Frozen Eye","MerchantsRug","Replay:Rubber Ducky","Baka2","CeramicFish","Bottled Flame","Mirror","PageOfLaetitia","aspiration:TomeofQuesting","Replay:Mystery Machine","Blue Doll","Mango","PageOfPorccubus"],"acts_visited":["Gensokyo:Gensokyo","TheCity","TheBeyond","TheEnding"],"potions_floor_usage":[],"damage_taken":[{"damage":6.0,"enemies":"Gensokyo:2_Kodama","floor":1.0,"turns":5.0},{"damage":16.0,"enemies":"conspire:MimicChest","floor":3.0,"turns":5.0},{"damage":0.0,"enemies":"Gensokyo:3_Fairies","floor":5.0,"turns":2.0},{"damage":12.0,"enemies":"Gensokyo:Aya","floor":6.0,"turns":3.0},{"damage":4.0,"enemies":"Gensokyo:Python","floor":10.0,"turns":2.0},{"damage":0.0,"enemies":"Gensokyo:2_Rabbits","floor":11.0,"turns":2.0},{"damage":11.0,"enemies":"Gensokyo:Cirno","floor":14.0,"turns":6.0},{"damage":18.0,"enemies":"Gensokyo:Reimu","floor":16.0,"turns":5.0},{"damage":14.0,"enemies":"Shell Parasite","floor":18.0,"turns":4.0},{"damage":54.0,"enemies":"conspire:FuzzyDice","floor":19.0,"turns":4.0},{"damage":0.0,"enemies":"Centurion and Healer","floor":24.0,"turns":2.0},{"damage":0.0,"enemies":"Book of Stabbing","floor":27.0,"turns":2.0},{"damage":0.0,"enemies":"Snecko","floor":29.0,"turns":3.0},{"damage":2.0,"enemies":"Slavers","floor":30.0,"turns":2.0},{"damage":4.0,"enemies":"3 Cultists","floor":31.0,"turns":2.0},{"damage":15.0,"enemies":"KingOfGreed","floor":33.0,"turns":7.0},{"damage":8.0,"enemies":"3 Shapes","floor":35.0,"turns":3.0},{"damage":3.0,"enemies":"3 Darklings","floor":37.0,"turns":3.0},{"damage":7.0,"enemies":"Jaw Worm Horde","floor":39.0,"turns":3.0},{"damage":4.0,"enemies":"Spire Growth","floor":41.0,"turns":2.0},{"damage":12.0,"enemies":"R_Hoarder","floor":42.0,"turns":4.0},{"damage":27.0,"enemies":"Writhing Mass","floor":45.0,"turns":3.0},{"damage":4.0,"enemies":"Replay:Hell Engine","floor":50.0,"turns":2.0},{"damage":34.0,"enemies":"Malkuth","floor":51.0,"turns":4.0},{"damage":4,"enemies":"Shield and Spear","floor":54,"turns":3},{"damage":41,"enemies":"The Heart","floor":55,"turns":7}],"seed_played":"3819023332689837198","potions_obtained":[{"floor":6.0,"key":"Weak Potion"},{"floor":11.0,"key":"champ:CounterPotion"},{"floor":14.0,"key":"Swift Potion"},{"floor":16.0,"key":"ColorlessPotion"},{"floor":19.0,"key":"Adrenaline Potion"},{"floor":24.0,"key":"Slimebound:ThreeZeroPotion"},{"floor":45.0,"key":"REME_GoldPotion"}],"is_trial":false,"path_per_floor":["?","T","?","T","?","E","T","T","T","?","?","?","T","E","T","B",null,"?","?","?","AVR","?","T","?","T","T","E","T","?","E","?","T","B",null,"?","T","?","?","?","T","?","E","T","T","?","?","T","AVR","T","B",null,null,"T","T","E","B",null],"character_chosen":"The_Alterego","items_purchased":["alterego_mod:RocketPunch+1","PageOfSingingMachine","Membership Card","alterego_mod:SakuraFive","AT_RabadonDeathcap","conspire:Boomerang","conspire:TreasureMap","alterego_mod:TrashNCrash","REME_WheelOfFate","aspiration:HiddenCompartment","Frozen Eye","MerchantsRug","Replay:Rubber Ducky","PageOfLaetitia","aspiration:TomeofQuesting"],"campfire_rested":1,"item_purchase_floors":[4,25,25,25,36,36,36,36,36,36,36,36,36,53,53],"current_hp_per_floor":[70,70,61,61,61,56,56,56,56,52,52,34,34,33,33,15,70,63,29,29,29,52,52,52,52,52,52,52,67,68,64,64,56,70,69,69,67,70,63,63,59,56,56,56,36,36,57,57,57,53,70,70,70,80,42],"gold":67,"neow_bonus":"BOSS_RELIC","is_daily":false,"chose_seed":false,"campfire_upgraded":9,"win_rate":0.0,"timestamp":1610517912,"path_taken":["?","T","?","?","?","E","T","T","T","?","?","?","T","E","T","BOSS","?","?","?","AVR","?","T","?","?","T","E","T","?","E","?","T","BOSS","?","T","?","?","?","T","?","E","T","T","?","?","T","AVR","T","BOSS","T","T","E","BOSS"],"items_purchased_type":["Card","Relic","Relic","Card","Relic","Relic","Relic","Card","Card","Relic","Relic","Relic","Relic","Relic","Relic"],"build_version":"2020-12-22","purchased_purges":3,"victory":true,"max_hp_per_floor":[70,70,70,70,70,70,70,70,70,70,70,70,70,70,70,70,70,70,70,70,70,70,70,70,70,70,70,70,70,70,70,70,70,70,70,70,70,70,70,70,70,70,70,70,70,70,70,70,70,70,70,70,70,84,84],"relic_stats":{"counters":[26,90],"CeramicFish":18,"Whetstone":["alterego_mod:Strike","alterego_mod:Strike"],"obtain_stats":[{"DemoMod:GreenGuonStone":14,"AT_ATBox":0,"CeramicFish":42,"Painkiller Herb":0,"aspiration:TomeofQuesting":53,"Blue Doll":54,"Mango":54,"DemoMod:GlassGuonStoneRelic":3,"Whetstone":21,"PageOfSingingMachine":25,"Replay:Mystery Machine":54,"vexMod:RockOfEvil":34,"PageOfSpiderBud":16,"Replay:Rubber Ducky":36,"Frozen Eye":36,"Baka2":39,"PageOfFreischutz":3,"AT_RabadonDeathcap":36,"MerchantsRug":36,"alterego_mod:MasochisticConstitution":0,"conspire:TreasureMap":36,"Replay:Towering Pillar of Hats":30,"Oddly Smooth Stone":26,"Baka":1,"conspire:Boomerang":36,"aspiration:HiddenCompartment":36,"Bottled Flame":43,"DemoMod:GundromedaStrain":3,"PageOfLaetitia":53,"LetterFromLob":1,"Membership Card":25,"PageOfPorccubus":54,"AT_DeathDance":6,"Mirror":48,"vexMod:ImprovementManual":17,"REME_ComplimentaryCards":0,"GodSword1":27},{"DemoMod:GreenGuonStone":7,"AT_ATBox":0,"CeramicFish":21,"Painkiller Herb":0,"aspiration:TomeofQuesting":24,"Blue Doll":25,"Mango":25,"DemoMod:GlassGuonStoneRelic":2,"Whetstone":10,"PageOfSingingMachine":11,"Replay:Mystery Machine":25,"vexMod:RockOfEvil":16,"PageOfSpiderBud":8,"Replay:Rubber Ducky":17,"Frozen Eye":17,"Baka2":19,"PageOfFreischutz":2,"AT_RabadonDeathcap":17,"MerchantsRug":17,"alterego_mod:MasochisticConstitution":0,"conspire:TreasureMap":17,"Replay:Towering Pillar of Hats":14,"Oddly Smooth Stone":11,"Baka":1,"conspire:Boomerang":17,"aspiration:HiddenCompartment":17,"Bottled Flame":21,"DemoMod:GundromedaStrain":2,"PageOfLaetitia":24,"LetterFromLob":1,"Membership Card":11,"PageOfPorccubus":25,"AT_DeathDance":4,"Mirror":22,"vexMod:ImprovementManual":8,"REME_ComplimentaryCards":0,"GodSword1":12},{"DemoMod:GreenGuonStone":25,"AT_ATBox":0,"CeramicFish":71,"Painkiller Herb":0,"aspiration:TomeofQuesting":80,"Blue Doll":83,"Mango":83,"DemoMod:GlassGuonStoneRelic":10,"Whetstone":38,"PageOfSingingMachine":40,"Replay:Mystery Machine":82,"vexMod:RockOfEvil":56,"PageOfSpiderBud":30,"Replay:Rubber Ducky":59,"Frozen Eye":59,"Baka2":65,"PageOfFreischutz":10,"AT_RabadonDeathcap":59,"MerchantsRug":59,"alterego_mod:MasochisticConstitution":0,"conspire:TreasureMap":59,"Replay:Towering Pillar of Hats":47,"Oddly Smooth Stone":40,"Baka":5,"conspire:Boomerang":59,"aspiration:HiddenCompartment":59,"Bottled Flame":71,"DemoMod:GundromedaStrain":10,"PageOfLaetitia":80,"LetterFromLob":5,"Membership Card":40,"PageOfPorccubus":83,"AT_DeathDance":15,"Mirror":74,"vexMod:ImprovementManual":30,"REME_ComplimentaryCards":0,"GodSword1":42}]},"card_choices":[{"not_picked":["alterego_mod:Pet","alterego_mod:Bunnysuit"],"picked":"alterego_mod:DeftHands","floor":1.0},{"not_picked":["alterego_mod:MagicResistance","alterego_mod:Bunnysuit"],"picked":"alterego_mod:Stockings","floor":3.0},{"not_picked":["alterego_mod:Cooking","alterego_mod:Santa"],"picked":"alterego_mod:Rip","floor":5.0},{"not_picked":["alterego_mod:Cooking","alterego_mod:SakuraFive"],"picked":"alterego_mod:BusterCard","floor":6.0},{"not_picked":["alterego_mod:Mirror","alterego_mod:DeftHands"],"picked":"alterego_mod:IndependentAction","floor":10.0},{"not_picked":["alterego_mod:Maid","alterego_mod:Mirror"],"picked":"alterego_mod:Pet","floor":11.0},{"not_picked":["infinitespire:Oblivion","infinitespire:SevenWalls"],"picked":"infinitespire:UltimateForm","floor":12.0},{"not_picked":["alterego_mod:Birthday","alterego_mod:BreastValley"],"picked":"alterego_mod:SakuraFive","floor":14.0},{"not_picked":["alterego_mod:ClassAdvantage","alterego_mod:Valkyrie"],"picked":"alterego_mod:IdEs","floor":16.0},{"not_picked":["alterego_mod:HighServant","alterego_mod:Clap+1"],"picked":"alterego_mod:RidiculouslyBig","floor":18.0},{"not_picked":["alterego_mod:Complex","alterego_mod:Bounce"],"picked":"alterego_mod:BiFurious+1","floor":19.0},{"not_picked":["alterego_mod:Belts","alterego_mod:TrashNCrash+1"],"picked":"alterego_mod:Pet+1","floor":24.0},{"not_picked":["alterego_mod:Bunnysuit","alterego_mod:GoddessCore"],"picked":"alterego_mod:PerceptionDisorder","floor":27.0},{"not_picked":["alterego_mod:GoddessCore","alterego_mod:BeGentle","alterego_mod:DustData"],"picked":"SKIP","floor":29.0},{"not_picked":["alterego_mod:Santa","alterego_mod:DeftHands"],"picked":"alterego_mod:SakuraLabyrinth","floor":30.0},{"not_picked":["alterego_mod:BiFurious+1","alterego_mod:GachaTicket"],"picked":"alterego_mod:Undulate","floor":31.0},{"not_picked":["alterego_mod:Maid","alterego_mod:1TonWallop"],"picked":"alterego_mod:Jiggle+1","floor":35.0},{"not_picked":["alterego_mod:HighServant","alterego_mod:DeftHands+1"],"picked":"alterego_mod:Complex+1","floor":37.0},{"not_picked":["alterego_mod:1TonWallop","alterego_mod:GachaTicket"],"picked":"alterego_mod:DeftHands+1","floor":39.0},{"not_picked":["alterego_mod:Skirt+1","alterego_mod:Clap+1"],"picked":"alterego_mod:ChallengeComplete+1","floor":41.0},{"not_picked":["alterego_mod:Mirror+1","alterego_mod:Bloomers"],"picked":"alterego_mod:Support","floor":42.0},{"not_picked":["alterego_mod:BustOut","alterego_mod:Valkyrie"],"picked":"alterego_mod:ChallengeComplete","floor":42.0},{"not_picked":["alterego_mod:Pet","alterego_mod:SakuraLabyrinth"],"picked":"alterego_mod:Cooking","floor":42.0},{"not_picked":["alterego_mod:Weigh","alterego_mod:Cycle+1"],"picked":"alterego_mod:Rake","floor":42.0},{"not_picked":["alterego_mod:Rip+1","alterego_mod:Pet+1"],"picked":"alterego_mod:Undulate+1","floor":45.0},{"not_picked":["alterego_mod:PurpleHair+1","alterego_mod:Skirt","alterego_mod:Schoolgirl"],"picked":"SKIP","floor":54}],"player_experience":51512,"relics_obtained":[{"floor":1.0,"key":"Baka"},{"floor":1.0,"key":"LetterFromLob"},{"floor":3.0,"key":"DemoMod:GundromedaStrain"},{"floor":3.0,"key":"PageOfFreischutz"},{"floor":3.0,"key":"PageOfFreischutz"},{"floor":6.0,"key":"AT_DeathDance"},{"floor":14.0,"key":"DemoMod:GreenGuonStone"},{"floor":16.0,"key":"PageOfSpiderBud"},{"floor":26.0,"key":"Oddly Smooth Stone"},{"floor":27.0,"key":"GodSword1"},{"floor":30.0,"key":"Replay:Towering Pillar of Hats"},{"floor":39.0,"key":"Baka2"},{"floor":42.0,"key":"CeramicFish"},{"floor":43.0,"key":"Bottled Flame"},{"floor":54,"key":"Mango"},{"floor":54,"key":"PageOfPorccubus"}],"event_choices":[{"damage_healed":0.0,"max_hp_gain":0.0,"max_hp_loss":0.0,"gold_gain":99.0,"event_name":"Nest","player_choice":"Stole From Cult","floor":20.0,"gold_loss":0.0,"damage_taken":0.0},{"damage_healed":23.0,"max_hp_gain":0.0,"max_hp_loss":0.0,"gold_gain":0.0,"event_name":"The Library","player_choice":"Heal","floor":22.0,"gold_loss":0.0,"damage_taken":0.0},{"cards_removed":["alterego_mod:Strike"],"damage_healed":0.0,"max_hp_gain":0.0,"max_hp_loss":0.0,"gold_gain":0.0,"event_name":"Falling","player_choice":"Removed Attack","floor":46.0,"gold_loss":0.0,"damage_taken":0.0}],"is_beta":false,"boss_relics":[{"not_picked":["vexMod:MegatonBomb","energizedSpire:StickyHand"],"picked":"vexMod:ImprovementManual"},{"not_picked":["energizedSpire:RedRose","qcfpunch:Crimson_Sash"],"picked":"vexMod:RockOfEvil"}],"items_purged_floors":[7,21,36],"is_endless":false,"potions_floor_spawned":[6,11,14,16,18,19,24,27,31,35,37,45],"ascension_level":2}}