{"host":"jfbo3eu2ui08ej1u","time":1610552842,"event":{"mods":["2.2 Compatiblity","AchievementEnabler","Act Like it!","Aspiration","BaseMod","Better Altar","Better Match","Better Note","Better Sensory Stone","Better Skull","Better Third Choice","Block Reminder","Colored Map","Colored Powertips","Conspire","DeckTracker","Displayed Cursed Tome","Downfall","Energized Spire","Fox Events","GifTheSpireLib","Hermit","Hubris","Infinite Spire","Marked Mod","Minty Spire (QoL Compilation)","Pale of the Ancients","Quick Restart","RRrroohrrRGHHhhh!!","Relic Filter","Reorder Act Four","Replay The Spire","Shop Mod","Spicy Shops","StSLib","Stuff the Spire","The Blue Laboratory","The Disciple","The Forsaken","The Hierophant","The Marked","Uncapped","Unceasing Turn Reminder","Wandering Minibosses"],"gold_per_floor":[99,113,126,172,207,207,307,320,339,339,354,354,354,381,397,397,397,397],"floor_reached":16,"language":"ENG","playtime":613,"items_purged":[],"score":96,"play_id":"e9d375d2-725a-42ba-885f-d3e8ba32c18b","local_time":"20210113104722","is_ascension_mode":false,"campfire_choices":[{"data":"champ:Taunt","floor":1.0,"key":"SMITH"},{"data":"champ:EndlessRage","floor":6.0,"key":"SMITH"},{"data":"champ:BerserkerStyle","floor":12.0,"key":"SMITH"}],"circlet_count":1,"master_deck":["champ:Strike","champ:Strike","champ:Strike","champ:Strike","champ:Defend","champ:Defend","champ:Defend","champ:Defend","champ:Execute","champ:Taunt+1","champ:EndlessRage+1","champ:CrookedStrike","champ:EnragedBash","champ:BerserkerStyle+1","champ:AdrenalArmor","champ:FocusedBerserking","champ:AdrenalArmor"],"relics":["champ:ChampionCrown","Gremlin Food","Circlet","Meat on the Bone"],"acts_visited":["Exordium"],"potions_floor_usage":[14,14],"damage_taken":[{"damage":5.0,"enemies":"Cultist","floor":2.0,"turns":4.0},{"damage":18.0,"enemies":"Small Slimes","floor":3.0,"turns":6.0},{"damage":30.0,"enemies":"Colosseum Slavers","floor":4.0,"turns":6.0},{"damage":12.0,"enemies":"conspire:RoseBush","floor":5.0,"turns":5.0},{"damage":15.0,"enemies":"Gremlin Gang","floor":8.0,"turns":5.0},{"damage":9.0,"enemies":"Red Slaver","floor":9.0,"turns":5.0},{"damage":10.0,"enemies":"2 Fungi Beasts","floor":11.0,"turns":4.0},{"damage":30,"enemies":"Gremlin Gang","floor":14,"turns":4},{"damage":28,"enemies":"Red Slaver","floor":15,"turns":5},{"damage":75,"enemies":"downfall:Defect","floor":16,"turns":5}],"seed_played":"-3911734216529557388","potions_obtained":[{"floor":4.0,"key":"champ:OpenerPotion"},{"floor":5.0,"key":"SteroidPotion"},{"floor":11.0,"key":"AttackPotion"},{"floor":14,"key":"sneckomod:MuddlingPotion"}],"is_trial":false,"path_per_floor":["R","M","M","?","M","R","T","M","M","?","M","R","?","M","M","B"],"character_chosen":"THE_CHAMP","items_purchased":[],"campfire_rested":0,"item_purchase_floors":[],"current_hp_per_floor":[90,90,82,62,60,60,60,56,55,55,64,64,64,53,54,0,0,0],"gold":397,"neow_bonus":"RANDOM_COMMON_RELIC","is_daily":false,"chose_seed":false,"campfire_upgraded":3,"win_rate":0.0,"timestamp":1610552842,"path_taken":["R","M","M","?","M","R","T","M","M","?","M","R","?","?","M","BOSS"],"items_purchased_type":[],"build_version":"2020-12-22","purchased_purges":0,"victory":false,"max_hp_per_floor":[90,90,90,90,90,90,90,90,90,90,90,90,90,90,90,90,90,90],"card_choices":[{"not_picked":["champ:StanceDance","champ:AdrenalArmor"],"picked":"champ:EndlessRage","floor":2.0},{"not_picked":["champ:PerfectedStrike","champ:FanOfKnives","champ:IgnorePain"],"picked":"SKIP","floor":3.0},{"not_picked":["champ:Haymaker","champ:GladiatorsShout"],"picked":"champ:CrookedStrike","floor":4.0},{"not_picked":["champ:TornadoPunch","champ:Duel"],"picked":"champ:EnragedBash","floor":5.0},{"not_picked":["champ:FocusedDefense","champ:StanceDance","champ:DefensiveShout"],"picked":"SKIP","floor":8.0},{"not_picked":["champ:GladiatorsShout","champ:EnragedBash"],"picked":"champ:BerserkerStyle","floor":9.0},{"not_picked":["champ:Circumvent","champ:BerserkerStyle"],"picked":"champ:AdrenalArmor","floor":11.0},{"not_picked":["champ:PerfectedStrike","champ:CrownThrow"],"picked":"champ:FocusedBerserking","floor":14},{"not_picked":["champ:GladiatorsShout","champ:EnGarde"],"picked":"champ:AdrenalArmor","floor":15}],"player_experience":1229984,"relics_obtained":[{"floor":4.0,"key":"foxEvents:LuckyCharm"},{"floor":7.0,"key":"Meat on the Bone"}],"event_choices":[{"damage_healed":0.0,"max_hp_gain":0.0,"max_hp_loss":0.0,"gold_gain":0.0,"event_name":"betterNote:BetterNote","player_choice":"Ignored","floor":13.0,"gold_loss":0.0,"damage_taken":0.0,"cards_obtained":["ReplayUltimateDefense"]}],"is_beta":false,"boss_relics":[],"items_purged_floors":[],"is_endless":false,"potions_floor_spawned":[4,5,11,14],"killed_by":"downfall:Defect","ascension_level":0}}