{"host":"52lujqhsyicpcskq","time":1610530700,"event":{"mods":["BaseMod","Colored Map","DeckTracker","Minty Spire (QoL Compilation)","Permanent Neow","StSLib","SuperFastMode","everything is the same but u backflip on backflip"],"gold_per_floor":[18,36,36,54,74,108,108,108,108],"floor_reached":8,"language":"KOR","playtime":336,"items_purged":[],"score":109,"play_id":"f3e95d55-0129-4798-982b-a5f0ff191a9f","local_time":"20210113183820","is_ascension_mode":true,"campfire_choices":[{"data":"Rage","floor":7,"key":"SMITH"}],"circlet_count":0,"master_deck":["Strike_R","Strike_R","Strike_R","Strike_R","Strike_R","Defend_R","Defend_R","Defend_R","Defend_R","Bash","Pommel Strike+1","Headbutt+1","Battle Trance","Rage+1","Offering"],"relics":["Burning Blood","The Courier"],"acts_visited":["Exordium"],"potions_floor_usage":[6],"damage_taken":[{"damage":8,"enemies":"2 Louse","floor":1,"turns":3},{"damage":5,"enemies":"Small Slimes","floor":2,"turns":5},{"damage":4,"enemies":"Jaw Worm","floor":4,"turns":3},{"damage":27,"enemies":"Lots of Slimes","floor":5,"turns":5},{"damage":21,"enemies":"3 Sentries","floor":6,"turns":10},{"damage":6,"enemies":"Lagavulin","floor":8,"turns":2}],"seed_played":"6850849941776244686","potions_obtained":[{"floor":4,"key":"Swift Potion"},{"floor":6,"key":"SteroidPotion"}],"is_trial":false,"path_per_floor":["M","M","?","M","M","E","R","E"],"character_chosen":"IRONCLAD","items_purchased":[],"campfire_rested":0,"item_purchase_floors":[],"current_hp_per_floor":[86,87,68,70,49,34,34,28,28],"gold":108,"neow_bonus":"TWENTY_PERCENT_HP_BONUS","is_daily":false,"chose_seed":false,"campfire_upgraded":1,"win_rate":0.0,"timestamp":1610530700,"path_taken":["M","M","?","M","M","E","R","E"],"items_purchased_type":[],"build_version":"2020-12-22","purchased_purges":0,"victory":false,"max_hp_per_floor":[96,96,96,96,96,96,96,96,96],"card_choices":[{"not_picked":["Flex","Clash"],"picked":"Pommel Strike","floor":1},{"not_picked":["Body Slam","Cleave"],"picked":"Headbutt","floor":2},{"not_picked":["Dropkick","Disarm"],"picked":"Battle Trance","floor":4},{"not_picked":["Thunderclap","Wild Strike"],"picked":"Rage","floor":5},{"not_picked":["Armaments","Sentinel"],"picked":"Offering","floor":6}],"player_experience":677457,"relics_obtained":[{"floor":6,"key":"The Courier"}],"event_choices":[{"damage_healed":0,"gold_gain":0,"player_choice":"Entered Light","damage_taken":19,"max_hp_gain":0,"max_hp_loss":0,"event_name":"Shining Light","floor":3,"gold_loss":0,"cards_upgraded":["Headbutt","Pommel Strike"]}],"is_beta":false,"boss_relics":[],"items_purged_floors":[],"is_endless":false,"potions_floor_spawned":[4,6],"killed_by":"Lagavulin","ascension_level":9}}