{"host":"urvvf8749ekcxo1a","time":1610506267,"event":{"mods":["BaseMod","Better Sensory Stone","BetterRewards","Colored Powertips","Evolution","Gold Saver","Hero for Fun","Marisa????????","Minty Spire (QoL Compilation)","Quick Restart","Replay The Spire","StSLib","The Animator","The Bladedancer","The Cursed","The Servant 0.9.4","The Wild Card"],"gold_per_floor":[49,67,81,81,96,96,128,128,151,151,169,244,275,285,285,380,380,396,356,373,298,315,346,365,265,289,164,179,193,193,212,212,308,308,318,336,356,368,218,244,244,255,303,303,320,333,333,368,368,368,368,368,171,202,202],"floor_reached":56,"language":"ENG","playtime":640,"items_purged":["Looming Evil","Defend_Y","Defend_Y","Do_Nothing","Defend_Y"],"score":1645,"play_id":"2d39c129-8482-41a8-a93e-f5e8ea227150","local_time":"20210112215107","is_ascension_mode":false,"campfire_choices":[{"data":"ReplayTheSpireMod:Trickstab","floor":6,"key":"SMITH"},{"floor":15,"key":"RECALL"},{"data":"Replay:Bag of Tricks","floor":30,"key":"SMITH"},{"data":"Slap","floor":32,"key":"SMITH"},{"data":"Pot Of Greed","floor":41,"key":"SMITH"},{"data":"Pot Of Greed","floor":49,"key":"SMITH"},{"data":"Strike_Y","floor":52,"key":"SMITH"}],"circlet_count":0,"master_deck":["Strike_Y+1","Strike_Y","Strike_Y","Strike_Y","Strike_Y","Defend_Y","Slap+1","ReplayTheSpireMod:Trickstab+1","Replay:Bag of Tricks+1","Pot Of Greed+1","Pot Of Greed+1","Dagger Spray+1","Wraith"],"relics":["Cape","EVO:Axolotl","PrismaticShard","Akabeko","Nunchaku","StoneCalendar","Coffee Dripper","Grinning Jar","Replay:Wax Seal","Black Star","Smiling Mask","Incense Burner","Replay:Rubber Ducky","Bottled Lightning","Lantern","Replay:Baseball","HornCleat","Turnip"],"acts_visited":["Exordium","TheCity","TheBeyond","TheEnding"],"potions_floor_usage":[46],"damage_taken":[{"damage":0,"enemies":"Small Slimes","floor":1,"turns":1},{"damage":0,"enemies":"Jaw Worm","floor":2,"turns":1},{"damage":0,"enemies":"Cultist","floor":3,"turns":1},{"damage":0,"enemies":"Exordium Wildlife","floor":5,"turns":1},{"damage":0,"enemies":"Replay:BlueRogue","floor":7,"turns":1},{"damage":0,"enemies":"Lots of Slimes","floor":11,"turns":2},{"damage":0,"enemies":"Lagavulin","floor":13,"turns":1},{"damage":0,"enemies":"3 Louse","floor":14,"turns":2},{"damage":0,"enemies":"Slime Boss","floor":16,"turns":1},{"damage":0,"enemies":"3 Byrds","floor":18,"turns":2},{"damage":0,"enemies":"Shell Parasite","floor":20,"turns":1},{"damage":0,"enemies":"Chosen and Byrds","floor":22,"turns":1},{"damage":0,"enemies":"Slavers","floor":23,"turns":1},{"damage":0,"enemies":"Snecko","floor":24,"turns":1},{"damage":0,"enemies":"Cultist and Chosen","floor":28,"turns":1},{"damage":0,"enemies":"Sentry and Sphere","floor":29,"turns":1},{"damage":0,"enemies":"Snake Plant","floor":31,"turns":1},{"damage":0,"enemies":"Champ","floor":33,"turns":1},{"damage":0,"enemies":"3 Darklings","floor":35,"turns":1},{"damage":0,"enemies":"3 Shapes","floor":36,"turns":1},{"damage":0,"enemies":"Spire Growth","floor":37,"turns":1},{"damage":0,"enemies":"Writhing Mass","floor":38,"turns":1},{"damage":0,"enemies":"Giant Head","floor":40,"turns":1},{"damage":0,"enemies":"Jaw Worm Horde","floor":42,"turns":1},{"damage":0,"enemies":"Maw","floor":45,"turns":1},{"damage":0,"enemies":"Writhing Mass","floor":46,"turns":1},{"damage":0,"enemies":"Nemesis","floor":48,"turns":1},{"damage":0,"enemies":"Donu and Deca","floor":50,"turns":1},{"damage":0,"enemies":"Shield and Spear","floor":54,"turns":1},{"damage":0,"enemies":"The Heart","floor":55,"turns":3}],"seed_played":"7878694020336442351","potions_obtained":[{"floor":2,"key":"SneckoOil"},{"floor":3,"key":"SneckoOil"},{"floor":5,"key":"Explosive Potion"},{"floor":46,"key":"Fruit Juice"},{"floor":54,"key":"SpeedPotion"}],"is_trial":false,"path_per_floor":["M","M","M","?","M","R","E","?","T","?","M","?","E","M","R","B",null,"M","?","M","$","M","E","M","$","T","$","M","M","R","M","R","B",null,"M","M","M","M","$","E","R","M","T","?","M","M","?","E","R","B",null,"R","$","E","B",null],"character_chosen":"OPM","items_purchased":["Replay:Baseball"],"campfire_rested":0,"item_purchase_floors":[53],"current_hp_per_floor":[1098,1098,1098,1098,1098,1098,1098,1098,1098,1098,1098,1098,1098,1098,1098,1098,1098,1098,1098,1098,1098,1098,1098,1098,1098,1098,1098,1098,1098,1098,1098,1098,1098,1098,1098,1098,1098,1098,1098,1098,1098,1098,1098,1098,1098,1103,1103,1103,1103,1103,1103,1103,1103,1103,1103],"gold":202,"neow_bonus":"TEN_PERCENT_HP_BONUS","is_daily":false,"chose_seed":false,"campfire_upgraded":6,"win_rate":0.0,"timestamp":1610506267,"path_taken":["M","M","M","?","M","R","E","?","T","?","M","?","E","M","R","BOSS","M","?","?","$","M","E","M","$","T","$","M","M","R","M","R","BOSS","M","M","M","M","$","E","R","M","T","?","M","?","?","E","R","BOSS","R","$","E","BOSS"],"items_purchased_type":["Relic"],"build_version":"2020-12-22","purchased_purges":5,"victory":true,"max_hp_per_floor":[1098,1098,1098,1098,1098,1098,1098,1098,1098,1098,1098,1098,1098,1098,1098,1098,1098,1098,1098,1098,1098,1098,1098,1098,1098,1098,1098,1098,1098,1098,1098,1098,1098,1098,1098,1098,1098,1098,1098,1098,1098,1098,1098,1098,1098,1103,1103,1103,1103,1103,1103,1103,1103,1103,1103],"card_choices":[{"not_picked":["Yawn","Side_Hop"],"picked":"Slap","floor":1},{"not_picked":["Side_Hop","Hop"],"picked":"Do_Nothing","floor":2},{"not_picked":["Hop","Yawn"],"picked":"Wear_Disguise","floor":3},{"not_picked":["animator:ChlammyZell","Do_Nothing"],"picked":"ReplayTheSpireMod:Trickstab","floor":5},{"not_picked":["blademaster:AspectOfWind","animator:GuildGirl"],"picked":"Replay:Bag of Tricks","floor":7},{"not_picked":["animator:Vanir","Dodge and Roll","animator:Nanami"],"picked":"SKIP","floor":11},{"not_picked":["Endless Agony","MagicChant","Dodge and Roll"],"picked":"SKIP","floor":13},{"not_picked":["theWildCard:Providence","Barrier","TheCursedMod:SmokeScreen"],"picked":"SKIP","floor":14},{"not_picked":["TheCursedMod:CircleOfFlame+1","Replay:Bootleg Shield Generator","Cleave+1"],"picked":"SKIP","floor":18},{"not_picked":["Acceleration","TheCursedMod:Wield+1","animator:Priestess"],"picked":"SKIP","floor":20},{"not_picked":["Cleave","animator:Add","CrushJoints+1"],"picked":"SKIP","floor":22},{"not_picked":["animator:Priestess","blademaster:ThunderSlash","ReplayTheSpireMod:Necrosis"],"picked":"SKIP","floor":23},{"not_picked":["TheCursedMod:CursedShiv","Conserve Battery","WheelKick"],"picked":"SKIP","floor":24},{"not_picked":["theWildCard:PaleRider","Caltrops+1","PiercingWail+1"],"picked":"SKIP","floor":28},{"not_picked":["Massacre","animator:SuzuneAmano","theWildCard:MagicMettle"],"picked":"SKIP","floor":29},{"not_picked":["DC+1","animator:Archer","BowlingBash"],"picked":"SKIP","floor":31},{"not_picked":["TheCursedMod:CursedMace+1","animator:Tatsumaki","animator:Priestess"],"picked":"SKIP","floor":35},{"not_picked":["animator:DolaSchwi+1","animator:Ciel+1","Starlight"],"picked":"SKIP","floor":36},{"not_picked":["Capacitor","DoubleSpark+1","animator:Kuroyukihime+1"],"picked":"SKIP","floor":37},{"not_picked":["OpenUniverse+1","WitchOfGreed","All For One"],"picked":"SKIP","floor":38},{"not_picked":["Entrench+1","Wallop","blademaster:AspectOfLightning+1"],"picked":"SKIP","floor":40},{"not_picked":["animator:Sloth","SandsOfTime+1"],"picked":"Dagger Spray+1","floor":42},{"not_picked":["Iron Wave","blademaster:EnchantedCuirass","animator:TukaLunaMarceau+1"],"picked":"SKIP","floor":45},{"not_picked":["theWildCard:SeveringSlash+1","Armaments","Singularity"],"picked":"SKIP","floor":46},{"not_picked":["theWildCard:SeveringSlash+1","blademaster:EyeOfTheTornado","ThirdEye+1"],"picked":"SKIP","floor":48},{"not_picked":["animator:ChaikaBohdan+1","theWildCard:Proficiency","WitchLeyline"],"picked":"SKIP","floor":54}],"player_experience":113707,"relics_obtained":[{"floor":7,"key":"Akabeko"},{"floor":13,"key":"StoneCalendar"},{"floor":23,"key":"Grinning Jar"},{"floor":26,"key":"Replay:Wax Seal"},{"floor":40,"key":"Smiling Mask"},{"floor":40,"key":"Incense Burner"},{"floor":43,"key":"Replay:Rubber Ducky"},{"floor":48,"key":"Bottled Lightning"},{"floor":48,"key":"Lantern"},{"floor":54,"key":"HornCleat"},{"floor":54,"key":"Turnip"}],"event_choices":[{"cards_removed":["Defend_Y"],"damage_healed":0,"gold_gain":0,"player_choice":"Card Removal","damage_taken":7,"max_hp_gain":0,"max_hp_loss":0,"event_name":"Golden Wing","floor":8,"gold_loss":0},{"damage_healed":0,"gold_gain":0,"player_choice":"Success","damage_taken":12,"relics_obtained":["Nunchaku"],"max_hp_gain":0,"max_hp_loss":0,"event_name":"Scrap Ooze","floor":10,"gold_loss":0},{"damage_healed":0,"gold_gain":75,"player_choice":"Gather Gold","damage_taken":11,"max_hp_gain":0,"max_hp_loss":0,"event_name":"World of Goop","floor":12,"gold_loss":0},{"damage_healed":0,"gold_gain":0,"player_choice":"Bought 3 Potions","damage_taken":0,"max_hp_gain":0,"max_hp_loss":0,"event_name":"The Woman in Blue","floor":19,"gold_loss":0},{"cards_removed":["Wear_Disguise"],"damage_healed":0,"gold_gain":0,"player_choice":"Purged","damage_taken":0,"max_hp_gain":0,"max_hp_loss":0,"event_name":"Purifier","floor":44,"gold_loss":0},{"damage_healed":0,"gold_gain":0,"player_choice":"Ignored","damage_taken":0,"max_hp_gain":0,"max_hp_loss":0,"event_name":"OrinTheCat","floor":47,"gold_loss":0}],"is_beta":false,"boss_relics":[{"not_picked":["Replay:Drink Me","Snecko Eye"],"picked":"Coffee Dripper"},{"not_picked":["SlaversCollar","Replay:Bronze Core"],"picked":"Black Star"}],"items_purged_floors":[21,25,27,39,53],"is_endless":false,"potions_floor_spawned":[2,3,5,13,16,18,20,28,29,35,40,42,46,54],"ascension_level":0}}