{"host":"06rryluxft509x3v","time":1610541082,"event":{"mods":["Act Like it!","Aspiration","BaseMod","Conspire","Energized Spire","Friendly Minions","GifTheSpireLib","Halation","Hubris","Infinite Spire","Minty Spire (QoL Compilation)","Random Character Button","Replay The Spire","Spikes Relics","StSLib","Stuff the Spire"],"gold_per_floor":[109,109,125,142,158,190,190,223,246,271,45,69,91,23,23,33,33],"floor_reached":16,"language":"ENG","playtime":1442,"items_purged":["Strike_G"],"score":125,"play_id":"ccd0af0e-c2d2-4f3b-afec-a0f97549bc56","local_time":"20210113083122","is_ascension_mode":true,"campfire_choices":[{"floor":7,"key":"REST"},{"floor":15,"key":"REST"}],"circlet_count":0,"master_deck":["Strike_G","Strike_G","Strike_G","Strike_G","Defend_G","Defend_G","Defend_G","Defend_G","Defend_G","Survivor","Neutralize","Footwork","Dagger Throw","Infinite Blades","Phantasmal Killer","Flying Knee","Eviscerate","All Out Attack+1","Prepared","Underhanded Strike","Prepared","All Out Attack"],"relics":["Ring of the Snake","ReplayTheSpireMod:TigerMarble","Pen Nib","Replay:Bandana","Potion Belt"],"acts_visited":["Exordium"],"potions_floor_usage":[4,8,16,16],"damage_taken":[{"damage":2,"enemies":"Cultist","floor":1,"turns":5},{"damage":0,"enemies":"Small Slimes","floor":3,"turns":3},{"damage":2,"enemies":"2 Louse","floor":4,"turns":3},{"damage":0,"enemies":"Red Slaver","floor":5,"turns":5},{"damage":33,"enemies":"Lagavulin","floor":6,"turns":8},{"damage":5,"enemies":"3 Sentries","floor":8,"turns":5},{"damage":13,"enemies":"3 Louse","floor":10,"turns":4},{"damage":0,"enemies":"Lots of Slimes","floor":12,"turns":1},{"damage":5,"enemies":"2 Fungi Beasts","floor":13,"turns":3},{"damage":59,"enemies":"The Guardian","floor":16,"turns":10}],"seed_played":"-6465209769527479447","potions_obtained":[{"floor":3,"key":"SkillPotion"},{"floor":5,"key":"Ancient Potion"},{"floor":6,"key":"Weak Potion"},{"floor":10,"key":"Toxic Potion"},{"floor":12,"key":"Ancient Potion"}],"is_trial":false,"path_per_floor":["M","?","M","M","M","E","R","E","T","M","$","M","M","$","R","B"],"character_chosen":"THE_SILENT","items_purchased":["All Out Attack+1","Prepared","Underhanded Strike","All Out Attack"],"campfire_rested":2,"item_purchase_floors":[11,11,11,14],"current_hp_per_floor":[68,68,68,66,66,33,54,49,49,40,40,40,35,35,56,0,0],"gold":33,"neow_bonus":"RANDOM_COMMON_RELIC","is_daily":false,"chose_seed":false,"campfire_upgraded":0,"win_rate":0.0,"timestamp":1610541082,"path_taken":["M","?","?","M","M","E","R","E","T","M","$","M","M","$","R","BOSS"],"items_purchased_type":["Card","Card","Card","Card"],"build_version":"2020-12-22","purchased_purges":1,"victory":false,"max_hp_per_floor":[70,70,70,70,70,70,70,70,70,70,70,70,70,70,70,70,70],"card_choices":[{"not_picked":["StuffTheSpire:BumpUp","Reflex"],"picked":"Footwork","floor":1},{"not_picked":["hubris:SlightOfHand","Well Laid Plans"],"picked":"Dagger Throw","floor":3},{"not_picked":["Poisoned Stab","Acrobatics"],"picked":"Infinite Blades","floor":4},{"not_picked":["All Out Attack","StuffTheSpire:ClusterCrunch"],"picked":"Phantasmal Killer","floor":5},{"not_picked":["ReplayTheSpireMod:Scrap Shanks","Dash"],"picked":"Flying Knee","floor":6},{"not_picked":["StuffTheSpire:BumpUp","Flechettes"],"picked":"Eviscerate","floor":8},{"not_picked":["hubris:SlightOfHand","Sucker Punch","Outmaneuver"],"picked":"SKIP","floor":10},{"not_picked":["Quick Slash","StuffTheSpire:Sprint","StuffTheSpire:Fury"],"picked":"SKIP","floor":12},{"not_picked":["Hidden Blade","Doppelganger"],"picked":"Prepared","floor":13}],"player_experience":215055,"relics_obtained":[{"floor":6,"key":"Pen Nib"},{"floor":8,"key":"Replay:Bandana"},{"floor":9,"key":"Potion Belt"}],"event_choices":[{"damage_healed":0,"gold_gain":0,"player_choice":"Leave","damage_taken":0,"max_hp_gain":0,"max_hp_loss":0,"event_name":"FaceTrader","floor":2,"gold_loss":0}],"is_beta":false,"boss_relics":[],"items_purged_floors":[11],"is_endless":false,"potions_floor_spawned":[3,5,6,10,12],"killed_by":"The Guardian","ascension_level":2}}