{"host":"kh6fvhxn285ncg0o","time":1610529412,"event":{"mods":["Act Like it!","BaseMod","Colored Map","Friendly Minions","Keyboard Shortcuts","Minty Spire (QoL Compilation)","Quick Restart","Relic Stats","StSLib","SuperFastMode"],"gold_per_floor":[111,36,36,55,55,55,84,84,84,84,102,130,15,76,76,152,152,169,94,94,114,114,140,61,87,113,113,144,155,187,206,206,283,283,303,33,33,52,71,71,103,3,29,45,77,77,112,125,125,125,125,125,125,0,32,32],"floor_reached":57,"language":"KOR","playtime":2976,"items_purged":["Strike_R","Burning Pact+1","Strike_R"],"score":3608,"play_id":"2e6c0586-db33-4758-bc1a-e106bd7e0595","local_time":"20210113181652","is_ascension_mode":true,"campfire_choices":[{"data":"Bash","floor":6.0,"key":"SMITH"},{"data":"Hemokinesis","floor":8.0,"key":"SMITH"},{"data":"Rage","floor":10.0,"key":"SMITH"},{"data":"Burning Pact","floor":15.0,"key":"SMITH"},{"floor":27.0,"key":"REST"},{"data":"Power Through","floor":32.0,"key":"SMITH"},{"data":"Second Wind","floor":40.0,"key":"SMITH"},{"floor":46.0,"key":"RECALL"},{"data":"Pommel Strike","floor":49,"key":"SMITH"},{"data":"Barricade","floor":53,"key":"SMITH"}],"circlet_count":0,"master_deck":["AscendersBane","Defend_R","Defend_R","Defend_R","Defend_R","Bash+1","Rage+1","Hemokinesis+1","Shrug It Off","Barricade+1","Corruption","Burning Pact+1","Dark Embrace","Power Through+1","Second Wind+1","Berserk","Offering","Pommel Strike+1"],"relics":["Burning Blood","NeowsBlessing","White Beast Statue","Boot","Sundial","Ancient Tea Set","Orichalcum","Runic Pyramid","Singing Bowl","Red Mask","Centennial Puzzle","MealTicket","Happy Flower","Coffee Dripper","Mummified Hand","Omamori","Champion Belt","Pen Nib","Nunchaku"],"acts_visited":["Exordium","TheCity","TheBeyond","TheEnding"],"potions_floor_usage":[47,47,47,51,56,56],"damage_taken":[{"damage":0.0,"enemies":"2 Louse","floor":1.0,"turns":1.0},{"damage":0.0,"enemies":"Small Slimes","floor":4.0,"turns":1.0},{"damage":0.0,"enemies":"Gremlin Nob","floor":7.0,"turns":1.0},{"damage":2.0,"enemies":"Jaw Worm","floor":11.0,"turns":2.0},{"damage":24.0,"enemies":"Lagavulin","floor":12.0,"turns":4.0},{"damage":26.0,"enemies":"3 Sentries","floor":14.0,"turns":10.0},{"damage":4.0,"enemies":"Slime Boss","floor":16.0,"turns":7.0},{"damage":23.0,"enemies":"Spheric Guardian","floor":18.0,"turns":6.0},{"damage":16.0,"enemies":"Chosen","floor":21.0,"turns":4.0},{"damage":33.0,"enemies":"Gremlin Leader","floor":23.0,"turns":8.0},{"damage":16.0,"enemies":"Masked Bandits","floor":25.0,"turns":3.0},{"damage":46.0,"enemies":"Slavers","floor":28.0,"turns":5.0},{"damage":16.0,"enemies":"Snake Plant","floor":29.0,"turns":4.0},{"damage":12.0,"enemies":"Gremlin Leader","floor":30.0,"turns":8.0},{"damage":8.0,"enemies":"Sentry and Sphere","floor":31.0,"turns":6.0},{"damage":0.0,"enemies":"Automaton","floor":33.0,"turns":20.0},{"damage":2.0,"enemies":"3 Shapes","floor":35.0,"turns":6.0},{"damage":4.0,"enemies":"3 Darklings","floor":38.0,"turns":5.0},{"damage":2.0,"enemies":"Transient","floor":39.0,"turns":6.0},{"damage":10.0,"enemies":"Nemesis","floor":41.0,"turns":7.0},{"damage":6.0,"enemies":"4 Shapes","floor":44.0,"turns":8.0},{"damage":8.0,"enemies":"Giant Head","floor":45.0,"turns":7.0},{"damage":6,"enemies":"Reptomancer","floor":47,"turns":2},{"damage":6,"enemies":"3 Darklings","floor":48,"turns":5},{"damage":6,"enemies":"Awakened One","floor":50,"turns":4},{"damage":6,"enemies":"Time Eater","floor":51,"turns":10},{"damage":7,"enemies":"Shield and Spear","floor":55,"turns":3},{"damage":34,"enemies":"The Heart","floor":56,"turns":7}],"seed_played":"1952000831962185644","potions_obtained":[{"floor":1.0,"key":"Dexterity Potion"},{"floor":4.0,"key":"DistilledChaos"},{"floor":7.0,"key":"Explosive Potion"},{"floor":11.0,"key":"Swift Potion"},{"floor":12.0,"key":"LiquidBronze"},{"floor":14.0,"key":"ColorlessPotion"},{"floor":16.0,"key":"BlessingOfTheForge"},{"floor":18.0,"key":"BloodPotion"},{"floor":21.0,"key":"DuplicationPotion"},{"floor":23.0,"key":"Fire Potion"},{"floor":25.0,"key":"SteroidPotion"},{"floor":28.0,"key":"BloodPotion"},{"floor":29.0,"key":"SpeedPotion"},{"floor":30.0,"key":"HeartOfIron"},{"floor":31.0,"key":"CultistPotion"},{"floor":33.0,"key":"EntropicBrew"},{"floor":44.0,"key":"Strength Potion"},{"floor":45.0,"key":"BlessingOfTheForge"},{"floor":47,"key":"SteroidPotion"},{"floor":48,"key":"Energy Potion"},{"floor":55,"key":"Fire Potion"}],"is_trial":false,"path_per_floor":["M","?","?","M","?","R","E","R","T","R","M","E","$","?","R","B",null,"M","?","?","M","?","E","$","?","T","R","E","M","E","M","R","B",null,"M","$","?","M","M","R","E","$","T","M","E","R","E","M","R","B","B",null,"R","$","E","B",null],"character_chosen":"IRONCLAD","items_purchased":["Burning Pact","Dark Embrace","Mummified Hand"],"campfire_rested":1,"item_purchase_floors":[13,24,36],"current_hp_per_floor":[74,74,56,62,67,67,73,73,73,73,77,59,59,39,39,41,70,53,53,53,59,59,34,34,26,26,51,13,22,16,14,14,22,73,79,92,92,94,96,96,94,98,98,98,98,98,100,100,100,100,100,102,102,102,103,75],"gold":32,"neow_bonus":"THREE_ENEMY_KILL","is_daily":false,"chose_seed":false,"campfire_upgraded":8,"win_rate":0.0,"timestamp":1610529412,"path_taken":["M","?","?","M","?","R","E","R","T","R","M","E","?","?","R","BOSS","M","?","?","M","?","E","$","?","T","R","E","M","E","M","R","BOSS","M","$","?","M","?","R","E","$","T","M","E","R","E","M","R","BOSS","BOSS","R","$","E","BOSS"],"items_purchased_type":["Card","Card","Relic"],"build_version":"2020-12-22","purchased_purges":3,"victory":true,"max_hp_per_floor":[75,75,75,75,80,80,80,80,80,80,80,80,80,80,80,80,80,80,80,80,80,80,82,82,84,84,84,86,88,88,88,88,90,90,92,92,92,94,96,96,98,98,98,98,100,100,102,102,102,102,102,102,102,102,104,104],"relic_stats":{"Singing Bowl":24,"Happy Flower":[32],"counters":[28,160],"Pen Nib":[18],"Orichalcum":[60],"Boot":[29],"Burning Blood":162,"Centennial Puzzle":[41],"Nunchaku":[5],"Sundial":[576],"Mummified Hand":[49],"MealTicket":17,"Champion Belt":[21],"obtain_stats":[{"NeowsBlessing":0,"Singing Bowl":23,"Happy Flower":30,"Pen Nib":47,"Omamori":41,"Orichalcum":14,"Boot":7,"Ancient Tea Set":12,"Burning Blood":0,"White Beast Statue":3,"Centennial Puzzle":26,"Nunchaku":55,"Sundial":9,"Mummified Hand":36,"MealTicket":28,"Red Mask":25,"Coffee Dripper":34,"Champion Belt":45,"Runic Pyramid":17},{"NeowsBlessing":0,"Singing Bowl":10,"Happy Flower":14,"Pen Nib":23,"Omamori":20,"Orichalcum":6,"Boot":3,"Ancient Tea Set":5,"Burning Blood":0,"White Beast Statue":1,"Centennial Puzzle":11,"Nunchaku":27,"Sundial":3,"Mummified Hand":17,"MealTicket":12,"Red Mask":11,"Coffee Dripper":16,"Champion Belt":22,"Runic Pyramid":7},{"NeowsBlessing":0,"Singing Bowl":44,"Happy Flower":64,"Pen Nib":131,"Omamori":114,"Orichalcum":19,"Boot":3,"Ancient Tea Set":9,"Burning Blood":0,"White Beast Statue":1,"Centennial Puzzle":47,"Nunchaku":153,"Sundial":3,"Mummified Hand":96,"MealTicket":52,"Red Mask":47,"Coffee Dripper":90,"Champion Belt":129,"Runic Pyramid":26}]},"card_choices":[{"not_picked":["True Grit","Armaments"],"picked":"Rage","floor":1.0},{"not_picked":["Flex","Sever Soul"],"picked":"Hemokinesis","floor":7.0},{"not_picked":["Sever Soul","Heavy Blade","Warcry"],"picked":"SKIP","floor":11.0},{"not_picked":["Headbutt","Inflame"],"picked":"Shrug It Off","floor":12.0},{"not_picked":["Flex","Wild Strike"],"picked":"Barricade","floor":14.0},{"not_picked":["Double Tap","Exhume"],"picked":"Corruption","floor":16.0},{"not_picked":["Whirlwind","Inflame","Dropkick"],"picked":"SKIP","floor":18.0},{"not_picked":["Perfected Strike","True Grit"],"picked":"Burning Pact+1","floor":21.0},{"not_picked":["Headbutt","Armaments+1","Perfected Strike"],"picked":"Singing Bowl","floor":23.0},{"not_picked":["Clash","Wild Strike","True Grit"],"picked":"Singing Bowl","floor":25.0},{"not_picked":["Demon Form","Sword Boomerang","Clothesline"],"picked":"Singing Bowl","floor":28.0},{"not_picked":["Thunderclap","Clothesline","Clash"],"picked":"Singing Bowl","floor":29.0},{"not_picked":["Demon Form","Carnage"],"picked":"Power Through","floor":30.0},{"not_picked":["Dark Embrace","Rupture"],"picked":"Second Wind","floor":31.0},{"not_picked":["Barricade","Corruption","Bludgeon"],"picked":"Singing Bowl","floor":33.0},{"not_picked":["Power Through","Disarm","Thunderclap"],"picked":"Singing Bowl","floor":35.0},{"not_picked":["Ghostly Armor","Bloodletting+1","Twin Strike"],"picked":"Singing Bowl","floor":38.0},{"not_picked":["Wild Strike+1","Havoc","Pommel Strike"],"picked":"Singing Bowl","floor":39.0},{"not_picked":["Dropkick","Shrug It Off","Armaments"],"picked":"Singing Bowl","floor":41.0},{"not_picked":["Warcry","Cleave"],"picked":"Offering","floor":44.0},{"not_picked":["Twin Strike","Clash+1","Havoc+1"],"picked":"Singing Bowl","floor":45.0},{"not_picked":["Blood for Blood","Power Through","Thunderclap+1"],"picked":"Singing Bowl","floor":47},{"not_picked":["Rampage","Cleave"],"picked":"Pommel Strike","floor":48},{"not_picked":["Heavy Blade","Cleave","Shrug It Off"],"picked":"Singing Bowl","floor":55}],"player_experience":3428950,"relics_obtained":[{"floor":7.0,"key":"Boot"},{"floor":9.0,"key":"Sundial"},{"floor":12.0,"key":"Ancient Tea Set"},{"floor":14.0,"key":"Orichalcum"},{"floor":23.0,"key":"Singing Bowl"},{"floor":25.0,"key":"Red Mask"},{"floor":26.0,"key":"Centennial Puzzle"},{"floor":28.0,"key":"MealTicket"},{"floor":30.0,"key":"Happy Flower"},{"floor":41.0,"key":"Omamori"},{"floor":45.0,"key":"Champion Belt"},{"floor":47,"key":"Pen Nib"},{"floor":55,"key":"Nunchaku"}],"event_choices":[{"cards_removed":["Strike_R"],"damage_healed":0.0,"max_hp_gain":0.0,"max_hp_loss":0.0,"gold_gain":0.0,"event_name":"The Cleric","player_choice":"Card Removal","floor":2.0,"gold_loss":75.0,"damage_taken":0.0},{"damage_healed":0.0,"max_hp_gain":0.0,"max_hp_loss":0.0,"gold_gain":0.0,"event_name":"Scrap Ooze","player_choice":"Success","floor":3.0,"gold_loss":0.0,"damage_taken":18.0,"relics_obtained":["White Beast Statue"]},{"damage_healed":0.0,"max_hp_gain":5.0,"max_hp_loss":0.0,"gold_gain":0.0,"event_name":"Big Fish","player_choice":"Donut","floor":5.0,"gold_loss":0.0,"damage_taken":0.0},{"damage_healed":0.0,"max_hp_gain":0.0,"max_hp_loss":0.0,"gold_gain":30.0,"event_name":"Dead Adventurer","player_choice":"Searched \u00272\u0027 times","floor":14.0,"gold_loss":0.0,"damage_taken":0.0},{"cards_removed":["Strike_R"],"damage_healed":0.0,"max_hp_gain":0.0,"max_hp_loss":0.0,"gold_gain":0.0,"event_name":"Beggar","player_choice":"Gave Gold","floor":19.0,"gold_loss":75.0,"damage_taken":0.0},{"damage_healed":0.0,"max_hp_gain":0.0,"max_hp_loss":0.0,"gold_gain":0.0,"event_name":"Vampires","player_choice":"Ignored","floor":20.0,"gold_loss":0.0,"damage_taken":0.0},{"damage_healed":0.0,"max_hp_gain":0.0,"max_hp_loss":0.0,"gold_gain":0.0,"event_name":"Ghosts","player_choice":"Ignored","floor":22.0,"gold_loss":0.0,"damage_taken":0.0},{"damage_healed":0.0,"max_hp_gain":0.0,"max_hp_loss":0.0,"gold_gain":0.0,"event_name":"Masked Bandits","player_choice":"Fought Bandits","floor":25.0,"gold_loss":0.0,"damage_taken":0.0},{"damage_healed":0.0,"max_hp_gain":0.0,"max_hp_loss":0.0,"gold_gain":0.0,"cards_transformed":["Strike_R"],"event_name":"Transmorgrifier","player_choice":"Transformed","floor":37.0,"gold_loss":0.0,"damage_taken":0.0,"cards_obtained":["Berserk"]}],"is_beta":false,"boss_relics":[{"not_picked":["Cursed Key","Sozu"],"picked":"Runic Pyramid"},{"not_picked":["Pandora\u0027s Box","Black Star"],"picked":"Coffee Dripper"}],"items_purged_floors":[13,42,54],"is_endless":false,"potions_floor_spawned":[1,4,7,11,12,14,16,18,21,23,25,28,29,30,31,33,35,38,39,41,44,45,47,48,55],"ascension_level":20}}