{"host":"52jmisti11ysmja4","time":1610575386,"event":{"mods":["Aspiration","BaseMod","Better Third Choice","Minty Spire (QoL Compilation)","Remove Card Discount Mod","StSLib","The Bladedancer"],"gold_per_floor":[119,136,153,170,84,84,84,115,140,140,140,160,203,226,226,226,226],"floor_reached":16,"language":"ENG","playtime":3997,"items_purged":["blademaster:Defend","blademaster:Defend","blademaster:Defend","blademaster:Defend","blademaster:Strike","blademaster:Strike","blademaster:Strike"],"score":179,"play_id":"eb643e78-b239-4b6a-bcf7-a28b0fae3df8","local_time":"20210113140306","is_ascension_mode":true,"campfire_choices":[{"data":"blademaster:SharpBlades","floor":6,"key":"SMITH"},{"floor":10,"key":"REST"},{"floor":15,"key":"REST"}],"circlet_count":0,"master_deck":["AscendersBane","blademaster:Strike","blademaster:RagingBlow","blademaster:HighVoltage","blademaster:Safeguard","blademaster:EyeOfTheTornado","blademaster:SharpBlades+1","blademaster:Safeguard","blademaster:Havoc","blademaster:EyeOfTheStorm","blademaster:EyeOfTheStorm","blademaster:AirSlash","blademaster:BloodyBlow"],"relics":["blademaster:DancersAmulet","NeowsBlessing","Pantograph","Juzu Bracelet","CeramicFish"],"acts_visited":["Exordium"],"potions_floor_usage":[8,13,14],"damage_taken":[{"damage":0,"enemies":"Small Slimes","floor":1,"turns":1},{"damage":0,"enemies":"Jaw Worm","floor":2,"turns":1},{"damage":0,"enemies":"2 Louse","floor":3,"turns":2},{"damage":21,"enemies":"Exordium Wildlife","floor":4,"turns":6},{"damage":30,"enemies":"Lagavulin","floor":8,"turns":6},{"damage":5,"enemies":"Looter","floor":12,"turns":4},{"damage":17,"enemies":"Gremlin Nob","floor":13,"turns":5},{"damage":11,"enemies":"3 Louse","floor":14,"turns":4},{"damage":30,"enemies":"The Guardian","floor":16,"turns":3}],"seed_played":"7875660437173659796","potions_obtained":[{"floor":4,"key":"Strength Potion"},{"floor":12,"key":"SkillPotion"},{"floor":13,"key":"Block Potion"}],"is_trial":false,"path_per_floor":["M","M","M","M","$","R","?","E","T","R","?","M","E","M","R","B"],"character_chosen":"THE_BLADEMASTER","items_purchased":["blademaster:Havoc"],"campfire_rested":2,"item_purchase_floors":[5],"current_hp_per_floor":[68,68,68,47,47,47,55,25,25,47,47,42,25,14,36,31,31],"gold":226,"neow_bonus":"THREE_ENEMY_KILL","is_daily":false,"chose_seed":false,"campfire_upgraded":1,"win_rate":0.0,"timestamp":1610575386,"path_taken":["M","M","M","M","$","R","?","E","T","R","?","M","E","M","R","BOSS"],"items_purchased_type":["Card"],"build_version":"2020-12-22","purchased_purges":7,"victory":false,"max_hp_per_floor":[75,75,75,75,75,75,75,75,75,75,75,75,75,75,75,75,75],"card_choices":[{"not_picked":["blademaster:Flurry","blademaster:Gust"],"picked":"blademaster:Safeguard","floor":1},{"not_picked":["blademaster:BrainBloom","blademaster:Breeze"],"picked":"blademaster:EyeOfTheTornado","floor":2},{"not_picked":["blademaster:LightningDraw","blademaster:TraverseCut"],"picked":"blademaster:SharpBlades","floor":3},{"not_picked":["blademaster:AspectOfLightning","blademaster:Discharge"],"picked":"blademaster:Safeguard","floor":4},{"not_picked":["blademaster:Hailwind","blademaster:SlyStabs"],"picked":"blademaster:EyeOfTheStorm","floor":8},{"not_picked":["blademaster:Quickness","blademaster:Sharpen"],"picked":"blademaster:EyeOfTheStorm","floor":12},{"not_picked":["blademaster:Sharpen","blademaster:DragonStrike"],"picked":"blademaster:AirSlash","floor":13},{"not_picked":["blademaster:AspectOfLightning","blademaster:IcyWind"],"picked":"blademaster:BloodyBlow","floor":14}],"player_experience":556138,"relics_obtained":[{"floor":8,"key":"Pantograph"},{"floor":8,"key":"blademaster:FinisherDrawCardPerk"},{"floor":9,"key":"Juzu Bracelet"},{"floor":13,"key":"CeramicFish"},{"floor":13,"key":"blademaster:BleedingMoreDamagePerk"}],"event_choices":[{"damage_healed":0,"gold_gain":0,"player_choice":"Ignored","damage_taken":0,"max_hp_gain":0,"max_hp_loss":0,"event_name":"Golden Wing","floor":11,"gold_loss":0}],"is_beta":false,"boss_relics":[],"items_purged_floors":[5,5,5,5,5,5,5],"is_endless":false,"potions_floor_spawned":[4,12,13],"killed_by":"The Guardian","ascension_level":12}}