{"host":"q7soxkcz6wyortlz","time":1610544124,"event":{"mods":["Act Like it!","BaseMod","Colored Powertips","Conspire","Downfall","Duelist Mod","Friendly Minions","Hallownest","Hermit","Hero for Fun","Hubris","Infinite Spire","Minty Spire (QoL Compilation)","READ ME - Guardian Mod","READ ME - Snecko Mod","Replay The Spire","Reworked Bosses","Shop Mod","ShortenTheSpire","StSLib","Synergy Search","The Bug Knight","The Factory","The Jungle","The Necromancer","The Servant 0.9.4","Yohane!"],"gold_per_floor":[141,141,152,169,188,217,217,231,231,80,92,92,109,109,109,214,214,230,230,230,230,230,265,5,5,5,21,41,41,58,68,68,171,171,187,237,257,273,286,286,196,196,222,222,253,128,128,148,148,247,247,247],"floor_reached":51,"language":"DEU","playtime":2838,"items_purged":["theDuelist:CurseAnubis"],"score":774,"play_id":"3f736d75-cd88-4203-b2f2-aff769f45e23","local_time":"20210113142204","is_ascension_mode":false,"campfire_choices":[{"floor":7,"key":"REST"},{"data":"theDuelist:RainbowOverdragon","floor":12,"key":"SMITH"},{"floor":15,"key":"REST"},{"floor":25,"key":"REST"},{"floor":29,"key":"REST"},{"floor":32,"key":"REST"},{"floor":40,"key":"REST"},{"floor":42,"key":"REST"},{"floor":49,"key":"REST"}],"circlet_count":0,"master_deck":["theDuelist:Scapegoat+1","theDuelist:ArmedProtectorDragon","theDuelist:DefenseDraw","theDuelist:Earthquake","theDuelist:LesserDragon+1","theDuelist:CastleWalls","theDuelist:MaskedDragon","theDuelist:Kabazauls+1","theDuelist:SilverWing+1","theDuelist:CaveDragon","theDuelist:GenesisDragon+1","theDuelist:SmashingGround+1","theDuelist:PotGreed","theDuelist:GoldenApples","theDuelist:FrostflameDragon","theDuelist:Earthquake","theDuelist:FiveHeaded","theDuelist:GenesisDragon+1","theDuelist:CastleWalls","theDuelist:SliferSky","theDuelist:GenesisDragon+1","theDuelist:GenesisDragon+1","theDuelist:Sparks","theDuelist:GenesisDragon+1","theDuelist:CaveDragon","theDuelist:GenesisDragon+1","theDuelist:LightningDarts","theDuelist:SphereChaos","theDuelist:Sparks","theDuelist:VeilDarkness+1","theDuelist:BabyDragon","theDuelist:DefenseDraw","theDuelist:MirageDragon","theDuelist:RainbowOverdragon+1","theDuelist:Lancephorhynchus","theDuelist:ArmageddonDragonEmp","theDuelist:ViceDragon+1","theDuelist:GenesisDragon+1","theDuelist:SurvivalFittest","theDuelist:LesserDragon","theDuelist:YamataDragon","infinitespire:Execution","theDuelist:QueenDragunDjinn+1","theDuelist:SpiralSpearStrike+1","theDuelist:StampingDestruction","theDuelist:DragonPiper+1","theDuelist:GenesisDragon+1","theDuelist:BerserkScales+1"],"relics":["theDuelist:MillenniumPuzzle","theDuelist:CardPoolRelic","theDuelist:CardPoolBasicRelic","theDuelist:BoosterPackPoolRelic","theDuelist:CardPoolAddRelic","theDuelist:CardPoolMinusRelic","theDuelist:CardPoolSaveRelic","theDuelist:CardPoolOptionsRelic","HollowMod:PaleOreRelic","Tiny Chest","Regal Pillow","theDuelist:MillenniumRing","Replay:Fungal Core","hubris:RunicObelisk","theDuelist:BoosterPackSpellEgg","hubris:TenFootPole","infinitespire:SolderingIron","Replay:Bottled Flurry","Sozu","Replay:PocketPolymizer","Bronze Scales","Replay:Arrowhead","Dream Catcher","hubris:Towel","Honey Jar"],"acts_visited":["Exordium","TheCity","TheBeyond","Exordium"],"potions_floor_usage":[5,18,18,23,27,33],"damage_taken":[{"damage":0,"enemies":"Small Slimes","floor":1,"turns":2},{"damage":1,"enemies":"Cultist","floor":3,"turns":3},{"damage":6,"enemies":"Jaw Worm","floor":4,"turns":2},{"damage":11,"enemies":"Exordium Thugs","floor":5,"turns":2},{"damage":22,"enemies":"Lagavulin","floor":6,"turns":7},{"damage":0,"enemies":"3 Louse","floor":8,"turns":2},{"damage":7,"enemies":"Looter","floor":11,"turns":3},{"damage":0,"enemies":"Exordium Wildlife","floor":13,"turns":2},{"damage":43,"enemies":"Fading Forest","floor":16,"turns":11},{"damage":21,"enemies":"conspire:FuzzyDice","floor":18,"turns":5},{"damage":46,"enemies":"Nightmare","floor":23,"turns":5},{"damage":8,"enemies":"2 Thieves","floor":27,"turns":3},{"damage":2,"enemies":"conspire:HollyBat","floor":28,"turns":6},{"damage":0,"enemies":"Centurion and Healer","floor":30,"turns":3},{"damage":34,"enemies":"Snake Plant","floor":31,"turns":4},{"damage":38,"enemies":"bossMod:newCollector","floor":33,"turns":6},{"damage":0,"enemies":"Orb Walker","floor":35,"turns":3},{"damage":24,"enemies":"Mind Bloom Boss Battle","floor":36,"turns":4},{"damage":33,"enemies":"3 Darklings","floor":37,"turns":5},{"damage":13,"enemies":"Writhing Mass","floor":38,"turns":6},{"damage":0,"enemies":"Transient","floor":39,"turns":5},{"damage":12,"enemies":"Giant Head","floor":45,"turns":4},{"damage":18,"enemies":"Maw","floor":48,"turns":5},{"damage":66,"enemies":"infinitespire:MassOfShapes","floor":50,"turns":7}],"seed_played":"-679663848324709105","potions_obtained":[{"floor":1,"key":"DistilledChaos"},{"floor":3,"key":"theDuelist:BurningPotion"},{"floor":4,"key":"Swift Potion"},{"floor":16,"key":"Energy Potion"},{"floor":23,"key":"theDuelist:BabyPotion"},{"floor":31,"key":"SkillPotion"}],"is_trial":false,"path_per_floor":["M","?","M","M","M","E","R","M","T","$","M","R","M","?","R","B",null,"M","?","?","AVR","T","NM","$","R","T","M","M","R","M","M","R","B",null,"M","?","M","M","M","R","?","R","T","T","E","$","?","M","R","B",null],"character_chosen":"THE_DUELIST","items_purchased":["Regal Pillow","infinitespire:SolderingIron","theDuelist:DefenseDraw"],"campfire_rested":8,"item_purchase_floors":[10,24,46],"current_hp_per_floor":[80,80,79,73,62,40,64,64,64,64,57,57,57,57,80,47,80,59,59,59,59,59,13,13,52,52,44,42,80,80,46,80,42,80,80,56,23,10,10,49,49,80,80,80,68,68,68,50,80,14,80,80],"gold":247,"neow_bonus":"ONE_RANDOM_RARE_CARD","is_daily":false,"chose_seed":false,"campfire_upgraded":1,"win_rate":0.0,"timestamp":1610544124,"path_taken":["M","?","M","?","M","E","R","M","T","$","M","R","M","?","R","BOSS","M","?","?","AVR","?","NM","$","R","T","M","?","R","M","M","R","BOSS","M","?","M","M","M","R","?","R","T","?","E","$","?","M","R","BOSS"],"items_purchased_type":["Relic","Relic","Card"],"build_version":"2020-12-22","purchased_purges":1,"victory":false,"max_hp_per_floor":[80,80,80,80,80,80,80,80,80,80,80,80,80,80,80,80,80,80,80,80,80,80,80,80,80,80,80,80,80,80,80,80,80,80,80,80,80,80,80,80,80,80,80,80,80,80,80,80,80,80,80,80],"card_choices":[{"not_picked":["theDuelist:SpiralSpearStrike","theDuelist:HymnOfLight","theDuelist:DragonShield","theDuelist:BerserkerSoul"],"picked":"theDuelist:Earthquake","floor":1},{"not_picked":["theDuelist:HaneHane","theDuelist:RainbowOverdragon","theDuelist:JamBreeding","theDuelist:FeatherPho"],"picked":"theDuelist:LightningDarts","floor":3},{"not_picked":["theDuelist:HaneHane","theDuelist:DarkCreator","theDuelist:Hinotama","theDuelist:GreenGraveOni"],"picked":"theDuelist:RainbowOverdragon","floor":4},{"not_picked":["theDuelist:TwinBarrelDragon","theDuelist:DragonPiper","theDuelist:SphereChaos","theDuelist:DefenseZone"],"picked":"theDuelist:Earthquake","floor":5},{"not_picked":["theDuelist:WingedDragonRa","theDuelist:TailSwipe","theDuelist:LostWorld","theDuelist:FiveHeaded"],"picked":"theDuelist:SurvivalFittest","floor":6},{"not_picked":["theDuelist:VoidOgreDragon","theDuelist:TailSwipe"],"picked":"theDuelist:SliferSky","floor":8},{"not_picked":["theDuelist:LightningDarts","theDuelist:HaneHane","theDuelist:GreenGraveOni","theDuelist:Mausoleum"],"picked":"theDuelist:PotGreed","floor":11},{"not_picked":["theDuelist:Kabazauls","theDuelist:HazyFlameHydra","theDuelist:BlackBrachios","theDuelist:Babycerasaurus"],"picked":"theDuelist:Lancephorhynchus","floor":13},{"not_picked":["theDuelist:WingedDragonRa","theDuelist:OceanDragonLord","theDuelist:ChimeratechOverdragon","theDuelist:BlueDuston"],"picked":"theDuelist:ArmageddonDragonEmp","floor":16},{"not_picked":["theDuelist:BattleguardKing","theDuelist:RainbowOverdragon","theDuelist:BlackPendant+1","theDuelist:JamBreeding"],"picked":"theDuelist:GoldenApples","floor":18},{"not_picked":["theDuelist:CyberTwinDragon","theDuelist:BarrelDragon+1","theDuelist:BlackPtera","theDuelist:BlackBrachios"],"picked":"theDuelist:Kabazauls+1","floor":23},{"not_picked":["theDuelist:BattleguardKing+1","theDuelist:BigFire+1","theDuelist:Hinotama+1","theDuelist:RainbowOverdragon"],"picked":"theDuelist:SmashingGround+1","floor":27},{"not_picked":["theDuelist:Kabazauls","theDuelist:CyberValley+1","theDuelist:CurseDragon+1","theDuelist:AncientGearGadjiltron"],"picked":"theDuelist:GenesisDragon+1","floor":28},{"not_picked":["theDuelist:YamataDragon","theDuelist:MoltenDestruction+1","theDuelist:RedRisingDragon","theDuelist:ArmedDragon3+1"],"picked":"theDuelist:FrostflameDragon","floor":30},{"not_picked":["theDuelist:TrihornedDragon","theDuelist:DarkDriceratops","theDuelist:BlackTyranno","theDuelist:BlackBrutdrago"],"picked":"theDuelist:VeilDarkness+1","floor":31},{"not_picked":["theDuelist:SurvivalFittest","theDuelist:ChimeratechOverdragon","theDuelist:BusterBladerDDS","theDuelist:BlasterDragonInfernos+1"],"picked":"theDuelist:FiveHeaded","floor":33},{"not_picked":["theDuelist:VeilDarkness+2","theDuelist:DragonShield+1","theDuelist:DragonCaptureJar","theDuelist:DefenseZone+1"],"picked":"theDuelist:DefenseDraw","floor":35},{"not_picked":["theDuelist:Kabazauls","theDuelist:RedRisingDragon","theDuelist:Carboneddon+1","theDuelist:StampingDestruction+1"],"picked":"theDuelist:SilverWing+1","floor":36},{"not_picked":["theDuelist:BlackBrutdrago","theDuelist:FiendSkull+1","theDuelist:CyberTwinDragon","theDuelist:ArmedDragon5"],"picked":"theDuelist:MirageDragon","floor":37},{"not_picked":["theDuelist:DarkHorus","theDuelist:FiendSkull+1","theDuelist:CyberDinosaur","theDuelist:AncientGearGadjiltron"],"picked":"theDuelist:ViceDragon+1","floor":38},{"not_picked":["theDuelist:MadSwordBeast","theDuelist:MegafleetDragon+1","theDuelist:MirageDragon","theDuelist:DefenseZone+1"],"picked":"theDuelist:MaskedDragon","floor":39},{"not_picked":["theDuelist:WaterDragon+1","theDuelist:StardustDragon+1","theDuelist:Lancephorhynchus","theDuelist:ArmedProtectorDragon+1"],"picked":"theDuelist:Scapegoat+1","floor":45},{"not_picked":["theDuelist:DoomkaiserDragon","theDuelist:BlackTyranno+1"],"picked":"theDuelist:SpiralSpearStrike+1","floor":48},{"not_picked":["theDuelist:MiraculousDescent","theDuelist:Scapegoat"],"picked":"theDuelist:DragonPiper+1","floor":49},{"not_picked":["theDuelist:WaterDragon+1","theDuelist:StardustDragon","theDuelist:Scapegoat+1","theDuelist:QueenDragunDjinn+1"],"picked":"theDuelist:BerserkScales+1","floor":50}],"player_experience":110243,"relics_obtained":[{"floor":6,"key":"HollowMod:PaleOreRelic"},{"floor":9,"key":"Tiny Chest"},{"floor":22,"key":"theDuelist:BoosterPackSpellEgg"},{"floor":23,"key":"hubris:TenFootPole"},{"floor":26,"key":"Replay:Bottled Flurry"},{"floor":36,"key":"Replay:PocketPolymizer"},{"floor":43,"key":"Bronze Scales"},{"floor":44,"key":"Replay:Arrowhead"},{"floor":45,"key":"Dream Catcher"}],"event_choices":[{"damage_healed":0,"gold_gain":0,"player_choice":"Upgraded","damage_taken":0,"max_hp_gain":0,"max_hp_loss":0,"event_name":"Upgrade Shrine","floor":2,"gold_loss":0,"cards_upgraded":["theDuelist:QueenDragunDjinn"]},{"damage_healed":0,"gold_gain":0,"player_choice":"Took item - Received: Millennium Ring","duelist":true,"damage_taken":0,"max_hp_gain":0,"max_hp_loss":0,"event_name":"Millennium Items","floor":14,"gold_loss":0},{"damage_healed":0,"gold_gain":0,"player_choice":"Ignored","damage_taken":0,"max_hp_gain":0,"max_hp_loss":0,"event_name":"Ghosts","floor":19,"gold_loss":0},{"damage_healed":0,"gold_gain":0,"player_choice":"Leave","duelist":true,"damage_taken":0,"max_hp_gain":0,"max_hp_loss":0,"event_name":"Battle City","floor":20,"gold_loss":0},{"damage_healed":0,"gold_gain":0,"player_choice":"Fight","damage_taken":0,"max_hp_gain":0,"max_hp_loss":0,"event_name":"MindBloom","floor":36,"gold_loss":0},{"cards_removed":["theDuelist:GenesisDragon"],"damage_healed":0,"gold_gain":0,"player_choice":"Upgrade and Remove","damage_taken":0,"max_hp_gain":0,"max_hp_loss":0,"event_name":"Designer","floor":41,"gold_loss":90,"cards_upgraded":["theDuelist:LesserDragon"]}],"is_beta":false,"boss_relics":[{"not_picked":["Runic Pyramid","Cursed Key"],"picked":"Replay:Fungal Core"},{"not_picked":["Painkiller Herb","Calling Bell"],"picked":"Sozu"},{"not_picked":["conspire:SlowCooker","Tiny House"],"picked":"Honey Jar"}],"items_purged_floors":[46],"is_endless":true,"potions_floor_spawned":[1,3,4,16,23,31,37,39,48,50],"ascension_level":0}}