{"host":"aj6dldabq8s02zuz","time":1610577560,"event":{"mods":["BaseMod","Block Reminder","Colored Map","Custom Start","Downfall","Hermit","Highlight Path","Hubris","Minty Spire (QoL Compilation)","Permanent Neow","Quick Restart","Relic Sorter","Replay The Spire","StSLib","The Blue Laboratory","The Jungle","TheArtist","Wandering Minibosses"],"gold_per_floor":[116,116,128,140,150,184,184,203,227,245,272,272,290,302,314,457,469,502,434,458,458,476,476,515,515,541,574,589,589,605,624,624,749,812,831,831,831,831,539,539,579,595,595,634,668,668,668,818,818,959,959,981,1000,1026,1056,1080,1131,1154,1154,1154,1179,1129,1304,1334,1340,1340,1471,1471,1495,1420,1420,1452,1452,1508,1508,1537,1576,1576,1576,1178,1178,1178,1178,1315,1315,1340,1375,1250,1250,1277,1277,1277,1371,1387,1387,1387,1387,1462,1503,1503,1661,1761,1787,1872,1571,1746,1763,1763,1809,1825,1874,1904,1904,1925,1925,1925,1925,2060,2060,2083,2083,2112,1937,1975,2074,2123,2123,2183,2211,2211,2258,2288,2312,2312,2447,2447,2485,2485,2285,2318,2318,2318,2353,2353,2403,2435,2210,2210,2244,2244,2244,2375,2375,2395,2395,2412,2439,2289,2330,2330,2330,2330],"floor_reached":161,"language":"ENG","playtime":5647,"items_purged":["Normality","Pot Of Greed","Pot Of Greed","Clash+1","Bash+1","hubris:ReadiedAction+1","Normality"],"score":5160,"play_id":"d0a75dc3-f473-4ad7-8804-d62350f99484","local_time":"20210113163920","daily_mods":["Heirloom","Cursed Run","Lethality","downfall:ExchangeController"],"is_ascension_mode":false,"campfire_choices":[{"data":"Perfected Strike","floor":7.0,"key":"SMITH"},{"data":"Defy Death","floor":15.0,"key":"SMITH"},{"data":"Whirlwind","floor":23.0,"key":"SMITH"},{"data":"Heavy Blade","floor":25.0,"key":"SMITH"},{"data":"Bludgeon","floor":29.0,"key":"SMITH"},{"data":"Perfected Strike","floor":40.0,"key":"SMITH"},{"data":"Flex","floor":47.0,"key":"SMITH"},{"data":"Strike_R+2","floor":49.0,"key":"SMITH"},{"data":"Anger","floor":59.0,"key":"SMITH"},{"data":"Pommel Strike","floor":66.0,"key":"SMITH"},{"data":"Twin Strike","floor":75.0,"key":"SMITH"},{"data":"Combust","floor":79.0,"key":"SMITH"},{"data":"Clash","floor":83.0,"key":"SMITH"},{"data":"Sever Soul","floor":91.0,"key":"SMITH"},{"data":"Limit Break","floor":97.0,"key":"SMITH"},{"data":"Anger","floor":100.0,"key":"SMITH"},{"data":"Ghostly Armor","floor":108.0,"key":"SMITH"},{"data":"Strike_R+3","floor":113.0,"key":"SMITH"},{"data":"Strike_R+4","floor":117.0,"key":"SMITH"},{"data":"Strike_R+2","floor":130.0,"key":"SMITH"},{"data":"Strike_R+3","floor":134.0,"key":"SMITH"},{"data":"Strike_R+4","floor":142.0,"key":"SMITH"},{"data":"Strike_R+1","floor":144.0,"key":"SMITH"},{"data":"Strike_R+2","floor":151.0,"key":"SMITH"},{"data":"Strike_R+1","floor":160,"key":"SMITH"}],"circlet_count":0,"master_deck":["Strike_R+2","Strike_R+1","Strike_R+1","Strike_R+1","Defend_R+1","Defend_R+1","Defend_R+1","Pommel Strike+1","Perfected Strike+1","Perfected Strike+1","Heavy Blade+1","Twin Strike+1","Wild Strike+1","Regret","Searing Blow","Defy Death+1","Bludgeon+1","ReplayTheSpireMod:Faulty Equipment","Doubt","Sever Soul+1","Whirlwind+1","Anger+1","Anger+1","Amnesia","Wild Strike+1","Perfected Strike+1","Shame","Flex+1","Anger+1","Sickly","Ghostly Armor+1","Doubt","Decay","Pain","Doubt","Regret","Amnesia","hubris:Lust","Limit Break+1","Writhe","Shame","Doubt","Doubt","Looming Evil","Writhe","Combust","ReplayTheSpireMod:Restless Dread"],"relics":["Black Blood","Burning Blood","Pen Nib","hubris:64BitClover","Darkstone Periapt","Du-Vu Doll","downfall:NeowBlessing_Player","replay:Trail_Library","Pondfish Scales","Mark of Pain","TungstenRod","StoneCalendar","Red Skull","Another Sword","Black Star","Blood Vial","Ice Cream","Vajra","Gremlin Horn","Sozu","Toy Ornithopter","Grinning Jar","War Paint","Juzu Bracelet","Strawberry","Golden Idol","MawBank","Kintsugi","Prayer Wheel","Ancient Tea Set","Regal Pillow","HornCleat","Sundial","wanderingMiniBosses:Blackblade","King of Hearts","Tiny House","Thread and Needle","Simple Rune","Tiny Chest","champ:DeflectingBracers","Replay:Bandana","hubris:ToyBattleship","hubris:EvacipatedBox","ReplayTheSpireMod:CursedCoin","Whetstone","Black Star","downfall:NeowBlessing_Player","replay:Trail_Library","Nunchaku","Akabeko","ReplayTheSpireMod:Lightbulb","theJungle:BirthdayCakeSlice","theJungle:WildStrawberry","hubris:GlazedTorus","hubris:Icosahedron","Turnip","hubris:Towel","Happy Flower","hubris:Potato","Replay:Wanted Poster","downfall:NeowBlessing_Player","replay:Trail_Library","ClockworkSouvenir","hubris:HollowSoul","Red Mask","Meat on the Bone","Philosopher\u0027s Stone","downfall:NeowBlessing_Player","replay:Trail_Library","Medical Kit"],"acts_visited":["Exordium","TheCity","TheBeyond","Exordium","Exordium","TheBeyond","Exordium","TheCity","TheBeyond"],"potions_floor_usage":[],"damage_taken":[{"damage":6.0,"enemies":"2 Louse","floor":1.0,"turns":3.0},{"damage":0.0,"enemies":"Small Slimes","floor":3.0,"turns":2.0},{"damage":0.0,"enemies":"Jaw Worm","floor":4.0,"turns":1.0},{"damage":0.0,"enemies":"Red Slaver","floor":5.0,"turns":1.0},{"damage":0.0,"enemies":"3 Sentries","floor":6.0,"turns":2.0},{"damage":0.0,"enemies":"Looter","floor":8.0,"turns":1.0},{"damage":12.0,"enemies":"Exordium Thugs","floor":10.0,"turns":2.0},{"damage":31.0,"enemies":"Gremlin Nob","floor":11.0,"turns":4.0},{"damage":0.0,"enemies":"Gremlin Gang","floor":13.0,"turns":2.0},{"damage":74.0,"enemies":"Hexaghost","floor":16.0,"turns":3.0},{"damage":0.0,"enemies":"2 Thieves","floor":18.0,"turns":1.0},{"damage":16.0,"enemies":"Chosen","floor":20.0,"turns":3.0},{"damage":0.0,"enemies":"Centurion and Healer","floor":22.0,"turns":2.0},{"damage":21.0,"enemies":"Replay:Snechameleon","floor":24.0,"turns":2.0},{"damage":16.0,"enemies":"Slavers","floor":27.0,"turns":3.0},{"damage":0.0,"enemies":"Snake Plant","floor":28.0,"turns":1.0},{"damage":0.0,"enemies":"Snecko","floor":30.0,"turns":1.0},{"damage":26.0,"enemies":"Cultist and Chosen","floor":31.0,"turns":5.0},{"damage":3.0,"enemies":"Pondfish","floor":33.0,"turns":5.0},{"damage":2.0,"enemies":"3 Shapes","floor":35.0,"turns":2.0},{"damage":11.0,"enemies":"Giant Head","floor":41.0,"turns":5.0},{"damage":0.0,"enemies":"Orb Walker","floor":42.0,"turns":1.0},{"damage":0.0,"enemies":"R_Hoarder","floor":44.0,"turns":3.0},{"damage":16.0,"enemies":"Writhing Mass","floor":45.0,"turns":2.0},{"damage":17.0,"enemies":"hubris:GrandSnecko","floor":50.0,"turns":4.0},{"damage":0.0,"enemies":"Small Slimes","floor":52.0,"turns":1.0},{"damage":0.0,"enemies":"2 Louse","floor":53.0,"turns":1.0},{"damage":0.0,"enemies":"Cultist","floor":54.0,"turns":1.0},{"damage":28.0,"enemies":"Large Slime","floor":55.0,"turns":3.0},{"damage":0.0,"enemies":"3 Louse","floor":56.0,"turns":1.0},{"damage":14.0,"enemies":"Gremlin Nob","floor":57.0,"turns":3.0},{"damage":0.0,"enemies":"Exordium Thugs","floor":58.0,"turns":1.0},{"damage":0.0,"enemies":"Red Slaver","floor":61.0,"turns":1.0},{"damage":0.0,"enemies":"3 Louse","floor":64.0,"turns":1.0},{"damage":0.0,"enemies":"Exordium Wildlife","floor":65.0,"turns":1.0},{"damage":45.0,"enemies":"Fading Forest","floor":67.0,"turns":11.0},{"damage":0.0,"enemies":"Shell Parasite","floor":69.0,"turns":1.0},{"damage":0.0,"enemies":"theJungle:GiantWrat","floor":72.0,"turns":2.0},{"damage":4.0,"enemies":"theJungle:2_Phrogs","floor":74.0,"turns":3.0},{"damage":10.0,"enemies":"theJungle:2_Flameangoes","floor":76.0,"turns":2.0},{"damage":0.0,"enemies":"theJungle:MamaSnecko","floor":77.0,"turns":1.0},{"damage":0.0,"enemies":"theJungle:QueenSpyder","floor":84.0,"turns":2.0},{"damage":0.0,"enemies":"3 Shapes","floor":86.0,"turns":1.0},{"damage":0.0,"enemies":"3 Darklings","floor":87.0,"turns":2.0},{"damage":24.0,"enemies":"Jaw Worm Horde","floor":90.0,"turns":2.0},{"damage":38.0,"enemies":"R_Hoarder","floor":94.0,"turns":4.0},{"damage":28.0,"enemies":"2 Orb Walkers","floor":98.0,"turns":2.0},{"damage":77.0,"enemies":"Nemesis","floor":99.0,"turns":3.0},{"damage":155.0,"enemies":"hubris:GrandSnecko","floor":101.0,"turns":7.0},{"damage":0.0,"enemies":"Small Slimes","floor":103.0,"turns":2.0},{"damage":31.0,"enemies":"Lagavulin Event","floor":104.0,"turns":3.0},{"damage":11.0,"enemies":"2 Louse","floor":107.0,"turns":2.0},{"damage":0.0,"enemies":"Gremlin Nob","floor":109.0,"turns":2.0},{"damage":0.0,"enemies":"Cultist","floor":110.0,"turns":2.0},{"damage":38.0,"enemies":"3 Sentries","floor":111.0,"turns":3.0},{"damage":23.0,"enemies":"3 Louse","floor":112.0,"turns":2.0},{"damage":42.0,"enemies":"Large Slime","floor":114.0,"turns":2.0},{"damage":0.0,"enemies":"Slime Boss","floor":118.0,"turns":3.0},{"damage":50.0,"enemies":"Shell Parasite","floor":120.0,"turns":3.0},{"damage":54.0,"enemies":"2 Thieves","floor":122.0,"turns":3.0},{"damage":0.0,"enemies":"3 Cultists","floor":124.0,"turns":2.0},{"damage":9.0,"enemies":"Gremlin Leader","floor":126.0,"turns":2.0},{"damage":105.0,"enemies":"Book of Stabbing","floor":128.0,"turns":4.0},{"damage":36.0,"enemies":"Chosen and Byrds","floor":129.0,"turns":2.0},{"damage":26.0,"enemies":"Masked Bandits","floor":131.0,"turns":2.0},{"damage":76.0,"enemies":"Snake Plant","floor":132.0,"turns":3.0},{"damage":62.0,"enemies":"Shelled Parasite and Fungi","floor":133.0,"turns":3.0},{"damage":122.0,"enemies":"Pondfish","floor":135.0,"turns":5.0},{"damage":12.0,"enemies":"3 Darklings","floor":137.0,"turns":2.0},{"damage":32.0,"enemies":"Orb Walker","floor":140.0,"turns":3.0},{"damage":0.0,"enemies":"3 Darklings","floor":143.0,"turns":2.0},{"damage":0.0,"enemies":"R_Hoarder","floor":145.0,"turns":2.0},{"damage":58.0,"enemies":"Jaw Worm Horde","floor":146.0,"turns":3.0},{"damage":31.0,"enemies":"Spire Growth","floor":149.0,"turns":2.0},{"damage":310.0,"enemies":"Awakened One","floor":152.0,"turns":7.0},{"damage":0,"enemies":"Cultist","floor":154,"turns":2},{"damage":39,"enemies":"Small Slimes","floor":156,"turns":2},{"damage":26,"enemies":"2 Louse","floor":157,"turns":2},{"damage":0,"enemies":"Gremlin Nob","floor":159,"turns":2},{"damage":0,"enemies":"2 Fungi Beasts","floor":161,"turns":1}],"seed_played":"9109632440542140162","potions_obtained":[],"is_trial":true,"path_per_floor":["M","$","M","M","M","E","R","M","T","M","E","?","M","?","R","B",null,"M","$","M","?","M","R","E","R","T","E","M","R","M","M","R_BF","B",null,"M","?","?","?","$","R","E","M","T","E","M","$","R","$","R","B",null,"M","M","M","M","M","E","M","R","T","M","?","?","M","M","R","B",null,"M","$","?","M","?","E","R","M","E","?","R","$","?","?","R","B",null,"M","M","$","?","M","R","?","?","E","?","?","R","?","E","R","B",null,"M","?","$","?","M","R","E","M","E","M","R","M","?","?","R","B",null,"M","?","M","$","M","?","E","?","E","M","R","?","M","M","R","B",null,"M","?","$","M","?","R","M","R","E","M","$","?","M","?","R","B",null,"M","?","M","M","$","E","R","M"],"character_chosen":"IRONCLAD","items_purchased":["Whirlwind","Thread and Needle","hubris:EvacipatedBox","ReplayTheSpireMod:CursedCoin","Whetstone","hubris:GlazedTorus","ClockworkSouvenir","Medical Kit"],"campfire_rested":0,"item_purchase_floors":[19,39,46,48,48,80,105,158],"current_hp_per_floor":[180,180,180,180,180,180,180,180,186,180,164,117,125,125,125,65,311,311,311,301,301,309,309,296,296,302,294,302,302,310,292,298,309,434,434,434,434,434,434,434,429,434,440,440,430,411,411,407,407,404,652,652,652,652,630,638,632,640,640,646,654,660,666,670,670,670,637,776,776,776,782,782,787,787,787,787,787,781,781,781,794,794,794,800,900,900,900,900,900,894,894,894,894,876,876,906,906,896,839,839,710,1112,1112,1099,1099,1105,1114,1114,1118,1118,1098,1095,1095,1073,1073,1073,1073,1099,1224,1192,1192,1158,1158,1178,1178,1189,1189,1104,1088,1088,1082,1026,984,984,888,1330,1330,1330,1330,1316,1336,1336,1336,1336,1336,1296,1296,1296,1285,1336,1336,1050,1542,1542,1542,1512,1496,1496,1506,1506,1506,1506],"gold":2330,"neow_bonus":"","is_daily":false,"chose_seed":false,"campfire_upgraded":25,"win_rate":0.0,"timestamp":1610577560,"path_taken":["M","$","M","M","M","E","R","M","T","M","E","?","M","?","R","BOSS","M","$","M","?","M","R","E","R","T","E","M","R","M","M","R_BF","BOSS","M","?","?","?","$","R","E","M","T","E","M","?","R","?","R","BOSS","M","M","M","M","M","E","M","R","T","M","?","?","M","M","R","BOSS","M","$","?","M","?","E","R","M","E","?","R","$","?","?","R","BOSS","M","M","$","?","M","R","?","?","E","?","?","R","?","E","R","BOSS","M","?","$","?","M","R","E","M","E","M","R","M","?","?","R","BOSS","M","?","M","$","M","?","E","?","E","M","R","?","M","M","R","BOSS","M","?","$","M","?","R","M","R","E","M","?","?","M","?","R","BOSS","M","?","M","M","$","E","R","M"],"items_purchased_type":["Card","Relic","Relic","Relic","Relic","Relic","Relic","Relic"],"build_version":"2020-12-22","purchased_purges":7,"victory":false,"max_hp_per_floor":[180,180,180,180,180,180,180,180,186,186,193,193,193,193,193,199,311,311,311,311,311,311,311,311,311,317,317,317,317,317,317,323,329,434,434,434,434,434,434,434,434,434,440,440,440,440,440,446,446,452,652,652,652,652,652,652,652,652,652,658,658,664,670,670,670,670,676,776,776,776,782,782,787,787,787,787,787,794,794,794,794,794,794,800,900,900,900,900,900,900,900,900,900,900,900,906,906,906,906,906,912,1112,1112,1112,1112,1118,1118,1118,1118,1118,1118,1118,1118,1118,1118,1118,1118,1124,1224,1224,1224,1224,1224,1224,1224,1224,1224,1224,1224,1224,1224,1224,1224,1224,1230,1330,1330,1330,1330,1330,1336,1336,1336,1336,1336,1336,1336,1336,1336,1336,1336,1342,1542,1542,1542,1542,1542,1542,1542,1542,1542,1542],"card_choices":[{"not_picked":["Replay:Undeath\u0027s Touch","ReplayTheSpireMod:Strike From Hell"],"picked":"Pommel Strike","floor":1.0},{"not_picked":["Fire Breathing","Heavy Blade"],"picked":"Perfected Strike","floor":3.0},{"not_picked":["ReplayTheSpireMod:Strike From Hell","Sword Boomerang"],"picked":"Perfected Strike","floor":4.0},{"not_picked":["Uppercut","hubris:ReadiedAction"],"picked":"Heavy Blade","floor":5.0},{"not_picked":["Thunderclap","ReplayTheSpireMod:Corrosion Curse"],"picked":"Twin Strike","floor":6.0},{"not_picked":["Uppercut","Clothesline"],"picked":"Wild Strike","floor":8.0},{"not_picked":["Berserk","Dropkick"],"picked":"Combust","floor":10.0},{"not_picked":["Shrug It Off","Havoc"],"picked":"Searing Blow","floor":11.0},{"not_picked":["Cleave","Metallicize"],"picked":"Defy Death","floor":13.0},{"not_picked":["Feed","Replay:Many Hands"],"picked":"Bludgeon","floor":16.0},{"not_picked":["Sword Boomerang+1","Warcry"],"picked":"Sever Soul","floor":18.0},{"not_picked":["Iron Wave","ReplayTheSpireMod:Corrosion Curse"],"picked":"Anger+1","floor":20.0},{"not_picked":["Massacre","Life Link"],"picked":"Anger","floor":22.0},{"not_picked":["Impervious","Brutality","Shrug It Off"],"picked":"SKIP","floor":24.0},{"not_picked":["Combust","ReplayReversal","Power Through+1"],"picked":"SKIP","floor":27.0},{"not_picked":["Shrug It Off","Fire Breathing+1"],"picked":"Wild Strike+1","floor":28.0},{"not_picked":["ReplayTheSpireMod:Limb From Limb","Havoc","Replay:Undeath\u0027s Touch"],"picked":"SKIP","floor":28.0},{"not_picked":["Shrug It Off","Body Slam+1","Iron Wave"],"picked":"SKIP","floor":30.0},{"not_picked":["Rage","Replay:Undeath\u0027s Touch","Blood for Blood+1"],"picked":"SKIP","floor":30.0},{"not_picked":["wanderingMiniBosses:FinaleOfPromise"],"picked":"SKIP","floor":31.0},{"not_picked":["ReplayTheSpireMod:Corrosion Curse+1","Sentinel","Clash+1"],"picked":"SKIP","floor":31.0},{"not_picked":["ReplayTheSpireMod:Strike From Hell","ReplayTheSpireMod:Limb From Limb","Clothesline"],"picked":"SKIP","floor":31.0},{"not_picked":["Bloodletting+1","Thunderclap+1","hubris:ReadiedAction"],"picked":"SKIP","floor":35.0},{"not_picked":["Cleave+1","Body Slam","Entrench+1"],"picked":"SKIP","floor":35.0},{"not_picked":["Rage+1","Rupture"],"picked":"Flex","floor":41.0},{"not_picked":["Pommel Strike","Whirlwind"],"picked":"Anger","floor":42.0},{"not_picked":["Flex","Run Through+1"],"picked":"Heavy Blade+1","floor":42.0},{"not_picked":["Offering","Wild Strike+1","Flex+1"],"picked":"SKIP","floor":44.0},{"not_picked":["Perfected Strike","ReplayTheSpireMod:Limb From Limb","Run Through+1"],"picked":"SKIP","floor":45.0},{"not_picked":["Ghostly Armor","Infernal Blade","Pummel+1"],"picked":"SKIP","floor":45.0},{"not_picked":["True Grit","Wild Strike","Evolve"],"picked":"SKIP","floor":52.0},{"not_picked":["Whirlwind","Cleave","Twin Strike"],"picked":"SKIP","floor":52.0},{"not_picked":["Disarm","Clothesline","Havoc"],"picked":"SKIP","floor":53.0},{"not_picked":["Whirlwind","Hemokinesis","ReplayTheSpireMod:Corrosion Curse"],"picked":"SKIP","floor":53.0},{"not_picked":["Rampage","Evolve","Second Wind"],"picked":"SKIP","floor":54.0},{"not_picked":["Cleave","Infernal Blade","Thunderclap"],"picked":"SKIP","floor":54.0},{"not_picked":["Perfected Strike","Rupture","Heavy Blade"],"picked":"SKIP","floor":55.0},{"not_picked":["ReplayTheSpireMod:Limb From Limb","Fiend Fire","Carnage"],"picked":"SKIP","floor":55.0},{"not_picked":["Wild Strike","Twin Strike","Sentinel"],"picked":"SKIP","floor":56.0},{"not_picked":["Sword Boomerang","Inflame","Burning Pact"],"picked":"SKIP","floor":56.0},{"not_picked":["Second Wind","Dual Wield","Headbutt"],"picked":"SKIP","floor":57.0},{"not_picked":["Armaments","Cleave","Warcry"],"picked":"SKIP","floor":58.0},{"not_picked":["Shrug It Off","Pummel","Sword Boomerang"],"picked":"SKIP","floor":58.0},{"not_picked":["hubris:ReadiedAction","ReplayTheSpireMod:Strike From Hell","Disarm"],"picked":"SKIP","floor":61.0},{"not_picked":["Perfected Strike","Searing Blow","Fire Breathing"],"picked":"SKIP","floor":61.0},{"not_picked":["hubris:ReadiedAction","Iron Wave","Pommel Strike"],"picked":"SKIP","floor":64.0},{"not_picked":["Intimidate","Replay:Many Hands","Shrug It Off"],"picked":"SKIP","floor":64.0},{"not_picked":["Anger","Cleave","Wild Strike"],"picked":"SKIP","floor":65.0},{"not_picked":["Massacre","hubris:ReadiedAction","Battle Trance"],"picked":"SKIP","floor":65.0},{"not_picked":["Armaments","Flame Barrier","Warcry+1"],"picked":"SKIP","floor":69.0},{"not_picked":["Perfected Strike","ReplayTheSpireMod:Stacked","Thunderclap"],"picked":"SKIP","floor":69.0},{"not_picked":["Warcry","Seeing Red+1","Sever Soul"],"picked":"SKIP","floor":72.0},{"not_picked":["Heavy Blade","Pommel Strike+1","Battle Trance+1"],"picked":"SKIP","floor":72.0},{"not_picked":["Pommel Strike","Inflame","Power Through"],"picked":"SKIP","floor":74.0},{"not_picked":["Second Wind","Feed","Headbutt+1"],"picked":"SKIP","floor":76.0},{"not_picked":["Flex","Body Slam","Fire Breathing"],"picked":"SKIP","floor":76.0},{"not_picked":["Pommel Strike+1","Entrench","Cleave"],"picked":"SKIP","floor":77.0},{"not_picked":["Brutality","Corruption"],"picked":"Limit Break","floor":84.0},{"not_picked":["Headbutt","Shockwave+1","True Grit"],"picked":"SKIP","floor":86.0},{"not_picked":["Blood for Blood+1","ReplayTheSpireMod:LeadingStrike+1","Battle Trance"],"picked":"SKIP","floor":86.0},{"not_picked":["Run Through","Pummel+1","Shockwave+1"],"picked":"SKIP","floor":87.0},{"not_picked":["Shrug It Off","Cleave+1","Entrench+1"],"picked":"SKIP","floor":87.0},{"not_picked":["Barricade","Armaments+1"],"picked":"hubris:ReadiedAction+1","floor":90.0},{"not_picked":["Disarm+1","Perfected Strike","Clothesline"],"picked":"SKIP","floor":90.0},{"not_picked":["Cleave+1","Second Wind","Wild Strike+1"],"picked":"SKIP","floor":94.0},{"not_picked":["Thunderclap+1","Cleave+1","Dark Embrace"],"picked":"SKIP","floor":99.0},{"not_picked":["Infernal Blade","Clash","ReplayTheSpireMod:Limb From Limb"],"picked":"SKIP","floor":103.0},{"not_picked":["Abandon","True Grit","Armaments"],"picked":"SKIP","floor":103.0},{"not_picked":["Wild Strike","Perfected Strike","Hemogenesis"],"picked":"SKIP","floor":107.0},{"not_picked":["Havoc","Run Through","Warcry"],"picked":"SKIP","floor":107.0},{"not_picked":["hubris:SharpeningStone","Flame Barrier","Havoc"],"picked":"SKIP","floor":109.0},{"not_picked":["Whirlwind","Perfected Strike","Clothesline"],"picked":"SKIP","floor":110.0},{"not_picked":["Shockwave","Feel No Pain","Anger"],"picked":"SKIP","floor":110.0},{"not_picked":["Feel No Pain","Blood for Blood","ReplayTheSpireMod:Muscle Training"],"picked":"SKIP","floor":111.0},{"not_picked":["Searing Blow","Perfected Strike","Pommel Strike"],"picked":"SKIP","floor":112.0},{"not_picked":["Warcry","Anger","Fire Breathing"],"picked":"SKIP","floor":112.0},{"not_picked":["Life Link","Clash","True Grit"],"picked":"SKIP","floor":114.0},{"not_picked":["Heavy Blade","Headbutt","Cleave"],"picked":"SKIP","floor":114.0},{"not_picked":["Clash","Shrug It Off","Headbutt"],"picked":"SKIP","floor":120.0},{"not_picked":["Sever Soul+1","Cleave","Clash+1"],"picked":"SKIP","floor":120.0},{"not_picked":["Clothesline","Flex","Pommel Strike"],"picked":"SKIP","floor":122.0},{"not_picked":["Sword Boomerang","Whirlwind+1","Thunderclap+1"],"picked":"SKIP","floor":122.0},{"not_picked":["Anger+1","Headbutt","hubris:ReadiedAction"],"picked":"SKIP","floor":124.0},{"not_picked":["ReplayTheSpireMod:Strike From Hell","hubris:ReadiedAction","Shrug It Off"],"picked":"SKIP","floor":124.0},{"not_picked":["Demon Form","Body Slam","Warcry"],"picked":"SKIP","floor":126.0},{"not_picked":["Pommel Strike","Thunderclap","Flame Barrier"],"picked":"SKIP","floor":128.0},{"not_picked":["Cleave","ReplayTheSpireMod:Strike From Hell+1","Spot Weakness+1"],"picked":"SKIP","floor":129.0},{"not_picked":["Flame Barrier+1","Defy Death","Sword Boomerang"],"picked":"SKIP","floor":129.0},{"not_picked":["hubris:ReadiedAction","True Grit","Sentinel"],"picked":"SKIP","floor":132.0},{"not_picked":["Fire Breathing","Iron Wave","Havoc"],"picked":"SKIP","floor":132.0},{"not_picked":["Rupture","Clothesline","Bloodletting+1"],"picked":"SKIP","floor":133.0},{"not_picked":["Hemokinesis","ReplayReversal","Headbutt"],"picked":"SKIP","floor":133.0},{"not_picked":["Feel No Pain","Reckless Charge","Iron Wave"],"picked":"SKIP","floor":137.0},{"not_picked":["Body Slam","Spot Weakness","Warcry"],"picked":"SKIP","floor":137.0},{"not_picked":["hubris:SharpeningStone","Bloodletting+1","Armaments"],"picked":"SKIP","floor":140.0},{"not_picked":["Dual Wield","hubris:ReadiedAction+1","ReplayReversal+1"],"picked":"SKIP","floor":140.0},{"not_picked":["Burning Pact+1","Sentinel","Warcry"],"picked":"SKIP","floor":143.0},{"not_picked":["Armaments+1","Warcry","Wild Strike+1"],"picked":"SKIP","floor":143.0},{"not_picked":["hubris:ReadiedAction+1","Carnage+1","Abandon"],"picked":"SKIP","floor":145.0},{"not_picked":["Anger+1","Armaments","Pommel Strike+1"],"picked":"SKIP","floor":146.0},{"not_picked":["Clash","Shockwave+1","Entrench"],"picked":"SKIP","floor":146.0},{"not_picked":["Anger","Sword Boomerang+1","Pommel Strike+1"],"picked":"SKIP","floor":149.0},{"not_picked":["ReplayTheSpireMod:Corrosion Curse","Life Link","Rage"],"picked":"SKIP","floor":149.0},{"not_picked":["Replay:Undeath\u0027s Touch","Body Slam","Anger"],"picked":"SKIP","floor":154},{"not_picked":["Twin Strike","hubris:ReadiedAction","Cleave"],"picked":"SKIP","floor":154},{"not_picked":["Uppercut","Wild Strike","hubris:ReadiedAction"],"picked":"SKIP","floor":156},{"not_picked":["Replay:Undeath\u0027s Touch","Flex","Reaper"],"picked":"SKIP","floor":156},{"not_picked":["Hemokinesis","Perfected Strike","Run Through"],"picked":"SKIP","floor":157},{"not_picked":["ReplayTheSpireMod:Corrosion Curse","Headbutt","Abandon"],"picked":"SKIP","floor":157},{"not_picked":["Replay:Undeath\u0027s Touch","Headbutt","Body Slam"],"picked":"SKIP","floor":159}],"player_experience":2031,"relics_obtained":[{"floor":6.0,"key":"Toy Ornithopter"},{"floor":6.0,"key":"Grinning Jar"},{"floor":9.0,"key":"War Paint"},{"floor":11.0,"key":"Juzu Bracelet"},{"floor":11.0,"key":"Strawberry"},{"floor":13.0,"key":"MawBank"},{"floor":24.0,"key":"Prayer Wheel"},{"floor":24.0,"key":"Ancient Tea Set"},{"floor":26.0,"key":"Regal Pillow"},{"floor":27.0,"key":"HornCleat"},{"floor":27.0,"key":"Sundial"},{"floor":31.0,"key":"wanderingMiniBosses:Blackblade"},{"floor":31.0,"key":"King of Hearts"},{"floor":41.0,"key":"Simple Rune"},{"floor":41.0,"key":"Tiny Chest"},{"floor":43.0,"key":"champ:DeflectingBracers"},{"floor":44.0,"key":"Replay:Bandana"},{"floor":44.0,"key":"hubris:ToyBattleship"},{"floor":53.0,"key":"Nunchaku"},{"floor":60.0,"key":"Akabeko"},{"floor":65.0,"key":"ReplayTheSpireMod:Lightbulb"},{"floor":87.0,"key":"Turnip"},{"floor":93.0,"key":"Happy Flower"},{"floor":98.0,"key":"hubris:Potato"},{"floor":131.0,"key":"Red Mask"},{"floor":133.0,"key":"Meat on the Bone"}],"event_choices":[{"damage_healed":0.0,"max_hp_gain":0.0,"max_hp_loss":0.0,"gold_gain":0.0,"event_name":"Golden Idol","player_choice":"Take Damage","floor":12.0,"gold_loss":0.0,"damage_taken":48.0,"relics_obtained":["Golden Idol"]},{"damage_healed":0.0,"max_hp_gain":0.0,"max_hp_loss":0.0,"gold_gain":0.0,"event_name":"Back to Basics","player_choice":"Simplicity","floor":21.0,"gold_loss":0.0,"damage_taken":0.0,"cards_upgraded":["Strike_R","Strike_R","Strike_R","Strike_R","Defend_R","Defend_R","Defend_R"]},{"damage_healed":0.0,"max_hp_gain":0.0,"max_hp_loss":0.0,"gold_gain":0.0,"event_name":"Fountain of Cleansing","player_choice":"Ignored","floor":36.0,"gold_loss":0.0,"damage_taken":0.0},{"cards_removed":["Defend_R"],"damage_healed":0.0,"max_hp_gain":0.0,"max_hp_loss":0.0,"gold_gain":0.0,"event_name":"Falling","player_choice":"Removed Skill","floor":37.0,"gold_loss":0.0,"damage_taken":0.0},{"damage_healed":0.0,"max_hp_gain":0.0,"max_hp_loss":0.0,"gold_gain":0.0,"event_name":"Tomb of Lord Red Mask","player_choice":"Ignored","floor":38.0,"gold_loss":0.0,"damage_taken":0.0},{"cards_removed":["Anger"],"damage_healed":0.0,"max_hp_gain":0.0,"max_hp_loss":0.0,"gold_gain":0.0,"event_name":"The Cleric","player_choice":"Card Removal","floor":62.0,"gold_loss":50.0,"damage_taken":0.0},{"damage_healed":0.0,"max_hp_gain":0.0,"max_hp_loss":0.0,"gold_gain":175.0,"event_name":"Liars Game","player_choice":"AGREE","floor":63.0,"gold_loss":0.0,"damage_taken":0.0,"cards_obtained":["Doubt"]},{"damage_healed":0.0,"max_hp_gain":0.0,"max_hp_loss":0.0,"gold_gain":0.0,"event_name":"Tomb of Lord Red Mask","player_choice":"Ignored","floor":89.0,"gold_loss":0.0,"damage_taken":0.0},{"damage_healed":0.0,"max_hp_gain":0.0,"max_hp_loss":0.0,"gold_gain":0.0,"event_name":"SensoryStone","player_choice":"Memory 1","floor":95.0,"gold_loss":0.0,"damage_taken":0.0},{"damage_healed":225.0,"max_hp_gain":0.0,"max_hp_loss":0.0,"gold_gain":0.0,"event_name":"Winding Halls","player_choice":"Writhe","floor":96.0,"gold_loss":0.0,"damage_taken":0.0,"cards_obtained":["Writhe"]},{"damage_healed":0.0,"max_hp_gain":0.0,"max_hp_loss":0.0,"gold_gain":0.0,"event_name":"Mysterious Sphere","player_choice":"Fight","floor":98.0,"gold_loss":0.0,"damage_taken":0.0},{"damage_healed":0.0,"max_hp_gain":0.0,"max_hp_loss":0.0,"gold_gain":0.0,"event_name":"Dead Adventurer","player_choice":"Searched \u00272\u0027 times","floor":104.0,"gold_loss":0.0,"damage_taken":0.0},{"damage_healed":0.0,"max_hp_gain":0.0,"max_hp_loss":0.0,"gold_gain":175.0,"event_name":"Liars Game","player_choice":"AGREE","floor":106.0,"gold_loss":0.0,"damage_taken":0.0,"cards_obtained":["Doubt"]},{"damage_healed":0.0,"max_hp_gain":0.0,"max_hp_loss":0.0,"gold_gain":0.0,"event_name":"Wheel of Change","player_choice":"Relic","floor":115.0,"gold_loss":0.0,"damage_taken":0.0},{"damage_healed":0.0,"max_hp_gain":0.0,"max_hp_loss":0.0,"gold_gain":99.0,"event_name":"Nest","player_choice":"Stole From Cult","floor":125.0,"gold_loss":0.0,"damage_taken":0.0},{"damage_healed":0.0,"max_hp_gain":0.0,"max_hp_loss":0.0,"gold_gain":0.0,"event_name":"Vampires","player_choice":"Ignored","floor":127.0,"gold_loss":0.0,"damage_taken":0.0},{"damage_healed":0.0,"max_hp_gain":0.0,"max_hp_loss":0.0,"gold_gain":0.0,"event_name":"Masked Bandits","player_choice":"Fought Bandits","floor":131.0,"gold_loss":0.0,"damage_taken":0.0},{"cards_removed":["Feel No Pain"],"damage_healed":0.0,"max_hp_gain":0.0,"max_hp_loss":0.0,"gold_gain":0.0,"event_name":"Falling","player_choice":"Removed Power","floor":138.0,"gold_loss":0.0,"damage_taken":0.0},{"damage_healed":333.0,"max_hp_gain":0.0,"max_hp_loss":0.0,"gold_gain":0.0,"event_name":"Winding Halls","player_choice":"Writhe","floor":141.0,"gold_loss":0.0,"damage_taken":0.0,"cards_obtained":["Writhe"]},{"damage_healed":0.0,"max_hp_gain":0.0,"max_hp_loss":0.0,"gold_gain":0.0,"event_name":"Fountain of Cleansing","player_choice":"Ignored","floor":148.0,"gold_loss":0.0,"damage_taken":0.0},{"cards_removed":["Combust"],"damage_healed":51.0,"max_hp_gain":0.0,"max_hp_loss":0.0,"gold_gain":0.0,"event_name":"Bonfire Elementals","player_choice":"Offered Uncommon","floor":150.0,"gold_loss":0.0,"damage_taken":0.0}],"is_beta":false,"boss_relics":[{"not_picked":["hubris:RunicObelisk","hubris:CrackedHourglass"],"picked":"Kintsugi"},{"not_picked":["Velvet Choker","Ring of Chaos"],"picked":"Tiny House"},{"not_picked":["Replay:Fungal Core","hubris:Stopwatch","hubris:BlackHole"],"picked":"Black Star"},{"not_picked":["hubris:ScarierMask","Empty Cage","Velvet Choker"],"picked":"Black Blood"},{"not_picked":["hubris:Stopwatch","ReplayTheSpireMod:DimensionalGlitch","hubris:HollowSoul","hubris:BlackHole"]},{"not_picked":["Ring of Chaos","Replay:Bronze Core","hubris:RunicObelisk"],"picked":"Replay:Wanted Poster"},{"not_picked":["Ooze Armor","ReplayTheSpireMod:DimensionalGlitch","Fusion Hammer"],"picked":"hubris:HollowSoul"},{"not_picked":["hubris:TerracottaHorce","Electric Blood","Replay:Drink Me"],"picked":"Philosopher\u0027s Stone"},{"not_picked":["Replay:Grab Bag","Velvet Choker","Coffee Dripper","Empty Cage"]}],"items_purged_floors":[70,80,88,105,123,139,147],"is_endless":true,"potions_floor_spawned":[3,5,6,11,20,24,27,31,33,35,44,45,52,57,61,64,69,74,86,90,98,104,107,111,114,122,126,132,133,135,145,149,152,157],"killed_by":"2 Fungi Beasts","ascension_level":0}}