{"host":"xt797mi8yhee06c1","time":1610556378,"event":{"mods":["BaseMod","Bestiary","Koishi","Marisa£¨Ùöéë¡¡Øª×âÞÞ£©","Minty Spire (QoL Compilation)","Poor People Problems","Prisma Mod","Relic Filter","Shop Mod","Spicy Shops","StSLib","The Marked","The Servant 0.9.4","WarShipGirlsR/??á´Ò³R mod"],"gold_per_floor":[109,126,144,157,157,191,191,201,226,254,265,278,278,290,290,395,395,405,405,365,290,300,300,300],"floor_reached":23,"language":"KOR","playtime":1350,"items_purged":[],"score":205,"play_id":"678d6675-7bd6-4db1-affc-74935cfba605","local_time":"20210114014618","is_ascension_mode":false,"campfire_choices":[{"floor":13.0,"key":"REST"},{"floor":15.0,"key":"REST"}],"circlet_count":0,"master_deck":["Strike_MRS","Strike_MRS","Strike_MRS","Strike_MRS","Defend_MRS","Defend_MRS","Defend_MRS+1","Defend_MRS","MasterSpark","UpSweep+1","DarkMatter","EnergyFlow","EnergyFlow+1","AlicesGift","ChargeUpSpray","UnstableBomb","ShootingEcho","PowerUp","EventHorizon","LuminesStrike","FinalSpark+1","WitchOfGreed","SatelliteIllusion","ShootTheMoon"],"relics":["MiniHakkero","NeowsBlessing","Kunai","Omamori","Blood Vial","Calling Bell","Pen Nib","Ornamental Fan","Pocketwatch"],"acts_visited":["Exordium","TheCity"],"potions_floor_usage":[16,23,23,23],"damage_taken":[{"damage":0.0,"enemies":"Jaw Worm","floor":1.0,"turns":1.0},{"damage":0.0,"enemies":"Small Slimes","floor":2.0,"turns":1.0},{"damage":0.0,"enemies":"Cultist","floor":3.0,"turns":1.0},{"damage":6.0,"enemies":"Red Slaver","floor":4.0,"turns":3.0},{"damage":17.0,"enemies":"3 Sentries","floor":6.0,"turns":5.0},{"damage":10.0,"enemies":"Looter","floor":8.0,"turns":3.0},{"damage":26.0,"enemies":"Gremlin Nob","floor":10.0,"turns":5.0},{"damage":0.0,"enemies":"Lots of Slimes","floor":11.0,"turns":2.0},{"damage":3.0,"enemies":"Red Slaver","floor":12.0,"turns":3.0},{"damage":10.0,"enemies":"Exordium Thugs","floor":14.0,"turns":3.0},{"damage":24,"enemies":"Hexaghost","floor":16,"turns":9},{"damage":10,"enemies":"Shell Parasite","floor":18,"turns":4},{"damage":30,"enemies":"2 Thieves","floor":22,"turns":3},{"damage":42,"enemies":"Book of Stabbing","floor":23,"turns":4}],"seed_played":"-4695690632775590846","potions_obtained":[{"floor":2.0,"key":"Explosive Potion"},{"floor":6.0,"key":"Explosive Potion"},{"floor":10.0,"key":"PowerPotion"},{"floor":14.0,"key":"Swift Potion"},{"floor":16,"key":"StarNLove"},{"floor":22,"key":"Energy Potion"}],"is_trial":false,"path_per_floor":["M","M","M","M","?","E","?","M","T","E","M","M","R","M","R","B",null,"M","?","?","$","M","E"],"character_chosen":"MARISA","items_purchased":["SatelliteIllusion"],"campfire_rested":2,"item_purchase_floors":[21],"current_hp_per_floor":[75,75,75,69,54,37,37,27,27,1,3,2,24,16,38,16,75,65,65,65,65,37,0,0],"gold":300,"neow_bonus":"THREE_ENEMY_KILL","is_daily":false,"chose_seed":false,"campfire_upgraded":0,"win_rate":0.0,"timestamp":1610556378,"path_taken":["M","M","M","M","?","E","?","M","T","E","M","M","R","?","R","BOSS","M","?","?","$","M","E"],"items_purchased_type":["Card"],"build_version":"2020-12-22","purchased_purges":0,"victory":false,"max_hp_per_floor":[75,75,75,75,75,75,75,75,75,75,75,75,75,75,75,75,75,75,75,75,75,75,75,75],"card_choices":[{"not_picked":["SporeBomb","AsteroidBelt"],"picked":"DarkMatter","floor":1.0},{"not_picked":["GalacticHalo","SporeBomb"],"picked":"EnergyFlow","floor":2.0},{"not_picked":["StarlightTyphoon","DC"],"picked":"EnergyFlow","floor":3.0},{"not_picked":["DeepEcoloBomb","Acceleration"],"picked":"AlicesGift","floor":4.0},{"not_picked":["AsteroidBelt","StarlightTyphoon"],"picked":"ChargeUpSpray","floor":6.0},{"not_picked":["StarlightTyphoon","LuminesStrike"],"picked":"UnstableBomb","floor":8.0},{"not_picked":["Occultation","GravityBeat"],"picked":"ShootingEcho","floor":10.0},{"not_picked":["DragonMeteor","GrandCross"],"picked":"PowerUp","floor":11.0},{"not_picked":["BlazingStar","MagicAbsorber"],"picked":"EventHorizon","floor":12.0},{"not_picked":["EventHorizon","GalacticHalo"],"picked":"LuminesStrike","floor":14.0},{"not_picked":["UltimateShortwave","StarDustReverie"],"picked":"FinalSpark","floor":16},{"not_picked":["SuperPerseids","MagicChant"],"picked":"WitchOfGreed","floor":18},{"not_picked":["AsteroidBelt+1","6A+1"],"picked":"ShootTheMoon","floor":22}],"player_experience":341532,"relics_obtained":[{"floor":6.0,"key":"Kunai"},{"floor":9.0,"key":"Omamori"},{"floor":10.0,"key":"Blood Vial"},{"floor":17,"key":"Pen Nib"},{"floor":17,"key":"Ornamental Fan"},{"floor":17,"key":"Pocketwatch"}],"event_choices":[{"damage_healed":0.0,"max_hp_gain":0.0,"max_hp_loss":0.0,"gold_gain":0.0,"event_name":"Shining Light","player_choice":"Entered Light","floor":5.0,"gold_loss":0.0,"damage_taken":15.0,"cards_upgraded":["Defend_MRS","UpSweep"]},{"damage_healed":0.0,"max_hp_gain":0.0,"max_hp_loss":0.0,"gold_gain":0.0,"event_name":"Upgrade Shrine","player_choice":"Upgraded","floor":7.0,"gold_loss":0.0,"damage_taken":0.0,"cards_upgraded":["EnergyFlow"]},{"damage_healed":0,"gold_gain":0,"player_choice":"Ignored","damage_taken":0,"max_hp_gain":0,"max_hp_loss":0,"event_name":"Vampires","floor":19,"gold_loss":0},{"damage_healed":0,"gold_gain":0,"player_choice":"Upgrade","damage_taken":0,"max_hp_gain":0,"max_hp_loss":0,"event_name":"Designer","floor":20,"gold_loss":40,"cards_upgraded":["FinalSpark"]}],"is_beta":false,"boss_relics":[{"not_picked":["Velvet Choker","SacredBark"],"picked":"Calling Bell"}],"items_purged_floors":[],"is_endless":false,"potions_floor_spawned":[2,6,10,14,16,22],"killed_by":"Book of Stabbing","ascension_level":0}}