{"host":"8d3fefv2347kqkpz","time":1610549794,"event":{"mods":["100% Spire Juice","BaseMod","Better Vampires","Colored Map","Downfall","Minty Spire (QoL Compilation)","Quick Restart","Replay The Spire","StSLib","The Gatherer","Waifu the Spire"],"gold_per_floor":[111,121,121,139,239,273,72,83,110,123,136,136,154,166,166,261,261,281,281],"floor_reached":18,"language":"ZHS","playtime":1079,"items_purged":["Strike_G"],"score":168,"play_id":"ccc168fa-6e98-4a46-91b6-5cdcc70c8b66","local_time":"20210113225634","is_ascension_mode":false,"campfire_choices":[{"floor":12,"key":"REST"},{"floor":15,"key":"REST"}],"circlet_count":0,"master_deck":["Strike_G","Strike_G","Strike_G","Defend_G","Defend_G","Defend_G","Defend_G","Defend_G","Survivor","Neutralize","Glass Knife","Deadly Poison","Noxious Fumes","Poisoned Stab","Sneak Up","Burst","ReplayTheSpireMod:Necrosis","ReplayTheSpireMod:The Works"],"relics":["Ring of the Snake","Boot","Snake Skull","Runic Pyramid"],"acts_visited":["Exordium","TheCity"],"potions_floor_usage":[],"damage_taken":[{"damage":1,"enemies":"Jaw Worm","floor":1,"turns":5},{"damage":0,"enemies":"Small Slimes","floor":2,"turns":5},{"damage":1,"enemies":"Cultist","floor":4,"turns":3},{"damage":31,"enemies":"3 Sentries","floor":6,"turns":12},{"damage":4,"enemies":"Lots of Slimes","floor":8,"turns":5},{"damage":4,"enemies":"3 Louse","floor":10,"turns":3},{"damage":11,"enemies":"Large Slime","floor":11,"turns":4},{"damage":8,"enemies":"2 Fungi Beasts","floor":13,"turns":5},{"damage":3,"enemies":"3 Louse","floor":14,"turns":3},{"damage":57,"enemies":"Slime Boss","floor":16,"turns":10},{"damage":19,"enemies":"Spheric Guardian","floor":18,"turns":4}],"seed_played":"-5607662764056279725","potions_obtained":[{"floor":2,"key":"Cursed Concoction"},{"floor":6,"key":"Fire Potion"},{"floor":11,"key":"BlessingOfTheForge"}],"is_trial":false,"path_per_floor":["M","M","?","M","?","E","$","M","T","M","M","R","M","M","R","B",null,"M"],"character_chosen":"THE_SILENT","items_purchased":["Deadly Poison","Noxious Fumes"],"campfire_rested":2,"item_purchase_floors":[7,7],"current_hp_per_floor":[76,76,76,75,75,44,44,40,40,36,25,48,40,37,60,3,77,58,58],"gold":281,"neow_bonus":"TEN_PERCENT_HP_BONUS","is_daily":false,"chose_seed":false,"campfire_upgraded":0,"win_rate":0.0,"timestamp":1610549794,"path_taken":["M","M","?","M","?","E","$","M","T","M","M","R","?","M","R","BOSS","M"],"items_purchased_type":["Card","Card"],"build_version":"2020-12-22","purchased_purges":1,"victory":false,"max_hp_per_floor":[77,77,77,77,77,77,77,77,77,77,77,77,77,77,77,77,77,77,77],"card_choices":[{"not_picked":["Sucker Punch","Slice","Poisoned Stab"],"picked":"SKIP","floor":1},{"not_picked":["Backflip","Escape Plan","Blur"],"picked":"SKIP","floor":2},{"not_picked":["Predator","Dagger Spray","Hidden Blade"],"picked":"SKIP","floor":4},{"not_picked":["ReplayTheSpireMod:The Works","Infinite Blades","ReplayTheSpireMod:Exploit Weakness"],"picked":"SKIP","floor":6},{"not_picked":["Outmaneuver","Slice"],"picked":"Poisoned Stab","floor":8},{"not_picked":["Dodge and Roll","Quick Slash"],"picked":"Sneak Up","floor":10},{"not_picked":["Fluid Movement","Dagger Spray"],"picked":"Burst","floor":11},{"not_picked":["Masterful Stab","Replay:Poison Smokescreen","Dagger Spray"],"picked":"SKIP","floor":13},{"not_picked":["Acrobatics","Blade Dance","Underhanded Strike"],"picked":"SKIP","floor":14},{"not_picked":["Unload","A Thousand Cuts"],"picked":"ReplayTheSpireMod:Necrosis","floor":16},{"not_picked":["Sucker Punch","Outmaneuver"],"picked":"ReplayTheSpireMod:The Works","floor":18}],"player_experience":42358,"relics_obtained":[{"floor":6,"key":"Boot"},{"floor":9,"key":"Snake Skull"}],"event_choices":[{"damage_healed":0,"gold_gain":0,"cards_transformed":["Strike_G"],"player_choice":"Change","damage_taken":0,"max_hp_gain":0,"max_hp_loss":0,"event_name":"Living Wall","floor":3,"gold_loss":0,"cards_obtained":["Glass Knife"]},{"damage_healed":0,"gold_gain":100,"player_choice":"Pray","damage_taken":0,"max_hp_gain":0,"max_hp_loss":0,"event_name":"Golden Shrine","floor":5,"gold_loss":0}],"is_beta":false,"boss_relics":[{"not_picked":["HoveringKite","Busted Crown"],"picked":"Runic Pyramid"}],"items_purged_floors":[7],"is_endless":false,"potions_floor_spawned":[2,6,11,14,16,18],"killed_by":"Spheric Guardian","ascension_level":0}}