{"host":"3twtdwjpiqhvvn5s","time":1610498042,"event":{"mods":["AchievementEnabler","Act Like it!","BaseMod","BetterRewards","Colored Map","Colored Powertips","Downfall","Duelist Mod","Friendly Minions","GifTheSpireLib","Hallownest","Hermit","Hubris","Infinite Spire","Jorbs\u0027s Wanderer Trilogy","Koishi","KomeijiMod","Marisa????????","Minty Spire (QoL Compilation)","Random Character Mod","Rare Cards Sparkle","Replay The Spire","Shop Mod","StSLib","Td1madao Mod","The Administrix","The Animator","The Bug Knight","The Caster","The Cursed","The Disciple","The Hierophant","The Necromancer","The Poker Player","The Runesmith","The Servant 0.9.4","TheFirefly"],"gold_per_floor":[237,254,273,273,13,41,41,56,56,56,73,73,105,125,125,224,224,237,254,254,266,266,300,300,331,354,380,380,391,420,434,434,534,534,548,566,581,600,620,652,529,563,563,594,604,604,631,644,644,644],"floor_reached":51,"playtime":78362,"items_purged":["theDuelist:FinalFlame"],"score":1186,"play_id":"fe2a54df-a04d-439d-8453-01b22b9f7eb1","local_time":"20210112183402","daily_mods":["Vintage","Elite Swarm"],"is_ascension_mode":false,"campfire_choices":[{"floor":7,"key":"REST"},{"data":"theDuelist:ScrapFactory","floor":15,"key":"SMITH"},{"floor":28,"key":"REST"},{"floor":32,"key":"REST"},{"floor":49,"key":"REST"}],"circlet_count":0,"master_deck":["theDuelist:Cryomancer","theDuelist:NaturiaGaiastrio","theDuelist:FrontierWiseman","theDuelist:DarkEnergy","theDuelist:UncommonSpireMetronome+1","theDuelist:Relinquished","theDuelist:BlackStego","Hallownest:curseDreamersLament","theDuelist:GiantSoldier","theDuelist:CurseAging","theDuelist:ScrapFactory+1","theDuelist:Sparks","theDuelist:CastleWalls","theDuelist:LightningRodLord","theDuelist:GiantSoldier","infinitespire:Oblivion","theDuelist:Greatfly","theDuelist:BeaverWarrior","theDuelist:BeaverWarrior","theDuelist:ParallelPortArmor","theDuelist:GhostrickYukiOnna","hubris:Compulsion","theDuelist:Zektahawk","theDuelist:AncientElf","theDuelist:Gozuki+1","infinitespire:UltimateForm","theDuelist:OjamaKnight","theDuelist:Sparks","Doubt","theDuelist:CastleWalls","theDuelist:BrilliantSpark","theDuelist:GhostrickFairy","Overencumbered","animator:Curse_Nutcracker","hubris:Fate","theDuelist:LightningBlade"],"relics":["theDuelist:MillenniumPuzzle","theDuelist:CardPoolRelic","theDuelist:CardPoolBasicRelic","theDuelist:BoosterPackPoolRelic","theDuelist:CardPoolAddRelic","theDuelist:CardPoolMinusRelic","theDuelist:CardPoolSaveRelic","theDuelist:CardPoolOptionsRelic","theDuelist:MillenniumCoin","Self Forming Clay","ReplayTheSpireMod:TigerMarble","hubris:Towel","Meat on the Bone","Simple Rune","HollowMod:StagPassRelic","White Beast Statue","Dream Catcher","King of Hearts","Snake Skull","Mark of Pain","BlueBox","Paper Turtyl","Vajra","Hallownest:WatcherSealRelic","Replay:Multitool","Cursed Key","Red Skull","infinitespire:Freezer","ReplayFunnel","Onion Ring","theDuelist:DuelistOrichalcum","Replay:Baseball","theDuelist:ElectricKey","Bottled Tornado","Replay:PocketPolymizer","Mercury Hourglass","hubris:FunFungus","hubris:RGBLights","Lizard Tail","GoodDreamPillow","hubris:BallOfYels","Pear","hubris:BottledRain","theDuelist:BoosterBetterBoostersRelic","hubris:GlazedTorus","Bronze Scales"],"acts_visited":["Hallownest:Greenpath","Hallownest:CityofTears","TheBeyond"],"potions_floor_usage":[13,13,16,16,19,19,21,23,25,27,27,27,27,27,27,27,27,27,27,27,27,27,27,27,29,29,30,31,33,37,38,38,38,39,42,44,45,47,48,50],"damage_taken":[{"damage":0,"enemies":"2_ Uuma","floor":1,"turns":9},{"damage":1,"enemies":"Hallownest:2_Tiktiks_and_1_Crawlid","floor":2,"turns":4},{"damage":0,"enemies":"Hallownest:monsterHuskWarrior","floor":3,"turns":5},{"damage":28,"enemies":"Hallownest:eliteCrystalGuardian","floor":6,"turns":10},{"damage":0,"enemies":"Hallownest:MossCreep_and_Mosskin","floor":8,"turns":5},{"damage":4,"enemies":"Hallownest:monsterFoolEater","floor":11,"turns":3},{"damage":12,"enemies":"Hallownest:eliteMossKnight","floor":13,"turns":12},{"damage":0,"enemies":"Hallownest:Wandering_and_Horned","floor":14,"turns":5},{"damage":43,"enemies":"Hallownest:BossHornet","floor":16,"turns":23},{"damage":0,"enemies":"Hallownest:Guard_and_Sentry","floor":18,"turns":6},{"damage":8,"enemies":"Hallownest:3_Youths","floor":19,"turns":7},{"damage":16,"enemies":"Hallownest:Warrior_and_Youth","floor":21,"turns":8},{"damage":42,"enemies":"Hallownest:eliteWatcherKnight","floor":23,"turns":12},{"damage":21,"enemies":"Hallownest:eliteSoulWarrior","floor":25,"turns":8},{"damage":14,"enemies":"Hallownest:eliteWatcherKnight","floor":27,"turns":12},{"damage":14,"enemies":"Hallownest:monsterShrumalOgre","floor":29,"turns":5},{"damage":0,"enemies":"Hallownest:Nosk","floor":30,"turns":7},{"damage":1,"enemies":"Hallownest:monsterMisterMushroom","floor":31,"turns":4},{"damage":6,"enemies":"Hallownest:BossSoulMaster","floor":33,"turns":9},{"damage":1,"enemies":"Orb Walker","floor":35,"turns":5},{"damage":0,"enemies":"3 Shapes","floor":36,"turns":3},{"damage":5,"enemies":"Maw","floor":37,"turns":7},{"damage":0,"enemies":"Spire Growth","floor":38,"turns":5},{"damage":56,"enemies":"4 Shapes","floor":39,"turns":5},{"damage":6,"enemies":"R_Hoarder","floor":40,"turns":6},{"damage":1,"enemies":"Nemesis","floor":42,"turns":5},{"damage":55,"enemies":"Reptomancer","floor":44,"turns":6},{"damage":3,"enemies":"Sphere and 2 Shapes","floor":45,"turns":6},{"damage":12,"enemies":"R_Hoarder","floor":47,"turns":9},{"damage":2,"enemies":"Maw","floor":48,"turns":8},{"damage":9,"enemies":"infinitespire:MassOfShapes","floor":50,"turns":8}],"seed_played":"-6005449360865072205","potions_obtained":[{"floor":8,"key":"theDuelist:EarthBottle"},{"floor":11,"key":"infinitespire:BlackPotion"},{"floor":13,"key":"theDuelist:TokenPotionB"},{"floor":14,"key":"theDuelist:TributeBottle"},{"floor":16,"key":"Explosive Potion"},{"floor":18,"key":"Fruit Juice"},{"floor":19,"key":"theDuelist:ReducerPotion"},{"floor":21,"key":"theDuelist:WhiteBottle"},{"floor":23,"key":"theDuelist:WhiteBottle"},{"floor":25,"key":"ColorlessPotion"},{"floor":27,"key":"sneckomod:MuddlingPotion"},{"floor":29,"key":"theDuelist:SolderPotionB"},{"floor":30,"key":"theDuelist:TokenPotionB"},{"floor":31,"key":"theDuelist:StunPotion"},{"floor":33,"key":"SteroidPotion"},{"floor":35,"key":"SkillPotion"},{"floor":36,"key":"Ancient Potion"},{"floor":37,"key":"Doom Potion"},{"floor":38,"key":"theDuelist:BurningPotion"},{"floor":39,"key":"SmokeBomb"},{"floor":40,"key":"theDuelist:OrbBottle"},{"floor":42,"key":"FocusPotion"},{"floor":44,"key":"Explosive Potion"},{"floor":45,"key":"theDuelist:BottledKuriboh"},{"floor":47,"key":"theDuelist:SolderPotionB"},{"floor":48,"key":"DuplicationPotion"}],"is_trial":true,"path_per_floor":["M","M","M","?","$","E","R","M","T","?","M","?","E","M","R","B",null,"M","M","?","M","?","E","AVR","E","T","E","R","M","E","M","R","B",null,"M","M","M","M","M","E","?","E","T","E","M","?","E","M","R","B",null],"character_chosen":"THE_DUELIST","items_purchased":["Meat on the Bone"],"campfire_rested":4,"item_purchase_floors":[5],"current_hp_per_floor":[80,79,79,79,79,51,75,75,75,75,71,62,60,60,60,29,80,80,77,77,61,61,31,31,22,22,23,49,47,47,46,72,66,88,87,87,82,82,48,47,47,50,60,21,55,55,52,54,83,85],"gold":644,"neow_bonus":"","is_daily":false,"chose_seed":false,"campfire_upgraded":1,"win_rate":0.0,"timestamp":1610498042,"path_taken":["M","M","M","?","$","E","R","M","T","?","M","?","E","M","R","BOSS","M","M","?","M","?","E","AVR","E","T","E","R","M","E","M","R","BOSS","M","M","M","M","M","E","?","E","T","E","M","?","E","M","R","BOSS"],"items_purchased_type":["Relic"],"build_version":"2020-12-22","purchased_purges":1,"victory":true,"max_hp_per_floor":[80,80,80,80,80,80,80,80,80,80,80,80,80,80,80,80,80,80,85,85,85,85,85,85,85,85,88,88,88,88,88,88,88,88,88,88,88,88,88,88,88,88,98,98,98,98,98,98,98,98],"card_choices":[{"not_picked":["theDuelist:DeltaMagnet","theDuelist:FossilTusker","theDuelist:GammaMagnet","theDuelist:ValkMagnet"],"picked":"theDuelist:NaturiaGaiastrio","floor":6},{"not_picked":["theDuelist:MagicalStone+1","theDuelist:MeteorDestruction+1","theDuelist:SpiralSpearStrike+1","theDuelist:OjamaKnight"],"picked":"theDuelist:ParallelPortArmor","floor":10},{"not_picked":["theDuelist:BarrelDragon","theDuelist:BlackTyranno","theDuelist:TrihornedDragon","theDuelist:GiantRex"],"picked":"theDuelist:BlackStego","floor":10},{"not_picked":["theDuelist:FabledAshenveil+1","theDuelist:VendreadDaybreak+1"],"picked":"theDuelist:Gozuki+1","floor":13},{"not_picked":["theDuelist:ArchfiendGeneral","theDuelist:GishkiPsychelone","theDuelist:LostBlueBreaker","theDuelist:Zektahawk"],"picked":"theDuelist:BrilliantSpark","floor":16},{"not_picked":["theDuelist:EvilswarmHeliotrope","theDuelist:WingedKuriboh","theDuelist:EarthquakeGiant","theDuelist:PowerGiant"],"picked":"theDuelist:LightningRodLord","floor":23},{"not_picked":["theDuelist:OvertexQoatlus+1","theDuelist:SuperheavySoulbuster+1","theDuelist:Linkuriboh","theDuelist:WhiteMagicalHat"],"picked":"theDuelist:AncientElf","floor":25},{"not_picked":["theDuelist:PreventRat","theDuelist:SevenColoredFish","theDuelist:WanderingKing","theDuelist:LostBlueBreaker"],"picked":"theDuelist:FrontierWiseman","floor":27},{"not_picked":["theDuelist:AbyssWarrior","theDuelist:ArmoredStarfish"],"picked":"theDuelist:GhostrickYukiOnna","floor":28},{"not_picked":["theDuelist:AncientGearFist","theDuelist:GravityBlaster","theDuelist:CrystalBlessing","theDuelist:DragonShield+1"],"picked":"theDuelist:UncommonSpireMetronome+1","floor":30},{"not_picked":["theDuelist:ApprenticeIllusionMagician+1","theDuelist:MagnumShield+1"],"picked":"theDuelist:DarkEnergy","floor":32},{"not_picked":["theDuelist:BookLife","theDuelist:EvigishkiLevianima","theDuelist:NightmareWheel","theDuelist:PoisonousMayakashi"],"picked":"theDuelist:Greatfly","floor":33},{"not_picked":["theDuelist:Skelesaurus","theDuelist:TimeWizard","theDuelist:MachineKing","theDuelist:GatesDarkWorld"],"picked":"theDuelist:Relinquished","floor":40},{"not_picked":["theDuelist:ArtifactIgnition","theDuelist:FishborgLauncher+1","theDuelist:WanderingKing","theDuelist:Monokeros"],"picked":"theDuelist:Cryomancer","floor":42},{"not_picked":["theDuelist:HappyLover","theDuelist:DarkMagician+1","theDuelist:GeminiElf","theDuelist:ToonDarkMagician+1"],"picked":"theDuelist:GhostrickFairy","floor":44},{"not_picked":["infinitespire:SealOfDarkness+","ReplayTheSpireMod:??????????????????????"],"picked":"hubris:Fate","floor":46},{"not_picked":["theDuelist:StormSparks","theDuelist:UncommonAttackMetronome","theDuelist:GemKnightMetronome+1","theDuelist:ToonRollback+1"],"picked":"theDuelist:LightningBlade","floor":47}],"player_experience":1571745,"relics_obtained":[{"floor":1,"key":"theDuelist:MillenniumCoin"},{"floor":2,"key":"Self Forming Clay"},{"floor":3,"key":"ReplayTheSpireMod:TigerMarble"},{"floor":6,"key":"Simple Rune"},{"floor":8,"key":"HollowMod:StagPassRelic"},{"floor":9,"key":"White Beast Statue"},{"floor":11,"key":"Dream Catcher"},{"floor":13,"key":"King of Hearts"},{"floor":14,"key":"Snake Skull"},{"floor":18,"key":"BlueBox"},{"floor":19,"key":"Paper Turtyl"},{"floor":21,"key":"Vajra"},{"floor":23,"key":"Replay:Multitool"},{"floor":25,"key":"Red Skull"},{"floor":26,"key":"infinitespire:Freezer"},{"floor":27,"key":"ReplayFunnel"},{"floor":29,"key":"Onion Ring"},{"floor":30,"key":"theDuelist:DuelistOrichalcum"},{"floor":31,"key":"Replay:Baseball"},{"floor":35,"key":"Bottled Tornado"},{"floor":36,"key":"Replay:PocketPolymizer"},{"floor":37,"key":"Mercury Hourglass"},{"floor":38,"key":"hubris:FunFungus"},{"floor":39,"key":"hubris:RGBLights"},{"floor":40,"key":"Lizard Tail"},{"floor":42,"key":"hubris:BallOfYels"},{"floor":43,"key":"Pear"},{"floor":44,"key":"hubris:BottledRain"},{"floor":45,"key":"theDuelist:BoosterBetterBoostersRelic"},{"floor":47,"key":"hubris:GlazedTorus"},{"floor":48,"key":"Bronze Scales"}],"event_choices":[],"is_beta":false,"boss_relics":[{"not_picked":["hubris:GrandSneckoEye","Runic Dome"],"picked":"Mark of Pain"},{"not_picked":["sneckomod:SneckoTalon","Metronome"],"picked":"theDuelist:ElectricKey"}],"items_purged_floors":[24],"is_endless":false,"potions_floor_spawned":[8,11,13,14,16,18,19,21,23,25,27,29,30,31,33,35,36,37,38,39,40,42,44,45,47,48],"ascension_level":0}}