{"host":"sx74perrby2168l1","time":1610551072,"event":{"mods":["AchievementEnabler","Act Like it!","BaseMod","Better Third Choice","BetterRewards","Card Forge","Colored Powertips","Conspire","Energized Spire","Friendly Minions","Highlight Path","Hubris","Infinite Spire","Minty Spire (QoL Compilation)","Quick Restart","Replay The Spire","Shop Mod","Spicy Shops","StSLib","SuperFastMode","WarShipGirlsR/????R mod"],"gold_per_floor":[110,120,120,120,130,161,161,161,188,188,198,209,209,229,229,333,333,344,344,358,374,374,399,399,410,433,533,561,611,611,611,611,714,714,733,744,744,744,744,771,817,817,817,829,841,870,909,931,943,1052,1064,1088,1100,1112,1124,1184,1196,1208,1233,1272,1284,1296,1325,1194,1216,1228,1351,1363,1388,923,937,937,987,972,972],"floor_reached":74,"language":"ENG","playtime":6404,"items_purged":["rmod:strick","Madness+1"],"score":1511,"play_id":"a4a26250-0442-4547-9098-cc3fcf6e940f","local_time":"20210113151752","is_ascension_mode":false,"campfire_choices":[{"data":"rmod:openingtorpedo","floor":7,"key":"SMITH"},{"floor":10,"key":"REST"},{"floor":13,"key":"REST"},{"floor":15,"key":"REST"},{"data":"rmod:expedition","floor":24,"key":"SMITH"},{"floor":32,"key":"REST"},{"floor":42,"key":"REST"},{"floor":49,"key":"REST"},{"floor":57,"key":"REST"},{"floor":62,"key":"REST"},{"data":"rmod:strick","floor":66,"key":"SMITH"}],"circlet_count":0,"master_deck":["rmod:strick+2","rmod:strick","rmod:strick","rmod:defend","rmod:defend","rmod:defend","rmod:basicallowance+1","rmod:maingunfire+1","rmod:ammunitionsupply+1","rmod:diaomin+1","rmod:openingtorpedo+1","rmod:aluminumsupply+1","rmod:highspeedmaneuver+1","rmod:steelsupply+1","rmod:openingtorpedo+1","rmod:acesubmarine+1","rmod:fuelsupply+1","rmod:expedition+3","Ghostly+1","Ghostly+1","Ghostly+1","Ghostly+1","Ghostly+1","rmod:seals+1","rmod:openingtorpedo+1","Madness+1","rmod:intelligenceanalysis+1","rmod:expeditionaryescort","rmod:acesubmarine+1"],"relics":["rmod:firstchargereward","Hammer of Thor","Seething Fire","Anvil of the Gods","Blue Doll","Molten Egg 2","Gremlin Food","SlaversCollar","hubris:BottledHeart","hubris:DeckOfHolding","Juzu Bracelet","Nunchaku","Matryoshka","hubris:DeckOfHolding","infinitespire:CheckeredPen","conspire:SlowCooker","Mark of the Bloom","Ancient Tea Set","hubris:TinFlute","Dream Catcher","MawBank","Bag of Preparation","Philosopher\u0027s Stone","Anchor","hubris:FunFungus","Omamori","Golden Idol","Simple Rune","Prayer Wheel","conspire:SpecialSausage","Lantern","conspire:TreasureMap","MerchantsRug","SsserpentHead"],"acts_visited":["Exordium","TheCity","TheBeyond","Exordium","TheCity"],"potions_floor_usage":[50,50],"damage_taken":[{"damage":0,"enemies":"Cultist","floor":1,"turns":3},{"damage":0,"enemies":"2 Louse","floor":2,"turns":2},{"damage":0,"enemies":"Small Slimes","floor":5,"turns":2},{"damage":40,"enemies":"Gremlin Nob","floor":6,"turns":5},{"damage":0,"enemies":"3 Louse","floor":11,"turns":2},{"damage":13,"enemies":"Red Slaver","floor":12,"turns":3},{"damage":14,"enemies":"Looter","floor":14,"turns":3},{"damage":30,"enemies":"Slime Boss","floor":16,"turns":11},{"damage":4,"enemies":"3 Byrds","floor":18,"turns":6},{"damage":0,"enemies":"Chosen","floor":20,"turns":4},{"damage":0,"enemies":"Centurion and Healer","floor":21,"turns":3},{"damage":0,"enemies":"Gremlin Leader","floor":23,"turns":5},{"damage":0,"enemies":"Shelled Parasite and Fungi","floor":25,"turns":4},{"damage":0,"enemies":"Nightmare","floor":28,"turns":8},{"damage":0,"enemies":"hubris:MusketHawk","floor":33,"turns":10},{"damage":0,"enemies":"Orb Walker","floor":35,"turns":4},{"damage":0,"enemies":"3 Darklings","floor":36,"turns":7},{"damage":0,"enemies":"Giant Head","floor":40,"turns":10},{"damage":0,"enemies":"Jaw Worm Horde","floor":46,"turns":3},{"damage":0,"enemies":"Nemesis","floor":47,"turns":8},{"damage":0,"enemies":"Transient","floor":48,"turns":5},{"damage":0,"enemies":"Time Eater","floor":50,"turns":12},{"damage":0,"enemies":"Jaw Worm","floor":52,"turns":3},{"damage":0,"enemies":"Gremlin Nob","floor":59,"turns":4},{"damage":0,"enemies":"3 Sentries","floor":63,"turns":5},{"damage":0,"enemies":"2 Louse","floor":65,"turns":1},{"damage":0,"enemies":"Slime Boss","floor":67,"turns":4},{"damage":0,"enemies":"3 Byrds","floor":69,"turns":2},{"damage":0,"enemies":"Spheric Guardian","floor":71,"turns":2},{"damage":10,"enemies":"Slavers","floor":74,"turns":4}],"seed_played":"8708351267286590873","potions_obtained":[{"floor":5,"key":"Death Potion"},{"floor":16,"key":"Energy Potion"},{"floor":20,"key":"GamblersBrew"},{"floor":23,"key":"Fire Potion"},{"floor":52,"key":"Swift Potion"},{"floor":67,"key":"AttackPotion"},{"floor":71,"key":"EssenceOfSteel"}],"is_trial":false,"path_per_floor":["M","M","$","?","M","E","R","?","T","R","M","M","R","M","R","B",null,"M","?","M","M","AVR","E","R","M","T","?","NM","?","T","?","R","B",null,"M","M","?","?","?","E","T","R","T","?","?","M","E","M","R","B",null,"M","?","?","?","T","R","$","E","T","?","R","E","?","M","R","B",null,"M","$","M","?","?","E"],"character_chosen":"PRAEFECT","items_purchased":["Lantern","conspire:TreasureMap","MerchantsRug"],"campfire_rested":8,"item_purchase_floors":[70,70,70],"current_hp_per_floor":[75,75,75,68,68,28,28,28,28,50,50,37,59,45,67,37,75,71,1,1,1,1,1,1,1,1,1,1,1,1,1,1,1,1,1,1,1,1,1,1,1,1,1,1,1,1,1,1,1,1,1,1,1,1,1,1,1,1,1,1,1,1,1,1,1,1,1,1,1,1,1,1,1,0,0],"gold":972,"neow_bonus":"THREE_CARDS","is_daily":false,"chose_seed":false,"campfire_upgraded":3,"win_rate":0.0,"timestamp":1610551072,"path_taken":["M","M","?","?","M","E","R","?","T","R","M","M","R","?","R","BOSS","M","?","M","M","AVR","E","R","M","T","?","NM","?","?","?","R","BOSS","M","M","?","?","?","E","?","R","T","?","?","M","E","M","R","BOSS","M","?","?","?","?","R","?","E","T","?","R","E","?","M","R","BOSS","M","?","M","?","?","E"],"items_purchased_type":["Relic","Relic","Relic"],"build_version":"2020-12-22","purchased_purges":2,"victory":false,"max_hp_per_floor":[75,75,75,75,75,75,75,75,75,75,75,75,75,75,75,75,75,75,1,1,1,1,1,1,1,1,1,1,1,1,1,1,1,1,1,1,1,1,1,1,1,1,1,1,1,1,1,1,1,1,1,1,1,1,1,1,1,1,1,1,1,1,1,1,1,1,1,1,1,1,1,1,1,1,1],"card_choices":[{"not_picked":["rmod:bulid","rmod:supportescort"],"picked":"rmod:ammunitionsupply","floor":0},{"not_picked":["rmod:steelsupply","rmod:robin"],"picked":"rmod:diaomin","floor":1},{"not_picked":["rmod:unsinkable","rmod:ammunitionsupply"],"picked":"rmod:openingtorpedo","floor":2},{"not_picked":["rmod:aggressivemary","rmod:firesupport"],"picked":"rmod:aluminumsupply","floor":5},{"not_picked":["rmod:garrisonisland","rmod:tearstotiara"],"picked":"rmod:highspeedmaneuver","floor":6},{"not_picked":["rmod:circuitoustactics","rmod:unsinkable"],"picked":"rmod:steelsupply","floor":11},{"not_picked":["rmod:u235","rmod:smokecover","rmod:diamondstrike+1"],"picked":"SKIP","floor":12},{"not_picked":["rmod:u235","rmod:smokecover","rmod:diamondstrike+1"],"picked":"SKIP","floor":12},{"not_picked":["rmod:launchingtorpedo+1","rmod:supportescort"],"picked":"rmod:openingtorpedo+1","floor":14},{"not_picked":["rmod:secretscript","rmod:supriseattacks"],"picked":"rmod:acesubmarine+1","floor":16},{"not_picked":["rmod:unsinkable","rmod:punchline+1","rmod:aggressivemary+1"],"picked":"SKIP","floor":18},{"not_picked":["rmod:fletcherpendant+1","rmod:supportaircraftcarrier+1","rmod:unsinkable+1"],"picked":"SKIP","floor":20},{"not_picked":["rmod:victimresponsibility","rmod:fletcherpendant+1"],"picked":"rmod:fuelsupply","floor":21},{"not_picked":["rmod:fuelsupply","rmod:smokecover"],"picked":"rmod:expedition","floor":23},{"not_picked":["rmod:heivgo","rmod:fletcherpendant+1","rmod:steelsupply"],"picked":"SKIP","floor":25},{"not_picked":["rmod:highspeedmaneuver","rmod:ammunitionsupply+1","rmod:unsinkable+1"],"picked":"SKIP","floor":28},{"not_picked":["rmod:highspeedmaneuver","rmod:ammunitionsupply+1","rmod:unsinkable+1"],"picked":"SKIP","floor":28},{"not_picked":["rmod:saltedfish","rmod:ridicule"],"picked":"rmod:seals","floor":33},{"not_picked":["rmod:unsinkable","rmod:maintain"],"picked":"rmod:openingtorpedo+1","floor":35},{"not_picked":["rmod:diaomin+1","rmod:fletcherpendant+1","rmod:smokecover+1"],"picked":"SKIP","floor":36},{"not_picked":["rmod:diaomin+1","rmod:fletcherpendant+1","rmod:smokecover+1"],"picked":"SKIP","floor":36},{"not_picked":["rmod:diamondstrike+1","rmod:fletcherpendant+1","rmod:aviationdawn+1"],"picked":"SKIP","floor":40},{"not_picked":["rmod:ammunitionsupply","rmod:steelsupply"],"picked":"rmod:intelligenceanalysis+1","floor":42},{"not_picked":["rmod:unsinkable","rmod:chargemoney+1","rmod:ammunitionsupply"],"picked":"SKIP","floor":46},{"not_picked":["rmod:fletcher+1","rmod:intelligenceanalysis+1","rmod:punchline+1"],"picked":"SKIP","floor":47},{"not_picked":["rmod:fuelsupply","rmod:diamondstrike+1","rmod:supportescort"],"picked":"SKIP","floor":48},{"not_picked":["rmod:wolves+1","rmod:spoils","rmod:aluminumsupply"],"picked":"SKIP","floor":52},{"not_picked":["rmod:diamondstrike+1","rmod:ammunitionsupply","rmod:luckystar+1"],"picked":"SKIP","floor":59},{"not_picked":["rmod:maintain","rmod:timeschanged+1","rmod:supportescort"],"picked":"SKIP","floor":63},{"not_picked":["rmod:circuitoustactics","rmod:unsinkable","rmod:gendarmerie"],"picked":"SKIP","floor":65},{"not_picked":["rmod:luckystar+1","rmod:goodfighter+1","rmod:unsinkable"],"picked":"SKIP","floor":65},{"not_picked":["rmod:abidefaith","rmod:supriseattacks"],"picked":"rmod:expeditionaryescort","floor":67},{"not_picked":["rmod:lonelyqueen","rmod:victimresponsibility","rmod:heivgo"],"picked":"SKIP","floor":69},{"not_picked":["rmod:slowdown","rmod:robin+1","rmod:luckystar+1"],"picked":"SKIP","floor":69},{"not_picked":["rmod:fuelsupply","rmod:intelligenceanalysis+1","rmod:guardianhero"],"picked":"SKIP","floor":71},{"not_picked":["rmod:circuitoustactics","rmod:advancebysurprise","rmod:diamondstrike+1"],"picked":"SKIP","floor":71}],"player_experience":48817,"relics_obtained":[{"floor":6,"key":"Blue Doll"},{"floor":9,"key":"Gremlin Food"},{"floor":23,"key":"Juzu Bracelet"},{"floor":26,"key":"Nunchaku"},{"floor":28,"key":"Matryoshka"},{"floor":30,"key":"hubris:DeckOfHolding"},{"floor":30,"key":"infinitespire:CheckeredPen"},{"floor":40,"key":"Ancient Tea Set"},{"floor":41,"key":"hubris:TinFlute"},{"floor":41,"key":"Dream Catcher"},{"floor":43,"key":"MawBank"},{"floor":47,"key":"Bag of Preparation"},{"floor":56,"key":"Anchor"},{"floor":59,"key":"hubris:FunFungus"},{"floor":60,"key":"Omamori"},{"floor":63,"key":"Simple Rune"}],"event_choices":[{"cards_removed":["rmod:defend"],"damage_healed":0,"gold_gain":0,"player_choice":"Card Removal","damage_taken":7,"max_hp_gain":0,"max_hp_loss":0,"event_name":"Golden Wing","floor":4,"gold_loss":0},{"damage_healed":0,"gold_gain":0,"player_choice":"Gave Potion","damage_taken":0,"relics_obtained":["Molten Egg 2"],"max_hp_gain":0,"max_hp_loss":0,"event_name":"WeMeetAgain","floor":8,"gold_loss":0},{"damage_healed":0,"gold_gain":100,"player_choice":"Pray","damage_taken":0,"max_hp_gain":0,"max_hp_loss":0,"event_name":"Golden Shrine","floor":27,"gold_loss":0},{"damage_healed":0,"gold_gain":100,"player_choice":"Bet on Murderer","damage_taken":0,"max_hp_gain":0,"max_hp_loss":0,"event_name":"The Joust","floor":29,"gold_loss":50},{"damage_healed":0,"gold_gain":0,"player_choice":"Became a Ghost","damage_taken":0,"max_hp_gain":0,"max_hp_loss":0,"event_name":"Ghosts","floor":31,"gold_loss":0,"cards_obtained":["Ghostly","Ghostly","Ghostly","Ghostly","Ghostly"]},{"damage_healed":0,"gold_gain":0,"player_choice":"Embrace Madness","damage_taken":0,"max_hp_gain":0,"max_hp_loss":0,"event_name":"Winding Halls","floor":37,"gold_loss":0,"cards_obtained":["Madness","Madness"]},{"damage_healed":0,"gold_gain":0,"player_choice":"Upgrade","damage_taken":0,"relics_obtained":["Mark of the Bloom"],"max_hp_gain":0,"max_hp_loss":0,"event_name":"MindBloom","floor":39,"gold_loss":0,"cards_upgraded":["rmod:strick","rmod:strick","rmod:strick","rmod:defend","rmod:defend","rmod:defend","rmod:basicallowance","rmod:maingunfire","rmod:aluminumsupply","rmod:highspeedmaneuver","rmod:fuelsupply","rmod:expedition","Ghostly","Ghostly","Ghostly","Ghostly","rmod:seals","Madness","Madness"]},{"cards_removed":["Normality"],"damage_healed":0,"gold_gain":0,"player_choice":"Purged","damage_taken":0,"max_hp_gain":0,"max_hp_loss":0,"event_name":"Purifier","floor":53,"gold_loss":0},{"damage_healed":1,"gold_gain":0,"player_choice":"Leave","damage_taken":0,"max_hp_gain":0,"max_hp_loss":1,"event_name":"betterThird:BetterShining","floor":54,"gold_loss":1},{"damage_healed":0,"gold_gain":0,"player_choice":"Take Damage","damage_taken":0,"relics_obtained":["Golden Idol"],"max_hp_gain":0,"max_hp_loss":0,"event_name":"Golden Idol","floor":61,"gold_loss":0},{"damage_healed":0,"gold_gain":0,"player_choice":"Paid Gold","damage_taken":0,"relics_obtained":["Prayer Wheel"],"max_hp_gain":0,"max_hp_loss":0,"event_name":"WeMeetAgain","floor":64,"gold_loss":143},{"damage_healed":0,"gold_gain":0,"player_choice":"Trade","damage_taken":0,"relics_obtained":["SsserpentHead"],"max_hp_gain":0,"max_hp_loss":0,"event_name":"FaceTrader","floor":72,"gold_loss":0},{"damage_healed":0,"gold_gain":0,"player_choice":"Read","damage_taken":0,"max_hp_gain":0,"max_hp_loss":0,"event_name":"The Library","floor":73,"gold_loss":0,"cards_obtained":["rmod:acesubmarine"]}],"is_beta":false,"boss_relics":[{"not_picked":["ReplayTheSpireMod:DimensionalGlitch","hubris:ScarierMask"],"picked":"SlaversCollar"},{"not_picked":["conspire:RunicOctahedron","ChewingGum"],"picked":"conspire:SlowCooker"},{"not_picked":["Replay:Wanted Poster","infinitespire:Cupcake"],"picked":"Philosopher\u0027s Stone"},{"not_picked":["rmod:mogul","infinitespire:Cupcake"],"picked":"conspire:SpecialSausage"}],"items_purged_floors":[22,70],"is_endless":true,"potions_floor_spawned":[5,16,20,23,25,28,36,40,52,67,71],"killed_by":"Slavers","ascension_level":0}}