{"host":"981nlwu0905dw1bz","time":1610524530,"event":{"mods":["AchievementEnabler","BaseMod","DeckTracker","Minty Spire (QoL Compilation)","Rare Cards Sparkle","SuperFastMode"],"gold_per_floor":[109,109,109,126,126,126,161,161,161,161,174,207,219,219,219,219,219],"floor_reached":16,"language":"KOR","playtime":272,"items_purged":[],"score":206,"play_id":"d6b24a7b-f686-4a6a-a92b-fb9d8526f6a2","local_time":"20210113165530","is_ascension_mode":true,"campfire_choices":[{"data":"Dagger Spray","floor":6,"key":"SMITH"},{"data":"Blade Dance","floor":8,"key":"SMITH"},{"data":"Finisher","floor":10,"key":"SMITH"},{"data":"Survivor","floor":15,"key":"SMITH"}],"circlet_count":0,"master_deck":["AscendersBane","Strike_G","Strike_G","Strike_G","Strike_G","Strike_G","Defend_G","Defend_G","Defend_G","Defend_G","Defend_G","Survivor+1","Neutralize","Dagger Spray+1","Blade Dance+1","Finisher+1","Cloak And Dagger"],"relics":["Ring of the Snake","NeowsBlessing","MealTicket","Blood Vial","Eternal Feather"],"acts_visited":["Exordium"],"potions_floor_usage":[12],"damage_taken":[{"damage":0,"enemies":"2 Louse","floor":1,"turns":1},{"damage":0,"enemies":"Small Slimes","floor":4,"turns":1},{"damage":0,"enemies":"Lagavulin","floor":7,"turns":1},{"damage":0,"enemies":"Cultist","floor":11,"turns":3},{"damage":16,"enemies":"Gremlin Nob","floor":12,"turns":3},{"damage":0,"enemies":"2 Fungi Beasts","floor":13,"turns":2},{"damage":74,"enemies":"Hexaghost","floor":16,"turns":11}],"seed_played":"-4763960299624920476","potions_obtained":[{"floor":4,"key":"Poison Potion"},{"floor":5,"key":"FairyPotion"},{"floor":5,"key":"PowerPotion"}],"is_trial":false,"path_per_floor":["M","?","?","M","?","R","E","R","T","R","M","E","M","?","R","B"],"character_chosen":"THE_SILENT","items_purchased":[],"campfire_rested":0,"item_purchase_floors":[],"current_hp_per_floor":[63,63,63,63,63,63,63,63,63,63,65,51,53,53,62,14,14],"gold":219,"neow_bonus":"THREE_ENEMY_KILL","is_daily":false,"chose_seed":false,"campfire_upgraded":4,"win_rate":0.0,"timestamp":1610524530,"path_taken":["M","?","?","M","?","R","E","R","T","R","M","E","?","?","R","BOSS"],"items_purchased_type":[],"build_version":"2020-12-22","purchased_purges":0,"victory":false,"max_hp_per_floor":[70,70,70,70,70,70,70,70,70,70,70,70,70,70,70,70,70],"card_choices":[{"not_picked":["Backflip","Dash"],"picked":"Dagger Spray","floor":1},{"not_picked":["Sucker Punch","Dagger Spray"],"picked":"Blade Dance","floor":4},{"not_picked":["Flying Knee","Outmaneuver"],"picked":"Finisher","floor":7},{"not_picked":["Sucker Punch","Dodge and Roll","Bane"],"picked":"SKIP","floor":11},{"not_picked":["Distraction","Outmaneuver"],"picked":"Cloak And Dagger","floor":12},{"not_picked":["Outmaneuver","Distraction","Skewer"],"picked":"SKIP","floor":13}],"player_experience":546463,"relics_obtained":[{"floor":7,"key":"MealTicket"},{"floor":9,"key":"Blood Vial"},{"floor":12,"key":"Eternal Feather"}],"event_choices":[{"damage_healed":0,"gold_gain":0,"player_choice":"Ignored","damage_taken":0,"max_hp_gain":0,"max_hp_loss":0,"event_name":"Liars Game","floor":2,"gold_loss":0},{"damage_healed":0,"gold_gain":0,"player_choice":"Ignored","damage_taken":0,"max_hp_gain":0,"max_hp_loss":0,"event_name":"Shining Light","floor":3,"gold_loss":0},{"damage_healed":0,"gold_gain":0,"player_choice":"Got Potions","damage_taken":0,"max_hp_gain":0,"max_hp_loss":0,"event_name":"Lab","floor":5,"gold_loss":0},{"damage_healed":0,"gold_gain":0,"player_choice":"Ignored","damage_taken":0,"max_hp_gain":0,"max_hp_loss":0,"event_name":"Golden Idol","floor":14,"gold_loss":0}],"is_beta":false,"boss_relics":[],"items_purged_floors":[],"is_endless":false,"potions_floor_spawned":[4],"killed_by":"Hexaghost","ascension_level":11}}