{"host":"c97twqu0op5dg8i4","time":1610581490,"event":{"mods":["AchievementEnabler","BaseMod","Colored Map","Minty Spire (QoL Compilation)","Permanent Neow"],"gold_per_floor":[18,37,53,66,83,83,116,116,143,176,176,176,203,203,3,3,106,106,61,61,61,61,61,61,61,61,61],"floor_reached":26,"language":"ENG","playtime":928,"items_purged":[],"score":293,"play_id":"fcdc4747-30ee-41a1-a38d-6c2f6a25528c","local_time":"20210113184450","is_ascension_mode":true,"campfire_choices":[{"data":"Dagger Spray","floor":6,"key":"SMITH"},{"floor":11,"key":"REST"},{"data":"Crippling Poison","floor":14,"key":"SMITH"},{"data":"Catalyst","floor":16,"key":"SMITH"},{"floor":25,"key":"RECALL"}],"circlet_count":0,"master_deck":["Strike_G","Strike_G","Strike_G","Strike_G","Strike_G","Defend_G","Defend_G+1","Defend_G","Defend_G","Defend_G","Survivor","Neutralize","Accuracy","Escape Plan","Cloak And Dagger+1","Dagger Spray+1","Crippling Poison+1","Dodge and Roll","Catalyst+1","Bane","Die Die Die","Necronomicurse","Quick Slash+1"],"relics":["Ring of the Snake","Mango","Akabeko","Blue Candle","Orichalcum","War Paint","Odd Mushroom","Lee\u0027s Waffle","Ectoplasm","Necronomicon"],"acts_visited":["Exordium","TheCity"],"potions_floor_usage":[4,7,10,26,26],"damage_taken":[{"damage":0,"enemies":"Cultist","floor":1,"turns":5},{"damage":9,"enemies":"Small Slimes","floor":2,"turns":3},{"damage":0,"enemies":"2 Louse","floor":3,"turns":3},{"damage":1,"enemies":"Looter","floor":4,"turns":3},{"damage":12,"enemies":"Lots of Slimes","floor":5,"turns":6},{"damage":26,"enemies":"Gremlin Nob","floor":7,"turns":4},{"damage":20,"enemies":"Lagavulin","floor":10,"turns":7},{"damage":3,"enemies":"The Mushroom Lair","floor":13,"turns":5},{"damage":53,"enemies":"The Guardian","floor":17,"turns":13},{"damage":12,"enemies":"2 Thieves","floor":19,"turns":3},{"damage":22,"enemies":"Snake Plant","floor":24,"turns":4},{"damage":0,"enemies":"Book of Stabbing","floor":26,"turns":3}],"seed_played":"-4692987398871470253","potions_obtained":[{"floor":2,"key":"CunningPotion"},{"floor":4,"key":"Strength Potion"},{"floor":7,"key":"Poison Potion"},{"floor":10,"key":"LiquidBronze"},{"floor":19,"key":"FearPotion"},{"floor":24,"key":"Poison Potion"}],"is_trial":false,"path_per_floor":["M","M","M","M","M","R","E","T","T","E","R","E","?","R","$","R","B",null,"M","?","M","?","?","M","R","E"],"character_chosen":"THE_SILENT","items_purchased":["Lee\u0027s Waffle","Bane"],"campfire_rested":1,"item_purchase_floors":[15,15],"current_hp_per_floor":[84,75,75,74,62,62,36,36,36,16,41,41,38,38,91,91,38,78,66,48,48,48,32,10,10,10,10],"gold":61,"neow_bonus":"ONE_RARE_RELIC","is_daily":false,"chose_seed":false,"campfire_upgraded":3,"win_rate":0.0,"timestamp":1610581490,"path_taken":["M","?","M","M","?","R","E","?","T","E","R","E","?","R","$","R","BOSS","M","?","M","?","?","M","R","E"],"items_purchased_type":["Relic","Card"],"build_version":"2020-12-22","purchased_purges":0,"victory":false,"max_hp_per_floor":[84,84,84,84,84,84,84,84,84,84,84,84,84,84,91,91,91,91,91,96,96,96,96,96,96,96,96],"card_choices":[{"not_picked":["Prepared","Outmaneuver","Setup"],"picked":"SKIP","floor":1},{"not_picked":["Concentrate","Slice"],"picked":"Accuracy","floor":2},{"not_picked":["Dodge and Roll","Deflect"],"picked":"Escape Plan","floor":3},{"not_picked":["Backflip","Bouncing Flask"],"picked":"Cloak And Dagger","floor":4},{"not_picked":["Escape Plan","Catalyst"],"picked":"Dagger Spray","floor":5},{"not_picked":["Deflect","Prepared"],"picked":"Crippling Poison","floor":7},{"not_picked":["All Out Attack","Slice"],"picked":"Dodge and Roll","floor":10},{"not_picked":["Flying Knee","Tools of the Trade"],"picked":"Catalyst","floor":13},{"not_picked":["Doppelganger","Phantasmal Killer"],"picked":"Die Die Die","floor":17},{"not_picked":["Outmaneuver+1","Masterful Stab+1","Flying Knee"],"picked":"SKIP","floor":19},{"not_picked":["Concentrate+1","Heel Hook"],"picked":"Quick Slash+1","floor":24}],"player_experience":247629,"relics_obtained":[{"floor":7,"key":"Akabeko"},{"floor":8,"key":"Blue Candle"},{"floor":9,"key":"Orichalcum"},{"floor":10,"key":"War Paint"},{"floor":13,"key":"Odd Mushroom"},{"floor":23,"key":"Necronomicon"}],"event_choices":[{"damage_healed":0,"gold_gain":0,"player_choice":"Fought Mushrooms","damage_taken":0,"max_hp_gain":0,"max_hp_loss":0,"event_name":"Mushrooms","floor":13,"gold_loss":0},{"damage_healed":0,"gold_gain":0,"player_choice":"Shed Blood","damage_taken":23,"max_hp_gain":5,"max_hp_loss":0,"event_name":"Forgotten Altar","floor":20,"gold_loss":0},{"damage_healed":0,"gold_gain":0,"player_choice":"Ignored","damage_taken":0,"max_hp_gain":0,"max_hp_loss":0,"event_name":"Vampires","floor":22,"gold_loss":0},{"damage_healed":0,"gold_gain":0,"player_choice":"Obtained Book","damage_taken":16,"max_hp_gain":0,"max_hp_loss":0,"event_name":"Cursed Tome","floor":23,"gold_loss":0}],"is_beta":false,"boss_relics":[{"not_picked":["Runic Pyramid","Coffee Dripper"],"picked":"Ectoplasm"}],"items_purged_floors":[],"is_endless":false,"potions_floor_spawned":[2,4,7,10,19,24],"killed_by":"Book of Stabbing","ascension_level":5}}