{"host":"foq4mrde4mssg7vt","time":1610530715,"event":{"mods":["AchievementEnabler","BaseMod","Colored Map","Colored Powertips","Highlight Path","Minty Spire (QoL Compilation)","Relic Stats","everything is the same but u backflip on backflip"],"gold_per_floor":[115,135,135,155,174,174,193,81,81,3,23,59,59,73,73,171,171,186,199,48,64,114,114,114],"floor_reached":23,"language":"ENG","playtime":1019,"items_purged":["Strike_B"],"score":361,"play_id":"c61ccbea-72b6-49fd-8b21-05f4c434e44a","local_time":"20210113173835","is_ascension_mode":true,"campfire_choices":[{"floor":6,"key":"REST"},{"floor":13,"key":"REST"},{"data":"Barrage","floor":15,"key":"SMITH"}],"circlet_count":0,"master_deck":["AscendersBane","Strike_B","Strike_B","Strike_B","Defend_B","Defend_B","Defend_B","Defend_B","Zap","Dualcast","Ball Lightning","Undo","Rip and Tear","Tempest","Compile Driver","Barrage+1","Glacier","Gash","Cold Snap","FTL","Echo Form","Streamline","Seek","Defragment","Sweeping Beam"],"relics":["Cracked Core","Golden Idol","MealTicket","Nunchaku","Snecko Eye"],"acts_visited":["Exordium","TheCity"],"potions_floor_usage":[12,18],"damage_taken":[{"damage":10,"enemies":"Small Slimes","floor":1,"turns":3},{"damage":0,"enemies":"Jaw Worm","floor":2,"turns":5},{"damage":1,"enemies":"2 Louse","floor":4,"turns":3},{"damage":42,"enemies":"Gremlin Gang","floor":5,"turns":4},{"damage":11,"enemies":"Blue Slaver","floor":7,"turns":3},{"damage":8,"enemies":"2 Fungi Beasts","floor":11,"turns":3},{"damage":9,"enemies":"3 Sentries","floor":12,"turns":8},{"damage":8,"enemies":"Exordium Wildlife","floor":14,"turns":6},{"damage":10,"enemies":"The Guardian","floor":16,"turns":13},{"damage":24,"enemies":"2 Thieves","floor":18,"turns":4},{"damage":7,"enemies":"Chosen","floor":19,"turns":4},{"damage":14,"enemies":"Centurion and Healer","floor":21,"turns":5},{"damage":31,"enemies":"Slavers","floor":23,"turns":3}],"seed_played":"7179000183322736248","potions_obtained":[{"floor":1,"key":"SpeedPotion"},{"floor":5,"key":"EssenceOfSteel"},{"floor":12,"key":"SteroidPotion"},{"floor":19,"key":"BlessingOfTheForge"}],"is_trial":false,"path_per_floor":["M","M","?","M","M","R","M","$","T","$","M","E","R","M","R","B",null,"M","M","$","M","?","E"],"character_chosen":"DEFECT","items_purchased":["Barrage","Explosive Potion","Glacier","Defragment"],"campfire_rested":2,"item_purchase_floors":[8,8,10,20],"current_hp_per_floor":[54,54,54,53,11,30,19,19,19,34,26,17,36,28,28,18,53,29,22,37,23,23,0,0],"gold":114,"neow_bonus":"THREE_CARDS","is_daily":false,"chose_seed":false,"campfire_upgraded":1,"win_rate":0.0,"timestamp":1610530715,"path_taken":["M","M","?","M","M","R","M","?","T","?","M","E","R","M","R","BOSS","M","M","$","M","?","E"],"items_purchased_type":["Card","Potion","Card","Card"],"build_version":"2020-12-22","purchased_purges":1,"victory":false,"max_hp_per_floor":[71,71,64,64,64,64,64,64,64,64,64,64,64,64,64,64,64,64,64,64,64,64,64,64],"relic_stats":{"Nunchaku":[6],"counters":[13,64],"Golden Idol":55,"Snecko Eye":[29,29,19,24],"MealTicket":30,"obtain_stats":[{"Nunchaku":12,"Golden Idol":3,"Snecko Eye":17,"MealTicket":9,"Cracked Core":0},{"Nunchaku":7,"Golden Idol":2,"Snecko Eye":9,"MealTicket":5,"Cracked Core":0},{"Nunchaku":29,"Golden Idol":8,"Snecko Eye":48,"MealTicket":18,"Cracked Core":0}]},"card_choices":[{"not_picked":["Consume","Coolheaded"],"picked":"Ball Lightning","floor":0},{"not_picked":["Steam","Stack"],"picked":"Undo","floor":1},{"not_picked":["Blizzard","Consume"],"picked":"Rip and Tear","floor":2},{"not_picked":["Stack","Tempest","Ball Lightning"],"picked":"SKIP","floor":4},{"not_picked":["Force Field","Loop"],"picked":"Tempest","floor":5},{"not_picked":["Stack","Leap"],"picked":"Compile Driver","floor":7},{"not_picked":["Barrage","Hologram"],"picked":"Gash","floor":11},{"not_picked":["Lockon","Turbo"],"picked":"Cold Snap","floor":12},{"not_picked":["Blizzard","Undo"],"picked":"FTL","floor":14},{"not_picked":["Reboot","Amplify"],"picked":"Echo Form","floor":16},{"not_picked":["Rebound","Barrage"],"picked":"Streamline","floor":18},{"not_picked":["Cold Snap","Chaos"],"picked":"Seek","floor":19},{"not_picked":["Steam","Doom and Gloom"],"picked":"Sweeping Beam","floor":21}],"player_experience":450467,"relics_obtained":[{"floor":9,"key":"MealTicket"},{"floor":12,"key":"Nunchaku"}],"event_choices":[{"damage_healed":0,"gold_gain":0,"player_choice":"Lose Max HP","damage_taken":0,"relics_obtained":["Golden Idol"],"max_hp_gain":0,"max_hp_loss":7,"event_name":"Golden Idol","floor":3,"gold_loss":0},{"damage_healed":0,"gold_gain":50,"player_choice":"Stole From Cult","damage_taken":0,"max_hp_gain":0,"max_hp_loss":0,"event_name":"Nest","floor":22,"gold_loss":0}],"is_beta":false,"boss_relics":[{"not_picked":["Sozu","Calling Bell"],"picked":"Snecko Eye"}],"items_purged_floors":[20],"is_endless":false,"potions_floor_spawned":[1,5,7,12,19],"killed_by":"Slavers","ascension_level":17}}