{"host":"22s5scuj7mu87reg","time":1610550929,"event":{"mods":["BaseMod","Colored Powertips","Dota2Spire","Downfall","Duelist Mod","GungeonMod","Halation","Hubris","Koishi","KomeijiMod","Minty Spire (QoL Compilation)","Replay The Spire","StSLib","SuperFastMode","The Jungle","The Mystic","The Necromancer","Wandering Minibosses"],"gold_per_floor":[174,185,185,185,197,197,197,213,213,230,242,274,274,305,305,408,408,428,428,428,397,410,440,440,49,49,49,49,49],"floor_reached":28,"language":"POL","playtime":1617,"items_purged":[],"score":273,"play_id":"a4433811-7dee-4a04-8212-5bc49f4c142a","local_time":"20210113161529","daily_mods":["Shiny","Uncertain Future","DeadlyEvents"],"is_ascension_mode":false,"campfire_choices":[{"data":"Septette","floor":6,"key":"SMITH"},{"floor":13,"key":"REST"},{"floor":15,"key":"REST"},{"data":"QueenOfMidnight","floor":24,"key":"SMITH"},{"data":"DoubleEdge","floor":27,"key":"SMITH"}],"circlet_count":0,"master_deck":["FitfulNightmare","MiserableFate_Remiria","ScarletDestiny","Reaper_Remiria","Septette+1","StarOfDavid","AllTheWorldInNightmare","BloodCoagulation","MillenniumVampire","FateConcerto","QueenOfMidnight","BombardNight","HeartBreak_Remiria+1","FateSonata+1","RemiliaStalker","Coercion","BadLadyScramble","RedMagic","RemiliaStretch_Remiria","RedtheNightlessCastle","Cripple","ServantFlier","VampireKiss_Remiria","VampireClaw","BodyStrengthen","NaturallyHealing","QueenOfMidnight+1","CurseOfTheBell","CurseOfTheBell","Lonely","Normality","BloodCollect","VampireClaw","DoubleEdge+1"],"relics":["ThirstyCrossSpe","Bottled Flame","Snack Pack","Dota2Spire:LotusOrb","Replay:Ancient Bell","Dota2Spire:UrnOfShadows","Gremlin Horn","hubris:Potato","hubris:BottledHeart","hubris:TenFootPole","DemoMod:GlassGuonStoneRelic","halation:PrussianBluePaint","halation:Jellyphish","Dota2Spire:OrchidMalevolence","hubris:PeanutButter","Art of War"],"acts_visited":["Exordium","TheCity"],"potions_floor_usage":[12,16,16],"damage_taken":[{"damage":14,"enemies":"Cultist","floor":1,"turns":4},{"damage":8,"enemies":"Small Slimes","floor":2,"turns":4},{"damage":11,"enemies":"Jaw Worm","floor":5,"turns":3},{"damage":24,"enemies":"Blue Slaver","floor":8,"turns":3},{"damage":0,"enemies":"Large Slime","floor":10,"turns":4},{"damage":0,"enemies":"3 Louse","floor":11,"turns":1},{"damage":7,"enemies":"Gremlin Nob","floor":12,"turns":3},{"damage":33,"enemies":"3 Sentries","floor":14,"turns":6},{"damage":34,"enemies":"Slime Boss","floor":16,"turns":9},{"damage":27,"enemies":"Spheric Guardian","floor":18,"turns":6},{"damage":0,"enemies":"2 Thieves","floor":21,"turns":5},{"damage":0,"enemies":"Snecko","floor":22,"turns":6},{"damage":0,"enemies":"theDuelist:KaibaA2","floor":23,"turns":5},{"damage":4,"enemies":"Centurion and Healer","floor":28,"turns":5}],"seed_played":"-1970473482620559941","potions_obtained":[{"floor":2,"key":"Explosive Potion"},{"floor":10,"key":"LiquidBronze"},{"floor":12,"key":"Strength Potion"},{"floor":16,"key":"LiquidBronze"},{"floor":22,"key":"PowerPotion"},{"floor":23,"key":"Swift Potion"}],"is_trial":true,"path_per_floor":["M","M","$","?","M","R","?","M","T","M","M","E","R","E","R","B",null,"M","?","?","M","M","E","R","$","T","R","M"],"character_chosen":"RemiriaScarlet","items_purchased":["halation:Jellyphish","Dota2Spire:OrchidMalevolence"],"campfire_rested":2,"item_purchase_floors":[25,25],"current_hp_per_floor":[86,78,78,78,67,67,47,23,23,29,29,22,52,21,51,22,100,82,1,1,1,1,1,1,1,1,1,0,0],"gold":49,"neow_bonus":"","is_daily":false,"chose_seed":true,"campfire_upgraded":3,"win_rate":0.0,"timestamp":1610550929,"path_taken":["M","M","$","?","M","R","?","M","T","M","M","?","R","E","R","BOSS","M","?","?","M","M","E","R","$","T","R","?"],"items_purchased_type":["Relic","Relic"],"build_version":"2020-12-13","purchased_purges":0,"victory":false,"max_hp_per_floor":[100,100,100,100,100,100,100,100,100,100,100,100,100,100,100,100,100,100,1,1,1,1,1,1,1,1,1,1,1],"card_choices":[{"not_picked":["RocketKickup","StigmaNizer"],"picked":"Cripple","floor":1},{"not_picked":["Warpath","YoungDemonLord"],"picked":"ServantFlier","floor":2},{"not_picked":["CruelSlaughter","FierceSweep","Warpath"],"picked":"SKIP","floor":5},{"not_picked":["BodyStrengthen","CombatMeter"],"picked":"VampireKiss_Remiria","floor":8},{"not_picked":["Feint","TricksterDevil"],"picked":"VampireClaw","floor":10},{"not_picked":["Exsanguinate","Paradox"],"picked":"BodyStrengthen","floor":11},{"not_picked":["Coercion","HeartBreak_Remiria"],"picked":"NaturallyHealing","floor":12},{"not_picked":["TricksterDevil","ServantFlier","ScarletNetherworld"],"picked":"SKIP","floor":14},{"not_picked":["RedMagic","RemiliaStalker"],"picked":"QueenOfMidnight","floor":16},{"not_picked":["ReplayTheSpireMod:Faulty Equipment","hubris:Disease"],"picked":"CurseOfTheBell","floor":17},{"not_picked":["hubris:Greed","Languid"],"picked":"CurseOfTheBell","floor":17},{"not_picked":["Slimebound:Icky","theDuelist:PsiCurse"],"picked":"Lonely","floor":17},{"not_picked":["BloodCollect","Culling","ThePrice"],"picked":"SKIP","floor":18},{"not_picked":["DamonLordCradle_Remiria","DemonsDinnerFork_Remiria+1"],"picked":"BloodCollect","floor":21},{"not_picked":["BloodySuit+1","BombardNight"],"picked":"VampireClaw","floor":22},{"not_picked":["YoungDemonLord","Warpath"],"picked":"DoubleEdge","floor":23}],"player_experience":85194,"relics_obtained":[{"floor":9,"key":"Bottled Flame"},{"floor":12,"key":"Snack Pack"},{"floor":14,"key":"Dota2Spire:LotusOrb"},{"floor":23,"key":"halation:PrussianBluePaint"},{"floor":26,"key":"hubris:PeanutButter"}],"event_choices":[{"damage_healed":0,"gold_gain":0,"player_choice":"Entered Light","damage_taken":20,"max_hp_gain":0,"max_hp_loss":0,"event_name":"Shining Light","floor":7,"gold_loss":0,"cards_upgraded":["HeartBreak_Remiria","FateSonata"]}],"is_beta":false,"boss_relics":[{"not_picked":["Astrolabe","halation:MonkeysPaw"],"picked":"Replay:Ancient Bell"},{"not_picked":["Orichalcum","Anchor"],"picked":"Dota2Spire:UrnOfShadows"},{"not_picked":["DemoMod:PinkGuonStone","halation:SelfBoilingWater"],"picked":"Gremlin Horn"},{"not_picked":["halation:SwordOfLegend","DemoMod:NanoMachines"],"picked":"hubris:Potato"}],"items_purged_floors":[],"is_endless":false,"potions_floor_spawned":[2,10,12,16,22,23],"killed_by":"Centurion and Healer","ascension_level":0}}