{"host":"6azrrw3tf7wb0f4b","time":1610524154,"event":{"mods":["BaseMod","DeckTracker","Minty Spire (QoL Compilation)","SuperFastMode"],"gold_per_floor":[114,130,141,153,51,51,78,78,102,123,147,175,203,153,153,153,153],"floor_reached":16,"language":"KOR","playtime":288,"items_purged":["Strike_B"],"score":170,"play_id":"4a204a9a-8c1a-4d9c-868c-5af5c552d965","local_time":"20210113164914","is_ascension_mode":true,"campfire_choices":[{"data":"Streamline","floor":6,"key":"SMITH"},{"data":"Zap","floor":8,"key":"SMITH"},{"floor":15,"key":"REST"}],"circlet_count":0,"master_deck":["AscendersBane","Strike_B+1","Strike_B","Strike_B+1","Defend_B","Defend_B","Defend_B","Zap+1","Dualcast","Ball Lightning","Core Surge","Streamline+1","Conserve Battery","Hello World","Rebound","Chill","Heatsinks","Defragment"],"relics":["Cracked Core","NeowsBlessing","Whetstone","CeramicFish"],"acts_visited":["Exordium"],"potions_floor_usage":[7,13],"damage_taken":[{"damage":0,"enemies":"Jaw Worm","floor":1,"turns":1},{"damage":0,"enemies":"Small Slimes","floor":2,"turns":1},{"damage":0,"enemies":"2 Louse","floor":3,"turns":1},{"damage":10,"enemies":"Exordium Wildlife","floor":4,"turns":4},{"damage":18,"enemies":"3 Sentries","floor":7,"turns":5},{"damage":15,"enemies":"Gremlin Gang","floor":10,"turns":3},{"damage":1,"enemies":"Blue Slaver","floor":11,"turns":2},{"damage":11,"enemies":"Large Slime","floor":12,"turns":4},{"damage":3,"enemies":"Exordium Thugs","floor":13,"turns":4},{"damage":36,"enemies":"The Guardian","floor":16,"turns":8}],"seed_played":"-4989206052526798105","potions_obtained":[{"floor":1,"key":"Ancient Potion"},{"floor":2,"key":"LiquidMemories"},{"floor":12,"key":"Explosive Potion"}],"is_trial":false,"path_per_floor":["M","M","M","M","$","R","E","R","T","M","M","M","M","?","R","B"],"character_chosen":"DEFECT","items_purchased":["Conserve Battery"],"campfire_rested":1,"item_purchase_floors":[5],"current_hp_per_floor":[68,68,68,58,58,58,40,40,40,25,24,13,10,10,32,0,0],"gold":153,"neow_bonus":"THREE_ENEMY_KILL","is_daily":false,"chose_seed":false,"campfire_upgraded":2,"win_rate":0.0,"timestamp":1610524154,"path_taken":["M","M","M","M","$","R","E","R","T","M","M","M","M","?","R","BOSS"],"items_purchased_type":["Card"],"build_version":"2020-12-22","purchased_purges":1,"victory":false,"max_hp_per_floor":[75,75,75,75,75,75,75,75,75,75,75,75,75,75,75,75,75],"card_choices":[{"not_picked":["Hologram","Sweeping Beam"],"picked":"Ball Lightning","floor":1},{"not_picked":["Gash","Rip and Tear","Ball Lightning"],"picked":"SKIP","floor":2},{"not_picked":["Leap","Hologram"],"picked":"Core Surge","floor":3},{"not_picked":["Steam","Loop"],"picked":"Streamline","floor":4},{"not_picked":["Steam Power","Double Energy"],"picked":"Hello World","floor":7},{"not_picked":["Cold Snap","Darkness"],"picked":"Rebound","floor":10},{"not_picked":["Reprogram","Ball Lightning"],"picked":"Chill","floor":11},{"not_picked":["Stack","Steam"],"picked":"Heatsinks","floor":12},{"not_picked":["Reprogram","Steam Power"],"picked":"Defragment","floor":13}],"player_experience":699549,"relics_obtained":[{"floor":7,"key":"Whetstone"},{"floor":9,"key":"CeramicFish"}],"event_choices":[{"cards_removed":["Defend_B"],"damage_healed":0,"gold_gain":0,"player_choice":"Card Removal","damage_taken":0,"max_hp_gain":0,"max_hp_loss":0,"event_name":"The Cleric","floor":14,"gold_loss":50}],"is_beta":false,"boss_relics":[],"items_purged_floors":[5],"is_endless":false,"potions_floor_spawned":[1,2,12],"killed_by":"The Guardian","ascension_level":12}}