{"host":"ojme7g6xlqwffsso","time":1610552554,"event":{"mods":["Act Like it!","BaseMod","Downfall","Hermit","Infinite Spire","MarisaÅiñ∂âJÅ@ñÇóùçπÅj","Minty Spire (QoL Compilation)","Replay The Spire","Shop Mod","StSLib","The Alterego","The Cursed","The Hierophant","Yuri Mod"],"gold_per_floor":[99,119,138,238,238,273,297,117,159,183,225,225,225,245,263,376,376,376,402,402,402,423,162,162,201,248,282,282,282,349,365,365,365],"floor_reached":31,"language":"ENG","playtime":1409,"items_purged":["Pain"],"score":377,"play_id":"02e6096c-41bb-45e6-98dd-ed2d800f5ca7","local_time":"20210114004234","is_ascension_mode":true,"campfire_choices":[{"floor":1,"key":"DIG"},{"data":"hexamod:Float","floor":12,"key":"SMITH"}],"circlet_count":0,"master_deck":["hexamod:Strike","hexamod:Strike","hexamod:Strike","hexamod:Defend","hexamod:Defend+1","hexamod:Defend","hexamod:Defend+1","hexamod:Sear","hexamod:Float+1","hexamod:SwordOfDarkness","hexamod:RadiantFlame","hexamod:Toasty","hexamod:SecondSeal","hexamod:HauntingEcho","hexamod:EmpoweredFlame","hexamod:TimeWarp","hexamod:NightmareGuise","hexamod:TimeOfNeed","hexamod:Incineration","hexamod:GhostOfSpireFuture+1","hexamod:FourthSeal","hexamod:ShieldOfDarkness","hexamod:FastForward","hexamod:FourthSeal","Shame","infinitespire:Fortify","hexamod:SkipABeat"],"relics":["hexamod:SpiritBrand","MealTicket","MerchantsRug","Singing Bowl","SacredBark","WarpedTongs","Mummified Hand","hexamod:RecyclingMachine","Replay:Bandana","Simple Rune","downfall:RedIOU","MawBank","Regal Pillow"],"acts_visited":["Exordium","TheCity"],"potions_floor_usage":[6,23,26,27,30],"damage_taken":[{"damage":5,"enemies":"2 Louse","floor":2,"turns":3},{"damage":0,"enemies":"Cultist","floor":3,"turns":3},{"damage":17,"enemies":"3 Sentries","floor":6,"turns":7},{"damage":0,"enemies":"downfall:FleeingMerchant","floor":8,"turns":4},{"damage":6,"enemies":"Gremlin Nob","floor":9,"turns":3},{"damage":0,"enemies":"Small Slimes","floor":10,"turns":3},{"damage":19,"enemies":"Lagavulin","floor":11,"turns":7},{"damage":12,"enemies":"3 Louse","floor":14,"turns":3},{"damage":4,"enemies":"Exordium Thugs","floor":15,"turns":5},{"damage":29,"enemies":"downfall:Watcher","floor":16,"turns":9},{"damage":9,"enemies":"Shell Parasite","floor":19,"turns":6},{"damage":0,"enemies":"Chosen","floor":22,"turns":3},{"damage":4,"enemies":"downfall:FleeingMerchant","floor":23,"turns":4},{"damage":28,"enemies":"Sentry and Sphere","floor":25,"turns":7},{"damage":14,"enemies":"Book of Stabbing","floor":26,"turns":4},{"damage":16,"enemies":"Centurion and Healer","floor":27,"turns":6},{"damage":13,"enemies":"Nightmare","floor":30,"turns":5},{"damage":18,"enemies":"Snake Plant","floor":31,"turns":1}],"seed_played":"-446912192130556297","potions_obtained":[{"floor":2,"key":"Swift Potion"},{"floor":3,"key":"Block Potion"},{"floor":6,"key":"SteroidPotion"},{"floor":11,"key":"Strength Potion"},{"floor":14,"key":"Guardian:BlockOnCardUsePotion"},{"floor":19,"key":"AttackPotion"},{"floor":25,"key":"Fire Potion"},{"floor":26,"key":"Languid Potion"},{"floor":27,"key":"DistilledChaos"},{"floor":30,"key":"Adrenaline Potion"}],"is_trial":false,"path_per_floor":["R","M","M","?","?","E","T","$","E","M","E","R","?","M","M","B",null,"R","M","?","AVR","M","$","T","M","E","M","?","?","NM","M"],"character_chosen":"THE_SPIRIT","items_purchased":["MerchantsRug","hexamod:EmpoweredFlame","hexamod:FourthSeal","hexamod:RecyclingMachine","hexamod:ShieldOfDarkness"],"campfire_rested":0,"item_purchase_floors":[8,8,23,23,23],"current_hp_per_floor":[77,72,72,72,72,55,55,70,64,64,47,47,47,35,33,4,81,81,72,72,72,74,81,81,55,41,25,25,25,12,0,0,0],"gold":365,"neow_bonus":"TEN_PERCENT_HP_BONUS","is_daily":false,"chose_seed":false,"campfire_upgraded":1,"win_rate":0.0,"timestamp":1610552554,"path_taken":["R","M","M","?","?","E","T","$","E","?","E","R","?","M","M","BOSS","R","M","?","AVR","M","?","T","M","E","M","?","?","NM","M"],"items_purchased_type":["Relic","Card","Card","Relic","Card"],"build_version":"2020-12-22","purchased_purges":1,"victory":false,"max_hp_per_floor":[77,77,77,77,77,77,77,77,77,77,79,79,79,79,81,81,81,81,81,81,81,83,85,85,87,87,87,87,87,87,87,87,87],"card_choices":[{"not_picked":["hexamod:RainOfEmbers","hexamod:RetreatToShadows"],"picked":"hexamod:SwordOfDarkness","floor":2},{"not_picked":["hexamod:NightmareStrike","hexamod:GhostShield"],"picked":"hexamod:RadiantFlame","floor":3},{"not_picked":["hexamod:BacktrackSmack","hexamod:NightmareStrike"],"picked":"hexamod:SecondSeal","floor":6},{"not_picked":["hexamod:HeatCrush","hexamod:HeatShield"],"picked":"hexamod:HauntingEcho","floor":8},{"not_picked":["hexamod:UnlimitedPower","hexamod:SpectralSpark"],"picked":"hexamod:TimeWarp","floor":9},{"not_picked":["hexamod:ChargedBarrage","hexamod:BacktrackSmack"],"picked":"hexamod:NightmareGuise","floor":10},{"not_picked":["hexamod:GhostOfSpireFuture","hexamod:NightmareStrike","hexamod:GhostLash"],"picked":"Singing Bowl","floor":11},{"not_picked":["hexamod:HeatShield","hexamod:DynamicBlow"],"picked":"hexamod:SpectralSpark","floor":14},{"not_picked":["hexamod:Firestarter","hexamod:GhostShield","hexamod:NightmareGuise"],"picked":"Singing Bowl","floor":15},{"not_picked":["hexamod:ApocalypticArmor","hexamod:GiftsFromTheDead"],"picked":"hexamod:TimeOfNeed","floor":16},{"not_picked":["hexamod:SwordOfDarkness","hexamod:BurningTouch"],"picked":"hexamod:GhostOfSpireFuture+1","floor":19},{"not_picked":["hexamod:GhostOfSpireFuture+1","hexamod:SpectralSpark","hexamod:HauntingEcho"],"picked":"Singing Bowl","floor":22},{"not_picked":["hexamod:Firestarter","hexamod:SpectralAdrenaline","hexamod:ChargedBarrage"],"picked":"Singing Bowl","floor":23},{"not_picked":["hexamod:ShieldOfDarkness","hexamod:GhostflameInferno","hexamod:GhostOfSpirePresent+1"],"picked":"Singing Bowl","floor":25},{"not_picked":["hexamod:NightmareStrike","hexamod:SpectralAdrenaline"],"picked":"hexamod:FastForward","floor":26},{"not_picked":["hexamod:BacktrackSmack","hexamod:Hexaguard+1"],"picked":"hexamod:FourthSeal","floor":27},{"not_picked":["infinitespire:FinalStrike","ReplayTheSpireMod:Echoes of Time"],"picked":"infinitespire:Fortify","floor":30},{"not_picked":["hexamod:ThermalTransfer","hexamod:GhostShield+1"],"picked":"hexamod:SkipABeat","floor":30}],"player_experience":943164,"relics_obtained":[{"floor":1,"key":"MealTicket"},{"floor":6,"key":"Gremlin Food"},{"floor":7,"key":"Replay:Baseball"},{"floor":9,"key":"Replay:Wax Seal"},{"floor":11,"key":"Singing Bowl"},{"floor":24,"key":"Replay:Bandana"},{"floor":26,"key":"Simple Rune"},{"floor":30,"key":"Regal Pillow"}],"event_choices":[{"damage_healed":0,"gold_gain":0,"cards_transformed":["hexamod:Strike"],"player_choice":"Transformed","damage_taken":0,"max_hp_gain":0,"max_hp_loss":0,"event_name":"Transmorgrifier","floor":5,"gold_loss":0,"cards_obtained":["hexamod:Toasty"]},{"damage_healed":0,"gold_gain":0,"player_choice":"Rummage","damage_taken":0,"relics_obtained":["WarpedTongs"],"max_hp_gain":0,"max_hp_loss":0,"event_name":"Accursed Blacksmith","floor":20,"gold_loss":0,"cards_obtained":["Pain"]},{"damage_healed":0,"gold_gain":0,"player_choice":"Stole Relic","damage_taken":0,"relics_obtained":["MawBank"],"max_hp_gain":0,"max_hp_loss":0,"event_name":"Addict","floor":29,"gold_loss":0,"cards_obtained":["Shame"]}],"is_beta":false,"boss_relics":[{"not_picked":["Ring of Chaos","Velvet Choker"],"picked":"SacredBark"}],"items_purged_floors":[21],"is_endless":false,"potions_floor_spawned":[2,3,6,11,14,19,22,26,30],"killed_by":"Snake Plant","ascension_level":4}}