{"host":"b995t17pt6d05w8c","time":1610525583,"event":{"mods":["AchievementEnabler","BaseMod","Colored Map","Minty Spire (QoL Compilation)","SuperFastMode"],"gold_per_floor":[115,65,65,75,86,117,137,137,188,204,102,102,121,139,139,218,218,233,233,243,243,257,257,287,287,287,287,297,247,162,172,172,244,244,257,257,269,269,269],"floor_reached":38,"language":"KOR","playtime":1046,"items_purged":["Strike_B","Rip and Tear"],"score":657,"play_id":"b3653b49-6c26-463f-be72-f011191adffb","local_time":"20210113171303","is_ascension_mode":true,"campfire_choices":[{"floor":8,"key":"DIG"},{"floor":12,"key":"REST"},{"data":"Defragment","floor":15,"key":"SMITH"},{"floor":23,"key":"REST"},{"floor":25,"key":"REST"},{"floor":32,"key":"REST"}],"circlet_count":0,"master_deck":["AscendersBane","Defend_B","Defend_B","Defend_B","Defend_B","Zap","Dualcast","Defragment+1","Darkness","Cold Snap","Hologram","Ball Lightning","Core Surge","Heatsinks","Electrodynamics","Capacitor+1","Hologram+1","Double Energy+1","Leap+1","Multi-Cast","Creative AI"],"relics":["Cracked Core","Shovel","The Courier","Toy Ornithopter","Bag of Preparation","Velvet Choker","Shuriken","Smiling Mask","Mummified Hand","Kunai","Snecko Eye"],"acts_visited":["Exordium","TheCity","TheBeyond"],"potions_floor_usage":[7,18,24,38,38],"damage_taken":[{"damage":0.0,"enemies":"Small Slimes","floor":1.0,"turns":4.0},{"damage":0,"enemies":"Cultist","floor":4,"turns":2},{"damage":6,"enemies":"2 Louse","floor":5,"turns":2},{"damage":25,"enemies":"Lagavulin","floor":6,"turns":6},{"damage":21,"enemies":"Exordium Thugs","floor":7,"turns":5},{"damage":4,"enemies":"Looter","floor":10,"turns":3},{"damage":1,"enemies":"2 Fungi Beasts","floor":13,"turns":3},{"damage":5,"enemies":"Red Slaver","floor":14,"turns":4},{"damage":3,"enemies":"Slime Boss","floor":16,"turns":7},{"damage":18,"enemies":"2 Thieves","floor":18,"turns":4},{"damage":17,"enemies":"Spheric Guardian","floor":20,"turns":4},{"damage":0,"enemies":"3 Cultists","floor":22,"turns":2},{"damage":38,"enemies":"Book of Stabbing","floor":24,"turns":5},{"damage":17,"enemies":"Snecko","floor":28,"turns":5},{"damage":3,"enemies":"Centurion and Healer","floor":31,"turns":6},{"damage":20,"enemies":"Collector","floor":33,"turns":10},{"damage":28,"enemies":"3 Shapes","floor":35,"turns":4},{"damage":8,"enemies":"3 Darklings","floor":37,"turns":3},{"damage":46,"enemies":"Transient","floor":38,"turns":5}],"seed_played":"8121083681983806489","potions_obtained":[{"floor":1.0,"key":"SpeedPotion"},{"floor":6,"key":"GamblersBrew"},{"floor":10,"key":"Block Potion"},{"floor":16,"key":"Fire Potion"},{"floor":20,"key":"SkillPotion"},{"floor":22,"key":"DistilledChaos"},{"floor":24,"key":"GamblersBrew"},{"floor":36,"key":"SneckoOil"},{"floor":36,"key":"PowerPotion"}],"is_trial":false,"path_per_floor":["M","?","?","M","M","E","M","R","T","M","$","R","M","M","R","B",null,"M","?","M","?","M","R","E","R","T","?","M","$","?","M","R","B",null,"M","?","M","M"],"character_chosen":"DEFECT","items_purchased":["Ball Lightning"],"campfire_rested":4,"item_purchase_floors":[11],"current_hp_per_floor":[68,68,68,68,62,37,16,16,16,12,12,32,31,26,26,23,57,44,44,27,27,27,47,14,34,34,34,17,17,17,14,34,14,55,27,27,19,0,0],"gold":269,"neow_bonus":"ONE_RARE_RELIC","is_daily":false,"chose_seed":false,"campfire_upgraded":1,"win_rate":0.0,"timestamp":1610525583,"path_taken":["M","?","?","M","M","E","M","R","T","?","$","R","?","M","R","BOSS","M","?","?","?","M","R","E","R","T","?","?","$","?","M","R","BOSS","M","?","M","M"],"items_purchased_type":["Card"],"build_version":"2020-12-22","purchased_purges":2,"victory":false,"max_hp_per_floor":[68,68,68,68,68,68,68,68,68,68,68,68,68,68,68,68,68,68,68,68,68,68,68,68,68,68,68,68,68,68,68,68,68,68,68,68,68,68,68],"card_choices":[{"not_picked":["Streamline","Barrage"],"picked":"Rip and Tear","floor":1.0},{"not_picked":["Sweeping Beam","Rebound"],"picked":"Defragment","floor":4},{"not_picked":["Scrape","Stack"],"picked":"Darkness","floor":5},{"not_picked":["Redo","Sweeping Beam","Reinforced Body"],"picked":"SKIP","floor":6},{"not_picked":["Tempest","Beam Cell"],"picked":"Cold Snap","floor":7},{"not_picked":["Go for the Eyes","Streamline"],"picked":"Hologram","floor":10},{"not_picked":["Barrage","Leap"],"picked":"Core Surge","floor":13},{"not_picked":["Barrage","Force Field"],"picked":"Heatsinks","floor":14},{"not_picked":["Thunder Strike","Seek"],"picked":"Electrodynamics","floor":16},{"not_picked":["Conserve Battery+1","Compile Driver"],"picked":"Capacitor+1","floor":18},{"not_picked":["Defragment","Stack"],"picked":"Hologram+1","floor":20},{"not_picked":["Hello World","Leap"],"picked":"Double Energy+1","floor":22},{"not_picked":["Rebound","Recycle"],"picked":"Leap+1","floor":24},{"not_picked":["Sunder","Melter"],"picked":"Creative AI","floor":28},{"not_picked":["Sweeping Beam","Doom and Gloom","Gash"],"picked":"SKIP","floor":31},{"not_picked":["Coolheaded","Rebound+1","Turbo"],"picked":"SKIP","floor":35},{"not_picked":["Streamline","Darkness","Storm+1"],"picked":"SKIP","floor":37}],"player_experience":112967,"relics_obtained":[{"floor":6,"key":"The Courier"},{"floor":8,"key":"Toy Ornithopter"},{"floor":9,"key":"Bag of Preparation"},{"floor":24,"key":"Smiling Mask"},{"floor":26,"key":"Mummified Hand"}],"event_choices":[{"cards_removed":["Strike_B"],"damage_healed":0.0,"max_hp_gain":0.0,"max_hp_loss":0.0,"gold_gain":0.0,"event_name":"The Cleric","player_choice":"Card Removal","floor":2.0,"gold_loss":50.0,"damage_taken":0.0},{"damage_healed":0,"gold_gain":0,"player_choice":"Ignored","damage_taken":0,"max_hp_gain":0,"max_hp_loss":0,"event_name":"Transmorgrifier","floor":3,"gold_loss":0},{"cards_removed":["Strike_B"],"damage_healed":0,"gold_gain":0,"player_choice":"Purged","damage_taken":0,"max_hp_gain":0,"max_hp_loss":0,"event_name":"Purifier","floor":19,"gold_loss":0},{"damage_healed":0,"gold_gain":0,"player_choice":"Opened","damage_taken":0,"relics_obtained":["Shuriken"],"max_hp_gain":0,"max_hp_loss":0,"event_name":"The Mausoleum","floor":21,"gold_loss":0},{"damage_healed":0,"gold_gain":0,"cards_transformed":["Strike_B"],"player_choice":"Transformed","damage_taken":0,"max_hp_gain":0,"max_hp_loss":0,"event_name":"Transmorgrifier","floor":27,"gold_loss":0,"cards_obtained":["Multi-Cast"]},{"damage_healed":0,"gold_gain":0,"player_choice":"Obtained Relic","damage_taken":0,"relics_obtained":["Kunai"],"max_hp_gain":0,"max_hp_loss":0,"event_name":"Addict","floor":30,"gold_loss":85},{"damage_healed":0,"gold_gain":0,"player_choice":"Got Potions","damage_taken":0,"max_hp_gain":0,"max_hp_loss":0,"event_name":"Lab","floor":36,"gold_loss":0}],"is_beta":false,"boss_relics":[{"not_picked":["Philosopher\u0027s Stone","Sozu"],"picked":"Velvet Choker"},{"not_picked":["FrozenCore","Runic Pyramid"],"picked":"Snecko Eye"}],"items_purged_floors":[11,29],"is_endless":false,"potions_floor_spawned":[1,6,10,16,20,22,24,35],"killed_by":"Transient","ascension_level":13}}