{"host":"gbbz8f5svnnpwo8d","time":1610543843,"event":{"mods":["AchievementEnabler","AlwaysNeverKeys","BaseMod","Bestiary","Better Altar","Better Match","Better Note","Better Sensory Stone","Better Silent Start","Better Skull","Better Third Choice","Better Vampires","Better-Laid Plans","BetterRewards","Block Reminder","Colored Map","Colored Powertips","Curses Come First","Dark Map","Displayed Cursed Tome","GifTheSpireLib","Minty Spire (QoL Compilation)","MonsterHotkey","Permanent Neow","Potion Indicator Mod","Quick Restart","Random Character Button","Rare Cards Sparkle","Relic Stats","Shop Mod","Spicy Shops","Spire Birthday Party","StSLib","Transform Curses"],"gold_per_floor":[115,6,6,6,6,6,22,22,72,72,113,113,138,177,177,303,303,322,6,26,45,45,45,45,45,45,9,28,72,92,92,92,217,217,242,460,460,460,474,507,507,520,570,590,613,651,651,366,366,366,366,366,36,62,62],"floor_reached":56,"language":"ENG","playtime":2380,"items_purged":["Strike_R","Defend_R","Defend_R"],"score":1481,"play_id":"3149a0b4-8ed8-4e15-968f-3b97004f88a0","local_time":"20210113061723","is_ascension_mode":false,"campfire_choices":[{"data":"Flex","floor":6.0,"key":"SMITH"},{"data":"Fire Breathing","floor":8.0,"key":"SMITH"},{"data":"Bash","floor":12.0,"key":"SMITH"},{"data":"Whirlwind","floor":15.0,"key":"SMITH"},{"data":"Impervious","floor":23.0,"key":"SMITH"},{"data":"Double Tap","floor":25.0,"key":"SMITH"},{"data":"Rage","floor":32.0,"key":"SMITH"},{"data":"Impervious","floor":41.0,"key":"SMITH"},{"floor":47.0,"key":"REST"},{"data":"Metallicize","floor":49.0,"key":"SMITH"},{"data":"Defend_R","floor":52.0,"key":"SMITH"}],"circlet_count":0,"master_deck":["Strike_R+1","Strike_R+1","Defend_R+1","Defend_R","Bash+1","Flex+1","Burn","Fire Breathing+1","Whirlwind+1","Impervious+1","Pain","Dual Wield+1","Metallicize+1","Double Tap+1","Rage+1","Shrug It Off+1","Impervious+1","Wild Strike+1","Body Slam+1","Metallicize+1","Whirlwind","Rage","Mayhem","Havoc","Bandage Up"],"relics":["Burning Blood","TungstenRod","MerchantsRug","Oddly Smooth Stone","Lizard Tail","Sling","Vajra","SacredBark","Bag of Marbles","Mercury Hourglass","Ornamental Fan","Chemical X","Busted Crown","Magic Flower","HornCleat","ClockworkSouvenir","Ice Cream","Red Skull","Bottled Tornado","Bottled Lightning"],"acts_visited":["Exordium","TheCity","TheBeyond","TheEnding"],"potions_floor_usage":[54],"damage_taken":[{"damage":0.0,"enemies":"Small Slimes","floor":1.0,"turns":4.0},{"damage":7.0,"enemies":"2 Louse","floor":7.0,"turns":3.0},{"damage":15.0,"enemies":"Gremlin Nob","floor":11.0,"turns":3.0},{"damage":1.0,"enemies":"Cultist","floor":13.0,"turns":4.0},{"damage":18.0,"enemies":"Lagavulin","floor":14.0,"turns":4.0},{"damage":44.0,"enemies":"The Guardian","floor":16.0,"turns":7.0},{"damage":4.0,"enemies":"3 Byrds","floor":18.0,"turns":6.0},{"damage":0.0,"enemies":"Spheric Guardian","floor":20.0,"turns":4.0},{"damage":3.0,"enemies":"Snecko","floor":21.0,"turns":4.0},{"damage":0.0,"enemies":"Shelled Parasite and Fungi","floor":28.0,"turns":4.0},{"damage":21.0,"enemies":"Gremlin Leader","floor":29.0,"turns":5.0},{"damage":7.0,"enemies":"Snake Plant","floor":30.0,"turns":3.0},{"damage":16.0,"enemies":"Collector","floor":33.0,"turns":11.0},{"damage":0.0,"enemies":"Orb Walker","floor":35.0,"turns":4.0},{"damage":2.0,"enemies":"3 Darklings","floor":39.0,"turns":3.0},{"damage":23.0,"enemies":"Giant Head","floor":40.0,"turns":7.0},{"damage":5.0,"enemies":"Jaw Worm Horde","floor":42.0,"turns":3.0},{"damage":31.0,"enemies":"Maw","floor":44.0,"turns":7.0},{"damage":0.0,"enemies":"Sphere and 2 Shapes","floor":45.0,"turns":2.0},{"damage":16.0,"enemies":"Reptomancer","floor":46.0,"turns":6.0},{"damage":44.0,"enemies":"Time Eater","floor":50.0,"turns":12.0},{"damage":17,"enemies":"Shield and Spear","floor":54,"turns":5},{"damage":44,"enemies":"The Heart","floor":55,"turns":8}],"seed_played":"-7711287002779340637","potions_obtained":[{"floor":7.0,"key":"Strength Potion"},{"floor":11.0,"key":"Explosive Potion"},{"floor":13.0,"key":"Weak Potion"},{"floor":14.0,"key":"Block Potion"},{"floor":18.0,"key":"GamblersBrew"},{"floor":29.0,"key":"DuplicationPotion"},{"floor":30.0,"key":"AttackPotion"},{"floor":33.0,"key":"ElixirPotion"},{"floor":40.0,"key":"SteroidPotion"},{"floor":42.0,"key":"EssenceOfSteel"},{"floor":45.0,"key":"Weak Potion"},{"floor":46.0,"key":"Energy Potion"}],"is_trial":false,"path_per_floor":["M","$","?","?","$","R","M","R","T","$","E","R","M","E","R","B",null,"M","$","M","M","?","R","?","R","T","$","M","E","M","?","R","B",null,"M","?","?","?","M","E","R","M","T","M","M","E","R","$","R","B",null,"R","$","E","B",null],"character_chosen":"IRONCLAD","items_purchased":["MerchantsRug","MealTicket","Oddly Smooth Stone","Lizard Tail","Flex","Sling","Membership Card","Bag of Marbles","Mercury Hourglass","Dual Wield","Chemical X","HornCleat","ClockworkSouvenir","Ice Cream","Whirlwind","Rage","Mayhem","Red Skull","Bottled Tornado","Havoc","Bandage Up","BlessingOfTheForge","Fire Potion"],"campfire_rested":1,"item_purchase_floors":[0,0,0,0,2,2,19,19,19,19,27,48,48,53,53,53,53,53,53,53,53,53,53],"current_hp_per_floor":[51,66,66,47,62,62,61,61,61,76,71,71,76,68,68,30,80,80,80,80,80,80,80,80,80,80,80,80,65,64,64,64,54,80,80,67,67,67,71,54,54,55,55,32,40,32,56,71,71,39,80,80,80,72,43],"gold":62,"neow_bonus":"","is_daily":false,"chose_seed":false,"campfire_upgraded":10,"win_rate":0.0,"timestamp":1610543843,"path_taken":["M","$","?","?","$","R","M","R","T","$","E","R","M","E","R","BOSS","M","$","M","M","?","R","?","R","T","$","M","E","M","?","R","BOSS","M","?","?","?","M","E","R","M","T","M","M","E","R","$","R","BOSS","R","$","E","BOSS"],"items_purchased_type":["Relic","Relic","Relic","Relic","Card","Relic","Relic","Relic","Relic","Card","Relic","Relic","Relic","Relic","Card","Card","Card","Relic","Relic","Card","Card","Potion","Potion"],"build_version":"2020-12-22","purchased_purges":3,"victory":true,"max_hp_per_floor":[80,80,80,80,80,80,80,80,80,80,80,80,80,80,80,80,80,80,80,80,80,80,80,80,80,80,80,80,80,80,80,80,80,80,80,80,80,80,80,80,80,80,80,80,80,80,80,80,80,80,80,80,80,80,80],"relic_stats":{"Lizard Tail":0,"Busted Crown":34,"counters":[181,801],"Ornamental Fan":[56],"Magic Flower":[42],"Chemical X":[79],"obtain_stats":[{"Ice Cream":48,"Calipers":46,"Gremlin Horn":52,"CeramicFish":25,"Vajra":23,"Ginger":39,"Whetstone":29,"Bottled Tornado":45,"Boot":54,"Sling":2,"Blood Vial":43,"Lizard Tail":48,"Centennial Puzzle":9,"HornCleat":48,"Sundial":22,"MealTicket":0,"Fusion Hammer":17,"Kunai":0,"Toxic Egg 2":47,"Girya":37,"MerchantsRug":0,"Happy Flower":7,"Dead Branch":30,"Astrolabe":17,"Oddly Smooth Stone":0,"Eternal Feather":9,"Pen Nib":7,"Charon\u0027s Ashes":43,"Letter Opener":8,"Question Card":0,"Akabeko":36,"SlaversCollar":17,"Bronze Scales":54,"Molten Egg 2":26,"Pandora\u0027s Box":34,"Mark of Pain":17,"Unceasing Top":0,"Meat on the Bone":10,"Regal Pillow":14,"Lantern":44,"Torii":0,"Singing Bowl":43,"SacredBark":17,"Magic Flower":44,"Snake Skull":43,"Bag of Preparation":44,"Incense Burner":0,"Juzu Bracelet":0,"Empty Cage":34,"Cursed Key":17,"Smiling Mask":9,"Burning Blood":0,"ClockworkSouvenir":48,"Emotion Chip":0,"Nunchaku":49,"Dream Catcher":43,"Shovel":14,"Gambling Chip":54,"Pantograph":10,"Tiny Chest":27,"Red Mask":20,"Chemical X":0,"Cracked Core":0,"InkBottle":43,"Red Skull":53,"Ring of the Snake":0,"Potion Belt":28,"Lee\u0027s Waffle":0,"Golden Idol":11,"Thread and Needle":26,"PreservedInsect":0,"The Courier":9,"Frozen Egg 2":9,"Orichalcum":0,"Odd Mushroom":12,"MawBank":43,"White Beast Statue":7,"Nuclear Battery":17,"Mercury Hourglass":19,"Peace Pipe":44,"Anchor":42,"Busted Crown":34,"Ornamental Fan":0,"Bloody Idol":28,"Turnip":54,"Ectoplasm":17,"Art of War":26,"Bag of Marbles":53,"Membership Card":38,"Bottled Lightning":54,"FossilizedHelix":45,"TungstenRod":0,"Toy Ornithopter":9},{"Ice Cream":30,"Calipers":112,"Gremlin Horn":64,"CeramicFish":147,"Vajra":50,"Ginger":60,"Whetstone":169,"Bottled Tornado":28,"Boot":90,"Sling":159,"Blood Vial":175,"Lizard Tail":88,"Centennial Puzzle":139,"HornCleat":178,"Sundial":145,"MealTicket":66,"Fusion Hammer":46,"Kunai":37,"Toxic Egg 2":62,"Girya":27,"MerchantsRug":33,"Happy Flower":4,"Dead Branch":104,"Astrolabe":123,"Oddly Smooth Stone":158,"Eternal Feather":4,"Pen Nib":69,"Charon\u0027s Ashes":132,"Letter Opener":43,"Question Card":66,"Akabeko":82,"SlaversCollar":7,"Bronze Scales":32,"Molten Egg 2":51,"Pandora\u0027s Box":55,"Mark of Pain":99,"Unceasing Top":33,"Meat on the Bone":5,"Regal Pillow":45,"Lantern":85,"Torii":37,"Singing Bowl":60,"SacredBark":164,"Magic Flower":154,"Snake Skull":85,"Bag of Preparation":110,"Incense Burner":136,"Juzu Bracelet":136,"Empty Cage":25,"Cursed Key":72,"Smiling Mask":119,"Burning Blood":0,"ClockworkSouvenir":178,"Emotion Chip":0,"Nunchaku":63,"Dream Catcher":109,"Shovel":45,"Gambling Chip":65,"Pantograph":96,"Tiny Chest":51,"Red Mask":48,"Chemical X":116,"Cracked Core":0,"InkBottle":27,"Red Skull":179,"Ring of the Snake":0,"Potion Belt":80,"Lee\u0027s Waffle":66,"Golden Idol":5,"Thread and Needle":127,"PreservedInsect":0,"The Courier":43,"Frozen Egg 2":15,"Orichalcum":91,"Odd Mushroom":141,"MawBank":153,"White Beast Statue":42,"Nuclear Battery":19,"Mercury Hourglass":165,"Peace Pipe":133,"Anchor":60,"Busted Crown":149,"Ornamental Fan":0,"Bloody Idol":23,"Turnip":115,"Ectoplasm":143,"Art of War":22,"Bag of Marbles":64,"Membership Card":108,"Bottled Lightning":180,"FossilizedHelix":111,"TungstenRod":158,"Toy Ornithopter":160},{"Ice Cream":146,"Calipers":527,"Gremlin Horn":310,"CeramicFish":650,"Vajra":253,"Ginger":297,"Whetstone":730,"Bottled Tornado":134,"Boot":434,"Sling":686,"Blood Vial":761,"Lizard Tail":422,"Centennial Puzzle":632,"HornCleat":776,"Sundial":645,"MealTicket":324,"Fusion Hammer":235,"Kunai":197,"Toxic Egg 2":302,"Girya":121,"MerchantsRug":176,"Happy Flower":12,"Dead Branch":490,"Astrolabe":580,"Oddly Smooth Stone":682,"Eternal Feather":12,"Pen Nib":334,"Charon\u0027s Ashes":611,"Letter Opener":221,"Question Card":324,"Akabeko":393,"SlaversCollar":26,"Bronze Scales":170,"Molten Egg 2":258,"Pandora\u0027s Box":275,"Mark of Pain":471,"Unceasing Top":176,"Meat on the Bone":15,"Regal Pillow":227,"Lantern":407,"Torii":197,"Singing Bowl":297,"SacredBark":707,"Magic Flower":668,"Snake Skull":407,"Bag of Preparation":520,"Incense Burner":627,"Juzu Bracelet":627,"Empty Cage":106,"Cursed Key":351,"Smiling Mask":558,"Burning Blood":0,"ClockworkSouvenir":776,"Emotion Chip":0,"Nunchaku":305,"Dream Catcher":515,"Shovel":227,"Gambling Chip":316,"Pantograph":460,"Tiny Chest":258,"Red Mask":244,"Chemical X":549,"Cracked Core":0,"InkBottle":121,"Red Skull":788,"Ring of the Snake":0,"Potion Belt":378,"Lee\u0027s Waffle":324,"Golden Idol":15,"Thread and Needle":593,"PreservedInsect":0,"The Courier":221,"Frozen Egg 2":51,"Orichalcum":445,"Odd Mushroom":635,"MawBank":665,"White Beast Statue":214,"Nuclear Battery":66,"Mercury Hourglass":713,"Peace Pipe":615,"Anchor":297,"Busted Crown":656,"Ornamental Fan":0,"Bloody Idol":91,"Turnip":543,"Ectoplasm":640,"Art of War":85,"Bag of Marbles":310,"Membership Card":511,"Bottled Lightning":793,"FossilizedHelix":523,"TungstenRod":682,"Toy Ornithopter":689}],"Burning Blood":481,"TungstenRod":145,"Mercury Hourglass":[279]},"card_choices":[{"not_picked":["Heavy Blade","Perfected Strike","Burning Pact"],"picked":"SKIP","floor":1.0},{"not_picked":["Rupture","Cleave"],"picked":"Fire Breathing","floor":7.0},{"not_picked":["Armaments","Berserk","Heavy Blade"],"picked":"SKIP","floor":11.0},{"not_picked":["Shrug It Off","Sword Boomerang","Headbutt"],"picked":"SKIP","floor":13.0},{"not_picked":["Shrug It Off","Twin Strike"],"picked":"Whirlwind","floor":14.0},{"not_picked":["Juggernaut","Brutality"],"picked":"Impervious","floor":16.0},{"not_picked":["Dark Embrace","Clothesline","Armaments"],"picked":"SKIP","floor":18.0},{"not_picked":["Feel No Pain","Entrench+1"],"picked":"Metallicize+1","floor":20.0},{"not_picked":["Feel No Pain","True Grit","Burning Pact"],"picked":"SKIP","floor":21.0},{"not_picked":["Warcry","Clash"],"picked":"Rage","floor":28.0},{"not_picked":["Iron Wave","Sword Boomerang","Feel No Pain+1"],"picked":"SKIP","floor":29.0},{"not_picked":["Carnage","Searing Blow"],"picked":"Shrug It Off+1","floor":30.0},{"not_picked":["Feed","Barricade"],"picked":"Impervious","floor":33.0},{"not_picked":[],"picked":"Wild Strike+1","floor":35.0},{"not_picked":[],"picked":"Body Slam+1","floor":39.0},{"not_picked":["Ghostly Armor"],"picked":"SKIP","floor":40.0},{"not_picked":["Intimidate"],"picked":"SKIP","floor":42.0},{"not_picked":["Rampage"],"picked":"SKIP","floor":44.0},{"not_picked":[],"picked":"Metallicize","floor":45.0},{"not_picked":["Cleave"],"picked":"SKIP","floor":46.0},{"not_picked":["Bludgeon"],"picked":"SKIP","floor":54}],"player_experience":3610026,"relics_obtained":[{"floor":9.0,"key":"Toy Ornithopter"},{"floor":11.0,"key":"Juzu Bracelet"},{"floor":14.0,"key":"Vajra"},{"floor":26.0,"key":"Ornamental Fan"},{"floor":29.0,"key":"Whetstone"},{"floor":40.0,"key":"CeramicFish"},{"floor":43.0,"key":"Blood Vial"},{"floor":46.0,"key":"Magic Flower"},{"floor":54,"key":"Bottled Lightning"}],"event_choices":[{"damage_healed":66.0,"max_hp_gain":0.0,"max_hp_loss":80.0,"gold_gain":0.0,"event_name":"betterThird:BetterShining","player_choice":"Embrace Burn","floor":3.0,"gold_loss":0.0,"damage_taken":0.0},{"damage_healed":0.0,"max_hp_gain":0.0,"max_hp_loss":0.0,"gold_gain":0.0,"event_name":"Golden Idol","player_choice":"Take Damage","floor":4.0,"gold_loss":0.0,"damage_taken":20.0,"relics_obtained":["Golden Idol"]},{"damage_healed":0.0,"max_hp_gain":0.0,"max_hp_loss":0.0,"gold_gain":0.0,"event_name":"Accursed Blacksmith","player_choice":"Forge","floor":22.0,"gold_loss":0.0,"damage_taken":0.0,"cards_upgraded":["Dual Wield"]},{"damage_healed":0.0,"max_hp_gain":0.0,"max_hp_loss":0.0,"gold_gain":0.0,"cards_transformed":["Strike_R"],"event_name":"Transmorgrifier","player_choice":"Transformed","floor":24.0,"gold_loss":0.0,"damage_taken":0.0,"cards_obtained":["Double Tap"]},{"cards_removed":["Strike_R"],"damage_healed":0.0,"max_hp_gain":0.0,"max_hp_loss":0.0,"gold_gain":0.0,"event_name":"betterNote:BetterNote","player_choice":"Give","floor":31.0,"gold_loss":0.0,"damage_taken":0.0,"cards_obtained":["Strike_R"]},{"damage_healed":0.0,"max_hp_gain":0.0,"max_hp_loss":0.0,"gold_gain":218.0,"event_name":"betterSkull:BetterSkull","player_choice":"GO GO ","floor":36.0,"gold_loss":0.0,"damage_taken":18.0,"cards_upgraded":[],"relics_obtained":[]},{"damage_healed":0.0,"max_hp_gain":0.0,"max_hp_loss":0.0,"gold_gain":0.0,"event_name":"Tomb of Lord Red Mask","player_choice":"Ignored","floor":37.0,"gold_loss":0.0,"damage_taken":0.0},{"cards_removed":["Strike_R"],"damage_healed":0.0,"max_hp_gain":0.0,"max_hp_loss":0.0,"gold_gain":0.0,"event_name":"Bonfire Elementals","player_choice":"Offered Basic","floor":38.0,"gold_loss":0.0,"damage_taken":0.0}],"is_beta":false,"boss_relics":[{"not_picked":["Runic Pyramid","Empty Cage"],"picked":"SacredBark"},{"not_picked":["Mark of Pain","Black Blood"],"picked":"Busted Crown"}],"items_purged_floors":[48,48,53],"is_endless":false,"potions_floor_spawned":[7,11,13,14,18,29,30,33,40,42,45,46],"ascension_level":0}}