{"host":"esx1hwjnbftf3eqj","time":1610573069,"event":{"mods":["AchievementEnabler","BaseMod","Colored Map","Minty Spire (QoL Compilation)","StSLib","The Jungle"],"gold_per_floor":[16,29,29,45,56,87,87,113,113,263,263,8,8,8],"floor_reached":13,"language":"ENG","playtime":2786,"items_purged":["Doubt"],"score":186,"play_id":"ab1e9247-d533-475b-a5c6-50cf12868cf9","local_time":"20210113132429","is_ascension_mode":true,"campfire_choices":[{"data":"Bash","floor":7,"key":"SMITH"}],"circlet_count":0,"master_deck":["AscendersBane","Strike_R","Strike_R","Defend_R","Defend_R","Defend_R","Defend_R","Bash+1","Sentinel","Heavy Blade","Pummel","Clothesline","Metallicize","Pommel Strike","Dual Wield","Immolate","Impervious"],"relics":["Burning Blood","Gambling Chip","Meat on the Bone","The Courier","Golden Idol"],"acts_visited":["Exordium"],"potions_floor_usage":[6,8],"damage_taken":[{"damage":1,"enemies":"2 Louse","floor":1,"turns":4},{"damage":9,"enemies":"Jaw Worm","floor":2,"turns":3},{"damage":6,"enemies":"Cultist","floor":4,"turns":3},{"damage":8,"enemies":"2 Fungi Beasts","floor":5,"turns":6},{"damage":36,"enemies":"Lagavulin","floor":6,"turns":6},{"damage":27,"enemies":"3 Sentries","floor":8,"turns":13},{"damage":19,"enemies":"Lagavulin","floor":13,"turns":4}],"seed_played":"2238238408649510885","potions_obtained":[{"floor":4,"key":"DistilledChaos"},{"floor":6,"key":"Dexterity Potion"}],"is_trial":false,"path_per_floor":["M","M","?","M","M","E","R","E","T","?","?","$","E"],"character_chosen":"IRONCLAD","items_purchased":["Immolate","Impervious"],"campfire_rested":0,"item_purchase_floors":[12,12],"current_hp_per_floor":[73,70,70,70,68,38,38,17,17,17,17,17,0,0],"gold":8,"neow_bonus":"TRANSFORM_TWO_CARDS","is_daily":false,"chose_seed":false,"campfire_upgraded":1,"win_rate":0.0,"timestamp":1610573069,"path_taken":["M","M","?","M","M","E","R","E","T","?","?","$","E"],"items_purchased_type":["Card","Card"],"build_version":"2020-12-22","purchased_purges":1,"victory":false,"max_hp_per_floor":[75,75,75,75,75,75,75,75,75,75,68,68,68,68],"card_choices":[{"not_picked":["Havoc","Dropkick"],"picked":"Pummel","floor":1},{"not_picked":["Heavy Blade","Wild Strike","Warcry"],"picked":"SKIP","floor":2},{"not_picked":["Pommel Strike","Sword Boomerang"],"picked":"Metallicize","floor":4},{"not_picked":["Thunderclap","Anger"],"picked":"Pommel Strike","floor":5},{"not_picked":["Clothesline","Thunderclap","Sword Boomerang"],"picked":"SKIP","floor":6},{"not_picked":["Blood for Blood","Combust"],"picked":"Dual Wield","floor":8}],"player_experience":724374,"relics_obtained":[{"floor":6,"key":"Gambling Chip"},{"floor":8,"key":"Meat on the Bone"},{"floor":9,"key":"The Courier"}],"event_choices":[{"damage_healed":0,"gold_gain":0,"cards_transformed":["Strike_R"],"player_choice":"Change","damage_taken":0,"max_hp_gain":0,"max_hp_loss":0,"event_name":"Living Wall","floor":3,"gold_loss":0,"cards_obtained":["Clothesline"]},{"damage_healed":0,"gold_gain":150,"player_choice":"AGREE","damage_taken":0,"max_hp_gain":0,"max_hp_loss":0,"event_name":"Liars Game","floor":10,"gold_loss":0,"cards_obtained":["Doubt"]},{"damage_healed":0,"gold_gain":0,"player_choice":"Lose Max HP","damage_taken":0,"relics_obtained":["Golden Idol"],"max_hp_gain":0,"max_hp_loss":7,"event_name":"Golden Idol","floor":11,"gold_loss":0}],"is_beta":false,"boss_relics":[],"items_purged_floors":[12],"is_endless":false,"potions_floor_spawned":[4,6],"killed_by":"Lagavulin","ascension_level":20}}