{"host":"9l1knhxfturzliqa","time":1610501491,"event":{"mods":["BaseMod","Colored Map","Colored Powertips","DeckTracker","Highlight Path","Keyboard Shortcuts","Minty Spire (QoL Compilation)","Random Character Button"],"gold_per_floor":[360,360,379,43,43,43,227,227,227,227,261,261,120,151,151,251,260,293,335,347,347],"floor_reached":20,"language":"KOR","playtime":1217,"items_purged":["Strike_G","Strike_G"],"score":272,"play_id":"f81830d0-76ac-4f48-951b-e23c04794ce7","local_time":"20210113103131","is_ascension_mode":true,"campfire_choices":[{"data":"Noxious Fumes","floor":6.0,"key":"SMITH"},{"data":"Noxious Fumes","floor":8.0,"key":"SMITH"},{"data":"Neutralize","floor":10.0,"key":"SMITH"},{"data":"Choke","floor":12.0,"key":"SMITH"},{"data":"Deadly Poison","floor":15.0,"key":"SMITH"}],"circlet_count":0,"master_deck":["AscendersBane","Strike_G","Strike_G","Strike_G","Defend_G","Defend_G","Defend_G","Defend_G","Survivor","Neutralize+1","Noxious Fumes+1","Choke+1","Noxious Fumes+1","Bandage Up","Doubt","Dagger Throw","Deadly Poison+1","After Image","CurseOfTheBell","Cloak And Dagger+1"],"relics":["Ring of the Snake","Golden Idol","CeramicFish","Paper Crane","Odd Mushroom","Calling Bell","Incense Burner","Gremlin Horn","MawBank"],"acts_visited":["Exordium","TheCity"],"potions_floor_usage":[20],"damage_taken":[{"damage":1.0,"enemies":"Small Slimes","floor":1.0,"turns":4.0},{"damage":0.0,"enemies":"Jaw Worm","floor":3.0,"turns":5.0},{"damage":0.0,"enemies":"2 Louse","floor":11.0,"turns":3.0},{"damage":11.0,"enemies":"The Mushroom Lair","floor":14.0,"turns":5.0},{"damage":40.0,"enemies":"Slime Boss","floor":16.0,"turns":9.0},{"damage":16.0,"enemies":"Spheric Guardian","floor":18.0,"turns":5.0},{"damage":22.0,"enemies":"Chosen","floor":19.0,"turns":5.0},{"damage":20,"enemies":"Snake Plant","floor":20,"turns":5}],"seed_played":"1104197558535214420","potions_obtained":[{"floor":3.0,"key":"Weak Potion"},{"floor":11.0,"key":"SpeedPotion"},{"floor":14.0,"key":"BlessingOfTheForge"},{"floor":18.0,"key":"SpeedPotion"}],"is_trial":false,"path_per_floor":["M","?","M","$","?","R","?","R","T","R","M","R","$","?","R","B",null,"M","M","M"],"character_chosen":"THE_SILENT","items_purchased":["CeramicFish","Noxious Fumes","Bandage Up","Deadly Poison"],"campfire_rested":0,"item_purchase_floors":[4,4,4,13],"current_hp_per_floor":[58,56,56,56,49,49,49,49,49,49,53,53,53,42,42,8,44,32,14,0,0],"gold":347,"neow_bonus":"TWO_FIFTY_GOLD","is_daily":false,"chose_seed":false,"campfire_upgraded":5,"win_rate":0.0,"timestamp":1610501491,"path_taken":["M","?","M","$","?","R","?","R","T","R","M","R","$","?","R","BOSS","M","M","M"],"items_purchased_type":["Relic","Card","Card","Card"],"build_version":"2020-12-22","purchased_purges":2,"victory":false,"max_hp_per_floor":[60,56,56,56,56,56,56,56,56,56,56,56,56,56,56,56,56,56,56,56,56],"card_choices":[{"not_picked":["Backflip","Outmaneuver"],"picked":"Noxious Fumes","floor":1.0},{"not_picked":["Outmaneuver","All Out Attack"],"picked":"Choke","floor":3.0},{"not_picked":["Infinite Blades","Outmaneuver"],"picked":"Dagger Throw","floor":11.0},{"not_picked":["Grand Finale","Storm of Steel"],"picked":"After Image","floor":16.0},{"not_picked":["Slice","Expertise","Choke"],"picked":"SKIP","floor":18.0},{"not_picked":["Slice","Reflex+1"],"picked":"Cloak And Dagger+1","floor":19.0}],"player_experience":417045,"relics_obtained":[{"floor":9.0,"key":"Paper Crane"},{"floor":14.0,"key":"Odd Mushroom"},{"floor":17.0,"key":"Incense Burner"},{"floor":17.0,"key":"Gremlin Horn"},{"floor":17.0,"key":"MawBank"}],"event_choices":[{"damage_healed":0.0,"max_hp_gain":0.0,"max_hp_loss":4.0,"gold_gain":0.0,"event_name":"Golden Idol","player_choice":"Lose Max HP","floor":2.0,"gold_loss":0.0,"damage_taken":0.0,"relics_obtained":["Golden Idol"]},{"cards_removed":["Defend_G"],"damage_healed":0.0,"max_hp_gain":0.0,"max_hp_loss":0.0,"gold_gain":0.0,"event_name":"Golden Wing","player_choice":"Card Removal","floor":5.0,"gold_loss":0.0,"damage_taken":7.0},{"damage_healed":0.0,"max_hp_gain":0.0,"max_hp_loss":0.0,"gold_gain":175.0,"event_name":"Liars Game","player_choice":"AGREE","floor":7.0,"gold_loss":0.0,"damage_taken":0.0,"cards_obtained":["Doubt"]},{"damage_healed":0.0,"max_hp_gain":0.0,"max_hp_loss":0.0,"gold_gain":0.0,"event_name":"Mushrooms","player_choice":"Fought Mushrooms","floor":14.0,"gold_loss":0.0,"damage_taken":0.0}],"is_beta":false,"boss_relics":[{"not_picked":["Black Star","SacredBark"],"picked":"Calling Bell"}],"items_purged_floors":[4,13],"is_endless":false,"potions_floor_spawned":[3,11,14,18],"killed_by":"Snake Plant","ascension_level":14}}