{"host":"b995t17pt6d05w8c","time":1610549943,"event":{"mods":["AchievementEnabler","BaseMod","Colored Map","Minty Spire (QoL Compilation)","SuperFastMode"],"gold_per_floor":[113,133,153,153,172,172,186,202,228,228,243,262,187,207,207,284,284,298,310,310,310,310],"floor_reached":21,"language":"KOR","playtime":539,"items_purged":["Defend_G"],"score":319,"play_id":"a8af1fbc-e789-4f50-a101-981edfaed012","local_time":"20210113235903","is_ascension_mode":true,"campfire_choices":[{"data":"Neutralize","floor":6,"key":"SMITH"},{"floor":15,"key":"REST"}],"circlet_count":0,"master_deck":["AscendersBane","Strike_G","Strike_G","Strike_G","Defend_G","Defend_G","Defend_G","Survivor","Neutralize+1","Flechettes","Dagger Throw","Terror+1","Accuracy","Dagger Spray","Acrobatics","After Image","Deflect+1","All Out Attack","Wraith Form v2"],"relics":["Ring of the Serpent","Blood Vial"],"acts_visited":["TheCity"],"potions_floor_usage":[16,19],"damage_taken":[{"damage":4,"enemies":"Cultist","floor":1,"turns":5},{"damage":0,"enemies":"2 Louse","floor":2,"turns":3},{"damage":2,"enemies":"Small Slimes","floor":3,"turns":4},{"damage":9,"enemies":"Exordium Thugs","floor":5,"turns":4},{"damage":1,"enemies":"Looter","floor":7,"turns":3},{"damage":5,"enemies":"2 Fungi Beasts","floor":8,"turns":4},{"damage":0,"enemies":"Exordium Wildlife","floor":11,"turns":3},{"damage":12,"enemies":"Gremlin Gang","floor":12,"turns":6},{"damage":9,"enemies":"Blue Slaver","floor":14,"turns":4},{"damage":9,"enemies":"Slime Boss","floor":16,"turns":7},{"damage":22,"enemies":"Chosen","floor":18,"turns":5},{"damage":32,"enemies":"Spheric Guardian","floor":19,"turns":6},{"damage":6,"enemies":"Snake Plant","floor":21,"turns":4}],"seed_played":"-2271043883883409798","potions_obtained":[{"floor":0,"key":"LiquidMemories"},{"floor":0,"key":"Weak Potion"},{"floor":14,"key":"CunningPotion"},{"floor":16,"key":"DuplicationPotion"}],"is_trial":false,"path_per_floor":["M","M","M","?","M","R","M","M","T","?","M","M","$","M","R","B",null,"M","M","?","M"],"character_chosen":"THE_SILENT","items_purchased":[],"campfire_rested":1,"item_purchase_floors":[],"current_hp_per_floor":[55,55,53,53,44,44,43,38,38,38,40,30,30,23,42,35,58,38,8,8,4,4],"gold":310,"neow_bonus":"THREE_SMALL_POTIONS","is_daily":false,"chose_seed":false,"campfire_upgraded":1,"win_rate":0.0,"timestamp":1610549943,"path_taken":["M","M","?","?","M","R","M","?","T","?","M","?","?","M","R","BOSS","M","M","?","M"],"items_purchased_type":[],"build_version":"2020-12-22","purchased_purges":1,"victory":false,"max_hp_per_floor":[66,66,66,66,66,66,66,66,66,66,66,66,66,66,66,66,66,66,66,66,66,66],"card_choices":[{"not_picked":["Endless Agony","Dodge and Roll"],"picked":"Flechettes","floor":1},{"not_picked":["Cloak And Dagger","Poisoned Stab"],"picked":"Dagger Throw","floor":2},{"not_picked":["Prepared","Dagger Throw"],"picked":"Terror","floor":3},{"not_picked":["Backflip","Slice"],"picked":"Accuracy","floor":5},{"not_picked":["Choke","Unload","Bane"],"picked":"SKIP","floor":7},{"not_picked":["Calculated Gamble","Underhanded Strike"],"picked":"Dagger Spray","floor":8},{"not_picked":["Slice","Deflect"],"picked":"Acrobatics","floor":11},{"not_picked":["PiercingWail","Bane","Dash"],"picked":"SKIP","floor":12},{"not_picked":["Dodge and Roll","Poisoned Stab","Choke"],"picked":"SKIP","floor":14},{"not_picked":["Malaise","Wraith Form v2"],"picked":"After Image","floor":16},{"not_picked":["Quick Slash","Setup","PiercingWail+1"],"picked":"SKIP","floor":18},{"not_picked":["Quick Slash","Setup","PiercingWail+1"],"picked":"SKIP","floor":18},{"not_picked":["Backstab","Flying Knee"],"picked":"Deflect+1","floor":19}],"player_experience":123035,"relics_obtained":[{"floor":9,"key":"Blood Vial"}],"event_choices":[{"damage_healed":0,"gold_gain":0,"player_choice":"Forge","damage_taken":0,"max_hp_gain":0,"max_hp_loss":0,"event_name":"Accursed Blacksmith","floor":4,"gold_loss":0,"cards_upgraded":["Terror"]},{"cards_removed":["Strike_G"],"damage_healed":0,"gold_gain":0,"player_choice":"Offered Basic","damage_taken":0,"max_hp_gain":0,"max_hp_loss":0,"event_name":"Bonfire Elementals","floor":10,"gold_loss":0},{"damage_healed":0,"gold_gain":0,"cards_transformed":["Strike_G","Defend_G"],"player_choice":"Became Test Subject","damage_taken":0,"max_hp_gain":0,"max_hp_loss":0,"event_name":"Drug Dealer","floor":20,"gold_loss":0,"cards_obtained":["All Out Attack","Wraith Form v2"]}],"is_beta":false,"boss_relics":[{"not_picked":["Ectoplasm","Coffee Dripper"],"picked":"Ring of the Serpent"}],"items_purged_floors":[13],"is_endless":false,"potions_floor_spawned":[1,5,14,16,18],"killed_by":"Snake Plant","ascension_level":16}}