{"host":"cfluht5kr2kfk9p9","time":1610526217,"event":{"mods":["ATMod(阿瑾Mod)","Arknights The Spire","BaseMod","GungeonMod","Highlight Path","Library of Ruina","Library of Ruina Extra","Minty Spire (QoL Compilation)","Quick Restart","Rare Cards Sparkle","Relic Stats","RumiaBox-露米娅的神秘盒子","Spicy Shops","StSLib","TestMod","The Alterego","【功能Mod】混沌之环修复补丁"],"gold_per_floor":[119,119,194,194,194,231,254,268,292,330,330,369,394,408,408,537,537,553,261,284,300,300,343,343,343,343,372,386,406,428,90,90,201,201,218,232,232,247,259,296,322,355,381,381,18,33,50,78,78,85,110,110,110,110,142,166],"floor_reached":57,"language":"ZHS","playtime":1400,"items_purged":["LightAttack","LightDefense","EnergyConversion+1"],"score":2140,"play_id":"835eb735-a85d-4767-a455-f15d8dbaf980","local_time":"20210113162337","is_ascension_mode":true,"campfire_choices":[{"data":"FocusSpirit","floor":15.0,"key":"SMITH"},{"data":"UnavoidableGaze","floor":25.0,"key":"SMITH"},{"data":"Faith","floor":32.0,"key":"SMITH"},{"floor":49.0,"key":"RECALL"},{"floor":53,"key":"REST"}],"circlet_count":0,"master_deck":["Dodge+1","UpstandingSlash+1","Spear_LOR+1","LevelSlash+1","LightDefense+1","FocusSpirit+1","Charge+1","WillOfThePrescript+1","SenseQuarry+1","UnavoidableGaze+1","Faith+1","Faith+1","FrontalAssault+1","Faith+1"],"relics":["PageOfLibrarian","testmod-TestBox","AT_ATBox","testmod-DeterminationOfClimber","Bloody Idol","DemoMod:MeltedRock","GodSword6","Anchor","testmod-CardMagician","DemoMod:GlassGuonStoneRelic","Omamori","DemoMod:MeatBun","testmod-AssaultLearning","DemoMod:LamentConfigurum","testmod-IndustrialRevolution","Sundial","Runic Pyramid","DemoMod:WhiteGuonStone","ZombieArmy","Pen Nib","PageOfUniverseFragment","testmod-OneHitWonder","Mark of the Bloom","GodSword1","LastBattle","PageOfGreed","PageOfTheQueenOfHatred"],"acts_visited":["Exordium","TheCity","TheBeyond","TheEnding"],"potions_floor_usage":[56,56],"damage_taken":[{"damage":0.0,"enemies":"Jaw Worm","floor":1.0,"turns":2.0},{"damage":10.0,"enemies":"Lagavulin","floor":6.0,"turns":4.0},{"damage":0.0,"enemies":"2 Louse","floor":7.0,"turns":1.0},{"damage":0.0,"enemies":"Small Slimes","floor":8.0,"turns":1.0},{"damage":0.0,"enemies":"Gremlin Nob","floor":10.0,"turns":3.0},{"damage":0.0,"enemies":"Lagavulin","floor":12.0,"turns":4.0},{"damage":0.0,"enemies":"Exordium Wildlife","floor":13.0,"turns":1.0},{"damage":0.0,"enemies":"Blue Slaver","floor":14.0,"turns":2.0},{"damage":5.0,"enemies":"Hexaghost","floor":16.0,"turns":3.0},{"damage":0.0,"enemies":"2 Thieves","floor":18.0,"turns":2.0},{"damage":0.0,"enemies":"Spheric Guardian","floor":20.0,"turns":1.0},{"damage":0.0,"enemies":"3 Cultists","floor":21.0,"turns":1.0},{"damage":0.0,"enemies":"Book of Stabbing","floor":23.0,"turns":2.0},{"damage":0.0,"enemies":"Gremlin Leader","floor":27.0,"turns":2.0},{"damage":0.0,"enemies":"Centurion and Healer","floor":28.0,"turns":1.0},{"damage":0.0,"enemies":"Shelled Parasite and Fungi","floor":29.0,"turns":1.0},{"damage":0.0,"enemies":"Snecko","floor":30.0,"turns":1.0},{"damage":0.0,"enemies":"Champ","floor":33.0,"turns":1.0},{"damage":0.0,"enemies":"Orb Walker","floor":35.0,"turns":1.0},{"damage":0.0,"enemies":"3 Shapes","floor":36.0,"turns":1.0},{"damage":0.0,"enemies":"Sphere and 2 Shapes","floor":38.0,"turns":1.0},{"damage":0.0,"enemies":"Jaw Worm Horde","floor":39.0,"turns":1.0},{"damage":0.0,"enemies":"Giant Head","floor":40.0,"turns":1.0},{"damage":0.0,"enemies":"Reptomancer","floor":42.0,"turns":1.0},{"damage":0.0,"enemies":"Spire Growth","floor":46.0,"turns":1.0},{"damage":0.0,"enemies":"4 Shapes","floor":47.0,"turns":1.0},{"damage":0.0,"enemies":"Nemesis","floor":48.0,"turns":1.0},{"damage":0.0,"enemies":"Time Eater","floor":50.0,"turns":1.0},{"damage":0,"enemies":"Shield and Spear","floor":55,"turns":1},{"damage":0,"enemies":"The Heart","floor":56,"turns":3}],"seed_played":"-7963384496405114470","potions_obtained":[{"floor":6.0,"key":"SpeedPotion"},{"floor":7.0,"key":"testmod-TestPotion"},{"floor":8.0,"key":"FearPotion"},{"floor":13.0,"key":"SkillPotion"},{"floor":16.0,"key":"SteroidPotion"},{"floor":18.0,"key":"Explosive Potion"},{"floor":29.0,"key":"Ancient Potion"},{"floor":40.0,"key":"testmod-TestPotion"},{"floor":48.0,"key":"AttackPotion"}],"is_trial":false,"path_per_floor":["M","?","?","?","?","E","M","M","T","E","?","E","M","M","R","B",null,"M","$","M","M","?","E","?","R","T","E","M","M","M","$","R","B",null,"M","M","T","M","M","E","T","E","T","?","$","M","M","E","R","B",null,null,"R","$","E","B",null],"character_chosen":"Librarian","items_purchased":["Omamori","DemoMod:MeatBun","Sundial","GodSword1"],"campfire_rested":1,"item_purchase_floors":[19,19,31,45],"current_hp_per_floor":[60,60,49,54,54,47,47,47,47,47,47,51,51,52,52,53,90,90,90,90,90,90,90,90,90,90,90,90,90,90,90,90,90,90,90,90,90,90,90,90,90,90,90,90,90,90,90,90,90,90,90,90,90,90,90,90],"gold":166,"neow_bonus":"","is_daily":false,"chose_seed":false,"campfire_upgraded":3,"win_rate":0.0,"timestamp":1610526217,"path_taken":["M","?","?","?","?","E","M","M","T","E","?","E","M","M","R","BOSS","M","$","?","M","?","E","?","R","T","E","M","M","?","$","R","BOSS","M","M","?","M","M","E","?","E","T","?","$","M","M","E","R","BOSS","R","$","E","BOSS"],"items_purchased_type":["Relic","Relic","Relic","Relic"],"build_version":"2020-12-22","purchased_purges":3,"victory":true,"max_hp_per_floor":[92,85,85,90,90,90,90,90,90,90,90,90,90,90,90,90,90,90,90,90,90,90,90,90,90,90,90,90,90,90,90,90,90,90,90,90,90,90,90,90,90,90,90,90,90,90,90,90,90,90,90,90,90,90,90,90],"relic_stats":{"Mark of the Bloom":400,"counters":[31,48],"Sundial":[14],"Bloody Idol":0,"Pen Nib":[3],"obtain_stats":[{"PageOfTheQueenOfHatred":55,"Mark of the Bloom":44,"AT_ATBox":0,"DemoMod:GlassGuonStoneRelic":6,"DemoMod:WhiteGuonStone":37,"PageOfGreed":55,"Sundial":31,"DemoMod:MeltedRock":6,"DemoMod:LamentConfigurum":26,"testmod-DeterminationOfClimber":0,"Runic Pyramid":34,"ZombieArmy":40,"testmod-TestBox":0,"Golden Idol":2,"testmod-CardMagician":17,"Pen Nib":41,"Omamori":19,"LastBattle":48,"testmod-IndustrialRevolution":27,"PageOfLibrarian":0,"Anchor":12,"DemoMod:MeatBun":19,"testmod-AssaultLearning":23,"Bloody Idol":24,"GodSword6":10,"testmod-OneHitWonder":43,"PageOfUniverseFragment":42,"GodSword1":45},{"PageOfTheQueenOfHatred":30,"Mark of the Bloom":24,"AT_ATBox":0,"DemoMod:GlassGuonStoneRelic":2,"DemoMod:WhiteGuonStone":20,"PageOfGreed":30,"Sundial":17,"DemoMod:MeltedRock":2,"DemoMod:LamentConfigurum":13,"testmod-DeterminationOfClimber":0,"Runic Pyramid":18,"ZombieArmy":23,"testmod-TestBox":0,"Golden Idol":1,"testmod-CardMagician":9,"Pen Nib":23,"Omamori":10,"LastBattle":27,"testmod-IndustrialRevolution":14,"PageOfLibrarian":0,"Anchor":6,"DemoMod:MeatBun":10,"testmod-AssaultLearning":13,"Bloody Idol":13,"GodSword6":5,"testmod-OneHitWonder":24,"PageOfUniverseFragment":24,"GodSword1":24},{"PageOfTheQueenOfHatred":45,"Mark of the Bloom":39,"AT_ATBox":0,"DemoMod:GlassGuonStoneRelic":6,"DemoMod:WhiteGuonStone":35,"PageOfGreed":45,"Sundial":32,"DemoMod:MeltedRock":6,"DemoMod:LamentConfigurum":27,"testmod-DeterminationOfClimber":0,"Runic Pyramid":33,"ZombieArmy":38,"testmod-TestBox":0,"Golden Idol":2,"testmod-CardMagician":21,"Pen Nib":38,"Omamori":23,"LastBattle":42,"testmod-IndustrialRevolution":29,"PageOfLibrarian":0,"Anchor":15,"DemoMod:MeatBun":23,"testmod-AssaultLearning":27,"Bloody Idol":27,"GodSword6":11,"testmod-OneHitWonder":39,"PageOfUniverseFragment":39,"GodSword1":39}]},"card_choices":[{"not_picked":["FervidEmotions","FleetEdge","Faith","FrontalAssault"],"picked":"SKIP","floor":1.0},{"not_picked":["EnergyShield","SkyClearingCut","UnavoidableGaze","DeepDrag"],"picked":"SKIP","floor":6.0},{"not_picked":["UndertakePrescript","DesperateStruggle","ChargeUp","Parry"],"picked":"SKIP","floor":7.0},{"not_picked":["DarkCloud","ScatteringSlash","YoureTooSlow"],"picked":"WillOfThePrescript","floor":8.0},{"not_picked":["BindingArms","Overcharge","Struggle","StructuralAnalysis"],"picked":"SKIP","floor":10.0},{"not_picked":["DesperateStruggle","DarkCloud","RepressedFlesh","StructuralAnalysis"],"picked":"SKIP","floor":12.0},{"not_picked":["Parry","SinglePointStab","DarkCloud","BurningFlash"],"picked":"SKIP","floor":13.0},{"not_picked":["Parry","SinglePointStab","DarkCloud","BurningFlash"],"picked":"SKIP","floor":13.0},{"not_picked":["Rewind","EnergyShield","EnergyCycle","ElectricShock"],"picked":"SKIP","floor":14.0},{"not_picked":["Observe","UnforgettableMelody"],"picked":"SenseQuarry","floor":16.0},{"not_picked":["SharpenedBlade","EnergyShield","Wallop_lor"],"picked":"UnavoidableGaze","floor":18.0},{"not_picked":["ViolentFlame","Endure+1","ButterflySlash","TimeForALittleTest"],"picked":"SKIP","floor":20.0},{"not_picked":["CleanUp","ReadyUp","FlowOfTheSword","ProselytesBlade"],"picked":"SKIP","floor":21.0},{"not_picked":["Thrust+1","Parry","ForcefulGesture","FlamingDragonFist"],"picked":"SKIP","floor":23.0},{"not_picked":["InnerArdor","SkyClearingCut+1","EnergyCycle"],"picked":"Faith","floor":27.0},{"not_picked":["Thrust+1","Execute_lor+1","Wallop_lor","FleetEdge"],"picked":"SKIP","floor":28.0},{"not_picked":["Wallop_lor","WillOfThePrescript","Rewind"],"picked":"Faith+1","floor":29.0},{"not_picked":["SinglePointStab","PuppetBlockade","EnergyShield"],"picked":"FrontalAssault","floor":30.0},{"not_picked":["EnergyShield","ForTheFamily","SinglePointStab"],"picked":"Faith","floor":35.0},{"not_picked":["SharpenedBlade","HandleRequest+1","Rewind+1","EnergyShield"],"picked":"SKIP","floor":36.0},{"not_picked":["SturdyDefense+1","DesperateStruggle+1","Parry","DarkCloud+1"],"picked":"SKIP","floor":38.0},{"not_picked":["FlamingDragonFist","ToOvercomeCrisis+1","InkOver","FrontalAssault+1"],"picked":"SKIP","floor":39.0},{"not_picked":["Preparation","FleetEdge+1","WillOfThePrescript+1","Struggle"],"picked":"SKIP","floor":40.0},{"not_picked":["FlowOfTheSword","Commandeering","DarkCloud","DriedUp"],"picked":"SKIP","floor":42.0},{"not_picked":["FieryWaltz+1","Thrust+1","YoureAHindrance","SunsetBlade"],"picked":"SKIP","floor":46.0},{"not_picked":["UnavoidableGaze+1","AutomatedMovement","ScatteringSlash","FleetEdge+1"],"picked":"SKIP","floor":47.0},{"not_picked":["Leap_lor+1","Execute_lor+1","InhaleSmoke+1","FlyingSword+1"],"picked":"SKIP","floor":48.0},{"not_picked":["Eject+1","Wallop_lor","FlowOfTheSword","Rewind"],"picked":"SKIP","floor":55}],"player_experience":74054,"relics_obtained":[{"floor":6.0,"key":"DemoMod:MeltedRock"},{"floor":10.0,"key":"GodSword6"},{"floor":12.0,"key":"Anchor"},{"floor":23.0,"key":"testmod-AssaultLearning"},{"floor":26.0,"key":"DemoMod:LamentConfigurum"},{"floor":27.0,"key":"testmod-IndustrialRevolution"},{"floor":37.0,"key":"DemoMod:WhiteGuonStone"},{"floor":40.0,"key":"ZombieArmy"},{"floor":41.0,"key":"Pen Nib"},{"floor":42.0,"key":"PageOfUniverseFragment"},{"floor":43.0,"key":"testmod-OneHitWonder"},{"floor":48.0,"key":"LastBattle"},{"floor":55,"key":"PageOfTheQueenOfHatred"}],"event_choices":[{"damage_healed":0.0,"max_hp_gain":0.0,"max_hp_loss":7.0,"gold_gain":0.0,"event_name":"Golden Idol","player_choice":"Lose Max HP","floor":2.0,"gold_loss":0.0,"damage_taken":0.0,"relics_obtained":["Golden Idol"]},{"damage_healed":0.0,"max_hp_gain":0.0,"max_hp_loss":0.0,"gold_gain":75.0,"event_name":"World of Goop","player_choice":"Gather Gold","floor":3.0,"gold_loss":0.0,"damage_taken":11.0},{"damage_healed":0.0,"max_hp_gain":5.0,"max_hp_loss":0.0,"gold_gain":0.0,"event_name":"Big Fish","player_choice":"Donut","floor":4.0,"gold_loss":0.0,"damage_taken":0.0},{"damage_healed":0.0,"max_hp_gain":0.0,"max_hp_loss":0.0,"gold_gain":0.0,"cards_transformed":["LightDefense"],"event_name":"Living Wall","player_choice":"Change","floor":5.0,"gold_loss":0.0,"damage_taken":0.0,"cards_obtained":["EnergyConversion"]},{"damage_healed":0.0,"max_hp_gain":0.0,"max_hp_loss":0.0,"gold_gain":0.0,"event_name":"Match and Keep!","player_choice":"0 cards matched","floor":11.0,"gold_loss":0.0,"damage_taken":0.0,"cards_obtained":[]},{"damage_healed":0.0,"max_hp_gain":0.0,"max_hp_loss":0.0,"gold_gain":0.0,"event_name":"Ghosts","player_choice":"Ignored","floor":22.0,"gold_loss":0.0,"damage_taken":0.0},{"damage_healed":0.0,"max_hp_gain":0.0,"max_hp_loss":0.0,"gold_gain":0.0,"event_name":"Forgotten Altar","player_choice":"Gave Idol","floor":24.0,"relics_lost":["Golden Idol"],"gold_loss":0.0,"damage_taken":0.0,"relics_obtained":["Bloody Idol"]},{"damage_healed":0.0,"max_hp_gain":0.0,"max_hp_loss":0.0,"gold_gain":0.0,"event_name":"MindBloom","player_choice":"Upgrade","floor":44.0,"gold_loss":0.0,"damage_taken":0.0,"cards_upgraded":["Dodge","UpstandingSlash","Spear_LOR","LevelSlash","LightDefense","Charge","EnergyConversion","WillOfThePrescript","SenseQuarry","FrontalAssault","Faith"],"relics_obtained":["Mark of the Bloom"]}],"is_beta":false,"boss_relics":[{"not_picked":["testmod-NegativeEmotionEnhancer","testmod-BloodSacrificeSpiritualization"],"picked":"testmod-CardMagician"},{"not_picked":["Astrolabe","testmod-StringDisintegrator"],"picked":"Runic Pyramid"}],"items_purged_floors":[19,31,45],"is_endless":false,"potions_floor_spawned":[6,7,8,10,13,16,18,20,21,29,33,38,40,42,48,55],"ascension_level":4}}