{"host":"qy1e0kd24tpj3i2m","time":1610578007,"event":{"mods":["Act Like it!","Alarm Clock","BaseMod","Better Skull","Better Vampires","Colored Map","Colored Powertips","Custom Start","Faster Ascension Climbing","Friendly Minions","GifTheSpireLib","Gremlin Skip","Highlight Path","Minty Spire (QoL Compilation)","Permanent Neow","Poor People Problems","Quick Restart","Red Circlet Mod","Relic Sorter","Reorder Act Four","SacredBarkPlus","Shop Mod","StSLib","SuperFastMode","Transform Curses","没有小屋子和绿帽子啦"],"gold_per_floor":[110,110,124,124,138,138,155,155,155,182,182,182,196,10,10,83,83,96,96,110,26,44,44,44,44,44,44,44,63,79,91,91,165,165,178,139,139,139,191,191,206,217,292,304,304,304],"floor_reached":45,"language":"ZHS","playtime":2237,"items_purged":["Regret"],"score":835,"play_id":"8d20a321-0363-48da-9ef8-b5d0c9b59c29","local_time":"20210114074647","daily_mods":["Heirloom"],"is_ascension_mode":true,"campfire_choices":[{"data":"Power Through","floor":6.0,"key":"SMITH"},{"data":"Impervious","floor":8.0,"key":"SMITH"},{"data":"Rage","floor":15.0,"key":"SMITH"},{"data":"True Grit","floor":23.0,"key":"SMITH"},{"data":"Rage","floor":25.0,"key":"SMITH"},{"data":"Wild Strike","floor":28.0,"key":"SMITH"},{"data":"Pommel Strike","floor":32.0,"key":"SMITH"},{"data":"Thunderclap","floor":40.0,"key":"SMITH"}],"circlet_count":0,"master_deck":["AscendersBane","Strike_R","Strike_R","Strike_R","Strike_R","Defend_R","Defend_R","Defend_R","Defend_R","Power Through+1","Pommel Strike+1","Impervious+1","Wild Strike+1","Thunderclap+1","Rage+1","Demon Form+1","True Grit+1","Feel No Pain+1","Headbutt+1","Rage+1","Twin Strike+1","Body Slam+1","Dark Embrace+1","Evolve+1","Feed+1","Thunderclap+1","Whirlwind+1","Swift Strike+1","Swift Strike+1","Sword Boomerang+1","True Grit+1"],"relics":["Burning Blood","Thread and Needle","Kunai","Bag of Preparation","Odd Mushroom","Frozen Egg 2","Molten Egg 2","Sozu","FaceOfCleric","Singing Bowl","Coffee Dripper","Dead Branch"],"acts_visited":["Exordium","TheCity","TheBeyond"],"potions_floor_usage":[],"damage_taken":[{"damage":0.0,"enemies":"2 Louse","floor":1.0,"turns":2.0},{"damage":0.0,"enemies":"Small Slimes","floor":3.0,"turns":4.0},{"damage":0.0,"enemies":"Cultist","floor":5.0,"turns":3.0},{"damage":0.0,"enemies":"Exordium Thugs","floor":7.0,"turns":7.0},{"damage":23.0,"enemies":"The Mushroom Lair","floor":10.0,"turns":5.0},{"damage":3.0,"enemies":"Large Slime","floor":13.0,"turns":4.0},{"damage":24.0,"enemies":"The Guardian","floor":16.0,"turns":12.0},{"damage":8.0,"enemies":"Shell Parasite","floor":18.0,"turns":7.0},{"damage":19.0,"enemies":"Chosen","floor":20.0,"turns":5.0},{"damage":1.0,"enemies":"Centurion and Healer","floor":22.0,"turns":7.0},{"damage":14.0,"enemies":"Snecko","floor":29.0,"turns":5.0},{"damage":0.0,"enemies":"3 Cultists","floor":30.0,"turns":6.0},{"damage":5.0,"enemies":"Snake Plant","floor":31.0,"turns":5.0},{"damage":7.0,"enemies":"Champ","floor":33.0,"turns":9.0},{"damage":0.0,"enemies":"Orb Walker","floor":35.0,"turns":4.0},{"damage":40.0,"enemies":"2 Orb Walkers","floor":39.0,"turns":6.0},{"damage":0.0,"enemies":"3 Darklings","floor":41.0,"turns":2.0},{"damage":0.0,"enemies":"Jaw Worm Horde","floor":42.0,"turns":4.0},{"damage":15.0,"enemies":"Spire Growth","floor":44.0,"turns":6.0},{"damage":26,"enemies":"Reptomancer","floor":45,"turns":4}],"seed_played":"4954932749614871030","potions_obtained":[{"floor":1.0,"key":"EntropicBrew"},{"floor":10.0,"key":"AttackPotion"}],"is_trial":true,"path_per_floor":["M","?","M","?","M","R","M","R","T","?","?","T","M","$","R","B",null,"M","?","M","$","M","R","?","R","T","$","R","M","M","M","R","B",null,"M","$","?","$","?","R","M","M","T","M","E"],"character_chosen":"IRONCLAD","items_purchased":["CultistPotion","Feel No Pain+1","Whirlwind+1"],"campfire_rested":0,"item_purchase_floors":[14,21,36],"current_hp_per_floor":[74,48,54,54,60,60,66,66,66,49,49,49,52,52,52,34,65,63,63,51,51,57,57,57,57,57,57,57,50,57,59,59,59,76,82,82,74,74,41,41,50,63,63,55,29,29],"gold":304,"neow_bonus":"","is_daily":false,"chose_seed":false,"campfire_upgraded":8,"win_rate":0.0,"timestamp":1610578007,"path_taken":["M","?","M","?","M","R","M","R","T","?","?","?","M","$","R","BOSS","M","?","M","?","M","R","?","R","T","?","R","?","M","M","R","BOSS","M","$","?","?","?","R","M","M","T","M","E"],"items_purchased_type":["Potion","Card","Card"],"build_version":"2020-12-22","purchased_purges":1,"victory":false,"max_hp_per_floor":[75,75,75,75,75,75,75,75,75,75,75,75,75,75,75,75,75,75,75,76,76,77,77,77,77,77,77,77,78,79,80,80,81,81,82,82,84,84,85,85,88,95,95,96,96,96],"card_choices":[{"not_picked":["Heavy Blade","Sentinel"],"picked":"Power Through","floor":1.0},{"not_picked":["Cleave","Iron Wave"],"picked":"Pommel Strike","floor":3.0},{"not_picked":["Sentinel","Inflame"],"picked":"Impervious","floor":5.0},{"not_picked":["Armaments","Twin Strike"],"picked":"Wild Strike","floor":7.0},{"not_picked":["Iron Wave","Warcry"],"picked":"Thunderclap","floor":10.0},{"not_picked":["Wild Strike+1","Armaments"],"picked":"Rage","floor":13.0},{"not_picked":["Corruption+1","Berserk+1"],"picked":"Demon Form+1","floor":16.0},{"not_picked":["Clothesline+1","Combust+1","Spot Weakness"],"picked":"SKIP","floor":18.0},{"not_picked":["Clothesline+1","Combust+1","Spot Weakness"],"picked":"SKIP","floor":18.0},{"not_picked":["Infernal Blade","Warcry"],"picked":"True Grit","floor":20.0},{"not_picked":["Rampage+1","Dropkick+1"],"picked":"Headbutt+1","floor":22.0},{"not_picked":["Thunderclap+1","Iron Wave+1"],"picked":"Body Slam+1","floor":29.0},{"not_picked":["Havoc+1","Rupture+1"],"picked":"Dark Embrace+1","floor":30.0},{"not_picked":["Warcry","Headbutt+1"],"picked":"Evolve+1","floor":31.0},{"not_picked":["Exhume","Bludgeon+1"],"picked":"Feed+1","floor":33.0},{"not_picked":["Pommel Strike+1","Warcry"],"picked":"Thunderclap+1","floor":35.0},{"not_picked":["Blind","Finesse","Thinking Ahead"],"picked":"Singing Bowl","floor":37.0},{"not_picked":["Madness","Trip"],"picked":"Swift Strike+1","floor":37.0},{"not_picked":["Good Instincts","Enlightenment"],"picked":"Swift Strike+1","floor":37.0},{"not_picked":["Carnage+1","Armaments"],"picked":"Sword Boomerang+1","floor":39.0},{"not_picked":["Heavy Blade+1","Clash+1","Second Wind"],"picked":"Singing Bowl","floor":41.0},{"not_picked":["Armaments+1","Headbutt+1","Bludgeon+1"],"picked":"Singing Bowl","floor":42.0},{"not_picked":["Headbutt+1","Intimidate+1"],"picked":"True Grit+1","floor":44.0}],"player_experience":916110,"relics_obtained":[{"floor":9.0,"key":"Bag of Preparation"},{"floor":10.0,"key":"Odd Mushroom"},{"floor":12.0,"key":"Molten Egg 2"},{"floor":26.0,"key":"Singing Bowl"},{"floor":39.0,"key":"Dead Branch"}],"event_choices":[{"damage_healed":0.0,"max_hp_gain":0.0,"max_hp_loss":0.0,"gold_gain":0.0,"event_name":"Scrap Ooze","player_choice":"Success","floor":2.0,"gold_loss":0.0,"damage_taken":26.0,"relics_obtained":["Kunai"]},{"damage_healed":0.0,"max_hp_gain":0.0,"max_hp_loss":0.0,"gold_gain":0.0,"event_name":"Liars Game","player_choice":"Ignored","floor":4.0,"gold_loss":0.0,"damage_taken":0.0},{"damage_healed":0.0,"max_hp_gain":0.0,"max_hp_loss":0.0,"gold_gain":0.0,"event_name":"Mushrooms","player_choice":"Fought Mushrooms","floor":10.0,"gold_loss":0.0,"damage_taken":0.0},{"damage_healed":0.0,"max_hp_gain":0.0,"max_hp_loss":0.0,"gold_gain":0.0,"event_name":"Big Fish","player_choice":"Box","floor":11.0,"gold_loss":0.0,"damage_taken":0.0,"relics_obtained":["Frozen Egg 2"],"cards_obtained":["Regret"]},{"damage_healed":0.0,"max_hp_gain":0.0,"max_hp_loss":0.0,"gold_gain":0.0,"event_name":"FaceTrader","player_choice":"Trade","floor":19.0,"gold_loss":0.0,"damage_taken":0.0,"relics_obtained":["FaceOfCleric"]},{"damage_healed":0.0,"max_hp_gain":0.0,"max_hp_loss":0.0,"gold_gain":0.0,"cards_transformed":["Bash","Strike_R"],"event_name":"Drug Dealer","player_choice":"Became Test Subject","floor":24.0,"gold_loss":0.0,"damage_taken":0.0,"cards_obtained":["Rage","Twin Strike"]},{"damage_healed":0.0,"max_hp_gain":0.0,"max_hp_loss":0.0,"gold_gain":0.0,"event_name":"SensoryStone","player_choice":"Memory 3","floor":37.0,"gold_loss":0.0,"damage_taken":10.0},{"damage_healed":0.0,"max_hp_gain":0.0,"max_hp_loss":0.0,"gold_gain":0.0,"event_name":"Mysterious Sphere","player_choice":"Fight","floor":39.0,"gold_loss":0.0,"damage_taken":0.0}],"is_beta":false,"boss_relics":[{"not_picked":["Calling Bell","Snecko Eye"],"picked":"Sozu"},{"not_picked":["Empty Cage","Cursed Key"],"picked":"Coffee Dripper"}],"items_purged_floors":[14],"is_endless":false,"potions_floor_spawned":[1,10,29,30,35,41,42],"killed_by":"Reptomancer","ascension_level":20}}