{"host":"2se5dq1do2gp0x9k","time":1610516832,"event":{"mods":["AchievementEnabler","BaseMod","Block Reminder","Colored Map","Colored Powertips","Minty Spire (QoL Compilation)","Relic Stats","StSLib","SuperFastMode"],"gold_per_floor":[117,167,179,197,20,20,45,45,45,79,79,79,110,124,124,233,233,279,279,313,40,40,68,68,68,68,68,95,111,121,136,136,215,215,227,247,247,111,127,127,158,173,173,173,30,30,47,97,97,97,97,97,12,37,37,37],"floor_reached":55,"language":"ENG","playtime":2420,"items_purged":["Strike_P","Strike_P","Decay"],"score":1671,"play_id":"a59355bf-166e-401f-a53c-107cc0d0af2a","local_time":"20210112214712","is_ascension_mode":true,"campfire_choices":[{"data":"BattleHymn","floor":6.0,"key":"SMITH"},{"data":"CrushJoints","floor":8.0,"key":"SMITH"},{"data":"MasterReality","floor":12.0,"key":"SMITH"},{"data":"SandsOfTime","floor":15.0,"key":"SMITH"},{"floor":25.0,"key":"REST"},{"data":"Wallop","floor":27.0,"key":"SMITH"},{"floor":32.0,"key":"REST"},{"data":"Eruption","floor":40.0,"key":"SMITH"},{"floor":49,"key":"RECALL"},{"data":"Devotion","floor":52,"key":"SMITH"}],"circlet_count":0,"master_deck":["AscendersBane","Strike_P","Defend_P","Defend_P","Defend_P","Defend_P","Eruption+1","Vigilance","SandsOfTime+1","BattleHymn+1","CrushJoints+1","Indignation+1","Wish+1","Crescendo+1","Devotion+1","CurseOfTheBell","ThirdEye+1","Wallop+1","Protect+1","Halt+1","Prostrate+1","Halt+1","Prostrate+1","Brilliance","Consecrate+1","Establishment+1","ThirdEye+1","Prostrate+1","TalkToTheHand+1"],"relics":["PureWater","NeowsBlessing","Toxic Egg 2","Sundial","Akabeko","Damaru","Toy Ornithopter","Calling Bell","Strawberry","Letter Opener","CaptainsWheel","Enchiridion","Red Mask","Membership Card","Gremlin Horn","Thread and Needle","Anchor","SlaversCollar","Toolbox","Pear","ClockworkSouvenir","Pocketwatch"],"acts_visited":["Exordium","TheCity","TheBeyond","TheEnding"],"potions_floor_usage":[50,50,55],"damage_taken":[{"damage":0.0,"enemies":"Small Slimes","floor":1.0,"turns":1.0},{"damage":0.0,"enemies":"Cultist","floor":3.0,"turns":1.0},{"damage":0.0,"enemies":"Jaw Worm","floor":4.0,"turns":1.0},{"damage":10.0,"enemies":"3 Sentries","floor":7.0,"turns":4.0},{"damage":0.0,"enemies":"Lagavulin","floor":10.0,"turns":4.0},{"damage":17.0,"enemies":"3 Sentries","floor":13.0,"turns":5.0},{"damage":5.0,"enemies":"3 Louse","floor":14.0,"turns":3.0},{"damage":0.0,"enemies":"Slime Boss","floor":16.0,"turns":5.0},{"damage":30.0,"enemies":"Shell Parasite","floor":18.0,"turns":4.0},{"damage":0.0,"enemies":"Masked Bandits","floor":20.0,"turns":2.0},{"damage":9.0,"enemies":"Book of Stabbing","floor":23.0,"turns":4.0},{"damage":0.0,"enemies":"Gremlin Leader","floor":28.0,"turns":5.0},{"damage":0.0,"enemies":"Spheric Guardian","floor":29.0,"turns":4.0},{"damage":0.0,"enemies":"Cultist and Chosen","floor":30.0,"turns":5.0},{"damage":0.0,"enemies":"Shelled Parasite and Fungi","floor":31.0,"turns":5.0},{"damage":0.0,"enemies":"Champ","floor":33.0,"turns":5.0},{"damage":0.0,"enemies":"Orb Walker","floor":35.0,"turns":3.0},{"damage":4.0,"enemies":"3 Shapes","floor":36.0,"turns":3.0},{"damage":29.0,"enemies":"Transient","floor":39.0,"turns":6.0},{"damage":0.0,"enemies":"Nemesis","floor":41.0,"turns":3.0},{"damage":0.0,"enemies":"Writhing Mass","floor":42.0,"turns":4.0},{"damage":25.0,"enemies":"Spire Growth","floor":47.0,"turns":3.0},{"damage":0.0,"enemies":"Transient","floor":48.0,"turns":6.0},{"damage":6,"enemies":"Awakened One","floor":50,"turns":11},{"damage":23,"enemies":"Shield and Spear","floor":54,"turns":5},{"damage":57,"enemies":"The Heart","floor":55,"turns":6}],"seed_played":"2231029254534136815","potions_obtained":[{"floor":1.0,"key":"Strength Potion"},{"floor":3.0,"key":"Swift Potion"},{"floor":4.0,"key":"ColorlessPotion"},{"floor":7.0,"key":"EntropicBrew"},{"floor":16.0,"key":"EntropicBrew"},{"floor":23.0,"key":"SpeedPotion"},{"floor":28.0,"key":"BottledMiracle"},{"floor":30.0,"key":"FearPotion"},{"floor":41.0,"key":"Dexterity Potion"},{"floor":48.0,"key":"Weak Potion"},{"floor":54,"key":"Block Potion"}],"is_trial":false,"path_per_floor":["M","?","M","M","$","R","E","R","T","E","?","R","E","M","R","B",null,"M","?","?","$","?","E","?","R","T","R","E","M","M","M","R","B",null,"M","M","?","$","M","R","E","M","T","?","$","?","M","M","R","B",null,"R","$","E","B"],"character_chosen":"WATCHER","items_purchased":["MasterReality","Membership Card","Wallop","Protect+1","Toolbox","Establishment","ClockworkSouvenir"],"campfire_rested":2,"item_purchase_floors":[5,21,21,21,38,45,53],"current_hp_per_floor":[61,55,55,55,55,55,45,45,45,45,34,34,17,12,12,12,61,31,10,30,30,30,21,21,43,43,43,43,43,43,43,65,65,73,73,69,69,69,40,40,55,60,60,60,60,60,35,35,35,39,74,74,74,51,0,0],"gold":37,"neow_bonus":"THREE_ENEMY_KILL","is_daily":false,"chose_seed":false,"campfire_upgraded":7,"win_rate":0.0,"timestamp":1610516832,"path_taken":["M","?","M","?","?","R","E","R","T","E","?","R","E","M","R","BOSS","M","?","?","$","?","E","?","R","T","R","E","?","M","?","R","BOSS","M","M","?","$","?","R","E","M","T","?","$","?","M","M","R","BOSS","R","$","E","BOSS"],"items_purchased_type":["Card","Relic","Card","Card","Relic","Card","Relic"],"build_version":"2020-12-22","purchased_purges":3,"victory":false,"max_hp_per_floor":[68,68,68,68,68,68,68,68,68,68,68,68,68,68,68,68,75,75,75,75,75,75,75,75,75,75,75,75,75,75,75,75,75,75,75,75,75,75,75,75,85,85,85,85,85,85,85,85,85,85,85,85,85,85,85,85],"relic_stats":{"Gremlin Horn":[13,13],"counters":[26,108],"Sundial":[8],"Letter Opener":[116],"obtain_stats":[{"Pear":41,"NeowsBlessing":0,"Gremlin Horn":23,"Damaru":11,"Enchiridion":19,"Thread and Needle":26,"Letter Opener":17,"Akabeko":10,"ClockworkSouvenir":53,"Calling Bell":17,"SlaversCollar":34,"CaptainsWheel":17,"Anchor":28,"Sundial":9,"Strawberry":17,"Toolbox":38,"Red Mask":20,"Membership Card":21,"PureWater":0,"Toxic Egg 2":7,"Toy Ornithopter":13,"Pocketwatch":54},{"Pear":20,"NeowsBlessing":0,"Gremlin Horn":11,"Damaru":5,"Enchiridion":9,"Thread and Needle":11,"Letter Opener":8,"Akabeko":5,"ClockworkSouvenir":24,"Calling Bell":8,"SlaversCollar":16,"CaptainsWheel":8,"Anchor":12,"Sundial":4,"Strawberry":8,"Toolbox":18,"Red Mask":10,"Membership Card":10,"PureWater":0,"Toxic Egg 2":4,"Toy Ornithopter":6,"Pocketwatch":25},{"Pear":73,"NeowsBlessing":0,"Gremlin Horn":34,"Damaru":11,"Enchiridion":28,"Thread and Needle":34,"Letter Opener":24,"Akabeko":11,"ClockworkSouvenir":97,"Calling Bell":24,"SlaversCollar":58,"CaptainsWheel":24,"Anchor":39,"Sundial":7,"Strawberry":24,"Toolbox":64,"Red Mask":30,"Membership Card":30,"PureWater":0,"Toxic Egg 2":7,"Toy Ornithopter":16,"Pocketwatch":102}],"Toy Ornithopter":45,"Pocketwatch":[1]},"card_choices":[{"not_picked":["EmptyMind","Perseverance"],"picked":"SandsOfTime","floor":1.0},{"not_picked":["PathToVictory","ThirdEye"],"picked":"BattleHymn","floor":3.0},{"not_picked":["ClearTheMind","Prostrate"],"picked":"CrushJoints","floor":4.0},{"not_picked":["WaveOfTheHand+1","PathToVictory+1"],"picked":"Indignation+1","floor":7.0},{"not_picked":["SashWhip","FollowUp"],"picked":"Wish+1","floor":10.0},{"not_picked":["ThirdEye+1","FollowUp"],"picked":"Crescendo+1","floor":13.0},{"not_picked":["CrushJoints","Fasting2","Crescendo+1"],"picked":"SKIP","floor":14.0},{"not_picked":["Omniscience+1","Ragnarok"],"picked":"Devotion","floor":16.0},{"not_picked":["Consecrate","Sanctity+1"],"picked":"ThirdEye+1","floor":18.0},{"not_picked":["Wireheading","FlyingSleeves"],"picked":"Halt+1","floor":23.0},{"not_picked":["Fasting2","ForeignInfluence+1"],"picked":"Prostrate+1","floor":28.0},{"not_picked":["FearNoEvil","Indignation+1"],"picked":"Halt+1","floor":29.0},{"not_picked":["CrushJoints","FlurryOfBlows","BattleHymn"],"picked":"SKIP","floor":30.0},{"not_picked":["EmptyFist","FearNoEvil"],"picked":"Prostrate+1","floor":31.0},{"not_picked":["Blasphemy+1","DevaForm"],"picked":"Brilliance","floor":33.0},{"not_picked":["SashWhip","FlurryOfBlows"],"picked":"Consecrate+1","floor":35.0},{"not_picked":["Worship+1","FollowUp","Vengeance+1"],"picked":"SKIP","floor":36.0},{"not_picked":["PathToVictory+1","Protect+1","FlurryOfBlows"],"picked":"SKIP","floor":39.0},{"not_picked":["Worship+1","EmptyFist","Indignation+1"],"picked":"SKIP","floor":41.0},{"not_picked":["SashWhip","EmptyBody+1","CutThroughFate"],"picked":"SKIP","floor":42.0},{"not_picked":["Pray+1","Devotion"],"picked":"ThirdEye+1","floor":47.0},{"not_picked":["BowlingBash","Pray+1"],"picked":"Prostrate+1","floor":48.0},{"not_picked":["BowlingBash","JustLucky+1"],"picked":"TalkToTheHand+1","floor":54}],"player_experience":3852222,"relics_obtained":[{"floor":7.0,"key":"Toxic Egg 2"},{"floor":9.0,"key":"Sundial"},{"floor":10.0,"key":"Akabeko"},{"floor":13.0,"key":"Toy Ornithopter"},{"floor":17.0,"key":"Strawberry"},{"floor":17.0,"key":"Letter Opener"},{"floor":17.0,"key":"CaptainsWheel"},{"floor":19.0,"key":"Enchiridion"},{"floor":20.0,"key":"Red Mask"},{"floor":23.0,"key":"Gremlin Horn"},{"floor":26.0,"key":"Thread and Needle"},{"floor":28.0,"key":"Anchor"},{"floor":41.0,"key":"Pear"},{"floor":54,"key":"Pocketwatch"}],"event_choices":[{"damage_healed":0.0,"max_hp_gain":0.0,"max_hp_loss":0.0,"gold_gain":50.0,"event_name":"FaceTrader","player_choice":"Touch","floor":2.0,"gold_loss":0.0,"damage_taken":6.0},{"damage_healed":0.0,"max_hp_gain":0.0,"max_hp_loss":0.0,"gold_gain":0.0,"event_name":"Scrap Ooze","player_choice":"Success","floor":11.0,"gold_loss":0.0,"damage_taken":11.0,"relics_obtained":["Damaru"]},{"damage_healed":0.0,"max_hp_gain":0.0,"max_hp_loss":0.0,"gold_gain":0.0,"event_name":"Cursed Tome","player_choice":"Obtained Book","floor":19.0,"gold_loss":0.0,"damage_taken":21.0},{"damage_healed":0.0,"max_hp_gain":0.0,"max_hp_loss":0.0,"gold_gain":0.0,"event_name":"Masked Bandits","player_choice":"Fought Bandits","floor":20.0,"gold_loss":0.0,"damage_taken":0.0},{"damage_healed":0.0,"max_hp_gain":0.0,"max_hp_loss":0.0,"gold_gain":0.0,"event_name":"Forgotten Altar","player_choice":"Smashed Altar","floor":22.0,"gold_loss":0.0,"damage_taken":0.0,"cards_obtained":["Decay"]},{"damage_healed":0.0,"max_hp_gain":0.0,"max_hp_loss":0.0,"gold_gain":0.0,"event_name":"Vampires","player_choice":"Ignored","floor":24.0,"gold_loss":0.0,"damage_taken":0.0},{"cards_removed":["Strike_P"],"damage_healed":0.0,"max_hp_gain":0.0,"max_hp_loss":0.0,"gold_gain":0.0,"event_name":"Purifier","player_choice":"Purged","floor":37.0,"gold_loss":0.0,"damage_taken":0.0},{"cards_removed":["MasterReality"],"damage_healed":0.0,"max_hp_gain":0.0,"max_hp_loss":0.0,"gold_gain":0.0,"event_name":"Falling","player_choice":"Removed Power","floor":44.0,"gold_loss":0.0,"damage_taken":0.0},{"damage_healed":0.0,"max_hp_gain":0.0,"max_hp_loss":0.0,"gold_gain":0.0,"event_name":"Upgrade Shrine","player_choice":"Upgraded","floor":46.0,"gold_loss":0.0,"damage_taken":0.0,"cards_upgraded":["Establishment"]}],"is_beta":false,"boss_relics":[{"not_picked":["SacredBark","VioletLotus"],"picked":"Calling Bell"},{"not_picked":["Busted Crown","Sozu"],"picked":"SlaversCollar"}],"items_purged_floors":[21,38,45],"is_endless":false,"potions_floor_spawned":[1,3,4,7,16,23,28,30,36,41,48,54],"killed_by":"The Heart","ascension_level":17}}