{"host":"4a0aa7b2d8dxohwr","time":1610539868,"event":{"mods":["ATMod(∞¢Ë™Mod)","Act Like it!","BaseMod","Dota2Spire","GifTheSpireLib","Lobotomy","LobotomyExtend","Marisa£®ÏF”Í°°ƒß¿Ì…≥£©","Minty Spire (QoL Compilation)","Reimu£®≤©¿ˆ¡È√Œ£©","Remilia£®¿Ÿ√◊¿Ú—«£©","Shop Mod","StSLib","The Servant 0.9.4","Youmu£®ªÍ∆«—˝√Œ£©"],"gold_per_floor":[113,113,130,146,158,158,158,158],"floor_reached":7,"language":"ZHS","playtime":334,"items_purged":[],"score":80,"play_id":"b7b22718-3aa9-4b2f-a808-e4e227f549dc","local_time":"20210113201108","is_ascension_mode":true,"campfire_choices":[{"data":"ScarletImprint","floor":6.0,"key":"SMITH"}],"circlet_count":0,"master_deck":["AscendersBane","Strike_RM","Strike_RM","Strike_RM","Strike_RM","Defend_RM","Defend_RM","Defend_RM","Defend_RM","RedMoon","ScarletShoot","AT_KingSlayer","MillenniumVampire","ScarletImprint+1","StarOfDavid","FairyFestival"],"relics":["ScarletHat","AT_ATBox","CogitoBucket","LetterFromLob","Lantern"],"acts_visited":["Exordium"],"potions_floor_usage":[7],"damage_taken":[{"damage":0.0,"enemies":"Jaw Worm","floor":1.0,"turns":3.0},{"damage":0.0,"enemies":"2 Louse","floor":3.0,"turns":3.0},{"damage":0.0,"enemies":"Cultist","floor":4.0,"turns":5.0},{"damage":9.0,"enemies":"Large Slime","floor":5.0,"turns":7.0},{"damage":15,"enemies":"Gremlin Nob","floor":7,"turns":5}],"seed_played":"8759378660978929141","potions_obtained":[{"floor":3.0,"key":"Dexterity Potion"},{"floor":4.0,"key":"FearPotion"}],"is_trial":false,"path_per_floor":["M","?","M","M","M","R","E"],"character_chosen":"REMILIA","items_purchased":[],"campfire_rested":0,"item_purchase_floors":[],"current_hp_per_floor":[63,37,39,39,32,32,28,28],"gold":158,"neow_bonus":"","is_daily":false,"chose_seed":false,"campfire_upgraded":1,"win_rate":0.0,"timestamp":1610539868,"path_taken":["M","?","M","M","M","R","E"],"items_purchased_type":[],"build_version":"2020-12-22","purchased_purges":0,"victory":false,"max_hp_per_floor":[70,70,70,70,70,70,70,70],"card_choices":[{"not_picked":["BloodyTrap","TwelveNightmare"],"picked":"MillenniumVampire","floor":1.0},{"not_picked":["UnstableMagic","ScarletDevil"],"picked":"ScarletImprint","floor":3.0},{"not_picked":["ScarletImprint","UnderTheZenith"],"picked":"StarOfDavid","floor":4.0},{"not_picked":["Yin","CrumblingArmor"],"picked":"FairyFestival","floor":5.0},{"not_picked":["TwelveNightmare","ScarletDevil","BlasphemousPunishment"],"picked":"SKIP","floor":5.0}],"player_experience":446579,"relics_obtained":[{"floor":1.0,"key":"LetterFromLob"}],"event_choices":[{"damage_healed":0.0,"max_hp_gain":0.0,"max_hp_loss":0.0,"gold_gain":0.0,"event_name":"Scrap Ooze","player_choice":"Success","floor":2.0,"gold_loss":0.0,"damage_taken":26.0,"relics_obtained":["Lantern"]}],"is_beta":false,"boss_relics":[],"items_purged_floors":[],"is_endless":false,"potions_floor_spawned":[3,4],"killed_by":"Gremlin Nob","ascension_level":17}}