{"host":"8tt89ql5f7um4tav","time":1610578734,"event":{"mods":["AchievementEnabler","BaseMod","Colored Map","Googly Eyes","Minty Spire (QoL Compilation)","Permanent Neow","Quick Restart"],"gold_per_floor":[129,155,181,193,221,267,279,291,385,397,439,451,638,374,374,470,470,481,481,238,337,350,350,350],"floor_reached":23,"language":"ENG","playtime":1024,"items_purged":["Doubt","Strike_G"],"score":266,"play_id":"488634e7-a69e-41f7-95cf-4a15a3f8c8a2","local_time":"20210113235854","is_ascension_mode":true,"campfire_choices":[{"floor":7,"key":"REST"},{"floor":10,"key":"REST"},{"data":"Caltrops","floor":12,"key":"SMITH"},{"data":"Catalyst","floor":15,"key":"SMITH"}],"circlet_count":0,"master_deck":["Strike_G","Strike_G","Strike_G","Strike_G","Defend_G","Defend_G","Defend_G","Defend_G","Defend_G","Survivor","Neutralize","Caltrops+1","Slice","Dagger Spray","Deadly Poison","Backflip","Well Laid Plans","Bouncing Flask","Catalyst+1","Burst","Noxious Fumes","Deflect","Slice","Deadly Poison"],"relics":["Ring of the Snake","MawBank","NlothsMask","Ice Cream","Ancient Tea Set","Bird Faced Urn","Membership Card","Sozu","Enchiridion","Bottled Tornado"],"acts_visited":["Exordium","TheCity"],"potions_floor_usage":[16,23,23],"damage_taken":[{"damage":0,"enemies":"Jaw Worm","floor":1,"turns":5},{"damage":2,"enemies":"Cultist","floor":2,"turns":4},{"damage":6,"enemies":"2 Louse","floor":3,"turns":4},{"damage":1,"enemies":"Looter","floor":5,"turns":4},{"damage":34,"enemies":"Lagavulin","floor":6,"turns":11},{"damage":29,"enemies":"Gremlin Nob","floor":11,"turns":4},{"damage":17,"enemies":"The Guardian","floor":16,"turns":7},{"damage":9,"enemies":"3 Byrds","floor":18,"turns":4},{"damage":25,"enemies":"2 Thieves","floor":22,"turns":4},{"damage":28,"enemies":"Gremlin Leader","floor":23,"turns":5}],"seed_played":"6824267584130801239","potions_obtained":[{"floor":1,"key":"LiquidMemories"},{"floor":2,"key":"Fire Potion"},{"floor":3,"key":"DistilledChaos"}],"is_trial":false,"path_per_floor":["M","M","M","?","M","E","R","?","T","R","E","R","?","$","R","B",null,"M","?","$","?","M","E"],"character_chosen":"THE_SILENT","items_purchased":["Membership Card","Well Laid Plans","Bouncing Flask","Catalyst","Noxious Fumes","Bottled Tornado","Deflect","Slice"],"campfire_rested":2,"item_purchase_floors":[14,14,14,14,20,20,20,20],"current_hp_per_floor":[63,61,55,55,54,20,41,34,34,55,26,26,26,26,26,13,56,51,35,35,35,18,0,0],"gold":350,"neow_bonus":"RANDOM_COMMON_RELIC","is_daily":false,"chose_seed":false,"campfire_upgraded":2,"win_rate":0.0,"timestamp":1610578734,"path_taken":["M","M","M","?","?","E","R","?","T","R","E","R","?","$","R","BOSS","M","?","$","?","M","E"],"items_purchased_type":["Relic","Card","Card","Card","Card","Relic","Card","Card"],"build_version":"2020-12-22","purchased_purges":2,"victory":false,"max_hp_per_floor":[70,70,70,70,70,70,70,70,70,70,70,70,70,70,70,70,70,70,70,70,70,70,70,70],"card_choices":[{"not_picked":["Well Laid Plans","Backstab"],"picked":"Caltrops","floor":1},{"not_picked":["Flying Knee","Setup"],"picked":"Slice","floor":2},{"not_picked":["Well Laid Plans","Dagger Throw"],"picked":"Dagger Spray","floor":3},{"not_picked":["Cloak And Dagger","Doppelganger","PiercingWail"],"picked":"SKIP","floor":5},{"not_picked":["Distraction","Deflect"],"picked":"Deadly Poison","floor":6},{"not_picked":["Sucker Punch","Acrobatics"],"picked":"Backflip","floor":11},{"not_picked":["Doppelganger","Storm of Steel"],"picked":"Burst","floor":16},{"not_picked":["Calculated Gamble+1","Dodge and Roll","Reflex+1"],"picked":"SKIP","floor":18},{"not_picked":["Dagger Spray","Concentrate+1"],"picked":"Deadly Poison","floor":22}],"player_experience":943254,"relics_obtained":[{"floor":6,"key":"Ice Cream"},{"floor":11,"key":"Bird Faced Urn"},{"floor":19,"key":"Enchiridion"}],"event_choices":[{"damage_healed":0,"gold_gain":0,"player_choice":"Trade","damage_taken":0,"relics_obtained":["NlothsMask"],"max_hp_gain":0,"max_hp_loss":0,"event_name":"FaceTrader","floor":4,"gold_loss":0},{"damage_healed":0,"gold_gain":0,"player_choice":"Success","damage_taken":7,"relics_obtained":["Ancient Tea Set"],"max_hp_gain":0,"max_hp_loss":0,"event_name":"Scrap Ooze","floor":8,"gold_loss":0},{"damage_healed":0,"gold_gain":175,"player_choice":"AGREE","damage_taken":0,"max_hp_gain":0,"max_hp_loss":0,"event_name":"Liars Game","floor":13,"gold_loss":0,"cards_obtained":["Doubt"]},{"damage_healed":0,"gold_gain":0,"player_choice":"Obtained Book","damage_taken":16,"max_hp_gain":0,"max_hp_loss":0,"event_name":"Cursed Tome","floor":19,"gold_loss":0},{"damage_healed":0,"gold_gain":99,"player_choice":"Stole From Cult","damage_taken":0,"max_hp_gain":0,"max_hp_loss":0,"event_name":"Nest","floor":21,"gold_loss":0}],"is_beta":false,"boss_relics":[{"not_picked":["Busted Crown","Pandora\u0027s Box"],"picked":"Sozu"}],"items_purged_floors":[14,20],"is_endless":false,"potions_floor_spawned":[1,2,3],"killed_by":"Gremlin Leader","ascension_level":7}}