{"host":"5x08nt64u3vxxcfi","time":1610524918,"event":{"mods":["BaseMod","Minty Spire (QoL Compilation)","StSLib","SuperFastMode"],"gold_per_floor":[16,16,30,47,67,99,99,99,122,9,21,21,21],"floor_reached":12,"language":"KOR","playtime":397,"items_purged":[],"score":132,"play_id":"969e473f-3639-477a-8a4d-13cfd360c23f","local_time":"20210113170158","is_ascension_mode":true,"campfire_choices":[{"floor":7,"key":"REST"}],"circlet_count":0,"master_deck":["AscendersBane","Strike_G","Strike_G","Strike_G","Strike_G","Defend_G","Defend_G","Defend_G","Defend_G","Defend_G","Survivor","Neutralize","Secret Technique","Cloak And Dagger","Accuracy","Blur","Well Laid Plans","Slice","Storm of Steel+1","Infinite Blades","Dagger Spray","Leg Sweep"],"relics":["Ring of the Snake","Dream Catcher","Potion Belt"],"acts_visited":["Exordium"],"potions_floor_usage":[6,12,12],"damage_taken":[{"damage":1,"enemies":"Small Slimes","floor":1,"turns":5},{"damage":2,"enemies":"Cultist","floor":3,"turns":5},{"damage":1,"enemies":"Jaw Worm","floor":4,"turns":5},{"damage":12,"enemies":"Gremlin Gang","floor":5,"turns":10},{"damage":42,"enemies":"3 Sentries","floor":6,"turns":14},{"damage":9,"enemies":"2 Fungi Beasts","floor":11,"turns":2},{"damage":29,"enemies":"Gremlin Nob","floor":12,"turns":4}],"seed_played":"8993524091917031687","potions_obtained":[{"floor":1,"key":"LiquidBronze"},{"floor":5,"key":"Energy Potion"},{"floor":11,"key":"EssenceOfSteel"}],"is_trial":false,"path_per_floor":["M","?","M","M","M","E","R","?","T","$","M","E"],"character_chosen":"THE_SILENT","items_purchased":["Infinite Blades","Dagger Spray"],"campfire_rested":1,"item_purchase_floors":[10,10],"current_hp_per_floor":[62,62,60,59,47,5,26,26,26,26,17,0,0],"gold":21,"neow_bonus":"RANDOM_COLORLESS_2","is_daily":false,"chose_seed":false,"campfire_upgraded":0,"win_rate":0.0,"timestamp":1610524918,"path_taken":["M","?","M","M","?","E","R","?","T","?","?","E"],"items_purchased_type":["Card","Card"],"build_version":"2020-12-22","purchased_purges":0,"victory":false,"max_hp_per_floor":[70,70,70,70,70,70,70,70,70,70,70,70,70],"card_choices":[{"not_picked":["Mayhem","Master of Strategy"],"picked":"Secret Technique","floor":0},{"not_picked":["Sucker Punch","Outmaneuver"],"picked":"Cloak And Dagger","floor":1},{"not_picked":["Prepared","Tactician"],"picked":"Accuracy","floor":3},{"not_picked":["Dodge and Roll","Deflect"],"picked":"Blur","floor":4},{"not_picked":["Deflect","Outmaneuver"],"picked":"Well Laid Plans","floor":5},{"not_picked":["Well Laid Plans","Underhanded Strike"],"picked":"Slice","floor":6},{"not_picked":["Eviscerate","Masterful Stab"],"picked":"Storm of Steel","floor":7},{"not_picked":["Underhanded Strike","Flechettes"],"picked":"Leg Sweep","floor":11}],"player_experience":96308,"relics_obtained":[{"floor":6,"key":"Dream Catcher"},{"floor":9,"key":"Potion Belt"}],"event_choices":[{"cards_removed":["Strike_G"],"damage_healed":0,"gold_gain":0,"player_choice":"Offered Basic","damage_taken":0,"max_hp_gain":0,"max_hp_loss":0,"event_name":"Bonfire Elementals","floor":2,"gold_loss":0},{"damage_healed":0,"gold_gain":0,"player_choice":"Grow","damage_taken":0,"max_hp_gain":0,"max_hp_loss":0,"event_name":"Living Wall","floor":8,"gold_loss":0,"cards_upgraded":["Storm of Steel"]}],"is_beta":false,"boss_relics":[],"items_purged_floors":[],"is_endless":false,"potions_floor_spawned":[1,5,11],"killed_by":"Gremlin Nob","ascension_level":13}}