{"host":"4qkvkh7pd9qr2mca","time":1610564846,"event":{"mods":["AchievementEnabler","Act Like it!","BaseMod","Colored Map","Colored Powertips","Highlight Path","Minty Spire (QoL Compilation)","Pale of the Ancients","Permanent Neow","Quick Restart","Relic Stats","StSLib","SuperFastMode"],"gold_per_floor":[117,174,207,207,282,282,339,339,339,147,194,232,273,273,273,350,650,688,90,90,100,115,115,115],"floor_reached":23,"language":"ENG","playtime":1067,"items_purged":["Strike_G","Strike_G"],"score":386,"play_id":"34d1bbf3-ff9f-4358-915c-f0d063b75117","local_time":"20210113200726","is_ascension_mode":true,"campfire_choices":[{"data":"HandOfGreed","floor":6,"key":"SMITH"},{"data":"Envenom","floor":8,"key":"SMITH"},{"data":"Catalyst","floor":15,"key":"SMITH"}],"circlet_count":0,"master_deck":["AscendersBane","Strike_G","Strike_G","Strike_G","Defend_G","Defend_G","Defend_G","Defend_G","Defend_G+1","Survivor","Neutralize","HandOfGreed+1","Dagger Throw","Backflip","Flying Knee","Deflect","Blade Dance","Envenom+1","Leg Sweep+1","Footwork+1","Acrobatics","Catalyst+1","Burst","CurseOfTheBell","Blade Dance","Footwork","Crippling Poison","Pain","Tactician"],"relics":["Ring of the Snake","Pen Nib","Eternal Feather","War Paint","Calling Bell","Ancient Tea Set","Darkstone Periapt","Old Coin","Shovel","WarpedTongs"],"acts_visited":["Exordium","TheCity"],"potions_floor_usage":[7,18,22],"damage_taken":[{"damage":6,"enemies":"Cultist","floor":1,"turns":4},{"damage":0,"enemies":"2 Louse","floor":2,"turns":3},{"damage":1,"enemies":"Jaw Worm","floor":3,"turns":2},{"damage":11,"enemies":"Gremlin Gang","floor":5,"turns":7},{"damage":18,"enemies":"3 Sentries","floor":7,"turns":7},{"damage":1,"enemies":"Blue Slaver","floor":12,"turns":4},{"damage":0,"enemies":"Looter","floor":13,"turns":4},{"damage":22,"enemies":"The Guardian","floor":16,"turns":12},{"damage":36,"enemies":"Spheric Guardian","floor":18,"turns":11},{"damage":13,"enemies":"Shell Parasite","floor":21,"turns":10},{"damage":7,"enemies":"Snake Plant","floor":22,"turns":9},{"damage":24,"enemies":"Gremlin Leader","floor":23,"turns":4}],"seed_played":"6722938168494387182","potions_obtained":[{"floor":5,"key":"CultistPotion"},{"floor":7,"key":"Ancient Potion"},{"floor":12,"key":"FearPotion"},{"floor":16,"key":"Regen Potion"},{"floor":18,"key":"Block Potion"}],"is_trial":false,"path_per_floor":["M","M","M","?","M","R","E","R","T","$","T","M","M","?","R","B",null,"M","$","?","M","M","E"],"character_chosen":"THE_SILENT","items_purchased":["Leg Sweep","Footwork","Shovel","Footwork","Crippling Poison"],"campfire_rested":0,"item_purchase_floors":[10,10,19,19,19],"current_hp_per_floor":[53,53,52,52,41,41,23,23,23,23,23,22,22,22,34,12,48,27,27,33,20,13,0,0],"gold":115,"neow_bonus":"RANDOM_COLORLESS_2","is_daily":false,"chose_seed":false,"campfire_upgraded":3,"win_rate":0.0,"timestamp":1610564846,"path_taken":["M","M","M","?","M","R","E","R","T","$","?","M","M","?","R","BOSS","M","$","?","M","M","E"],"items_purchased_type":["Card","Card","Relic","Card","Card"],"build_version":"2020-12-22","purchased_purges":2,"victory":false,"max_hp_per_floor":[60,60,60,60,60,60,60,60,60,60,60,60,60,60,60,60,60,60,60,66,66,66,66,66],"relic_stats":{"Darkstone Periapt":6,"Shovel":0,"counters":[12,77],"Eternal Feather":12,"Pen Nib":[10],"War Paint":["Leg Sweep","Defend_G"],"obtain_stats":[{"Calling Bell":17,"Darkstone Periapt":17,"Shovel":19,"Eternal Feather":9,"Pen Nib":7,"War Paint":11,"Ancient Tea Set":17,"Ring of the Snake":0,"Old Coin":17,"WarpedTongs":20},{"Calling Bell":8,"Darkstone Periapt":8,"Shovel":9,"Eternal Feather":5,"Pen Nib":5,"War Paint":5,"Ancient Tea Set":8,"Ring of the Snake":0,"Old Coin":8,"WarpedTongs":9},{"Calling Bell":43,"Darkstone Periapt":43,"Shovel":54,"Eternal Feather":23,"Pen Nib":23,"War Paint":23,"Ancient Tea Set":43,"Ring of the Snake":0,"Old Coin":43,"WarpedTongs":54}],"Ring of the Snake":[24],"WarpedTongs":[23]},"card_choices":[{"not_picked":["Violence","Magnetism"],"picked":"HandOfGreed","floor":0},{"not_picked":["Quick Slash","PiercingWail"],"picked":"Dagger Throw","floor":1},{"not_picked":["Crippling Poison","Endless Agony"],"picked":"Backflip","floor":2},{"not_picked":["Setup","Reflex"],"picked":"Flying Knee","floor":3},{"not_picked":["Backstab","Blur"],"picked":"Blade Dance","floor":5},{"not_picked":["Cloak And Dagger","Concentrate"],"picked":"Envenom","floor":7},{"not_picked":["Noxious Fumes","Sucker Punch"],"picked":"Acrobatics","floor":12},{"not_picked":["Dagger Throw","Caltrops"],"picked":"Catalyst","floor":13},{"not_picked":["Die Die Die","Adrenaline"],"picked":"Burst","floor":16},{"not_picked":["Bane","Slice"],"picked":"Blade Dance","floor":18},{"not_picked":["Flying Knee","Prepared+1"],"picked":"Tactician","floor":21},{"not_picked":["Choke+1","Flying Knee","Cloak And Dagger"],"picked":"SKIP","floor":22}],"player_experience":544562,"relics_obtained":[{"floor":7,"key":"Pen Nib"},{"floor":9,"key":"Eternal Feather"},{"floor":11,"key":"War Paint"},{"floor":17,"key":"Ancient Tea Set"},{"floor":17,"key":"Darkstone Periapt"},{"floor":17,"key":"Old Coin"}],"event_choices":[{"damage_healed":0,"gold_gain":0,"player_choice":"1 cards matched","damage_taken":0,"max_hp_gain":0,"max_hp_loss":0,"event_name":"Match and Keep!","floor":4,"gold_loss":0,"cards_obtained":["Deflect"]},{"damage_healed":0,"gold_gain":0,"player_choice":"Grow","damage_taken":0,"max_hp_gain":0,"max_hp_loss":0,"event_name":"Living Wall","floor":14,"gold_loss":0,"cards_upgraded":["Footwork"]},{"damage_healed":0,"gold_gain":0,"player_choice":"Rummage","damage_taken":0,"relics_obtained":["WarpedTongs"],"max_hp_gain":0,"max_hp_loss":0,"event_name":"Accursed Blacksmith","floor":20,"gold_loss":0,"cards_obtained":["Pain"]}],"is_beta":false,"boss_relics":[{"not_picked":["Velvet Choker","Black Star"],"picked":"Calling Bell"}],"items_purged_floors":[10,19],"is_endless":false,"potions_floor_spawned":[5,7,12,16,18],"killed_by":"Gremlin Leader","ascension_level":20}}