{"host":"2nhpogk5xa0u9xre","time":1610566442,"event":{"mods":["Aspiration","BaseMod","Colored Powertips","Googly Eyes","Hubris","Infinite Spire","Minty Spire (QoL Compilation)","Rare Cards Sparkle","Replay The Spire","StSLib","The Construct","The Hayseed","The Hierophant","The Runesmith","The Senshi","everything is the same but u backflip on backflip"],"gold_per_floor":[152,170,170,345,173,208,10,58,82,142,142,207,299,384,384,473,473,547,121,145,145,145,145,190,190,190,190,213,247,337,387,387,297,297],"floor_reached":33,"language":"ENG","playtime":1735,"items_purged":[],"score":336,"play_id":"ee0730ae-5aa7-4c68-8651-1a697703869e","local_time":"20210113143402","daily_mods":["SealedDeck"],"is_ascension_mode":false,"campfire_choices":[{"data":"Mayhem","floor":11,"key":"SMITH"},{"data":"hierophant:Community","floor":15,"key":"SMITH"},{"data":"hierophant:Determination","floor":23,"key":"SMITH"},{"data":"hierophant:Charity","floor":25,"key":"SMITH"},{"data":"hierophant:Patience","floor":27,"key":"SMITH"},{"data":"hierophant:AuricBeam","floor":32,"key":"SMITH"}],"circlet_count":0,"master_deck":["hierophant:RustyCrate","hierophant:AuricBeam+1","hierophant:MorningPrayer","hierophant:Endure","hierophant:EyeForCoin","hierophant:OrnateBuckler","hierophant:OrnateBuckler","hierophant:Smite","hierophant:Refuge","hierophant:Charity+1","hierophant:Doubloon+1","hierophant:Doubloon+1","hierophant:Doubloon+1","hierophant:Doubloon+1","hierophant:Doubloon+1","hierophant:Smite","hierophant:Doubloon+1","hierophant:Patience+1","Injury","Doubt","hierophant:RepressedViolence+1","hierophant:Doubloon+1","hierophant:Smite","hierophant:HolyVerse+1","Mayhem+1","hierophant:Community+1","hierophant:Doubloon+1","hierophant:PristineSoul+1","hierophant:Zeal","hierophant:Shelter+1","hierophant:Determination+1","hierophant:Doubloon+1","ReplayTheSpireMod:Necrogeddon","hierophant:Refuge+1","hierophant:Doubloon+1","hierophant:Doubloon+1","hierophant:RecallFunds+1","hierophant:HolyVerse+1","hierophant:Doubloon+1","hierophant:HolyVerse+1","hierophant:Shelter+1","hierophant:Doubloon+1","hierophant:EyeForCoin+1","hierophant:Doubloon+1","hierophant:Doubloon+1"],"relics":["hierophant:PropheticMaskRelic","Toxic Egg 2","CeramicFish","Replay:Bottled Eggs","Meat on the Bone","Blue Doll","ChewingGum","Quantum Egg","CultistMask","aspiration:SeaSaltIceCream","aspiration:Nostalgia","Replay:M_StaffOfTheSnake"],"acts_visited":["Exordium","TheCity"],"potions_floor_usage":[6,16,16,16,33],"damage_taken":[{"damage":2,"enemies":"2 Louse","floor":1,"turns":6},{"damage":0,"enemies":"Jaw Worm","floor":2,"turns":4},{"damage":6,"enemies":"Replay:BlueRogue","floor":6,"turns":10},{"damage":27,"enemies":"Gremlin Nob","floor":8,"turns":5},{"damage":6,"enemies":"Cultist","floor":10,"turns":6},{"damage":19,"enemies":"Gremlin Gang","floor":12,"turns":2},{"damage":0,"enemies":"Exordium Wildlife","floor":13,"turns":2},{"damage":2,"enemies":"Lots of Slimes","floor":14,"turns":2},{"damage":26,"enemies":"Hexaghost","floor":16,"turns":10},{"damage":2,"enemies":"Shell Parasite","floor":18,"turns":3},{"damage":10,"enemies":"2 Thieves","floor":20,"turns":3},{"damage":0,"enemies":"Snake Plant","floor":24,"turns":4},{"damage":38,"enemies":"Cultist and Chosen","floor":28,"turns":7},{"damage":2,"enemies":"Centurion and Healer","floor":29,"turns":4},{"damage":0,"enemies":"Sentry and Sphere","floor":30,"turns":1},{"damage":30,"enemies":"Chosen and Byrds","floor":31,"turns":9},{"damage":71,"enemies":"Champ","floor":33,"turns":22}],"seed_played":"4534132920631937137","potions_obtained":[{"floor":2,"key":"Dexterity Potion"},{"floor":12,"key":"LiquidBronze"},{"floor":13,"key":"Languid Potion"},{"floor":14,"key":"GamblersBrew"},{"floor":16,"key":"SpeedPotion"},{"floor":18,"key":"SteroidPotion"},{"floor":20,"key":"SpeedPotion"},{"floor":30,"key":"Energy Potion"}],"is_trial":true,"path_per_floor":["M","M","?","?","$","E","$","E","T","M","R","M","M","M","R","B",null,"M","$","M","?","?","R","M","R","T","R","M","M","M","M","R","B"],"character_chosen":"HIEROPHANT","items_purchased":["CeramicFish","hierophant:RepressedViolence+1","hierophant:HolyVerse+1","Mayhem","Quantum Egg","ReplayTheSpireMod:Necrogeddon","hierophant:Refuge+1"],"campfire_rested":0,"item_purchase_floors":[5,5,7,7,19,19,19],"current_hp_per_floor":[73,73,73,73,73,67,67,40,40,46,46,39,39,49,49,35,75,73,73,63,63,63,63,75,75,75,75,49,75,75,45,45,0,0],"gold":297,"neow_bonus":"","is_daily":false,"chose_seed":false,"campfire_upgraded":6,"win_rate":0.0,"timestamp":1610566442,"path_taken":["M","M","?","?","?","E","$","E","T","M","R","M","M","M","R","BOSS","M","$","M","?","?","R","M","R","T","R","M","M","M","M","R","BOSS"],"items_purchased_type":["Relic","Card","Card","Card","Relic","Card","Card"],"build_version":"2020-12-22","purchased_purges":0,"victory":false,"max_hp_per_floor":[75,75,75,75,75,75,75,75,75,75,75,75,75,75,75,75,75,75,75,75,75,75,75,75,75,75,75,75,75,75,75,75,75,75],"card_choices":[{"not_picked":["hierophant:ThreeLashes","hierophant:AuricBeam"],"picked":"hierophant:Smite","floor":1},{"not_picked":["hierophant:FaithHealing","hierophant:Upheaval"],"picked":"hierophant:Patience","floor":2},{"not_picked":["hierophant:BulkyChest+1","hierophant:MorningPrayer+1"],"picked":"hierophant:Smite","floor":6},{"not_picked":["hierophant:Zeal","hierophant:Endure+1"],"picked":"hierophant:Community","floor":8},{"not_picked":["hierophant:Doomsaying+1","hierophant:RepressedViolence"],"picked":"hierophant:PristineSoul+1","floor":10},{"not_picked":["hierophant:Mercenaries","hierophant:Encroach+1"],"picked":"hierophant:Zeal","floor":12},{"not_picked":["hierophant:FlamingChariot","hierophant:AuricBeam","hierophant:Prophecy+1"],"picked":"SKIP","floor":13},{"not_picked":["hierophant:AuricBeam","hierophant:Prophecy+1"],"picked":"hierophant:Shelter+1","floor":14},{"not_picked":["hierophant:Cornucopia+1","hierophant:BulkyChest+1"],"picked":"hierophant:Determination","floor":16},{"not_picked":["hierophant:ConvertCurrency+1","hierophant:ThreeLashes+1","hierophant:DisplayOfPower+1"],"picked":"SKIP","floor":18},{"not_picked":["hierophant:MorningPrayer+1","hierophant:RustyCrate+1"],"picked":"hierophant:RecallFunds+1","floor":20},{"not_picked":["hierophant:Racketeering+1","hierophant:FlamingChariot"],"picked":"hierophant:HolyVerse+1","floor":24},{"not_picked":["hierophant:Martyrdom+1","Crescendo+1"],"picked":"hierophant:HolyVerse+1","floor":28},{"not_picked":["hierophant:MorningPrayer+1","hierophant:MintersHammer"],"picked":"hierophant:Shelter+1","floor":29},{"not_picked":["hierophant:FlamingChariot","ThirdEye+1","hierophant:Encroach+1"],"picked":"SKIP","floor":30},{"not_picked":["Crescendo+1","ClearTheMind+1"],"picked":"hierophant:EyeForCoin+1","floor":31}],"player_experience":246152,"relics_obtained":[{"floor":6,"key":"Replay:Bottled Eggs"},{"floor":8,"key":"Meat on the Bone"},{"floor":9,"key":"Blue Doll"},{"floor":26,"key":"aspiration:SeaSaltIceCream"}],"event_choices":[{"damage_healed":0,"gold_gain":175,"player_choice":"AGREE","damage_taken":0,"max_hp_gain":0,"max_hp_loss":0,"event_name":"Liars Game","floor":4,"gold_loss":0,"cards_obtained":["Doubt"]},{"damage_healed":0,"gold_gain":0,"player_choice":"Trade","damage_taken":0,"relics_obtained":["CultistMask"],"max_hp_gain":0,"max_hp_loss":0,"event_name":"FaceTrader","floor":22,"gold_loss":0}],"is_beta":false,"boss_relics":[{"not_picked":["Runic Pyramid","ReplayTheSpireMod:DimensionalGlitch"],"picked":"ChewingGum"}],"items_purged_floors":[],"is_endless":false,"potions_floor_spawned":[2,12,13,14,16,18,20,30],"killed_by":"Champ","ascension_level":0}}