{"host":"1fn5ivlym87f4xjq","time":1610528765,"event":{"mods":["BaseMod","BetterRewards","Colored Powertips","Minty Spire (QoL Compilation)","Shop Mod","StSLib","The Animator","The Exalted","The Forsaken","The Hierophant"],"gold_per_floor":[110,128,203,203,214,248,263,263,344,359,359,359,375,391,391,488,488,471,471,471,471,148,148,94,109,133,160,180,180,180],"floor_reached":29,"language":"ENG","playtime":1674,"items_purged":["Pain"],"score":245,"play_id":"32fcc1e6-6e94-4d39-ab84-9a06f311b63d","local_time":"20210113100605","is_ascension_mode":false,"campfire_choices":[{"floor":8,"key":"RECALL"},{"data":"Eruption","floor":12,"key":"SMITH"},{"data":"WindmillStrike","floor":15,"key":"SMITH"},{"data":"DeusExMachina","floor":23,"key":"SMITH"}],"circlet_count":0,"master_deck":["Strike_P","Strike_P","Strike_P","Strike_P","Defend_P","Defend_P","Defend_P","Defend_P","Eruption+1","Vigilance","WindmillStrike+1","Prostrate","ClearTheMind","Prostrate","JustLucky","DeceiveReality","Swivel","EmptyBody","Wireheading","DeusExMachina+1","FollowUp+1","WindmillStrike","Prostrate","PathToVictory","SandsOfTime","EmptyBody+1"],"relics":["PureWater","Happy Flower","WarpedTongs","CaptainsWheel","Philosopher\u0027s Stone","Boot","Bottled Tornado","Sundial","Akabeko","Bromod:ArcanePulse"],"acts_visited":["Exordium","TheCity"],"potions_floor_usage":[5,16,25,25,27,28,29],"damage_taken":[{"damage":2,"enemies":"2 Louse","floor":1,"turns":3},{"damage":0,"enemies":"Cultist","floor":2,"turns":3},{"damage":3,"enemies":"Small Slimes","floor":5,"turns":3},{"damage":19,"enemies":"Lagavulin","floor":6,"turns":6},{"damage":3,"enemies":"Looter","floor":7,"turns":3},{"damage":0,"enemies":"2 Fungi Beasts","floor":10,"turns":2},{"damage":2,"enemies":"Blue Slaver","floor":13,"turns":3},{"damage":2,"enemies":"Looter","floor":14,"turns":4},{"damage":5,"enemies":"Slime Boss","floor":16,"turns":8},{"damage":8,"enemies":"2 Thieves","floor":18,"turns":5},{"damage":0,"enemies":"3 Byrds","floor":25,"turns":6},{"damage":27,"enemies":"Book of Stabbing","floor":27,"turns":6},{"damage":23,"enemies":"Cultist and Chosen","floor":28,"turns":6},{"damage":22,"enemies":"Slavers","floor":29,"turns":1}],"seed_played":"7001369977467527299","potions_obtained":[{"floor":1,"key":"SteroidPotion"},{"floor":5,"key":"CultistPotion"},{"floor":10,"key":"DistilledChaos"},{"floor":16,"key":"Block Potion"},{"floor":18,"key":"Strength Potion"},{"floor":27,"key":"DuplicationPotion"},{"floor":28,"key":"SkillPotion"}],"is_trial":false,"path_per_floor":["M","M","?","?","M","E","M","R","T","M","?","R","M","M","R","B",null,"M","?","?","T","$","R","$","M","T","E","M","E"],"character_chosen":"WATCHER","items_purchased":["Sundial","Prostrate"],"campfire_rested":0,"item_purchase_floors":[22,24],"current_hp_per_floor":[70,70,59,59,56,37,34,34,34,34,34,34,32,30,30,25,72,64,64,64,64,64,64,64,64,64,37,14,0,0],"gold":180,"neow_bonus":"RANDOM_COMMON_RELIC","is_daily":false,"chose_seed":false,"campfire_upgraded":3,"win_rate":0.0,"timestamp":1610528765,"path_taken":["M","M","?","?","M","E","?","R","T","?","?","R","?","M","R","BOSS","M","?","?","?","$","R","?","M","T","E","M","E"],"items_purchased_type":["Relic","Card"],"build_version":"2020-12-22","purchased_purges":1,"victory":false,"max_hp_per_floor":[72,72,72,72,72,72,72,72,72,72,72,72,72,72,72,72,72,72,72,72,72,72,72,72,72,72,72,72,72,72],"card_choices":[{"not_picked":["EmptyMind","FollowUp"],"picked":"WindmillStrike","floor":1},{"not_picked":["Protect","Adaptation"],"picked":"Prostrate","floor":2},{"not_picked":["Vengeance","EmptyMind"],"picked":"ClearTheMind","floor":5},{"not_picked":["ForeignInfluence","ConjureBlade"],"picked":"Prostrate","floor":6},{"not_picked":["SashWhip","ThirdEye"],"picked":"JustLucky","floor":7},{"not_picked":["BattleHymn","Indignation"],"picked":"DeceiveReality","floor":10},{"not_picked":["JustLucky","ThirdEye"],"picked":"EmptyBody","floor":13},{"not_picked":["ThirdEye","Judgement"],"picked":"Wireheading","floor":14},{"not_picked":["Scrawl","Omniscience"],"picked":"DeusExMachina","floor":16},{"not_picked":["Conclude","WheelKick"],"picked":"FollowUp+1","floor":18},{"not_picked":["ThirdEye","EmptyBody"],"picked":"PathToVictory","floor":25},{"not_picked":["EmptyMind+1","SignatureMove"],"picked":"SandsOfTime","floor":27},{"not_picked":["FollowUp","JustLucky+1"],"picked":"EmptyBody+1","floor":28}],"player_experience":120648,"relics_obtained":[{"floor":6,"key":"CaptainsWheel"},{"floor":21,"key":"Bottled Tornado"},{"floor":26,"key":"Akabeko"},{"floor":27,"key":"Bromod:ArcanePulse"}],"event_choices":[{"damage_healed":0,"gold_gain":75,"player_choice":"Gather Gold","damage_taken":11,"max_hp_gain":0,"max_hp_loss":0,"event_name":"World of Goop","floor":3,"gold_loss":0},{"damage_healed":0,"gold_gain":0,"player_choice":"Rummage","damage_taken":0,"relics_obtained":["WarpedTongs"],"max_hp_gain":0,"max_hp_loss":0,"event_name":"Accursed Blacksmith","floor":4,"gold_loss":0,"cards_obtained":["Pain"]},{"damage_healed":0,"gold_gain":0,"player_choice":"1 cards matched","damage_taken":0,"max_hp_gain":0,"max_hp_loss":0,"event_name":"Match and Keep!","floor":11,"gold_loss":0,"cards_obtained":["Swivel"]},{"damage_healed":0,"gold_gain":0,"player_choice":"Read","damage_taken":0,"max_hp_gain":0,"max_hp_loss":0,"event_name":"The Library","floor":19,"gold_loss":0,"cards_obtained":["WindmillStrike"]},{"damage_healed":0,"gold_gain":0,"player_choice":"Opened","damage_taken":0,"relics_obtained":["Boot"],"max_hp_gain":0,"max_hp_loss":0,"event_name":"The Mausoleum","floor":20,"gold_loss":0}],"is_beta":false,"boss_relics":[{"not_picked":["Sozu","Runic Pyramid"],"picked":"Philosopher\u0027s Stone"}],"items_purged_floors":[22],"is_endless":false,"potions_floor_spawned":[1,5,10,16,18,27,28],"killed_by":"Slavers","ascension_level":0}}