{"host":"56c2xpjnpymkv18q","time":1610545565,"event":{"mods":["Act Like it!","Aspiration","BaseMod","GungeonMod","Lobotomy","LobotomyExtend","Minty Spire (QoL Compilation)","Quick Restart","Relic Stats","Replay The Spire","Spicy Shops","StSLib"],"gold_per_floor":[114,129,144,144,159,189,204,234,259,274,274,289,304,331,343,455,467,494,521,548,560,572,584,596,638,650,692,729,741,753,780,815,926,938,1074,1086,1125,1137,1149,647,668,276,276,276,276,323,323,346,371,398,398,418],"floor_reached":53,"language":"ZHS","playtime":2129,"items_purged":[],"score":1115,"play_id":"0bd124b4-1d3f-454d-b3e9-30ff37cb6c6a","local_time":"20210113214605","daily_mods":["Cursed Run","Vintage","Lethality"],"is_ascension_mode":false,"campfire_choices":[{"data":"Eruption","floor":15.0,"key":"SMITH"},{"data":"Ragnarok","floor":26.0,"key":"SMITH"},{"data":"Envenom","floor":29.0,"key":"SMITH"},{"data":"ReplayTheSpireMod:From All Sides","floor":34.0,"key":"SMITH"},{"data":"Coolheaded","floor":43.0,"key":"SMITH"}],"circlet_count":0,"master_deck":["Strike_P","Strike_P","Defend_P","Defend_P","Defend_P","Eruption+1","Vigilance","Replay:AtTheReady+1","FlyingSleeves","Spreading Infection","Pot Of Greed","Pot Of Greed","ReplayTheSpireMod:Faulty Equipment","Ragnarok+1","Envenom+1","ReplayTheSpireMod:Tripwire","ReplayTheSpireMod:From All Sides+1","Ball Lightning","Turbo+1","Regret","ReplayRNGCard","LikeWater+1","Pot Of Greed","Flash of Steel","Flash of Steel","Mind Blast+1","Coolheaded+1","Spreading Infection","Amnesia","Delirium"],"relics":["Cursed Key","Darkstone Periapt","Du-Vu Doll","Happy Flower","LetterFromLob","Meat on the Bone","Pen Nib","Kunai","Blue Doll","Replay:Mystery Machine","Replay:Bottled Steam","Bag of Marbles","Bottled Tornado","DemoMod:ClearGuonStone","Grinning Jar","MawBank","Simple Rune","DemoMod:GlassGuonStoneRelic","aspiration:DefectSkillbook","ReplayTheSpireMod:Lightbulb","Smiling Mask","aspiration:SeaSaltIceCream","aspiration:Nostalgia","Sizzling Blood","DemoMod:ChaffGrenade","Akabeko","Replay:Bandana","Toy Ornithopter","Sozu","aspiration:FaultyCoupler","HandDrill","War Paint","Bottled Lightning","Membership Card","DemoMod:MonsterBlood","Onion Ring","Mummified Hand","DemoMod:WhiteGuonStone","Ring of Hypnosis","Ring of Searing","aspiration:FetidBarrel","Pet Ghost","Replay:Rubber Ducky"],"acts_visited":["Exordium","TheCity","TheBeyond"],"potions_floor_usage":[],"damage_taken":[{"damage":0.0,"enemies":"Cultist","floor":1.0,"turns":2.0},{"damage":1.0,"enemies":"Jaw Worm","floor":2.0,"turns":3.0},{"damage":0.0,"enemies":"2 Louse","floor":3.0,"turns":2.0},{"damage":14.0,"enemies":"Exordium Thugs","floor":5.0,"turns":3.0},{"damage":8.0,"enemies":"Replay:BlueRogue","floor":6.0,"turns":4.0},{"damage":4.0,"enemies":"Exordium Wildlife","floor":7.0,"turns":3.0},{"damage":4.0,"enemies":"Gremlin Nob","floor":8.0,"turns":3.0},{"damage":2.0,"enemies":"Looter","floor":10.0,"turns":2.0},{"damage":0.0,"enemies":"Large Slime","floor":12.0,"turns":4.0},{"damage":3.0,"enemies":"Red Slaver","floor":13.0,"turns":2.0},{"damage":0.0,"enemies":"3 Louse","floor":14.0,"turns":1.0},{"damage":35.0,"enemies":"Hexaghost","floor":16.0,"turns":7.0},{"damage":0.0,"enemies":"2 Thieves","floor":18.0,"turns":1.0},{"damage":0.0,"enemies":"3 Byrds","floor":19.0,"turns":1.0},{"damage":0.0,"enemies":"Snecko","floor":20.0,"turns":2.0},{"damage":0.0,"enemies":"Book of Stabbing","floor":25.0,"turns":1.0},{"damage":0.0,"enemies":"Gremlin Leader","floor":27.0,"turns":1.0},{"damage":0.0,"enemies":"Chosen and Byrds","floor":31.0,"turns":2.0},{"damage":0.0,"enemies":"Snake Plant","floor":32.0,"turns":2.0},{"damage":0.0,"enemies":"Pondfish","floor":35.0,"turns":4.0},{"damage":0.0,"enemies":"3 Darklings","floor":37.0,"turns":2.0},{"damage":0.0,"enemies":"Orb Walker","floor":41.0,"turns":2.0},{"damage":14.0,"enemies":"Transient","floor":46.0,"turns":5.0},{"damage":0.0,"enemies":"Writhing Mass","floor":48.0,"turns":1.0},{"damage":0.0,"enemies":"Jaw Worm Horde","floor":49.0,"turns":1.0},{"damage":5.0,"enemies":"Maw","floor":50.0,"turns":2.0},{"damage":5,"enemies":"Donu and Deca","floor":52,"turns":2}],"seed_played":"-4624312993155624390","potions_obtained":[{"floor":2.0,"key":"SneckoOil"},{"floor":3.0,"key":"Swift Potion"},{"floor":6.0,"key":"Venom Potion"},{"floor":7.0,"key":"DistilledChaos"},{"floor":12.0,"key":"Toxic Potion"},{"floor":16.0,"key":"SkillPotion"},{"floor":18.0,"key":"BottledMiracle"},{"floor":27.0,"key":"Fire Potion"},{"floor":32.0,"key":"EssenceOfSteel"}],"is_trial":false,"path_per_floor":["M","M","M","?","M","E","M","E","T","M","?","M","M","M","R","B",null,"M","M","M","?","?","PTL","PTL","E","R","E","T","R","?","M","M","?","R","B",null,"M","?","?","$","M","$","R","?","T","M","?","M","M","M","R","B",null],"character_chosen":"WATCHER","items_purchased":["HandDrill","War Paint","LikeWater+1","Flash of Steel","Membership Card","Mind Blast+1","DemoMod:MonsterBlood","Onion Ring","Coolheaded"],"campfire_rested":0,"item_purchase_floors":[40,40,40,40,42,42,42,42,42],"current_hp_per_floor":[72,71,71,71,57,49,45,41,47,45,33,45,42,42,42,25,84,84,84,84,84,84,84,84,88,88,88,94,94,94,94,94,94,94,100,100,100,100,100,100,100,107,107,107,113,103,109,113,117,116,119,124],"gold":418,"neow_bonus":"","is_daily":true,"chose_seed":false,"campfire_upgraded":5,"win_rate":0.0,"timestamp":1610545565,"path_taken":["M","M","M","?","M","E","M","E","T","M","?","M","M","M","R","BOSS","M","M","M","?","?","PTL","PTL","E","R","E","T","R","?","?","M","?","R","BOSS","M","?","?","$","?","$","R","?","T","M","?","M","M","M","R","BOSS"],"items_purchased_type":["Relic","Relic","Card","Card","Relic","Card","Relic","Relic","Card"],"build_version":"2020-12-22","purchased_purges":0,"victory":true,"max_hp_per_floor":[72,72,72,72,72,72,72,72,78,78,78,78,78,78,78,84,84,84,84,84,84,84,84,84,88,88,88,94,94,94,94,94,94,94,100,100,100,100,100,100,100,107,107,107,113,113,119,119,119,119,119,125],"relic_stats":{"Darkstone Periapt":42,"Happy Flower":[21],"counters":[27,65],"Pen Nib":[11],"War Paint":["Replay:AtTheReady","Turbo"],"Cursed Key":3,"MawBank":324,"Smiling Mask":0,"Sozu":3,"Mummified Hand":[4],"HandDrill":[8],"Kunai":[13],"obtain_stats":[{"Darkstone Periapt":0,"Blue Doll":6,"DemoMod:GlassGuonStoneRelic":7,"Sizzling Blood":25,"Replay:Mystery Machine":7,"Bottled Tornado":10,"DemoMod:WhiteGuonStone":46,"Cursed Key":0,"Smiling Mask":19,"Pet Ghost":49,"Ring of Searing":47,"Replay:Rubber Ducky":50,"Sozu":36,"Replay:Bandana":31,"aspiration:DefectSkillbook":17,"DemoMod:MonsterBlood":42,"Mummified Hand":45,"HandDrill":40,"Kunai":5,"DemoMod:ClearGuonStone":11,"Replay:Bottled Steam":8,"aspiration:FaultyCoupler":37,"Happy Flower":1,"Ring of Hypnosis":47,"aspiration:Nostalgia":25,"aspiration:FetidBarrel":48,"DemoMod:ChaffGrenade":27,"Pen Nib":3,"aspiration:SeaSaltIceCream":25,"War Paint":40,"MawBank":13,"Akabeko":28,"Du-Vu Doll":0,"Simple Rune":14,"Onion Ring":42,"LetterFromLob":1,"Bag of Marbles":9,"Bottled Lightning":41,"Membership Card":42,"Grinning Jar":12,"ReplayTheSpireMod:Lightbulb":18,"Toy Ornithopter":32,"Meat on the Bone":2},{"Darkstone Periapt":0,"Blue Doll":5,"DemoMod:GlassGuonStoneRelic":6,"Sizzling Blood":16,"Replay:Mystery Machine":6,"Bottled Tornado":8,"DemoMod:WhiteGuonStone":23,"Cursed Key":0,"Smiling Mask":14,"Pet Ghost":25,"Ring of Searing":23,"Replay:Rubber Ducky":26,"Sozu":20,"Replay:Bandana":18,"aspiration:DefectSkillbook":12,"DemoMod:MonsterBlood":22,"Mummified Hand":22,"HandDrill":21,"Kunai":4,"DemoMod:ClearGuonStone":8,"Replay:Bottled Steam":7,"aspiration:FaultyCoupler":21,"Happy Flower":1,"Ring of Hypnosis":23,"aspiration:Nostalgia":16,"aspiration:FetidBarrel":24,"DemoMod:ChaffGrenade":17,"Pen Nib":3,"aspiration:SeaSaltIceCream":16,"War Paint":21,"MawBank":10,"Akabeko":17,"Du-Vu Doll":0,"Simple Rune":11,"Onion Ring":22,"LetterFromLob":1,"Bag of Marbles":7,"Bottled Lightning":22,"Membership Card":22,"Grinning Jar":9,"ReplayTheSpireMod:Lightbulb":13,"Toy Ornithopter":19,"Meat on the Bone":2},{"Darkstone Periapt":0,"Blue Doll":14,"DemoMod:GlassGuonStoneRelic":17,"Sizzling Blood":41,"Replay:Mystery Machine":17,"Bottled Tornado":22,"DemoMod:WhiteGuonStone":59,"Cursed Key":0,"Smiling Mask":38,"Pet Ghost":61,"Ring of Searing":59,"Replay:Rubber Ducky":63,"Sozu":50,"Replay:Bandana":44,"aspiration:DefectSkillbook":36,"DemoMod:MonsterBlood":54,"Mummified Hand":54,"HandDrill":52,"Kunai":10,"DemoMod:ClearGuonStone":22,"Replay:Bottled Steam":20,"aspiration:FaultyCoupler":52,"Happy Flower":2,"Ring of Hypnosis":59,"aspiration:Nostalgia":41,"aspiration:FetidBarrel":60,"DemoMod:ChaffGrenade":42,"Pen Nib":7,"aspiration:SeaSaltIceCream":41,"War Paint":52,"MawBank":28,"Akabeko":42,"Du-Vu Doll":0,"Simple Rune":29,"Onion Ring":54,"LetterFromLob":2,"Bag of Marbles":20,"Bottled Lightning":54,"Membership Card":54,"Grinning Jar":26,"ReplayTheSpireMod:Lightbulb":37,"Toy Ornithopter":46,"Meat on the Bone":5}],"Toy Ornithopter":0,"Meat on the Bone":24},"card_choices":[{"not_picked":["Replay:ManipulateFuture","CrushJoints"],"picked":"Replay:AtTheReady","floor":6.0},{"not_picked":["Devotion","Crescendo"],"picked":"FlyingSleeves","floor":8.0},{"not_picked":["Replay:AllIn","Judgement"],"picked":"Ragnarok","floor":16.0},{"not_picked":["Blizzard+1","Recycle","Hologram"],"picked":"Ball Lightning","floor":25.0},{"not_picked":["SignatureMove","Ball Lightning","Swivel"],"picked":"Turbo","floor":27.0},{"not_picked":["Electrodynamics","Alpha","MasterReality"],"picked":"ReplayRNGCard","floor":35.0}],"player_experience":160822,"relics_obtained":[{"floor":1.0,"key":"Happy Flower"},{"floor":1.0,"key":"LetterFromLob"},{"floor":2.0,"key":"Meat on the Bone"},{"floor":3.0,"key":"Pen Nib"},{"floor":5.0,"key":"Kunai"},{"floor":6.0,"key":"Blue Doll"},{"floor":7.0,"key":"Replay:Mystery Machine"},{"floor":8.0,"key":"Replay:Bottled Steam"},{"floor":9.0,"key":"Bag of Marbles"},{"floor":10.0,"key":"Bottled Tornado"},{"floor":12.0,"key":"Grinning Jar"},{"floor":13.0,"key":"MawBank"},{"floor":14.0,"key":"Simple Rune"},{"floor":18.0,"key":"ReplayTheSpireMod:Lightbulb"},{"floor":19.0,"key":"Smiling Mask"},{"floor":25.0,"key":"aspiration:SeaSaltIceCream"},{"floor":27.0,"key":"DemoMod:ChaffGrenade"},{"floor":28.0,"key":"Akabeko"},{"floor":31.0,"key":"Replay:Bandana"},{"floor":32.0,"key":"Toy Ornithopter"},{"floor":37.0,"key":"aspiration:FaultyCoupler"},{"floor":41.0,"key":"Bottled Lightning"},{"floor":45.0,"key":"Mummified Hand"},{"floor":46.0,"key":"DemoMod:WhiteGuonStone"},{"floor":47.0,"key":"Ring of Hypnosis"},{"floor":47.0,"key":"Ring of Searing"},{"floor":48.0,"key":"aspiration:FetidBarrel"},{"floor":49.0,"key":"Pet Ghost"},{"floor":50.0,"key":"Replay:Rubber Ducky"}],"event_choices":[{"damage_healed":0.0,"max_hp_gain":0.0,"max_hp_loss":0.0,"gold_gain":0.0,"cards_transformed":["Strike_P"],"event_name":"Living Wall","player_choice":"Change","floor":4.0,"gold_loss":0.0,"damage_taken":0.0,"cards_obtained":["Replay:LoomingThreat"]},{"damage_healed":0.0,"max_hp_gain":0.0,"max_hp_loss":0.0,"gold_gain":0.0,"event_name":"Scrap Ooze","player_choice":"Success","floor":11.0,"gold_loss":0.0,"damage_taken":12.0,"relics_obtained":["DemoMod:ClearGuonStone"]},{"damage_healed":0.0,"max_hp_gain":0.0,"max_hp_loss":0.0,"gold_gain":0.0,"event_name":"Back to Basics","player_choice":"Simplicity","floor":22.0,"gold_loss":0.0,"damage_taken":0.0,"cards_upgraded":["Strike_P","Strike_P","Defend_P","Defend_P","Defend_P"]},{"damage_healed":0.0,"max_hp_gain":0.0,"max_hp_loss":0.0,"gold_gain":0.0,"event_name":"Fountain of Cleansing","player_choice":"Ignored","floor":30.0,"gold_loss":0.0,"damage_taken":0.0},{"damage_healed":0.0,"max_hp_gain":0.0,"max_hp_loss":0.0,"gold_gain":99.0,"event_name":"Nest","player_choice":"Stole From Cult","floor":33.0,"gold_loss":0.0,"damage_taken":0.0},{"damage_healed":0.0,"max_hp_gain":0.0,"max_hp_loss":0.0,"gold_gain":0.0,"event_name":"Purifier","player_choice":"Ignored","floor":39.0,"gold_loss":0.0,"damage_taken":0.0},{"damage_healed":0.0,"max_hp_gain":0.0,"max_hp_loss":0.0,"gold_gain":0.0,"event_name":"Tomb of Lord Red Mask","player_choice":"Ignored","floor":44.0,"gold_loss":0.0,"damage_taken":0.0}],"is_beta":false,"boss_relics":[{"not_picked":["Kintsugi","Calling Bell"],"picked":"aspiration:DefectSkillbook"},{"not_picked":["Pandora\u0027s Box","Snecko Heart"],"picked":"Sozu"}],"items_purged_floors":[],"is_endless":false,"potions_floor_spawned":[2,3,6,7,12,16,18,27,32,41,48,50],"ascension_level":0}}