{"host":"ec09novo68szpe7d","time":1610543129,"event":{"mods":["AchievementEnabler","BaseMod","Bestiary","BetterRewards","Minty Spire (QoL Compilation)","StSLib"],"gold_per_floor":[119,139,159,174,184,184,184,184,207,207,207,207,240,263,263,263,263],"floor_reached":16,"language":"ENG","playtime":752,"items_purged":["Strike_R"],"score":243,"play_id":"ca6f950c-9a06-4d21-aec5-183f2ce98f32","local_time":"20210113140529","is_ascension_mode":true,"campfire_choices":[{"data":"Apotheosis","floor":6.0,"key":"SMITH"},{"floor":10.0,"key":"REST"},{"data":"Berserk","floor":15,"key":"SMITH"}],"circlet_count":0,"master_deck":["AscendersBane","Strike_R","Strike_R","Strike_R+1","Strike_R","Defend_R","Defend_R","Defend_R","Defend_R+1","Bash","Apotheosis+1","Cleave","Berserk+1","Iron Wave"],"relics":["Burning Blood","Question Card","MealTicket","Tiny Chest","Golden Idol","Orichalcum"],"acts_visited":["Exordium"],"potions_floor_usage":[14],"damage_taken":[{"damage":2.0,"enemies":"Jaw Worm","floor":1.0,"turns":5.0},{"damage":6.0,"enemies":"Small Slimes","floor":2.0,"turns":4.0},{"damage":2.0,"enemies":"Cultist","floor":3.0,"turns":4.0},{"damage":5.0,"enemies":"Blue Slaver","floor":4.0,"turns":6.0},{"damage":4.0,"enemies":"Exordium Wildlife","floor":5.0,"turns":5.0},{"damage":0.0,"enemies":"3 Sentries","floor":8.0,"turns":2.0},{"damage":12.0,"enemies":"Lagavulin","floor":13.0,"turns":8.0},{"damage":2,"enemies":"Red Slaver","floor":14,"turns":4},{"damage":46,"enemies":"Slime Boss","floor":16,"turns":8}],"seed_played":"7330505663576031632","potions_obtained":[{"floor":2.0,"key":"Weak Potion"},{"floor":4.0,"key":"SmokeBomb"}],"is_trial":false,"path_per_floor":["M","M","M","M","M","R","?","E","T","R","?","?","E","M","R","B"],"character_chosen":"IRONCLAD","items_purchased":["Question Card","Apotheosis"],"campfire_rested":1,"item_purchase_floors":[0,0],"current_hp_per_floor":[28,28,32,33,35,35,20,26,26,48,48,48,42,46,46,0,0],"gold":263,"neow_bonus":"","is_daily":false,"chose_seed":false,"campfire_upgraded":2,"win_rate":0.0,"timestamp":1610543129,"path_taken":["M","M","M","M","M","R","?","E","T","R","?","?","E","M","R","BOSS"],"items_purchased_type":["Relic","Card"],"build_version":"2020-12-22","purchased_purges":1,"victory":false,"max_hp_per_floor":[75,75,75,75,75,75,75,75,75,75,75,75,75,75,75,75,75],"card_choices":[{"not_picked":["Havoc","Twin Strike","Wild Strike","Anger"],"picked":"SKIP","floor":1.0},{"not_picked":["Sentinel","Seeing Red","Armaments"],"picked":"Cleave","floor":2.0},{"not_picked":["Wild Strike","Flex","Sever Soul","Sword Boomerang"],"picked":"SKIP","floor":3.0},{"not_picked":["Flex","Anger","Sword Boomerang","Heavy Blade"],"picked":"SKIP","floor":4.0},{"not_picked":["Blood for Blood","Havoc","Pommel Strike"],"picked":"Berserk","floor":5.0},{"not_picked":["Havoc","Armaments","Reckless Charge"],"picked":"Iron Wave","floor":13.0},{"not_picked":["Twin Strike","Feel No Pain","Iron Wave","Cleave"],"picked":"SKIP","floor":14}],"player_experience":269381,"relics_obtained":[{"floor":9.0,"key":"Tiny Chest"},{"floor":13.0,"key":"Orichalcum"}],"event_choices":[{"damage_healed":0.0,"max_hp_gain":0.0,"max_hp_loss":0.0,"gold_gain":0.0,"event_name":"Shining Light","player_choice":"Entered Light","floor":7.0,"gold_loss":0.0,"damage_taken":15.0,"cards_upgraded":["Strike_R","Defend_R"]},{"damage_healed":0.0,"max_hp_gain":0.0,"max_hp_loss":0.0,"gold_gain":0.0,"event_name":"Golden Idol","player_choice":"Take Wound","floor":11.0,"gold_loss":0.0,"damage_taken":0.0,"relics_obtained":["Golden Idol"],"cards_obtained":["Injury"]},{"cards_removed":["Injury"],"damage_healed":0.0,"max_hp_gain":0.0,"max_hp_loss":0.0,"gold_gain":0.0,"event_name":"Fountain of Cleansing","player_choice":"Removed Curses","floor":12.0,"gold_loss":0.0,"damage_taken":0.0}],"is_beta":false,"boss_relics":[],"items_purged_floors":[0],"is_endless":false,"potions_floor_spawned":[2,4],"killed_by":"Slime Boss","ascension_level":10}}