{"host":"n264v15x7h51zqzc","time":1610500188,"event":{"mods":["AchievementEnabler","BaseMod","Colored Powertips","Googly Eyes","Infinite Spire","Minty Spire (QoL Compilation)","Replay The Spire","StSLib"],"gold_per_floor":[111,111,129,148,148,179,192,192,262,262,40,40,72,86,86,191,191,201,220,145,145,163,163,188,188,188,188,188,205,236,236,236,348,348,386,386,429,475,518,584,639,712,712,770,770,770],"floor_reached":45,"language":"ENG","playtime":2401,"items_purged":["Steam Power+1"],"score":788,"play_id":"382ffbc5-99e5-48c9-9789-800f952b7821","local_time":"20210112190948","is_ascension_mode":true,"campfire_choices":[{"floor":10,"key":"REST"},{"data":"Coolheaded","floor":15,"key":"SMITH"},{"floor":23,"key":"REST"},{"floor":25,"key":"REST"},{"floor":27,"key":"REST"},{"floor":32,"key":"REST"}],"circlet_count":0,"master_deck":["Strike_B+1","Strike_B+1","Strike_B+1","Defend_B+1","Defend_B+1","Defend_B+1","Defend_B+1","Zap","Dualcast","Consume","Conserve Battery","Chaos","Buffer","Coolheaded+1","Leap","Amplify","Ball Lightning","Fusion+1","Glacier","Coolheaded+1","Machine Learning","Electrodynamics","Redo+1","Conserve Battery+1","Conserve Battery","Consume+1","Defragment+1"],"relics":["Cracked Core","NeowsBlessing","Dream Catcher","infinitespire:EmpoweringShard","Orrery","Bottled Lightning","SlaversCollar","Thread and Needle","Art of War","Boot","infinitespire:EvilPickle","Inserter","Juzu Bracelet","Onion Ring","Gremlin Food"],"acts_visited":["Exordium","TheCity","TheBeyond"],"potions_floor_usage":[6,13,13,18,22,24,30,30,33,33,38,40,44,45],"damage_taken":[{"damage":0,"enemies":"Small Slimes","floor":1,"turns":1},{"damage":0,"enemies":"2 Louse","floor":3,"turns":1},{"damage":0,"enemies":"Jaw Worm","floor":4,"turns":1},{"damage":18,"enemies":"Lagavulin","floor":6,"turns":7},{"damage":9,"enemies":"3 Louse","floor":7,"turns":3},{"damage":0,"enemies":"Replay:BlueRogue","floor":13,"turns":7},{"damage":2,"enemies":"Blue Slaver","floor":14,"turns":4},{"damage":19,"enemies":"Slime Boss","floor":16,"turns":15},{"damage":6,"enemies":"3 Byrds","floor":18,"turns":3},{"damage":13,"enemies":"Chosen","floor":19,"turns":7},{"damage":21,"enemies":"Snake Plant","floor":22,"turns":7},{"damage":63,"enemies":"Slavers","floor":24,"turns":12},{"damage":17,"enemies":"Sentry and Sphere","floor":29,"turns":10},{"damage":0,"enemies":"Book of Stabbing","floor":30,"turns":7},{"damage":54,"enemies":"Pondfish","floor":33,"turns":21},{"damage":10,"enemies":"Orb Walker","floor":35,"turns":6},{"damage":11,"enemies":"3 Shapes","floor":37,"turns":4},{"damage":12,"enemies":"Jaw Worm Horde","floor":38,"turns":3},{"damage":13,"enemies":"Writhing Mass","floor":39,"turns":9},{"damage":4,"enemies":"Nemesis","floor":40,"turns":9},{"damage":17,"enemies":"4 Shapes","floor":41,"turns":6},{"damage":0,"enemies":"R_Hoarder","floor":42,"turns":13},{"damage":16,"enemies":"Sphere and 2 Shapes","floor":44,"turns":4},{"damage":19,"enemies":"Maw","floor":45,"turns":9}],"seed_played":"2265237283640169908","potions_obtained":[{"floor":3,"key":"FocusPotion"},{"floor":6,"key":"PowerPotion"},{"floor":7,"key":"Ancient Potion"},{"floor":16,"key":"Fire Potion"},{"floor":19,"key":"Strength Potion"},{"floor":22,"key":"LiquidMemories"},{"floor":24,"key":"EntropicBrew"},{"floor":35,"key":"FocusPotion"},{"floor":38,"key":"FocusPotion"},{"floor":41,"key":"Block Potion"},{"floor":42,"key":"Adrenaline Potion"}],"is_trial":false,"path_per_floor":["M","?","M","M","?","E","M","T","T","R","$","?","E","M","R","B",null,"M","M","$","?","M","R","E","R","T","R","?","M","E","?","R","B",null,"M","?","M","M","M","E","M","E","T","M","M"],"character_chosen":"DEFECT","items_purchased":["Orrery","Glacier"],"campfire_rested":5,"item_purchase_floors":[11,20],"current_hp_per_floor":[75,80,80,80,80,62,53,53,53,77,77,77,77,75,75,56,80,74,61,61,61,40,64,1,25,25,49,49,32,32,32,56,2,80,70,70,59,47,34,30,13,27,27,11,0,0],"gold":770,"neow_bonus":"THREE_ENEMY_KILL","is_daily":false,"chose_seed":false,"campfire_upgraded":1,"win_rate":0.0,"timestamp":1610500188,"path_taken":["M","?","M","M","?","E","M","?","T","R","$","?","E","?","R","BOSS","M","M","$","?","M","R","E","R","T","R","?","M","E","?","R","BOSS","M","?","M","M","?","E","M","E","T","M","M"],"items_purchased_type":["Relic","Card"],"build_version":"2020-12-22","purchased_purges":1,"victory":false,"max_hp_per_floor":[75,80,80,80,80,80,80,80,80,80,80,80,80,80,80,80,80,80,80,80,80,80,80,80,80,80,80,80,80,80,80,80,80,80,80,80,80,80,80,80,80,80,80,80,80,80],"card_choices":[{"not_picked":["Lockon","Barrage","BasicCrystalCard"],"picked":"SKIP","floor":1},{"not_picked":["Barrage","ReplayTheSpireMod:Repulse"],"picked":"Consume","floor":3},{"not_picked":["Undo","Doom and Gloom"],"picked":"Conserve Battery","floor":4},{"not_picked":["Cold Snap","Tempest"],"picked":"Chaos","floor":6},{"not_picked":["Time Bomb","Barrage"],"picked":"Buffer","floor":7},{"not_picked":["ReplayTheSpireMod:System Scan","Heatsinks"],"picked":"Coolheaded","floor":11},{"not_picked":["ReplayRNGCard","Undo"],"picked":"Leap","floor":11},{"not_picked":["Leap","Double Energy"],"picked":"Amplify","floor":11},{"not_picked":["Stack","Amplify","Steam"],"picked":"SKIP","floor":13},{"not_picked":["Stack","Doom and Gloom"],"picked":"Ball Lightning","floor":14},{"not_picked":["Compile Driver+1","Stack","Rebound+1"],"picked":"SKIP","floor":18},{"not_picked":["Streamline","Stack"],"picked":"Fusion+1","floor":19},{"not_picked":["Doom and Gloom","Steam","Sweeping Beam"],"picked":"SKIP","floor":22},{"not_picked":["Chill","Beam Cell"],"picked":"Coolheaded+1","floor":23},{"not_picked":["Go for the Eyes","Lockon","ReplayTheSpireMod:GoodbyeWorld"],"picked":"SKIP","floor":24},{"not_picked":["Conserve Battery","Steam Power+1"],"picked":"Machine Learning","floor":27},{"not_picked":["Compile Driver+1","Stack","Tempest"],"picked":"SKIP","floor":29},{"not_picked":["Go for the Eyes+1","Sunder","Coolheaded"],"picked":"SKIP","floor":30},{"not_picked":["Buffer","Thunder Strike"],"picked":"Electrodynamics","floor":33},{"not_picked":["Rebound","Gash"],"picked":"Redo+1","floor":35},{"not_picked":["Time Bomb+1","Compile Driver+1","Cold Snap"],"picked":"SKIP","floor":37},{"not_picked":["ReplayTheSpireMod:Reroute Power+1","Reprogram"],"picked":"Conserve Battery+1","floor":38},{"not_picked":["Rebound","FTL+1","Panic Button"],"picked":"SKIP","floor":39},{"not_picked":["Compile Driver+1","Gash"],"picked":"Conserve Battery","floor":40},{"not_picked":["Core Surge","FTL"],"picked":"Consume+1","floor":41},{"not_picked":["Genetic Algorithm+1","Aggregate+1","Rip and Tear"],"picked":"SKIP","floor":42},{"not_picked":["Ball Lightning+1","Steam"],"picked":"Defragment+1","floor":44}],"player_experience":156240,"relics_obtained":[{"floor":6,"key":"Dream Catcher"},{"floor":9,"key":"infinitespire:EmpoweringShard"},{"floor":13,"key":"Bottled Lightning"},{"floor":24,"key":"Thread and Needle"},{"floor":26,"key":"Art of War"},{"floor":30,"key":"Boot"},{"floor":40,"key":"Juzu Bracelet"},{"floor":42,"key":"Onion Ring"},{"floor":43,"key":"Gremlin Food"}],"event_choices":[{"damage_healed":0,"gold_gain":0,"player_choice":"Donut","damage_taken":0,"max_hp_gain":5,"max_hp_loss":0,"event_name":"Big Fish","floor":2,"gold_loss":0},{"damage_healed":0,"gold_gain":0,"player_choice":"Ignored","damage_taken":0,"max_hp_gain":0,"max_hp_loss":0,"event_name":"Golden Wing","floor":12,"gold_loss":0},{"damage_healed":0,"gold_gain":0,"player_choice":"Simplicity","damage_taken":0,"max_hp_gain":0,"max_hp_loss":0,"event_name":"Back to Basics","floor":31,"gold_loss":0,"cards_upgraded":["Strike_B","Strike_B","Strike_B","Defend_B","Defend_B","Defend_B","Defend_B"]},{"damage_healed":0,"gold_gain":0,"player_choice":"Ignored","damage_taken":0,"max_hp_gain":0,"max_hp_loss":0,"event_name":"NoteForYourself","floor":36,"gold_loss":0}],"is_beta":false,"boss_relics":[{"not_picked":["SacredBark","infinitespire:Cupcake"],"picked":"SlaversCollar"},{"not_picked":["Busted Crown","ReplayTheSpireMod:SealedPack"],"picked":"Inserter"}],"items_purged_floors":[11],"is_endless":false,"potions_floor_spawned":[3,6,7,16,19,22,24,35,38,41,42],"killed_by":"Maw","ascension_level":1}}