{"host":"6jrnojxwearbrjzo","time":1610516949,"event":{"mods":["BaseMod","Conspire","Highlight Path","Marisa（F雨　魔理沙）","Minty Spire (QoL Compilation)","Quick Restart","Replay The Spire","Shop Mod","Spicy Shops","StSLib","The Construct","The Cursed","The Servant 0.9.4","[功能]功能增强和修复MOD","vexMod"],"gold_per_floor":[118,293,293,8,22,55,55,83,83,118,118,118,145,126,126,229,529,543,543,380,395,164,191,191,222,222,222,175,200,200,229,229,330,330,342,130,130,20,20,54,54,54,54,79,79,79,6,41,41,41],"floor_reached":51,"language":"ZHS","playtime":1272,"items_purged":["Defend_R","Bash","Strike_R","Defend_R","Strike_R","Defend_R","Defend_R","Bash","Shame","conspire:GhostlyStrike","conspire:GhostlyStrike","Thunderclap","Armaments+1","HandOfGreed","Injury","Doubt","Parasite","Feed+1","Exhume+1","Injury"],"score":1611,"play_id":"ce805961-0fa1-49b6-89a0-ca51dd1c8125","local_time":"20210113134909","is_ascension_mode":true,"campfire_choices":[{"data":"Armaments","floor":7,"key":"SMITH"},{"data":"Clash","floor":15,"key":"SMITH"},{"data":"Flex+1","floor":24,"key":"SMITH"},{"data":"Clash+1","floor":32,"key":"SMITH"},{"data":"Clash+1","floor":42,"key":"SMITH"},{"data":"Clash+2","floor":45,"key":"SMITH"},{"data":"Flex","floor":49,"key":"SMITH"}],"circlet_count":0,"master_deck":["Clash+3","Flex+1"],"relics":["Burning Blood","ReplayTheSpireMod:Lightbulb","vexMod:CardConverter","Ornamental Fan","Durian","TheAbacus","Snack Pack","Question Card","Mango","Unceasing Top","Sundial","ReplayTheSpireMod:CursedCoin","Eternal Feather","ReplayTheSpireMod:TigerMarble","conspire:InfiniteJournal","Replay:Ancient Bell","War Paint","Molten Egg 2","Old Coin","Strange Spoon","Shuriken","HandDrill","Lantern","Centennial Puzzle","Garlic","construct:BoolHorns","Brimstone","Lee\u0027s Waffle","Lizard Tail","HornCleat","Replay:Rubber Ducky","King of Hearts","Happy Flower","Tiny Chest","Frozen Egg 2","Ring of Chaos","Charon\u0027s Ashes","Bronze Scales","vexMod:TimeEaterHat","Regal Pillow","Toy Ornithopter","ClockworkSouvenir","ReplayTheSpireMod:Ring of Addiction","Ring of Fury","Potion Belt","White Beast Statue","Replay:Mystery Machine","Torii","Juzu Bracelet","Mummified Hand","vexMod:ScavengeHelm","Ice Cream","Onion Ring","conspire:Dentures","conspire:TreasureMap","Golden Egg"],"acts_visited":["Exordium","TheCity","TheBeyond"],"potions_floor_usage":[10,16,18,33,33,33,40,43,50,50],"damage_taken":[{"damage":11,"enemies":"2 Louse","floor":1,"turns":3},{"damage":0,"enemies":"Small Slimes","floor":5,"turns":2},{"damage":8,"enemies":"Lagavulin","floor":6,"turns":4},{"damage":0,"enemies":"Replay:BlueRogue","floor":8,"turns":2},{"damage":5,"enemies":"3 Sentries","floor":10,"turns":3},{"damage":0,"enemies":"Gremlin Nob","floor":13,"turns":2},{"damage":0,"enemies":"Slime Boss","floor":16,"turns":1},{"damage":0,"enemies":"Shell Parasite","floor":18,"turns":1},{"damage":0,"enemies":"3 Byrds","floor":21,"turns":1},{"damage":0,"enemies":"Gremlin Leader","floor":23,"turns":1},{"damage":0,"enemies":"conspire:Head Lice","floor":25,"turns":1},{"damage":0,"enemies":"Gremlin Leader","floor":29,"turns":2},{"damage":0,"enemies":"Slavers","floor":31,"turns":1},{"damage":0,"enemies":"Collector","floor":33,"turns":1},{"damage":0,"enemies":"3 Shapes","floor":35,"turns":1},{"damage":0,"enemies":"R_Hoarder","floor":40,"turns":1},{"damage":0,"enemies":"Nemesis","floor":44,"turns":1},{"damage":23,"enemies":"R_Hoarder","floor":48,"turns":2},{"damage":0,"enemies":"Donu and Deca","floor":50,"turns":1}],"seed_played":"3702924092644764585","potions_obtained":[{"floor":6,"key":"SteroidPotion"},{"floor":6,"key":"BloodPotion"},{"floor":10,"key":"AttackPotion"},{"floor":29,"key":"Strength Potion"},{"floor":31,"key":"SteroidPotion"},{"floor":33,"key":"PowerPotion"},{"floor":35,"key":"Adrenaline Potion"},{"floor":37,"key":"HeartOfIron"},{"floor":37,"key":"Reflective Coating"},{"floor":37,"key":"BloodPotion"},{"floor":40,"key":"Elixir"},{"floor":44,"key":"Adrenaline Potion"},{"floor":44,"key":"Strength Potion"},{"floor":44,"key":"AttackPotion"},{"floor":48,"key":"FearPotion"},{"floor":48,"key":"BlessingOfTheForge"}],"is_trial":false,"path_per_floor":["M","?","?","$","M","E","R","E","T","E","?","?","E","$","R","B",null,"M","?","$","M","$","E","R","E","T","?","$","E","?","E","R","B",null,"M","$","?","$","T","E","?","R","T","E","R","?","$","E","R","B",null],"character_chosen":"IRONCLAD","items_purchased":["vexMod:CardConverter","Ornamental Fan","Durian","TheAbacus","Flex","PowerPotion","Thunderclap","ReplayTheSpireMod:CursedCoin","Eternal Feather","ReplayTheSpireMod:TigerMarble","conspire:InfiniteJournal","Strange Spoon","Shuriken","HandDrill","Lantern","Centennial Puzzle","Garlic","construct:BoolHorns","Brimstone","Lee\u0027s Waffle","Lizard Tail","King of Hearts","Happy Flower","Charon\u0027s Ashes","Bronze Scales","vexMod:TimeEaterHat","Regal Pillow","Toy Ornithopter","ClockworkSouvenir","Replay:Mystery Machine","Torii","Juzu Bracelet","Clash+1","conspire:Dentures","conspire:TreasureMap","Flex"],"campfire_rested":0,"item_purchase_floors":[4,4,4,4,4,4,4,14,14,14,14,20,20,20,20,20,22,22,22,22,22,28,28,36,36,36,36,36,36,38,38,38,38,47,47,47],"current_hp_per_floor":[75,75,75,84,91,91,91,93,107,107,107,109,109,111,111,113,119,121,121,120,120,127,127,127,127,133,105,107,115,120,132,132,140,140,140,140,140,142,142,142,142,142,142,142,142,142,142,131,131,140],"gold":41,"neow_bonus":"RANDOM_COMMON_RELIC","is_daily":false,"chose_seed":false,"campfire_upgraded":7,"win_rate":0.0,"timestamp":1610516949,"path_taken":["M","?","?","$","?","E","R","E","T","E","?","?","E","$","R","BOSS","M","?","$","?","$","E","R","E","T","?","$","E","?","E","R","BOSS","M","?","?","$","?","E","?","R","T","E","R","?","$","E","R","BOSS"],"items_purchased_type":["Relic","Relic","Relic","Relic","Card","Potion","Card","Relic","Relic","Relic","Relic","Relic","Relic","Relic","Relic","Relic","Relic","Relic","Relic","Relic","Relic","Relic","Relic","Relic","Relic","Relic","Relic","Relic","Relic","Relic","Relic","Relic","Card","Relic","Relic","Card"],"build_version":"2020-12-22","purchased_purges":20,"victory":true,"max_hp_per_floor":[80,80,80,89,91,93,93,93,107,107,107,109,109,111,111,113,119,121,121,120,120,127,127,127,127,133,138,140,140,140,140,140,140,140,140,140,140,142,142,142,142,142,142,142,142,142,142,142,142,140],"card_choices":[{"not_picked":["Clothesline","ReplayTheSpireMod:Corrosion Curse","Wild Strike"],"picked":"SKIP","floor":1},{"not_picked":["Iron Wave","Carnage"],"picked":"Armaments","floor":5},{"not_picked":["Headbutt","Pommel Strike"],"picked":"Clash","floor":6},{"not_picked":["Anger","Cleave","Iron Wave"],"picked":"SKIP","floor":8},{"not_picked":["ReplayTheSpireMod:Limb From Limb","Disarm","Battle Trance","ReplayTheSpireMod:Strike From Hell"],"picked":"SKIP","floor":10},{"not_picked":["Berserk","Abandon","Bloodletting","Reckless Charge"],"picked":"SKIP","floor":13},{"not_picked":["Replay:Many Hands","Reaper","Eclipse"],"picked":"Exhume","floor":16},{"not_picked":["Spreading Infection","Hallucinations","Voices"],"picked":"Injury","floor":17},{"not_picked":["Languid","Pain","Spreading Infection"],"picked":"Doubt","floor":17},{"not_picked":["ReplayTheSpireMod:IOU","Looming Evil","Normality"],"picked":"conspire:Blindness","floor":17},{"not_picked":["Spot Weakness","True Grit","Bloodletting"],"picked":"Feed+1","floor":18},{"not_picked":["Warcry","Havoc","Flex","True Grit+1"],"picked":"SKIP","floor":21},{"not_picked":["True Grit","Dark Embrace","Warcry","Seeing Red"],"picked":"SKIP","floor":23},{"not_picked":["True Grit","Clash+1","Dropkick+1","Sword Boomerang+1"],"picked":"SKIP","floor":25},{"not_picked":["Flame Barrier","Immolate+1","Armaments","Fire Breathing"],"picked":"SKIP","floor":29},{"not_picked":["ReplayReversal","Defy Death","Shrug It Off+1","Iron Wave+1"],"picked":"SKIP","floor":31},{"not_picked":["Sword Boomerang+1","Thunderclap+1","Havoc+1","Dropkick+1"],"picked":"SKIP","floor":35},{"not_picked":["Carnage+1","Eclipse","Replay:Many Hands","Replay:Undeath\u0027s Touch+1"],"picked":"SKIP","floor":40},{"not_picked":["Evolve+1","Reaper+1","Infernal Blade+1","Twin Strike+1"],"picked":"SKIP","floor":44},{"not_picked":["Life Link+1","ReplayTheSpireMod:Stacked","Immolate+1","Pommel Strike+1"],"picked":"SKIP","floor":48}],"player_experience":66350,"relics_obtained":[{"floor":6,"key":"Snack Pack"},{"floor":8,"key":"Question Card"},{"floor":9,"key":"Mango"},{"floor":10,"key":"Unceasing Top"},{"floor":13,"key":"Sundial"},{"floor":23,"key":"HornCleat"},{"floor":25,"key":"Replay:Rubber Ducky"},{"floor":26,"key":"vexMod:BerryBomb"},{"floor":29,"key":"Tiny Chest"},{"floor":31,"key":"Frozen Egg 2"},{"floor":37,"key":"ReplayTheSpireMod:Ring of Addiction"},{"floor":37,"key":"Ring of Fury"},{"floor":37,"key":"Potion Belt"},{"floor":37,"key":"White Beast Statue"},{"floor":39,"key":"Mummified Hand"},{"floor":40,"key":"vexMod:ScavengeHelm"},{"floor":43,"key":"Ice Cream"},{"floor":44,"key":"Onion Ring"},{"floor":48,"key":"Golden Egg"}],"event_choices":[{"damage_healed":0,"gold_gain":175,"player_choice":"AGREE","damage_taken":0,"max_hp_gain":0,"max_hp_loss":0,"event_name":"Liars Game","floor":2,"gold_loss":0,"cards_obtained":["Doubt"]},{"cards_removed":["Doubt"],"damage_healed":0,"gold_gain":0,"player_choice":"Took Card","damage_taken":0,"max_hp_gain":0,"max_hp_loss":0,"event_name":"NoteForYourself","floor":3,"gold_loss":0,"cards_obtained":["Bash"]},{"damage_healed":0,"gold_gain":0,"player_choice":"Agree","damage_taken":0,"max_hp_gain":0,"max_hp_loss":0,"event_name":"conspire:LoneGhost","floor":11,"gold_loss":0},{"damage_healed":0,"gold_gain":0,"cards_transformed":["conspire:GhostlyStrike"],"player_choice":"Transformed","damage_taken":0,"max_hp_gain":0,"max_hp_loss":0,"event_name":"Transmorgrifier","floor":12,"gold_loss":0,"cards_obtained":["HandOfGreed"]},{"cards_removed":["conspire:Blindness"],"damage_healed":0,"gold_gain":0,"player_choice":"Purged","damage_taken":0,"max_hp_gain":0,"max_hp_loss":0,"event_name":"Purifier","floor":19,"gold_loss":0},{"damage_healed":0,"gold_gain":0,"player_choice":"Shed Blood","damage_taken":33,"max_hp_gain":5,"max_hp_loss":0,"event_name":"Forgotten Altar","floor":27,"gold_loss":0},{"cards_removed":["Flex"],"damage_healed":5,"gold_gain":0,"player_choice":"Offered Common","damage_taken":0,"max_hp_gain":0,"max_hp_loss":0,"event_name":"Bonfire Elementals","floor":30,"gold_loss":0},{"cards_removed":["Flex"],"damage_healed":5,"gold_gain":0,"player_choice":"Offered Special","damage_taken":0,"max_hp_gain":0,"max_hp_loss":0,"event_name":"Bonfire Elementals","floor":30,"gold_loss":0},{"cards_removed":["Clash"],"damage_healed":0,"gold_gain":0,"player_choice":"Removed Attack","damage_taken":0,"max_hp_gain":0,"max_hp_loss":0,"event_name":"Falling","floor":41,"gold_loss":0}],"is_beta":false,"boss_relics":[{"not_picked":["Replay:Wanted Poster","vexMod:RockOfEvil"],"picked":"Replay:Ancient Bell"},{"not_picked":["Blood Vial","vexMod:MemoryStick"],"picked":"War Paint"},{"not_picked":["construct:FoamFinger","vexMod:Dragonfruit"],"picked":"Molten Egg 2"},{"not_picked":["vexMod:RetaliationKit","Du-Vu Doll"],"picked":"Old Coin"},{"not_picked":["Runic Dome","ChewingGum"],"picked":"Ring of Chaos"}],"items_purged_floors":[4,4,4,4,4,4,4,4,14,14,14,14,14,14,20,20,20,20,20,28],"is_endless":false,"potions_floor_spawned":[6,6,6,8,10,10,10,13,16,18,18,21,23,25,25,29,29,31,33,33,35,40,40,40,44,44,44,44,48,48,48,48],"ascension_level":1}}