{"host":"daa8jqyg4gqfaysm","time":1610550496,"event":{"mods":["BaseMod","Colored Powertips","Minty Spire (QoL Compilation)","StSLib"],"gold_per_floor":[115,132,145,42,7,7,42,42,42,72,92,92,108,133,133,133,133],"floor_reached":16,"language":"ENG","playtime":515,"items_purged":["Strike_G"],"score":240,"play_id":"a2a0e75c-d702-4592-88a8-95902eb3bdee","local_time":"20210113230816","is_ascension_mode":true,"campfire_choices":[{"data":"Neutralize","floor":6,"key":"SMITH"},{"data":"Backstab","floor":8,"key":"SMITH"},{"floor":15,"key":"REST"}],"circlet_count":0,"master_deck":["AscendersBane","Strike_G","Strike_G","Strike_G","Strike_G","Defend_G","Defend_G","Defend_G","Defend_G","Defend_G","Survivor","Neutralize+1","Dagger Throw","Blade Dance","Dagger Throw","Poisoned Stab","Backstab+1","Terror","After Image","Dagger Spray"],"relics":["Ring of the Snake","The Specimen","Calipers","Smiling Mask","Sundial"],"acts_visited":["Exordium"],"potions_floor_usage":[10,14,16],"damage_taken":[{"damage":0,"enemies":"Cultist","floor":1,"turns":4},{"damage":1,"enemies":"2 Louse","floor":2,"turns":3},{"damage":4,"enemies":"Small Slimes","floor":3,"turns":3},{"damage":30,"enemies":"Lagavulin","floor":7,"turns":7},{"damage":15,"enemies":"3 Sentries","floor":10,"turns":6},{"damage":4,"enemies":"Blue Slaver","floor":11,"turns":4},{"damage":1,"enemies":"Red Slaver","floor":13,"turns":3},{"damage":8,"enemies":"Lagavulin","floor":14,"turns":4},{"damage":27,"enemies":"The Guardian","floor":16,"turns":12}],"seed_played":"5235507995755865314","potions_obtained":[{"floor":7,"key":"SteroidPotion"},{"floor":13,"key":"ColorlessPotion"},{"floor":14,"key":"SkillPotion"}],"is_trial":false,"path_per_floor":["M","M","M","$","?","R","E","R","T","E","M","?","M","E","R","B"],"character_chosen":"THE_SILENT","items_purchased":["Poisoned Stab"],"campfire_rested":1,"item_purchase_floors":[4],"current_hp_per_floor":[59,58,54,54,66,66,36,36,36,21,17,17,16,8,27,0,0],"gold":133,"neow_bonus":"THREE_CARDS","is_daily":false,"chose_seed":false,"campfire_upgraded":2,"win_rate":0.0,"timestamp":1610550496,"path_taken":["M","M","M","$","?","R","E","R","T","E","M","?","M","E","R","BOSS"],"items_purchased_type":["Card"],"build_version":"2020-12-22","purchased_purges":1,"victory":false,"max_hp_per_floor":[66,66,66,66,66,66,66,66,66,66,66,66,66,66,66,66,66],"card_choices":[{"not_picked":["Masterful Stab","Caltrops"],"picked":"Dagger Throw","floor":0},{"not_picked":["Slice","Deadly Poison"],"picked":"Blade Dance","floor":1},{"not_picked":["Expertise","Bane"],"picked":"Dagger Throw","floor":2},{"not_picked":["Deadly Poison","Backflip","Acrobatics"],"picked":"SKIP","floor":3},{"not_picked":["Endless Agony","PiercingWail"],"picked":"Backstab","floor":7},{"not_picked":["Blade Dance","All Out Attack"],"picked":"Terror","floor":10},{"not_picked":["Terror","Deadly Poison"],"picked":"After Image","floor":11},{"not_picked":["Heel Hook","Infinite Blades","Sucker Punch"],"picked":"SKIP","floor":13},{"not_picked":["Night Terror","Flying Knee"],"picked":"Dagger Spray","floor":14}],"player_experience":815519,"relics_obtained":[{"floor":7,"key":"The Specimen"},{"floor":9,"key":"Calipers"},{"floor":10,"key":"Smiling Mask"},{"floor":14,"key":"Sundial"}],"event_choices":[{"damage_healed":16,"gold_gain":0,"player_choice":"Healed","damage_taken":0,"max_hp_gain":0,"max_hp_loss":0,"event_name":"The Cleric","floor":5,"gold_loss":35},{"damage_healed":0,"gold_gain":0,"player_choice":"0 cards matched","damage_taken":0,"max_hp_gain":0,"max_hp_loss":0,"event_name":"Match and Keep!","floor":12,"gold_loss":0,"cards_obtained":[]}],"is_beta":false,"boss_relics":[],"items_purged_floors":[4],"is_endless":false,"potions_floor_spawned":[7,13,14],"killed_by":"The Guardian","ascension_level":20}}