{"host":"ordk2y2ebcetabk6","time":1610521565,"event":{"mods":["AlwaysNeverKeys","Astrologer","Bard","BaseMod","Better Debug","Colored Map","Colored Powertips","Dark Map","Hermit","Highlight Path","Minty Spire (QoL Compilation)","Permanent Neow","Rare Cards Sparkle","StSLib","The Todo","TheBandit","TheLocksmith","TheVelvet","Wandering Minibosses","Wide Potions","thorton"],"gold_per_floor":[130,142,165,28,41,41,66,66,66,66,81,101,101,128,128,178,178,178],"floor_reached":16,"language":"ENG","playtime":559,"items_purged":[],"score":102,"play_id":"e18f46f9-831d-4724-af47-bd4101793a8c","local_time":"20210113000605","is_ascension_mode":false,"campfire_choices":[{"data":"locksmith:StrengthDummy","floor":6,"key":"SMITH"},{"data":"locksmith:LockCrash","floor":8,"key":"SMITH"},{"data":"locksmith:ZaHando","floor":13,"key":"SMITH"},{"data":"locksmith:TrueEvil","floor":15,"key":"SMITH"}],"circlet_count":0,"master_deck":["locksmith:Strike","locksmith:Strike","locksmith:Strike","locksmith:Defend","locksmith:Defend","locksmith:Defend","locksmith:Defend","locksmith:KeyMove","locksmith:LockCrash+1","locksmith:StrengthDummy+1","locksmith:ShrapnelLock+1","locksmith:Keysmack","locksmith:LockBlock","locksmith:ZaHando+1","locksmith:TrueEvil+1"],"relics":["locksmith:FreeKey","MawBank","thethorton:BrokenCalculator","locksmith:Unlocker","Mango"],"acts_visited":["Exordium"],"potions_floor_usage":[7,16,16],"damage_taken":[{"damage":10,"enemies":"Cultist","floor":1,"turns":4},{"damage":5,"enemies":"2 Louse","floor":3,"turns":3},{"damage":0,"enemies":"Small Slimes","floor":5,"turns":2},{"damage":30,"enemies":"3 Sentries","floor":7,"turns":8},{"damage":2,"enemies":"2 Fungi Beasts","floor":11,"turns":3},{"damage":7,"enemies":"Blue Slaver","floor":12,"turns":4},{"damage":6,"enemies":"Large Slime","floor":14,"turns":6},{"damage":33,"enemies":"The Guardian","floor":16,"turns":6}],"seed_played":"-3426907867098989710","potions_obtained":[{"floor":5,"key":"Explosive Potion"},{"floor":7,"key":"Weak Potion"},{"floor":11,"key":"FearPotion"}],"is_trial":false,"path_per_floor":["M","?","M","$","M","R","E","R","T","?","M","M","R","M","R","B"],"character_chosen":"THE_LOCKSMITH","items_purchased":["thethorton:BrokenCalculator"],"campfire_rested":0,"item_purchase_floors":[4],"current_hp_per_floor":[69,69,64,64,64,64,34,34,48,48,46,39,39,33,33,0,0,0],"gold":178,"neow_bonus":"RANDOM_COMMON_RELIC","is_daily":false,"chose_seed":false,"campfire_upgraded":4,"win_rate":0.0,"timestamp":1610521565,"path_taken":["M","?","M","$","?","R","E","R","T","?","M","?","R","M","R","BOSS"],"items_purchased_type":["Relic"],"build_version":"2020-12-22","purchased_purges":0,"victory":false,"max_hp_per_floor":[79,79,79,79,79,79,79,79,93,93,93,93,93,93,93,93,93,93],"card_choices":[{"not_picked":["locksmith:Prep","locksmith:PuppetGuard"],"picked":"locksmith:StrengthDummy","floor":1},{"not_picked":["locksmith:PuppetGuard","locksmith:Capitalize"],"picked":"locksmith:ShrapnelLock","floor":3},{"not_picked":["locksmith:ExplodingDummy","locksmith:Exploit"],"picked":"locksmith:Keysmack","floor":5},{"not_picked":["locksmith:Prep","locksmith:DDummy","locksmith:Curse"],"picked":"SKIP","floor":7},{"not_picked":["locksmith:KeychainRain","locksmith:Capitalize"],"picked":"locksmith:LockBlock","floor":11},{"not_picked":["locksmith:Capitalize","locksmith:LockBlock"],"picked":"locksmith:ZaHando","floor":12},{"not_picked":["locksmith:KeychainRain","locksmith:BuriedCurse"],"picked":"locksmith:TrueEvil","floor":14}],"player_experience":1147830,"relics_obtained":[{"floor":7,"key":"locksmith:Unlocker"},{"floor":9,"key":"Mango"}],"event_choices":[{"cards_removed":["locksmith:Strike"],"damage_healed":0,"gold_gain":0,"player_choice":"Offered Basic","damage_taken":0,"max_hp_gain":0,"max_hp_loss":0,"event_name":"Bonfire Elementals","floor":2,"gold_loss":0},{"damage_healed":0,"gold_gain":0,"player_choice":"Forge","damage_taken":0,"max_hp_gain":0,"max_hp_loss":0,"event_name":"Accursed Blacksmith","floor":10,"gold_loss":0,"cards_upgraded":["locksmith:ShrapnelLock"]}],"is_beta":false,"boss_relics":[],"items_purged_floors":[],"is_endless":false,"potions_floor_spawned":[5,7,11],"killed_by":"The Guardian","ascension_level":0}}