{"host":"bbdwwpc15nggbv3k","time":1610539402,"event":{"mods":["AchievementEnabler","Aspiration","BaseMod","BetterRewards","Colored Map","Colored Powertips","Conspire","Hermit","Hubris","Minty Spire (QoL Compilation)","StSLib","The Jungle"],"gold_per_floor":[113,113,288,304,20,37,37,37,37,61,86,124,124,148,148,272,272,293,293,293,293,313,313,313,313],"floor_reached":24,"language":"ENG","playtime":598,"items_purged":[],"score":246,"play_id":"7ef87b9b-3cb8-4dd8-8ff7-f6c4ba470cc5","local_time":"20210113120322","is_ascension_mode":false,"campfire_choices":[{"data":"Inflame","floor":7,"key":"SMITH"},{"floor":13,"key":"REST"},{"floor":15,"key":"REST"},{"floor":23,"key":"REST"}],"circlet_count":0,"master_deck":["Strike_R","Strike_R","Strike_R+1","Strike_R","Strike_R","Defend_R","Defend_R","Defend_R","Defend_R+1","Bash","Flex","Hemokinesis","Rupture","Doubt","Inflame","Panacea","Inflame+1","Spot Weakness","Bloodletting","Whirlwind","Thunderclap","Flex+1","Armaments"],"relics":["Burning Blood","MealTicket","Golden Idol","hubris:OldNail","hubris:ToyBattleship","conspire:SpecialSausage"],"acts_visited":["Exordium","TheCity"],"potions_floor_usage":[10,11,16,24],"damage_taken":[{"damage":13,"enemies":"Jaw Worm","floor":1,"turns":3},{"damage":11,"enemies":"2 Louse","floor":4,"turns":3},{"damage":2,"enemies":"Small Slimes","floor":6,"turns":3},{"damage":5,"enemies":"Exordium Wildlife","floor":10,"turns":4},{"damage":0,"enemies":"3 Louse","floor":11,"turns":2},{"damage":25,"enemies":"3 Sentries","floor":12,"turns":7},{"damage":11,"enemies":"Lots of Slimes","floor":14,"turns":2},{"damage":7,"enemies":"Slime Boss","floor":16,"turns":6},{"damage":4,"enemies":"Chosen","floor":18,"turns":4},{"damage":42,"enemies":"2 Thieves","floor":22,"turns":4},{"damage":88,"enemies":"Book of Stabbing","floor":24,"turns":5}],"seed_played":"342738105081654004","potions_obtained":[{"floor":6,"key":"LiquidBronze"},{"floor":10,"key":"Explosive Potion"},{"floor":14,"key":"FearPotion"},{"floor":22,"key":"SkillPotion"}],"is_trial":false,"path_per_floor":["M","?","?","M","$","M","R","?","T","M","M","E","R","M","R","B",null,"M","?","?","?","M","R","E"],"character_chosen":"IRONCLAD","items_purchased":["Flex","Hemokinesis","Panacea","Inflame","MealTicket"],"campfire_rested":3,"item_purchase_floors":[0,0,5,5,5],"current_hp_per_floor":[73,57,57,52,52,56,56,36,36,37,43,24,48,43,67,66,80,80,80,80,80,44,68,0,0],"gold":313,"neow_bonus":"","is_daily":false,"chose_seed":false,"campfire_upgraded":1,"win_rate":0.0,"timestamp":1610539402,"path_taken":["M","?","?","M","$","M","R","?","T","?","M","E","R","M","R","BOSS","M","?","?","?","?","R","E"],"items_purchased_type":["Card","Card","Card","Card","Relic"],"build_version":"2020-12-22","purchased_purges":0,"victory":false,"max_hp_per_floor":[80,80,80,80,80,80,80,80,80,80,80,80,80,80,80,80,80,80,80,80,80,80,80,80,80],"card_choices":[{"not_picked":["Hemokinesis","Cleave"],"picked":"Rupture","floor":1},{"not_picked":["Armaments","Heavy Blade"],"picked":"Inflame","floor":4},{"not_picked":["Twin Strike","Pommel Strike"],"picked":"Spot Weakness","floor":6},{"not_picked":["Clothesline","Combust"],"picked":"Bloodletting","floor":10},{"not_picked":["True Grit","Carnage"],"picked":"Whirlwind","floor":11},{"not_picked":["Impervious","Uppercut","Shrug It Off"],"picked":"SKIP","floor":12},{"not_picked":["Clash","Flame Barrier"],"picked":"Thunderclap","floor":14},{"not_picked":["Twin Strike","Body Slam"],"picked":"Flex+1","floor":18},{"not_picked":["Sword Boomerang","Clash+1"],"picked":"Armaments","floor":22}],"player_experience":4066,"relics_obtained":[{"floor":9,"key":"hubris:OldNail"},{"floor":12,"key":"hubris:ToyBattleship"}],"event_choices":[{"damage_healed":0,"gold_gain":0,"player_choice":"Entered Light","damage_taken":16,"max_hp_gain":0,"max_hp_loss":0,"event_name":"Shining Light","floor":2,"gold_loss":0,"cards_upgraded":["Strike_R","Defend_R"]},{"damage_healed":0,"gold_gain":175,"player_choice":"AGREE","damage_taken":0,"max_hp_gain":0,"max_hp_loss":0,"event_name":"Liars Game","floor":3,"gold_loss":0,"cards_obtained":["Doubt"]},{"damage_healed":0,"gold_gain":0,"player_choice":"Take Damage","damage_taken":20,"relics_obtained":["Golden Idol"],"max_hp_gain":0,"max_hp_loss":0,"event_name":"Golden Idol","floor":8,"gold_loss":0},{"damage_healed":0,"gold_gain":0,"player_choice":"Ignored","damage_taken":0,"max_hp_gain":0,"max_hp_loss":0,"event_name":"Vampires","floor":19,"gold_loss":0},{"damage_healed":0,"gold_gain":0,"player_choice":"Leave","damage_taken":0,"max_hp_gain":0,"max_hp_loss":0,"event_name":"conspire:Investor","floor":21,"gold_loss":0}],"is_beta":false,"boss_relics":[{"not_picked":["aspiration:SilentSkillbook","hubris:ScarierMask"],"picked":"conspire:SpecialSausage"}],"items_purged_floors":[],"is_endless":false,"potions_floor_spawned":[6,10,14,22],"killed_by":"Book of Stabbing","ascension_level":0}}