{"host":"jqa9y4qkalbx8qgz","time":1610497140,"event":{"mods":["BaseMod","Bestiary","BetterRewards","CCEM","Downfall","Minty Spire (QoL Compilation)","Permanent Neow","Relic Stats","Replay The Spire","StSLib","The Alterego","Wandering Minibosses"],"gold_per_floor":[99,116,133,38,54,54,106,134,59,77,91,16,29,29,49,151,151,151,167,7,27,27,46,100,131,38,55,55,155,155,183,213,328,340,277,304,329,387,57,88,88,107,107,107,107],"floor_reached":43,"language":"ENG","playtime":8464,"items_purged":["Guardian:Strike_Guardian","Guardian:Defend_Guardian"],"score":605,"play_id":"11be0abc-6f96-4789-929f-c5be792f8ee8","local_time":"20210113031900","is_ascension_mode":true,"campfire_choices":[{"data":"Guardian:TwinSlam","floor":1.0,"key":"SMITH"},{"data":"Guardian:PiercingHide","floor":6.0,"key":"SMITH"},{"floor":9.0,"key":"RECALL"},{"data":"Guardian:CurlUp","floor":12.0,"key":"SMITH"},{"data":"Guardian:ShieldSpikes","floor":18.0,"key":"SMITH"},{"data":"Guardian:BaubleBeam","floor":28.0,"key":"SMITH"},{"data":"Guardian:Planning","floor":35.0,"key":"SMITH"}],"circlet_count":0,"master_deck":["Guardian:Defend_Guardian","Guardian:Defend_Guardian","Guardian:CurlUp+1","Guardian:TwinSlam+1","Guardian:PiercingHide+1","Guardian:ShieldSpikes+1","Guardian:FloatingOrbs","Guardian:GemFinder","Guardian:FloatingOrbs","Guardian:SpikerProtocol","Guardian:Planning+1","Guardian:BaubleBeam+1","Guardian:Repulse","Guardian:Orbwalk+1","Guardian:Clone+1","Guardian:Incinerate","Guardian:Gem_Synthetic","Guardian:ShieldSpikes+1","Guardian:DecasProtection+1","Guardian:FloatingOrbs","expansioncontent:ManipulateTime","Guardian:ChargeUp+1","Guardian:BaubleBeam+1","Guardian:SphericShield","Guardian:ArmoredProtocol+1"],"relics":["Guardian:ModeShifter","Blood Vial","Blue Doll","downfall:HeartBlessingGreen","downfall:HeartBlessingRed","downfall:ShatteredFragment","Replay:Drink Me","Pondfish Scales","Replay:Wax Seal","MawBank","Snecko Eye","downfall:HeartBlessingBlue","Mango","Replay:Kaleidoscope","DollysMirror","Toy Ornithopter","Bag of Preparation"],"acts_visited":["Exordium","TheCity","TheBeyond"],"potions_floor_usage":[43,43,43],"damage_taken":[{"damage":3.0,"enemies":"2 Louse","floor":2.0,"turns":3.0},{"damage":1.0,"enemies":"Jaw Worm","floor":3.0,"turns":4.0},{"damage":0.0,"enemies":"downfall:FleeingMerchant","floor":4.0,"turns":4.0},{"damage":0.0,"enemies":"Small Slimes","floor":5.0,"turns":4.0},{"damage":12.0,"enemies":"3 Sentries","floor":8.0,"turns":9.0},{"damage":4.0,"enemies":"Large Slime","floor":10.0,"turns":4.0},{"damage":6.0,"enemies":"Red Slaver","floor":11.0,"turns":5.0},{"damage":1.0,"enemies":"Blue Slaver","floor":13.0,"turns":4.0},{"damage":0.0,"enemies":"Lots of Slimes","floor":15.0,"turns":4.0},{"damage":0.0,"enemies":"downfall:Watcher","floor":16.0,"turns":6.0},{"damage":0.0,"enemies":"3 Byrds","floor":19.0,"turns":4.0},{"damage":0.0,"enemies":"downfall:FleeingMerchant","floor":20.0,"turns":4.0},{"damage":11.0,"enemies":"Snake Plant","floor":21.0,"turns":3.0},{"damage":0.0,"enemies":"Chosen and Byrds","floor":23.0,"turns":4.0},{"damage":20.0,"enemies":"Gremlin Leader","floor":25.0,"turns":6.0},{"damage":0.0,"enemies":"downfall:FleeingMerchant","floor":26.0,"turns":4.0},{"damage":18.0,"enemies":"Snecko","floor":27.0,"turns":6.0},{"damage":0.0,"enemies":"Sentry and Sphere","floor":30.0,"turns":4.0},{"damage":0.0,"enemies":"Book of Stabbing","floor":31.0,"turns":4.0},{"damage":0.0,"enemies":"Centurion and Healer","floor":32.0,"turns":4.0},{"damage":3.0,"enemies":"downfall:Defect","floor":33.0,"turns":6.0},{"damage":0.0,"enemies":"Orb Walker","floor":36.0,"turns":3.0},{"damage":0.0,"enemies":"3 Shapes","floor":37.0,"turns":5.0},{"damage":46.0,"enemies":"2 Orb Walkers","floor":38.0,"turns":6.0},{"damage":0.0,"enemies":"downfall:FleeingMerchant","floor":39.0,"turns":3.0},{"damage":15.0,"enemies":"Nemesis","floor":40.0,"turns":7.0},{"damage":0.0,"enemies":"Transient","floor":42.0,"turns":5.0},{"damage":55,"enemies":"Reptomancer","floor":43,"turns":2}],"seed_played":"3062964893081229973","potions_obtained":[{"floor":5.0,"key":"FairyPotion"},{"floor":8.0,"key":"Venom Potion"},{"floor":10.0,"key":"Swift Potion"},{"floor":11.0,"key":"Dexterity Potion"},{"floor":42.0,"key":"Guardian:AcceleratePotion"}],"is_trial":false,"path_per_floor":["R","M","M","$","M","R","T","E","R","M","M","R","M","?","M","B",null,"R","M","$","M","?","M","T","E","$","M","R","?","M","E","M","B",null,"R","M","M","?","$","E","T","M","E"],"character_chosen":"GUARDIAN","items_purchased":["Guardian:FloatingOrbs","Guardian:Repulse","Replay:Wax Seal","expansioncontent:ManipulateTime","Guardian:ChargeUp+1","Replay:Kaleidoscope","DollysMirror"],"campfire_rested":0,"item_purchase_floors":[4,20,26,39,39,39,39],"current_hp_per_floor":[80,77,76,76,76,76,76,66,66,64,60,60,61,37,39,41,60,60,60,60,49,49,51,51,33,35,19,19,19,21,23,25,24,60,70,70,70,38,40,27,27,29,0,0,0],"gold":107,"neow_bonus":"ONE_RANDOM_RARE_CARD","is_daily":false,"chose_seed":false,"campfire_upgraded":6,"win_rate":0.0,"timestamp":1610497140,"path_taken":["R","M","M","$","M","R","T","E","R","M","M","R","M","?","M","BOSS","R","M","$","M","?","M","T","E","$","M","R","?","?","E","M","BOSS","R","M","M","?","$","E","T","M","E"],"items_purchased_type":["Card","Card","Relic","Card","Card","Relic","Relic"],"build_version":"2020-12-22","purchased_purges":2,"victory":false,"max_hp_per_floor":[80,80,80,80,80,80,80,80,80,80,80,80,80,80,80,80,60,60,60,60,60,60,60,60,60,60,60,60,60,60,60,60,60,60,70,70,70,84,84,84,84,84,84,84,84],"relic_stats":{"Blood Vial":36,"counters":[28,127],"Snecko Eye":[52,49,62,57],"Bag of Preparation":[2],"MawBank":96,"obtain_stats":[{"downfall:ShatteredFragment":14,"downfall:HeartBlessingRed":12,"Guardian:ModeShifter":0,"Blue Doll":8,"downfall:HeartBlessingGreen":9,"Mango":38,"Bag of Preparation":41,"Replay:Kaleidoscope":39,"MawBank":31,"Blood Vial":7,"Pondfish Scales":25,"downfall:HeartBlessingBlue":35,"DollysMirror":39,"Snecko Eye":34,"Replay:Wax Seal":26,"Replay:Drink Me":17,"Toy Ornithopter":40},{"downfall:ShatteredFragment":8,"downfall:HeartBlessingRed":7,"Guardian:ModeShifter":0,"Blue Doll":5,"downfall:HeartBlessingGreen":5,"Mango":24,"Bag of Preparation":26,"Replay:Kaleidoscope":25,"MawBank":19,"Blood Vial":4,"Pondfish Scales":15,"downfall:HeartBlessingBlue":21,"DollysMirror":25,"Snecko Eye":21,"Replay:Wax Seal":16,"Replay:Drink Me":10,"Toy Ornithopter":26},{"downfall:ShatteredFragment":37,"downfall:HeartBlessingRed":33,"Guardian:ModeShifter":0,"Blue Doll":24,"downfall:HeartBlessingGreen":24,"Mango":110,"Bag of Preparation":120,"Replay:Kaleidoscope":113,"MawBank":86,"Blood Vial":15,"Pondfish Scales":68,"downfall:HeartBlessingBlue":96,"DollysMirror":113,"Snecko Eye":96,"Replay:Wax Seal":72,"Replay:Drink Me":47,"Toy Ornithopter":120}],"Toy Ornithopter":15},"card_choices":[{"not_picked":["Guardian:WalkerClaw","Guardian:RollAttack"],"picked":"Guardian:PiercingHide","floor":2.0},{"not_picked":["Guardian:TemporalStrike","Guardian:SpikerProtocol"],"picked":"Guardian:ShieldSpikes","floor":3.0},{"not_picked":["Guardian:PrismaticBarrier","Guardian:PrismaticBeam","Guardian:TemporalShield"],"picked":"SKIP","floor":4.0},{"not_picked":["Guardian:Gem_Fragmented","Guardian:Reroute"],"picked":"Guardian:Gem_Red","floor":5.0},{"not_picked":["Guardian:Gem_Green","Guardian:Gem_Fragmented"],"picked":"Guardian:GemFinder","floor":8.0},{"not_picked":["Guardian:ArmoredProtocol","Guardian:TemporalShield"],"picked":"Guardian:FloatingOrbs","floor":10.0},{"not_picked":["Guardian:Gem_Red","Guardian:Gem_Green"],"picked":"Guardian:Gem_Lightblue","floor":10.0},{"not_picked":["Guardian:ChargeUp","Guardian:PrimingBeam"],"picked":"Guardian:SpikerProtocol","floor":11.0},{"not_picked":["Guardian:Gem_Red","Guardian:Gem_Green"],"picked":"Guardian:Gem_Lightblue","floor":13.0},{"not_picked":["Guardian:PrismaticBarrier","Guardian:WalkerClaw"],"picked":"Guardian:Gem_Fragmented","floor":13.0},{"not_picked":["Guardian:RollAttack","Guardian:ShieldCharger"],"picked":"Guardian:Planning","floor":15.0},{"not_picked":["Guardian:ExploitGems","Guardian:ConstructionForm"],"picked":"Guardian:BaubleBeam","floor":16.0},{"not_picked":["Guardian:PrismaticBarrier+1","Guardian:ShieldCharger"],"picked":"Guardian:Gem_Purple","floor":19.0},{"not_picked":["Guardian:FierceBash","Guardian:Reroute"],"picked":"Guardian:Gem_Crimson","floor":20.0},{"not_picked":["Guardian:ShieldCharger","Guardian:Planning"],"picked":"Guardian:Orbwalk+1","floor":21.0},{"not_picked":["Guardian:Planning","Guardian:ChargeUp"],"picked":"Guardian:Clone+1","floor":23.0},{"not_picked":["Guardian:Gem_Lightblue","Guardian:Gem_Green"],"picked":"Guardian:Gem_Cyan","floor":25.0},{"not_picked":["Guardian:Gem_Red","Guardian:Gem_Fragmented","Guardian:FloatingOrbs+1"],"picked":"SKIP","floor":25.0},{"not_picked":["Guardian:TemporalStrike","Guardian:GemFinder"],"picked":"Guardian:Incinerate","floor":26.0},{"not_picked":["Guardian:TimeBomb","Guardian:TimeCapacitor","Guardian:TemporalStrike+1"],"picked":"SKIP","floor":27.0},{"not_picked":["Guardian:Gem_Lightblue","Guardian:RefractedBeam+1","Guardian:ChargeCore+1"],"picked":"SKIP","floor":30.0},{"not_picked":["Guardian:Emergency+1","Guardian:TemporalStrike","Guardian:GuardianWhirl"],"picked":"SKIP","floor":31.0},{"not_picked":["Guardian:Planning+1","Guardian:SpikerProtocol","Guardian:RefractedBeam+1"],"picked":"SKIP","floor":32.0},{"not_picked":["Guardian:ConstructionForm","Guardian:TimeSifter"],"picked":"Guardian:Gem_Synthetic","floor":33.0},{"not_picked":["Guardian:Incinerate+1","Guardian:PrismaticBarrier","Guardian:VentSteam"],"picked":"SKIP","floor":36.0},{"not_picked":["Guardian:TimeBomb+1","Guardian:PrimingBeam+1"],"picked":"Guardian:ShieldSpikes+1","floor":37.0},{"not_picked":["Guardian:Incinerate","Guardian:Gem_Red"],"picked":"Guardian:DecasProtection+1","floor":38.0},{"not_picked":["Guardian:Planning","Guardian:Gem_Yellow"],"picked":"Guardian:FloatingOrbs","floor":39.0},{"not_picked":["Guardian:BronzeOrb+1","Guardian:Gem_Synthetic"],"picked":"Guardian:SphericShield","floor":40.0},{"not_picked":["Guardian:Recover","Guardian:ChargeCore"],"picked":"Guardian:ArmoredProtocol+1","floor":42.0}],"player_experience":281149,"relics_obtained":[{"floor":7.0,"key":"Blood Vial"},{"floor":8.0,"key":"Blue Doll"},{"floor":25.0,"key":"Pondfish Scales"},{"floor":31.0,"key":"MawBank"},{"floor":38.0,"key":"Mango"},{"floor":40.0,"key":"Toy Ornithopter"},{"floor":41.0,"key":"Bag of Preparation"}],"event_choices":[{"damage_healed":0.0,"max_hp_gain":0.0,"max_hp_loss":0.0,"gold_gain":0.0,"event_name":"Mysterious Sphere","player_choice":"Fight","floor":38.0,"gold_loss":0.0,"damage_taken":0.0}],"is_beta":false,"boss_relics":[{"not_picked":["Guardian:ModeShifterPlus","Kintsugi"],"picked":"Replay:Drink Me"},{"not_picked":["Coffee Dripper","Painkiller Herb"],"picked":"Snecko Eye"}],"items_purged_floors":[20,39],"is_endless":false,"potions_floor_spawned":[5,8,10,11,16,19,23,25,30,33,37,40,42],"killed_by":"Reptomancer","ascension_level":1}}