{"host":"y193d0agu1dp5x1y","time":1610515008,"event":{"mods":["BaseMod","Googly Eyes","Minty Spire (QoL Compilation)"],"gold_per_floor":[116,133,133,113,130,130,141,157,180,180,197,208,220,234,234,234,234],"floor_reached":16,"language":"ENG","playtime":634,"items_purged":[],"score":98,"play_id":"0cb3be4b-fc4d-470c-82d0-f1dc44f8e1d4","local_time":"20210112231648","is_ascension_mode":false,"campfire_choices":[{"data":"Loop","floor":6,"key":"SMITH"},{"data":"Zap","floor":15,"key":"SMITH"}],"circlet_count":0,"master_deck":["Strike_B","Strike_B","Strike_B","Strike_B","Defend_B","Defend_B","Defend_B","Defend_B","Zap+1","Conserve Battery","BootSequence","Loop+1","Ball Lightning","FTL","Writhe","Beam Cell","Ball Lightning","Steam"],"relics":["Cursed Key","MealTicket"],"acts_visited":["Exordium"],"potions_floor_usage":[10],"damage_taken":[{"damage":0,"enemies":"2 Louse","floor":1,"turns":3},{"damage":2,"enemies":"Small Slimes","floor":2,"turns":3},{"damage":0,"enemies":"Cultist","floor":5,"turns":4},{"damage":9,"enemies":"Exordium Wildlife","floor":7,"turns":5},{"damage":20,"enemies":"Gremlin Gang","floor":8,"turns":5},{"damage":1,"enemies":"Exordium Thugs","floor":11,"turns":4},{"damage":0,"enemies":"Red Slaver","floor":12,"turns":3},{"damage":19,"enemies":"Gremlin Gang","floor":13,"turns":5},{"damage":1,"enemies":"Exordium Thugs","floor":14,"turns":4},{"damage":32,"enemies":"Slime Boss","floor":16,"turns":5}],"seed_played":"-6971663839198340471","potions_obtained":[{"floor":2,"key":"SpeedPotion"},{"floor":4,"key":"CultistPotion"},{"floor":7,"key":"EssenceOfSteel"},{"floor":10,"key":"Fruit Juice"},{"floor":10,"key":"ColorlessPotion"},{"floor":14,"key":"PotionOfCapacity"}],"is_trial":false,"path_per_floor":["M","M","?","?","M","R","M","M","T","?","M","M","M","M","R","B"],"character_chosen":"DEFECT","items_purchased":[],"campfire_rested":0,"item_purchase_floors":[],"current_hp_per_floor":[75,73,66,66,66,66,57,37,37,42,41,41,22,21,21,0,0],"gold":234,"neow_bonus":"BOSS_RELIC","is_daily":false,"chose_seed":false,"campfire_upgraded":2,"win_rate":0.0,"timestamp":1610515008,"path_taken":["M","M","?","?","M","R","M","?","T","?","M","M","M","M","R","BOSS"],"items_purchased_type":[],"build_version":"2020-12-22","purchased_purges":0,"victory":false,"max_hp_per_floor":[75,75,75,75,75,75,75,75,75,80,80,80,80,80,80,80,80],"card_choices":[{"not_picked":["Barrage","Auto Shields"],"picked":"Conserve Battery","floor":1},{"not_picked":["Streamline","Ball Lightning"],"picked":"BootSequence","floor":2},{"not_picked":["Force Field","Steam"],"picked":"Loop","floor":5},{"not_picked":["Doom and Gloom","Cold Snap"],"picked":"Ball Lightning","floor":7},{"not_picked":["Undo","Coolheaded"],"picked":"FTL","floor":8},{"not_picked":["Rip and Tear","Barrage"],"picked":"Beam Cell","floor":11},{"not_picked":["Echo Form","Compile Driver"],"picked":"Ball Lightning","floor":12},{"not_picked":["Gash","Force Field"],"picked":"Steam","floor":13},{"not_picked":["Melter","Cold Snap","Compile Driver"],"picked":"SKIP","floor":14}],"player_experience":68422,"relics_obtained":[{"floor":9,"key":"MealTicket"}],"event_choices":[{"cards_removed":["Dualcast"],"damage_healed":0,"gold_gain":0,"player_choice":"Card Removal","damage_taken":7,"max_hp_gain":0,"max_hp_loss":0,"event_name":"Golden Wing","floor":3,"gold_loss":0},{"damage_healed":0,"gold_gain":0,"player_choice":"Bought 1 Potion","damage_taken":0,"max_hp_gain":0,"max_hp_loss":0,"event_name":"The Woman in Blue","floor":4,"gold_loss":0},{"damage_healed":0,"gold_gain":0,"player_choice":"Got Potions","damage_taken":0,"max_hp_gain":0,"max_hp_loss":0,"event_name":"Lab","floor":10,"gold_loss":0}],"is_beta":false,"boss_relics":[],"items_purged_floors":[],"is_endless":false,"potions_floor_spawned":[2,7,12,14],"killed_by":"Slime Boss","ascension_level":0}}