{"host":"ii5w5xfjx95sugaa","time":1610539741,"event":{"mods":["BaseMod","Minty Spire (QoL Compilation)","Quick Restart","SOS（斯巴达之子）","StSLib","The Bladedancer"],"gold_per_floor":[112,287,237,237,237,264,264,26,80,80,80,152,182,199,199,199,199],"floor_reached":16,"language":"ZHS","playtime":275,"items_purged":[],"score":179,"play_id":"103f8711-71c6-4d08-865a-04949a0b4710","local_time":"20210113200901","is_ascension_mode":false,"campfire_choices":[{"floor":7,"key":"REST"},{"data":"Shrug It Off","floor":11,"key":"SMITH"},{"data":"Cleave","floor":15,"key":"SMITH"}],"circlet_count":0,"master_deck":["Strike_R","Strike_R","Strike_R","Strike_R","Strike_R+1","Defend_R+1","Defend_R+1","Defend_R","Defend_R+1","Bash","Shrug It Off+1","Cleave+1"],"relics":["Burning Blood","NeowsBlessing","Mango","Lantern","Matryoshka","Orichalcum","War Paint","Kunai","Pear","Smiling Mask"],"acts_visited":["Exordium"],"potions_floor_usage":[],"damage_taken":[{"damage":0,"enemies":"2 Louse","floor":1,"turns":1},{"damage":0,"enemies":"Lagavulin","floor":6,"turns":1},{"damage":0,"enemies":"Gremlin Nob","floor":13,"turns":1},{"damage":1,"enemies":"Small Slimes","floor":14,"turns":3},{"damage":0,"enemies":"Hexaghost","floor":16,"turns":2}],"seed_played":"-3162619805805259227","potions_obtained":[{"floor":13,"key":"ElixirPotion"},{"floor":14,"key":"SpeedPotion"}],"is_trial":false,"path_per_floor":["M","?","?","?","?","E","R","$","T","?","R","T","E","M","R","B"],"character_chosen":"IRONCLAD","items_purchased":["Matryoshka"],"campfire_rested":1,"item_purchase_floors":[8],"current_hp_per_floor":[80,80,80,69,50,56,84,84,84,84,84,94,100,104,104,104,104],"gold":199,"neow_bonus":"THREE_ENEMY_KILL","is_daily":false,"chose_seed":false,"campfire_upgraded":2,"win_rate":0.0,"timestamp":1610539741,"path_taken":["M","?","?","?","?","E","R","$","T","?","R","?","E","M","R","BOSS"],"items_purchased_type":["Relic"],"build_version":"2020-12-22","purchased_purges":0,"victory":false,"max_hp_per_floor":[80,80,80,94,94,94,94,94,94,94,94,104,104,104,104,104,104],"card_choices":[{"not_picked":["Pommel Strike","Wild Strike"],"picked":"Shrug It Off","floor":1},{"not_picked":["Immolate","Warcry"],"picked":"Cleave","floor":6},{"not_picked":["Wild Strike","Heavy Blade","Second Wind"],"picked":"SKIP","floor":13},{"not_picked":["Rupture","Carnage","Warcry"],"picked":"SKIP","floor":14}],"player_experience":103522,"relics_obtained":[{"floor":6,"key":"Lantern"},{"floor":9,"key":"Orichalcum"},{"floor":9,"key":"War Paint"},{"floor":12,"key":"Kunai"},{"floor":12,"key":"Pear"},{"floor":13,"key":"Smiling Mask"}],"event_choices":[{"damage_healed":0,"gold_gain":175,"player_choice":"AGREE","damage_taken":0,"max_hp_gain":0,"max_hp_loss":0,"event_name":"Liars Game","floor":2,"gold_loss":0,"cards_obtained":["Doubt"]},{"cards_removed":["Doubt"],"damage_healed":0,"gold_gain":0,"player_choice":"Card Removal","damage_taken":0,"max_hp_gain":0,"max_hp_loss":0,"event_name":"The Cleric","floor":3,"gold_loss":50},{"damage_healed":0,"gold_gain":0,"player_choice":"Success","damage_taken":25,"relics_obtained":["Mango"],"max_hp_gain":0,"max_hp_loss":0,"event_name":"Scrap Ooze","floor":4,"gold_loss":0},{"damage_healed":0,"gold_gain":0,"player_choice":"Entered Light","damage_taken":19,"max_hp_gain":0,"max_hp_loss":0,"event_name":"Shining Light","floor":5,"gold_loss":0,"cards_upgraded":["Defend_R","Strike_R"]},{"damage_healed":0,"gold_gain":0,"player_choice":"Searched \u00270\u0027 times","damage_taken":0,"max_hp_gain":0,"max_hp_loss":0,"event_name":"Dead Adventurer","floor":10,"gold_loss":0}],"is_beta":false,"boss_relics":[],"items_purged_floors":[],"is_endless":false,"potions_floor_spawned":[13,14],"killed_by":"Hexaghost","ascension_level":0}}