{"host":"9709z2dy8v1s63sm","time":1610518695,"event":{"mods":["AchievementEnabler","BaseMod","Minty Spire (QoL Compilation)","StSLib","SuperFastMode"],"gold_per_floor":[117,130,130,149,166,166,166,496,496,496,511,511,522,532,532,635,635,655,673,588,299,299,334,234,234,234],"floor_reached":25,"playtime":1488,"items_purged":["Strike_R","Strike_R"],"score":347,"play_id":"e3f5f453-c153-414f-bdfe-1e95a3ea86f1","local_time":"20210113151815","is_ascension_mode":true,"campfire_choices":[{"data":"Bash","floor":7.0,"key":"SMITH"},{"data":"Entrench","floor":12.0,"key":"SMITH"},{"data":"Barricade","floor":15.0,"key":"SMITH"}],"circlet_count":0,"master_deck":["Strike_R","Strike_R+1","Defend_R","Defend_R","Defend_R","Bash+1","Finesse","Shrug It Off+1","Barricade+1","Entrench+1","Shrug It Off","Juggernaut","Body Slam+1","Power Through"],"relics":["Burning Blood","Old Coin","Champion Belt","Coffee Dripper","Ice Cream","Art of War","Shovel","Orichalcum"],"acts_visited":["Exordium","TheCity"],"potions_floor_usage":[],"damage_taken":[{"damage":6.0,"enemies":"2 Louse","floor":1.0,"turns":3.0},{"damage":7.0,"enemies":"Small Slimes","floor":2.0,"turns":4.0},{"damage":4.0,"enemies":"Cultist","floor":4.0,"turns":4.0},{"damage":7.0,"enemies":"2 Fungi Beasts","floor":5.0,"turns":6.0},{"damage":8.0,"enemies":"3 Sentries","floor":8.0,"turns":11.0},{"damage":6.0,"enemies":"3 Louse","floor":11.0,"turns":5.0},{"damage":13.0,"enemies":"Gremlin Gang","floor":13.0,"turns":9.0},{"damage":4.0,"enemies":"Blue Slaver","floor":14.0,"turns":6.0},{"damage":17.0,"enemies":"Slime Boss","floor":16.0,"turns":38.0},{"damage":10.0,"enemies":"3 Byrds","floor":18.0,"turns":9.0},{"damage":15.0,"enemies":"Chosen","floor":19.0,"turns":6.0},{"damage":0.0,"enemies":"Book of Stabbing","floor":23.0,"turns":6.0},{"damage":62,"enemies":"Slavers","floor":25,"turns":7}],"seed_played":"-7491521876098571376","potions_obtained":[{"floor":1.0,"key":"Fire Potion"},{"floor":2.0,"key":"EntropicBrew"},{"floor":4.0,"key":"SteroidPotion"}],"is_trial":false,"path_per_floor":["M","M","?","M","M","?","R","E","T","?","M","R","M","M","R","B",null,"M","M","?","$","?","E","$","E"],"character_chosen":"IRONCLAD","items_purchased":["Art of War","Power Through"],"campfire_rested":0,"item_purchase_floors":[21,21],"current_hp_per_floor":[72,71,55,57,56,49,49,47,47,47,47,47,40,42,42,31,68,64,55,55,55,55,61,61,0,0],"gold":234,"neow_bonus":"RANDOM_COLORLESS","is_daily":false,"chose_seed":false,"campfire_upgraded":3,"win_rate":0.0,"timestamp":1610518695,"path_taken":["M","M","?","M","M","?","R","E","T","?","?","R","M","M","R","BOSS","M","M","?","$","?","E","$","E"],"items_purchased_type":["Relic","Card"],"build_version":"2020-12-22","purchased_purges":2,"victory":false,"max_hp_per_floor":[80,80,80,80,80,80,80,80,80,80,80,80,80,80,80,80,80,80,80,80,80,80,80,80,80,80],"card_choices":[{"not_picked":["Panacea","Swift Strike"],"picked":"Finesse","floor":0.0},{"not_picked":["Havoc","Clothesline","Pommel Strike"],"picked":"SKIP","floor":1.0},{"not_picked":["Seeing Red","Pommel Strike"],"picked":"Shrug It Off","floor":2.0},{"not_picked":["Headbutt","Armaments","Spot Weakness"],"picked":"SKIP","floor":4.0},{"not_picked":["True Grit","Heavy Blade","Flame Barrier"],"picked":"SKIP","floor":5.0},{"not_picked":["Berserk","Flame Barrier"],"picked":"Barricade","floor":8.0},{"not_picked":["Anger","Twin Strike","Havoc"],"picked":"SKIP","floor":11.0},{"not_picked":["Searing Blow","Dual Wield"],"picked":"Shrug It Off","floor":13.0},{"not_picked":["Pommel Strike","Warcry","Fiend Fire"],"picked":"SKIP","floor":14.0},{"not_picked":["Fiend Fire","Corruption"],"picked":"Juggernaut","floor":16.0},{"not_picked":["Flame Barrier","Flex+1","Clash"],"picked":"SKIP","floor":18.0},{"not_picked":["Thunderclap","Power Through"],"picked":"Body Slam+1","floor":19.0},{"not_picked":["Twin Strike","Whirlwind","Battle Trance+1"],"picked":"SKIP","floor":23.0},{"not_picked":["Twin Strike","Whirlwind","Battle Trance+1"],"picked":"SKIP","floor":23.0}],"player_experience":68428,"relics_obtained":[{"floor":8.0,"key":"Old Coin"},{"floor":9.0,"key":"Champion Belt"},{"floor":23.0,"key":"Orichalcum"}],"event_choices":[{"damage_healed":0.0,"max_hp_gain":0.0,"max_hp_loss":0.0,"gold_gain":0.0,"event_name":"Shining Light","player_choice":"Entered Light","floor":3.0,"gold_loss":0.0,"damage_taken":16.0,"cards_upgraded":["Strike_R","Shrug It Off"]},{"cards_removed":["Strike_R"],"damage_healed":0.0,"max_hp_gain":0.0,"max_hp_loss":0.0,"gold_gain":0.0,"event_name":"Golden Wing","player_choice":"Card Removal","floor":6.0,"gold_loss":0.0,"damage_taken":7.0},{"damage_healed":0.0,"max_hp_gain":0.0,"max_hp_loss":0.0,"gold_gain":0.0,"cards_transformed":["Defend_R"],"event_name":"Transmorgrifier","player_choice":"Transformed","floor":10.0,"gold_loss":0.0,"damage_taken":0.0,"cards_obtained":["Entrench"]},{"damage_healed":0.0,"max_hp_gain":0.0,"max_hp_loss":0.0,"gold_gain":0.0,"event_name":"Addict","player_choice":"Obtained Relic","floor":20.0,"gold_loss":85.0,"damage_taken":0.0,"relics_obtained":["Ice Cream"]},{"damage_healed":0.0,"max_hp_gain":0.0,"max_hp_loss":0.0,"gold_gain":0.0,"event_name":"WeMeetAgain","player_choice":"Gave Potion","floor":22.0,"gold_loss":0.0,"damage_taken":0.0,"relics_obtained":["Shovel"]}],"is_beta":false,"boss_relics":[{"not_picked":["Pandora\u0027s Box","Runic Pyramid"],"picked":"Coffee Dripper"}],"items_purged_floors":[21,24],"is_endless":false,"potions_floor_spawned":[1,2,4],"killed_by":"Slavers","ascension_level":8}}