{"host":"z9grmtg2w0nmz8n1","time":1610506369,"event":{"mods":["Aspiration","Bard","BaseMod","Beaked The Cultist","Better Altar","Better Match","Better Note","Better Sensory Stone","Better Skull","Better Third Choice","BetterRewards","CCEM","Colored Map","Conspire","Downfall","GifTheSpireLib","Googly Eyes","Halation","Hermit","Highlight Path","Hubris","Hunter ??","Jedi Mod","Jorbs\u0027s Wanderer Trilogy","Mad Scientist","Marisa????????","Minty Spire (QoL Compilation)","Permanent Neow","Replay The Spire","Shade Mod","Shop Mod","Spicy Shops","StSLib","Stuff the Spire","The Bug Knight","The Construct","The Necromancer","The Runesmith","The Witch"],"gold_per_floor":[218,235,249,249,349,381,381,414,414,433,44,60,77,93,93,188,188,198,198,72,83,99,129,129,145,145,161,161,171,171,200,200,200,200],"floor_reached":33,"language":"ENG","playtime":1968,"items_purged":["Strike_MRS","Strike_MRS"],"score":301,"play_id":"b923db66-a4ab-4489-8ea6-1cf08a5c7607","local_time":"20210113005249","is_ascension_mode":false,"campfire_choices":[{"floor":7,"key":"REST"},{"floor":15,"key":"REST"},{"floor":32,"key":"RECALL"}],"circlet_count":0,"master_deck":["Strike_MRS","Strike_MRS","Defend_MRS","Defend_MRS","Defend_MRS","Defend_MRS","MasterSpark","UpSweep","MysteriousBeam","UltimateShortwave+1","ShootingEcho","MilkyWay+1","AsteroidBelt+1","MilkyWay+1","MysteriousBeam"],"relics":["MiniHakkero","StuffTheSpire:GrapeVine","Golden Egg","HornCleat","halation:Sosunser","Toxic Egg 2","Busted Crown","Ornamental Fan","halation:EternalFortune","jedi:bottledfury","StuffTheSpire:Nightcore"],"acts_visited":["Exordium","TheCity"],"potions_floor_usage":[6,13,16,16,16,16,27,33,33],"damage_taken":[{"damage":1,"enemies":"Cultist","floor":1,"turns":3},{"damage":2,"enemies":"2 Louse","floor":2,"turns":2},{"damage":0,"enemies":"Jaw Worm","floor":3,"turns":3},{"damage":35,"enemies":"Lagavulin","floor":6,"turns":4},{"damage":20,"enemies":"Gremlin Nob","floor":8,"turns":4},{"damage":10,"enemies":"Gremlin Gang","floor":10,"turns":3},{"damage":0,"enemies":"3 Louse","floor":12,"turns":3},{"damage":3,"enemies":"Large Slime","floor":13,"turns":4},{"damage":5,"enemies":"Looter","floor":14,"turns":3},{"damage":3,"enemies":"Fading Forest","floor":16,"turns":11},{"damage":2,"enemies":"Shell Parasite","floor":18,"turns":4},{"damage":0,"enemies":"3 Byrds","floor":21,"turns":4},{"damage":29,"enemies":"Sentry and Sphere","floor":22,"turns":6},{"damage":5,"enemies":"Replay:Snechameleon","floor":23,"turns":6},{"damage":0,"enemies":"Centurion and Healer","floor":25,"turns":6},{"damage":5,"enemies":"3 Cultists","floor":27,"turns":5},{"damage":0,"enemies":"Snecko","floor":29,"turns":4},{"damage":23,"enemies":"Slavers","floor":31,"turns":8},{"damage":48,"enemies":"Champ","floor":33,"turns":10}],"seed_played":"8894041215053126924","potions_obtained":[{"floor":3,"key":"Strength Potion"},{"floor":6,"key":"Energy Potion"},{"floor":8,"key":"Cursed Concoction"},{"floor":12,"key":"EntropicBrew"},{"floor":23,"key":"Strength Potion"},{"floor":25,"key":"Doom Potion"},{"floor":31,"key":"jedi:tentaclejuice"}],"is_trial":false,"path_per_floor":["M","M","M","T","?","E","R","E","T","M","$","M","M","M","R","B",null,"M","?","$","M","M","E","?","M","T","M","?","M","?","E","R","B"],"character_chosen":"MARISA","items_purchased":["halation:Sosunser","Toxic Egg 2","AsteroidBelt+1"],"campfire_rested":2,"item_purchase_floors":[11,11,20],"current_hp_per_floor":[74,72,72,72,72,37,59,39,39,29,29,29,26,21,43,50,75,73,73,73,73,44,39,42,42,42,37,63,66,66,43,43,0,0],"gold":200,"neow_bonus":"HUNDRED_GOLD","is_daily":false,"chose_seed":false,"campfire_upgraded":0,"win_rate":0.0,"timestamp":1610506369,"path_taken":["M","M","?","?","?","E","R","E","T","M","$","?","M","M","R","BOSS","M","?","$","M","M","E","?","M","T","M","?","?","?","E","R","BOSS"],"items_purchased_type":["Relic","Relic","Card"],"build_version":"2020-12-22","purchased_purges":2,"victory":false,"max_hp_per_floor":[75,75,75,75,75,75,75,75,75,75,75,75,75,75,75,75,75,75,75,75,75,75,75,78,78,78,78,78,81,81,81,81,81,81],"card_choices":[{"not_picked":["6A","EarthLightRay"],"picked":"MysteriousBeam","floor":1},{"not_picked":["OneTimeOff","SporeBomb","IllusionStar"],"picked":"SKIP","floor":2},{"not_picked":["6A","SporeBomb","IllusionStar"],"picked":"SKIP","floor":3},{"not_picked":["Occultation","MagicChant","MilkyWay"],"picked":"SKIP","floor":6},{"not_picked":["SporeBomb","WitchOfGreed"],"picked":"UltimateShortwave","floor":8},{"not_picked":["6A","EnergyRecoil","RefractionSpark"],"picked":"SKIP","floor":10},{"not_picked":["PowerUp+1","RefractionSpark"],"picked":"ShootingEcho","floor":12},{"not_picked":["WitchOfGreed","ShootingEcho","NonDirectionalLaser"],"picked":"SKIP","floor":13},{"not_picked":["DC","NonDirectionalLaser"],"picked":"MilkyWay+1","floor":14},{"not_picked":["NonDirectionalLaser"],"picked":"SKIP","floor":18},{"not_picked":["LuminesStrike+1"],"picked":"SKIP","floor":21},{"not_picked":[],"picked":"MilkyWay+1","floor":22},{"not_picked":["GravityBeat"],"picked":"SKIP","floor":23},{"not_picked":["DC+1"],"picked":"SKIP","floor":25},{"not_picked":[],"picked":"MysteriousBeam","floor":27},{"not_picked":["UnstableBomb"],"picked":"SKIP","floor":29},{"not_picked":["LuminesStrike"],"picked":"SKIP","floor":31}],"player_experience":856971,"relics_obtained":[{"floor":6,"key":"StuffTheSpire:GrapeVine"},{"floor":8,"key":"Golden Egg"},{"floor":9,"key":"HornCleat"},{"floor":23,"key":"Ornamental Fan"},{"floor":26,"key":"jedi:bottledfury"},{"floor":29,"key":"halation:EternalFortune"},{"floor":31,"key":"StuffTheSpire:Nightcore"}],"event_choices":[{"damage_healed":0,"gold_gain":100,"player_choice":"Pray","damage_taken":0,"max_hp_gain":0,"max_hp_loss":0,"event_name":"Golden Shrine","floor":5,"gold_loss":0},{"cards_removed":["Strike_MRS"],"damage_healed":0,"gold_gain":0,"player_choice":"Give","damage_taken":0,"max_hp_gain":0,"max_hp_loss":0,"event_name":"betterNote:BetterNote","floor":19,"gold_loss":0,"cards_obtained":["MadScienceMod:Strike_MadScience"]},{"damage_healed":26,"gold_gain":0,"player_choice":"Heal","damage_taken":0,"max_hp_gain":0,"max_hp_loss":0,"event_name":"The Library","floor":28,"gold_loss":0},{"damage_healed":0,"gold_gain":0,"player_choice":"Ignored","damage_taken":0,"max_hp_gain":0,"max_hp_loss":0,"event_name":"Ghosts","floor":30,"gold_loss":0}],"is_beta":false,"boss_relics":[{"not_picked":["CCEMRelics:TransientCore","hubris:HollowSoul"],"picked":"Busted Crown"}],"items_purged_floors":[11,20],"is_endless":false,"potions_floor_spawned":[3,6,8,12,23,25,31],"killed_by":"Champ","ascension_level":0}}