{"host":"474oh00kq6ni8dn3","time":1610563732,"event":{"mods":["AchievementEnabler","Aspiration","BaseMod","Colored Map","Colored Powertips","Conspire","Downfall","Duelist Mod","GifTheSpireLib","Googly Eyes","GungeonMod","Halation","Hubris","Infinite Spire","Jedi Mod","Minty Spire (QoL Compilation)","Permanent Neow","Quick Restart","Replay The Spire","Shop Mod","StSLib","Stuff the Spire","The Factory","The Jungle","Trackpad","vexMod"],"gold_per_floor":[115,135,151,151,151,3,3,3,31,45,45,79,79,97,130,148,148,243,243,262,262,262,66,66,66],"floor_reached":24,"language":"ENG","playtime":1026,"items_purged":[],"score":235,"play_id":"25378291-c5a0-4a2e-a66b-b0425f789cdf","local_time":"20210113184852","is_ascension_mode":true,"campfire_choices":[{"data":"jedi:pocketpoison","floor":8,"key":"SMITH"},{"data":"Noxious Fumes","floor":13,"key":"SMITH"},{"data":"ReplayTheSpireMod:Necrosis","floor":17,"key":"SMITH"}],"circlet_count":0,"master_deck":["Strike_G","Strike_G","Strike_G","Strike_G","Strike_G","Defend_G","Defend_G","Defend_G","Defend_G","Defend_G","Survivor","Neutralize+1","jedi:pocketpoison+1","Noxious Fumes+1","Poisoned Stab","Bane","Dagger Spray","Poisoned Stab","ReplayTheSpireMod:Necrosis+1","Cloak And Dagger","Envenom","Leg Sweep+1","Slice"],"relics":["Ring of the Snake","halation:Sosunser","hubris:Icosahedron","DemoMod:MeltedRock","hubris:TinFlute","trackpad:RapidFire","trackpad:IceCube","StuffTheSpire:RunicHypercube","theJungle:WildPear","Bag of Preparation"],"acts_visited":["Exordium","Exordium"],"potions_floor_usage":[12],"damage_taken":[{"damage":0,"enemies":"Jaw Worm","floor":1,"turns":6},{"damage":0,"enemies":"conspire:RoseBush","floor":2,"turns":4},{"damage":0,"enemies":"2 Louse","floor":3,"turns":2},{"damage":10,"enemies":"Lagavulin","floor":9,"turns":7},{"damage":0,"enemies":"Gremlin Gang","floor":10,"turns":1},{"damage":20,"enemies":"Replay:BlueRogue","floor":12,"turns":4},{"damage":3,"enemies":"Blue Slaver","floor":14,"turns":2},{"damage":4,"enemies":"Gremlin Nob","floor":15,"turns":3},{"damage":0,"enemies":"3 Louse","floor":16,"turns":1},{"damage":16,"enemies":"Fading Forest","floor":18,"turns":11},{"damage":0,"enemies":"theJungle:GiantWrat","floor":20,"turns":3},{"damage":0,"enemies":"theJungle:MUSHROOMGANG","floor":24,"turns":2}],"seed_played":"8773045885824163771","potions_obtained":[{"floor":2,"key":"LifebloodPotion"},{"floor":3,"key":"Slimebound:ThreeZeroPotion"},{"floor":14,"key":"ColorlessPotion"}],"is_trial":false,"path_per_floor":["M","M","M","PTL","PTL","$","?","R","E","M","T","E","R","M","E","M","R","B",null,"M","?","?","$","M"],"character_chosen":"THE_SILENT","items_purchased":["halation:Sosunser","Bag of Preparation","Slice"],"campfire_rested":0,"item_purchase_floors":[6,23,23],"current_hp_per_floor":[70,70,70,70,70,70,70,70,60,60,60,40,40,37,66,66,66,58,70,70,70,80,80,80,80],"gold":66,"neow_bonus":"RANDOM_EVENT","is_daily":false,"chose_seed":false,"campfire_upgraded":3,"win_rate":0.0,"timestamp":1610563732,"path_taken":["M","M","M","PTL","PTL","$","?","R","E","M","T","E","R","M","E","M","R","BOSS","M","?","?","$","M"],"items_purchased_type":["Relic","Relic","Card"],"build_version":"2020-12-22","purchased_purges":0,"victory":false,"max_hp_per_floor":[70,70,70,70,70,70,70,70,70,70,70,70,70,70,70,70,70,70,70,70,70,80,80,80,80],"card_choices":[{"not_picked":["Outmaneuver","StuffTheSpire:BumpUp"],"picked":"jedi:pocketpoison","floor":1},{"not_picked":["hubris:Sniper","Acrobatics"],"picked":"Noxious Fumes","floor":2},{"not_picked":["Outmaneuver","Calculated Gamble"],"picked":"Poisoned Stab","floor":3},{"not_picked":["Prepared","StuffTheSpire:BumpUp"],"picked":"Bane","floor":9},{"not_picked":["Outmaneuver","Deflect"],"picked":"Dagger Spray","floor":10},{"not_picked":["StuffTheSpire:Injection","Cloak And Dagger"],"picked":"Poisoned Stab","floor":12},{"not_picked":["Setup","hubris:SlightOfHand","Deadly Poison"],"picked":"SKIP","floor":14},{"not_picked":["Cloak And Dagger","Riddle With Holes"],"picked":"ReplayTheSpireMod:Necrosis","floor":15},{"not_picked":["hubris:Counter","Dodge and Roll"],"picked":"Cloak And Dagger","floor":16},{"not_picked":["ReplayTheSpireMod:Necrosis","Burst"],"picked":"Envenom","floor":18},{"not_picked":["Draining Mist","ReplayTheSpireMod:Scrap Shanks"],"picked":"Leg Sweep+1","floor":20}],"player_experience":105192,"relics_obtained":[{"floor":9,"key":"DemoMod:MeltedRock"},{"floor":11,"key":"hubris:TinFlute"},{"floor":12,"key":"trackpad:RapidFire"},{"floor":15,"key":"trackpad:IceCube"}],"event_choices":[{"damage_healed":0,"gold_gain":0,"player_choice":"Grow","damage_taken":0,"max_hp_gain":0,"max_hp_loss":0,"event_name":"Living Wall","floor":0,"gold_loss":0,"cards_upgraded":["Neutralize"]}],"is_beta":false,"boss_relics":[{"not_picked":["HoveringKite","Ring of the Serpent"],"picked":"StuffTheSpire:RunicHypercube"}],"items_purged_floors":[],"is_endless":false,"potions_floor_spawned":[2,3,14,16],"killed_by":"theJungle:MUSHROOMGANG","ascension_level":2}}