{"host":"0c22z74nxhh6l98a","time":1610497053,"event":{"mods":["BaseMod","BetterRewards","Card Forge","GungeonMod","Hubris","Infinite Spire","Minty Spire (QoL Compilation)","Potionbrewer","Shop Mod","StSLib"],"gold_per_floor":[110,110,110,127,141,172,187,213,236,81,81,100,135,151,151,255,255,272,290,301,301,360,390,390,425,451,451,460,494,494,91,91,189,189,201,212,212,228,239,239,270,286,286,313,330,363,363,373,373,373,373,373,15,46,46],"floor_reached":56,"language":"ENG","playtime":5313,"items_purged":["Finisher"],"score":2370,"play_id":"986d18ac-c4f0-40f1-a350-9c21b0a32def","local_time":"20210112181733","is_ascension_mode":true,"campfire_choices":[{"floor":11,"key":"RECALL"},{"data":"Calculated Gamble","floor":15,"key":"SMITH"},{"data":"Prepared","floor":24,"key":"SMITH"},{"data":"Tactician","floor":27,"key":"SMITH"},{"data":"Prepared","floor":32,"key":"SMITH"},{"data":"Calculated Gamble","floor":40,"key":"SMITH"},{"data":"A Thousand Cuts","floor":49,"key":"SMITH"},{"data":"Reflex","floor":52,"key":"SMITH"}],"circlet_count":0,"master_deck":["After Image","Blade Dance","Escape Plan","Prepared+1","Reflex","hubris:Sniper","Tactician+1","Terror","After Image","Prepared+1","Reflex+1","Prepared+1","Calculated Gamble+1","A Thousand Cuts+1","Calculated Gamble+1","Flechettes","Storm of Steel","Prepared"],"relics":["Ring of the Snake","Hammer of Thor","Seething Fire","Anvil of the Gods","MerchantsRug","Thread and Needle","infinitespire:Beetle Shell","Medical Kit","Centennial Puzzle","Vajra","Tingsha","PreservedInsect","hubris:Teleporter","potionbrewer:Keyblade","hubris:Metronome","Tiny House","Blood Vial","The Courier","infinitespire:Satchel","DemoMod:Metronome","Tiny Chest","Pen Nib","Singing Bowl","Calipers","Oddly Smooth Stone","Ice Cream","Bird Faced Urn","Membership Card","potionbrewer:WarMedal","potionbrewer:RamsHorn","Kunai","Akabeko","DemoMod:GlassGuonStoneRelic","Paper Crane"],"acts_visited":["Exordium","TheCity","TheBeyond","TheEnding"],"potions_floor_usage":[20,25,48,53,55,55,55],"damage_taken":[{"damage":0,"enemies":"2 Louse","floor":1,"turns":2},{"damage":0,"enemies":"Cultist","floor":4,"turns":1},{"damage":0,"enemies":"Jaw Worm","floor":5,"turns":2},{"damage":0,"enemies":"3 Sentries","floor":6,"turns":2},{"damage":0,"enemies":"Large Slime","floor":7,"turns":1},{"damage":0,"enemies":"Gremlin Nob","floor":8,"turns":1},{"damage":0,"enemies":"Exordium Thugs","floor":12,"turns":1},{"damage":0,"enemies":"3 Sentries","floor":13,"turns":2},{"damage":0,"enemies":"3 Louse","floor":14,"turns":1},{"damage":0,"enemies":"Hexaghost","floor":16,"turns":1},{"damage":0,"enemies":"Chosen","floor":18,"turns":2},{"damage":0,"enemies":"Spheric Guardian","floor":19,"turns":2},{"damage":0,"enemies":"Snake Plant","floor":20,"turns":1},{"damage":0,"enemies":"Gremlin Leader","floor":23,"turns":1},{"damage":0,"enemies":"Book of Stabbing","floor":25,"turns":3},{"damage":0,"enemies":"Slavers","floor":29,"turns":1},{"damage":0,"enemies":"Automaton","floor":33,"turns":2},{"damage":0,"enemies":"3 Darklings","floor":35,"turns":1},{"damage":0,"enemies":"Orb Walker","floor":36,"turns":1},{"damage":0,"enemies":"Transient","floor":38,"turns":5},{"damage":0,"enemies":"Maw","floor":39,"turns":2},{"damage":0,"enemies":"Reptomancer","floor":41,"turns":2},{"damage":0,"enemies":"Sphere and 2 Shapes","floor":42,"turns":2},{"damage":0,"enemies":"Nemesis","floor":44,"turns":3},{"damage":0,"enemies":"Writhing Mass","floor":45,"turns":1},{"damage":0,"enemies":"Reptomancer","floor":46,"turns":2},{"damage":0,"enemies":"Transient","floor":48,"turns":5},{"damage":10,"enemies":"Time Eater","floor":50,"turns":4},{"damage":0,"enemies":"Shield and Spear","floor":54,"turns":1},{"damage":1,"enemies":"The Heart","floor":55,"turns":4}],"seed_played":"-1425996045460537150","potions_obtained":[{"floor":3,"key":"GhostInAJar"},{"floor":3,"key":"potionbrewer:EndurancePotion"},{"floor":3,"key":"AttackPotion"},{"floor":8,"key":"FairyPotion"},{"floor":20,"key":"potionbrewer:EndurancePotion"},{"floor":22,"key":"GhostInAJar"},{"floor":25,"key":"potionbrewer:AcidPotion"},{"floor":31,"key":"DuplicationPotion"},{"floor":31,"key":"DuplicationPotion"},{"floor":31,"key":"potionbrewer:NoxiousPotion"},{"floor":33,"key":"AttackPotion"},{"floor":39,"key":"DemoMod:LeadSkinPotion"},{"floor":42,"key":"Energy Potion"}],"is_trial":false,"path_per_floor":["M","?","?","M","M","E","M","E","T","$","R","M","E","M","R","B",null,"M","M","M","?","AVR","E","R","E","T","R","?","E","?","$","R","B",null,"M","M","AVR","M","M","R","E","M","T","E","M","E","?","M","R","B",null,"R","$","E","B",null],"character_chosen":"THE_SILENT","items_purchased":["MerchantsRug","Thread and Needle","infinitespire:Beetle Shell","Medical Kit","Centennial Puzzle","DemoMod:Orange","DemoMod:MonsterBlood","Lee\u0027s Waffle","Vajra","Tingsha","potionbrewer:Keyblade","Mango","Cauldron","Tiny Chest","Pen Nib","Membership Card","potionbrewer:WarMedal","potionbrewer:RamsHorn","Kunai","Fruit Juice","Fruit Juice","Akabeko","potionbrewer:FreezingPotion","Weak Potion","potionbrewer:FreezingPotion","Strength Potion"],"campfire_rested":0,"item_purchase_floors":[0,0,0,0,0,0,0,0,0,0,10,31,31,31,31,53,53,53,53,53,53,53,53,53,53,53],"current_hp_per_floor":[96,89,89,89,89,89,89,89,89,89,89,89,89,89,89,89,96,96,96,96,96,101,101,101,101,101,101,101,101,81,95,95,97,120,122,124,124,126,128,128,130,132,132,134,136,138,138,140,140,130,140,140,150,152,152],"gold":46,"neow_bonus":"","is_daily":false,"chose_seed":false,"campfire_upgraded":7,"win_rate":0.0,"timestamp":1610497053,"path_taken":["M","?","?","M","M","E","M","E","T","$","R","M","E","M","R","BOSS","M","M","?","?","AVR","E","R","E","T","R","?","E","?","$","R","BOSS","M","M","AVR","M","M","R","E","M","T","E","M","E","?","M","R","BOSS","R","$","E","BOSS"],"items_purchased_type":["Relic","Relic","Relic","Relic","Relic","Relic","Relic","Relic","Relic","Relic","Relic","Relic","Relic","Relic","Relic","Relic","Relic","Relic","Relic","Potion","Potion","Relic","Potion","Potion","Potion","Potion"],"build_version":"2020-12-22","purchased_purges":1,"victory":true,"max_hp_per_floor":[96,96,96,96,96,96,96,96,96,96,96,96,96,96,96,96,96,96,96,96,96,101,101,101,101,101,101,101,101,106,120,120,120,120,122,124,124,126,128,128,130,132,132,134,136,138,138,140,140,140,140,140,150,152,152],"card_choices":[{"not_picked":["Backstab","Dagger Throw"],"picked":"Prepared","floor":1},{"not_picked":["Quick Slash","Bane"],"picked":"Calculated Gamble","floor":4},{"not_picked":["Calculated Gamble","Catalyst","Bane"],"picked":"SKIP","floor":5},{"not_picked":["Deadly Poison","Envenom","Blade Dance"],"picked":"SKIP","floor":6},{"not_picked":["Deadly Poison","Sucker Punch","Acrobatics"],"picked":"SKIP","floor":7},{"not_picked":["Night Terror","Slice","Terror"],"picked":"SKIP","floor":8},{"not_picked":["PiercingWail","Predator","Endless Agony"],"picked":"SKIP","floor":12},{"not_picked":["Bane","hubris:SlightOfHand","Outmaneuver"],"picked":"SKIP","floor":13},{"not_picked":["Noxious Fumes","Quick Slash","Sucker Punch"],"picked":"SKIP","floor":14},{"not_picked":["Wraith Form v2","Die Die Die"],"picked":"A Thousand Cuts","floor":16},{"not_picked":["PiercingWail+1","Cloak And Dagger","Setup"],"picked":"SKIP","floor":18},{"not_picked":["hubris:SlightOfHand","Cloak And Dagger","Poisoned Stab"],"picked":"SKIP","floor":19},{"not_picked":["Slice","Underhanded Strike"],"picked":"Calculated Gamble","floor":20},{"not_picked":["Backstab","Wraith Form v2"],"picked":"Flechettes","floor":22},{"not_picked":["Adrenaline","Flying Knee","Deflect"],"picked":"SKIP","floor":23},{"not_picked":["Underhanded Strike","Endless Agony"],"picked":"Storm of Steel","floor":25},{"not_picked":["Sucker Punch","Cloak And Dagger","Noxious Fumes+1"],"picked":"SKIP","floor":29},{"not_picked":["Deflect+1","Flying Knee","Crippling Poison"],"picked":"Singing Bowl","floor":35},{"not_picked":["Calculated Gamble+1","Dagger Throw+1","Slice"],"picked":"Singing Bowl","floor":36},{"not_picked":["Sucker Punch","Choke","Dagger Spray"],"picked":"Singing Bowl","floor":38},{"not_picked":["Dodge and Roll+1","Eviscerate+1","Prepared"],"picked":"Singing Bowl","floor":39},{"not_picked":["Accuracy","Distraction+1","Deflect+1"],"picked":"Singing Bowl","floor":41},{"not_picked":["Poisoned Stab+1","Flying Knee","Bullet Time"],"picked":"Singing Bowl","floor":42},{"not_picked":["Underhanded Strike","Distraction+1","hubris:Sniper+1"],"picked":"Singing Bowl","floor":44},{"not_picked":["Predator","Acrobatics+1","Underhanded Strike+1"],"picked":"Singing Bowl","floor":45},{"not_picked":["Dodge and Roll","hubris:TrickCloak","Prepared+1"],"picked":"Singing Bowl","floor":46},{"not_picked":["Caltrops+1","Prepared+1","Quick Slash"],"picked":"Singing Bowl","floor":48},{"not_picked":["Flying Knee","Accuracy+1","Catalyst"],"picked":"Singing Bowl","floor":54}],"player_experience":835481,"relics_obtained":[{"floor":6,"key":"PreservedInsect"},{"floor":8,"key":"hubris:Teleporter"},{"floor":13,"key":"hubris:Metronome"},{"floor":23,"key":"Blood Vial"},{"floor":25,"key":"The Courier"},{"floor":26,"key":"infinitespire:Satchel"},{"floor":29,"key":"DemoMod:Metronome"},{"floor":41,"key":"Oddly Smooth Stone"},{"floor":43,"key":"Ice Cream"},{"floor":44,"key":"Calipers"},{"floor":46,"key":"Bird Faced Urn"},{"floor":54,"key":"Paper Crane"}],"event_choices":[{"damage_healed":0,"gold_gain":0,"player_choice":"Success","damage_taken":7,"relics_obtained":["Omamori"],"max_hp_gain":0,"max_hp_loss":0,"event_name":"Scrap Ooze","floor":2,"gold_loss":0},{"damage_healed":0,"gold_gain":0,"player_choice":"Got Potions","damage_taken":0,"max_hp_gain":0,"max_hp_loss":0,"event_name":"Lab","floor":3,"gold_loss":0},{"damage_healed":0,"gold_gain":0,"player_choice":"Ignored","damage_taken":0,"max_hp_gain":0,"max_hp_loss":0,"event_name":"Beggar","floor":21,"gold_loss":0},{"damage_healed":0,"gold_gain":0,"player_choice":"Read","damage_taken":0,"max_hp_gain":0,"max_hp_loss":0,"event_name":"The Library","floor":28,"gold_loss":0,"cards_obtained":["Prepared"]},{"damage_healed":0,"gold_gain":0,"player_choice":"Shed Blood","damage_taken":25,"max_hp_gain":5,"max_hp_loss":0,"event_name":"Forgotten Altar","floor":30,"gold_loss":0},{"damage_healed":35,"gold_gain":0,"player_choice":"Writhe","damage_taken":0,"max_hp_gain":0,"max_hp_loss":0,"event_name":"Winding Halls","floor":47,"gold_loss":0,"cards_obtained":["Writhe"]}],"is_beta":false,"boss_relics":[{"not_picked":["Busted Crown","hubris:VirtuousBlindfold","Fusion Hammer"]},{"not_picked":["potionbrewer:BhaskarasWheel","hubris:HollowSoul"],"picked":"hubris:Backtick"}],"items_purged_floors":[22],"is_endless":false,"potions_floor_spawned":[4,5,7,8,14,19,20,25,29,33,39,42,44,46],"ascension_level":4}}