{"host":"gkmfgzxy0jvnl2zt","time":1610578348,"event":{"mods":["AchievementEnabler","Act Like it!","Aspiration","BaseMod","Better Note","BetterRewards","Card Forge","Colored Map","Colored Powertips","Conspire","Elementarium","Energized Spire","Infinite Spire","Ironclad Rager","Mimic Mod","Minty Spire (QoL Compilation)","Permanent Neow","Replay The Spire","Shop Mod","StSLib","The Factory","The Jungle","Trackpad","vexMod"],"gold_per_floor":[113,98992,98992,98967,97738,97738,97763,97763,97800,97816,97835,96904,96934,96953,96953,97066,97066,97072,97072],"floor_reached":18,"language":"ENG","playtime":1867,"items_purged":["Strike_G+1","Strike_G+1"],"score":203,"play_id":"dcb1945f-5783-4873-85b3-9b00748dcaec","local_time":"20210113175228","is_ascension_mode":true,"campfire_choices":[{"floor":6,"key":"RECALL"},{"floor":8,"key":"REST"}],"circlet_count":0,"master_deck":["Strike_G+1","Strike_G+1","Strike_G+1","Defend_G+1","Defend_G+1","Defend_G+1","Defend_G+1","Defend_G+1","Survivor+1","Neutralize+1","Outmaneuver+1","Blade Dance+1","Flechettes+1","Fluid Movement+1","Flex+1","Midas Touch+1","Whirlwind+1","Glacier+1","Slice+1","infinitespire:Neurotoxin+1","Catalyst+1","ReplayTheSpireMod:Brewmster+1","Outmaneuver+1","ReplayTheSpireMod:Scrap Shanks+1","Finesse+1","Choke+1","Dagger Throw+1","Poison Darts+1"],"relics":["Ring of the Snake","Hammer of Thor","Seething Fire","Anvil of the Gods","infinitespire:Beetle Shell","ReplayTheSpireMod:Lightbulb","vexMod:ScavengeHelm","vexMod:PaidLearning","Iron Core","Ninja Scroll","Magic Flower","Strange Spoon","infinitespire:Midas Blood","trackpad:AdjectivePendant","Sling","infinitespire:BottledMercury","trackpad:ZombieHeart","energizedSpire:SpiderWeb"],"acts_visited":["Exordium","TheCity"],"potions_floor_usage":[13,13,14,16,16,16],"damage_taken":[{"damage":0,"enemies":"Cultist","floor":1,"turns":2},{"damage":7,"enemies":"3 Sentries","floor":7,"turns":3},{"damage":0,"enemies":"2 Louse","floor":9,"turns":8},{"damage":0,"enemies":"2 Louse","floor":10,"turns":1},{"damage":11,"enemies":"Jaw Worm","floor":11,"turns":4},{"damage":0,"enemies":"Gremlin Nob","floor":13,"turns":2},{"damage":2,"enemies":"3 Louse","floor":14,"turns":2},{"damage":9,"enemies":"The Guardian","floor":16,"turns":6},{"damage":15,"enemies":"Shell Parasite","floor":18,"turns":3}],"seed_played":"-4082538905292089881","potions_obtained":[{"floor":1,"key":"Elixir"},{"floor":11,"key":"Venom Potion"},{"floor":14,"key":"SpeedPotion"},{"floor":15,"key":"Explosive Potion"},{"floor":15,"key":"SteroidPotion"}],"is_trial":false,"path_per_floor":["M","$","?","?","$","R","E","R","MIM","M","M","$","E","M","R_BF","B",null,"M"],"character_chosen":"THE_SILENT","items_purchased":["Blade Dance","ReplayTheSpireMod:Lightbulb","vexMod:ScavengeHelm","vexMod:PaidLearning","PowerPotion","PowerPotion","LiquidMemories","Flechettes","Fluid Movement","Ninja Scroll","Magic Flower","Strange Spoon","AttackPotion","Flex","Midas Touch","Whirlwind","Specialist","trackpad:AdjectivePendant","Sling","infinitespire:BottledMercury","ReplayTheSpireMod:Brewmster","Outmaneuver","ReplayTheSpireMod:Scrap Shanks","Finesse"],"campfire_rested":1,"item_purchase_floors":[2,2,2,2,2,2,2,2,2,5,5,5,5,5,5,5,5,12,12,12,12,12,12,12],"current_hp_per_floor":[70,70,70,70,70,70,63,70,70,70,59,59,59,63,63,56,74,59,59],"gold":97072,"neow_bonus":"RANDOM_COMMON_RELIC","is_daily":false,"chose_seed":false,"campfire_upgraded":0,"win_rate":0.0,"timestamp":1610578348,"path_taken":["M","$","?","?","$","R","E","R","MIM","M","M","$","E","?","R_BF","BOSS","M"],"items_purchased_type":["Card","Relic","Relic","Relic","Potion","Potion","Potion","Card","Card","Relic","Relic","Relic","Potion","Card","Card","Card","Card","Relic","Relic","Relic","Card","Card","Card","Card"],"build_version":"2020-12-22","purchased_purges":2,"victory":false,"max_hp_per_floor":[70,70,70,70,70,70,70,70,70,70,70,70,70,73,73,74,74,74,74],"card_choices":[{"not_picked":["Quick Slash","Hidden Blade"],"picked":"Outmaneuver","floor":1},{"not_picked":["Tactician","Quick Slash"],"picked":"Glacier","floor":7},{"not_picked":["Backstab","PiercingWail"],"picked":"Slice","floor":9},{"not_picked":["Fire Breathing","Quick Slash"],"picked":"infinitespire:Neurotoxin","floor":10},{"not_picked":["Dodge and Roll","Backstab"],"picked":"Catalyst","floor":11},{"not_picked":["Well Laid Plans","Distraction"],"picked":"Choke","floor":13},{"not_picked":["Evolve","Fire Breathing"],"picked":"Dagger Throw","floor":14},{"not_picked":["aspiration:Lunge","Firewall"],"picked":"Poison Darts","floor":16}],"player_experience":40518,"relics_obtained":[{"floor":7,"key":"infinitespire:Midas Blood"},{"floor":13,"key":"trackpad:ZombieHeart"}],"event_choices":[{"damage_healed":0,"gold_gain":0,"player_choice":"Ignored","damage_taken":0,"max_hp_gain":0,"max_hp_loss":0,"event_name":"Golden Wing","floor":3,"gold_loss":0}],"is_beta":false,"boss_relics":[{"not_picked":["energizedSpire:DeadBattery","ReplayTheSpireMod:DimensionalGlitch"],"picked":"energizedSpire:SpiderWeb"}],"items_purged_floors":[2,5],"is_endless":false,"potions_floor_spawned":[1,11,14],"killed_by":"Shell Parasite","ascension_level":1}}