{"host":"t9zjxed0utvsfjwc","time":1610534794,"event":{"mods":["2.2 Compatiblity","Aspiration","BaseMod","Block Reminder","Colored Map","Colored Powertips","Highlight Path","Hubris","Infinite Spire","Minty Spire (QoL Compilation)","Quick Restart","Replay The Spire","StSLib","The Marked","Unceasing Turn Reminder","everything is the same but u backflip on backflip"],"gold_per_floor":[117,87,12,31,50,78,78,90,90,120,133,133,160,221,221,324,324,338,338,338,358,268,268,268,279,306,338,338,348,348,348,348,474,474,521,547,547,593,339,339,393,393,393,454,504,504,554,602,602,740,740,791,791,791,791,791,861,861,922,922,922,987,1059,1152,1233,1233,1397,1397,1498,1498,1598,1598,1598,1715,1715,1135,1158,1158,1233,1233,1233,1233,1233,1400,1500,1607,1607,1714,1714,1011,1087,1087,414,441,441,468,499,539,565,565,681,681,742,445,638,693,746,746,825,827,827],"floor_reached":110,"language":"ENG","playtime":6481,"items_purged":["Defend_R","Defend_R","Cleave","hubris:Sloth","Amnesia","Pain","Perfected Strike+1"],"score":2938,"play_id":"4029e5c4-b827-4adb-bd40-2d8eaa5426a8","local_time":"20210113104634","is_ascension_mode":true,"campfire_choices":[{"data":"Twin Strike","floor":7,"key":"SMITH"},{"data":"hubris:DuctTapeCard","floor":12,"key":"SMITH"},{"data":"Rage","floor":15,"key":"SMITH"},{"data":"ReplayTheSpireMod:Stacked","floor":23,"key":"SMITH"},{"data":"hubris:Fate","floor":30,"key":"SMITH"},{"floor":32,"key":"DIG"},{"data":"Feed","floor":40,"key":"SMITH"},{"data":"Hemogenesis","floor":49,"key":"SMITH"},{"data":"Perfected Strike","floor":58,"key":"SMITH"},{"data":"Perfected Strike","floor":66,"key":"SMITH"},{"data":"Demon Form","floor":78,"key":"SMITH"},{"data":"Searing Blow","floor":81,"key":"SMITH"},{"data":"Searing Blow+1","floor":83,"key":"SMITH"},{"data":"Searing Blow+3","floor":92,"key":"SMITH"},{"data":"Searing Blow+4","floor":100,"key":"SMITH"},{"data":"infinitespire:SevenWalls","floor":108,"key":"SMITH"}],"circlet_count":0,"master_deck":["Twin Strike+1","Pommel Strike+1","hubris:DuctTapeCard+2","Hemogenesis+1","ReplayTheSpireMod:Stacked+1","Necronomicurse","infinitespire:NeuralNetwork+1","Feed+1","Flame Barrier+1","Wild Strike+1","ReplayReversal+1","Shrug It Off","Perfected Strike+1","Demon Form+1","Sentinel+1","Searing Blow+5","infinitespire:SevenWalls+1","hubris:Fate+1","Perseverance+1"],"relics":["Burning Blood","Another Sword","PreservedInsect","hubris:DuctTape","Darkstone Periapt","Singing Bowl","BranchBurnRelic","Electric Blood","Nunchaku","Necronomicon","Blood Vial","infinitespire:Lucky Rock","Ancient Tea Set","aspiration:RitualStick","Replay:Bottled Flurry","aspiration:StickyExplosives_weak","infinitespire:EvilPickle","infinitespire:Burning Sword","Bag of Marbles","hubris:Towel","Blue Doll","Juzu Bracelet","ReplayTheSpireMod:Ninjato","King of Hearts","Astrolabe","Kintsugi","Lee\u0027s Waffle","aspiration:BabyByrd","TungstenRod","aspiration:FetidBarrel","infinitespire:Bottled Soul","SlaversCollar","Nilry\u0027s Codex","ReplayTheSpireMod:Ring of Collecting","MutagenicStrength","hubris:Potato","PrismaticShard","infinitespire:ShieldingShard","Gremlin Food","Bronze Scales","Ring of Searing","hubris:BottledHeart","Replay:Wanted Poster","WarpedTongs","Thread and Needle","hubris:PeanutButter","Vajra","Paper Frog","Toxic Egg 2","ReplayTheSpireMod:Lightbulb","Ring of Hypnosis","Ice Cream","aspiration:RunicSpoon","hubris:SlimyHat","aspiration:Nostalgia","Sizzling Blood","infinitespire:Midas Blood"],"acts_visited":["Exordium","TheCity","TheBeyond","Exordium","TheCity","TheBeyond","Exordium"],"potions_floor_usage":[6,6,6,10,13,14,16,27,27,44,50,62,62,67,88,99,101],"damage_taken":[{"damage":11,"enemies":"Jaw Worm","floor":1,"turns":3},{"damage":0,"enemies":"Cultist","floor":4,"turns":2},{"damage":0,"enemies":"2 Louse","floor":5,"turns":3},{"damage":18,"enemies":"Lagavulin","floor":6,"turns":3},{"damage":0,"enemies":"Large Slime","floor":8,"turns":5},{"damage":0,"enemies":"3 Sentries","floor":10,"turns":3},{"damage":0,"enemies":"2 Fungi Beasts","floor":11,"turns":2},{"damage":8,"enemies":"Lagavulin","floor":13,"turns":3},{"damage":9,"enemies":"3 Sentries","floor":14,"turns":4},{"damage":52,"enemies":"Hexaghost","floor":16,"turns":10},{"damage":7,"enemies":"Chosen","floor":18,"turns":4},{"damage":12,"enemies":"Spheric Guardian","floor":21,"turns":3},{"damage":24,"enemies":"Shelled Parasite and Fungi","floor":25,"turns":4},{"damage":17,"enemies":"Gremlin Leader","floor":27,"turns":3},{"damage":14,"enemies":"Snecko","floor":29,"turns":3},{"damage":42,"enemies":"Pondfish","floor":33,"turns":4},{"damage":25,"enemies":"3 Shapes","floor":35,"turns":3},{"damage":6,"enemies":"Orb Walker","floor":38,"turns":2},{"damage":67,"enemies":"Nightmare","floor":41,"turns":5},{"damage":30,"enemies":"Nemesis","floor":44,"turns":3},{"damage":16,"enemies":"4 Shapes","floor":45,"turns":2},{"damage":18,"enemies":"Sphere and 2 Shapes","floor":47,"turns":4},{"damage":27,"enemies":"Maw","floor":48,"turns":4},{"damage":38,"enemies":"Time Eater","floor":50,"turns":5},{"damage":6,"enemies":"Cultist","floor":52,"turns":2},{"damage":8,"enemies":"Lagavulin","floor":57,"turns":2},{"damage":1,"enemies":"2 Louse","floor":59,"turns":1},{"damage":1,"enemies":"Small Slimes","floor":62,"turns":2},{"damage":2,"enemies":"2 Fungi Beasts","floor":63,"turns":2},{"damage":0,"enemies":"Nightmare","floor":64,"turns":1},{"damage":0,"enemies":"Looter","floor":65,"turns":2},{"damage":7,"enemies":"Slime Boss","floor":67,"turns":5},{"damage":1,"enemies":"Spheric Guardian","floor":69,"turns":1},{"damage":13,"enemies":"Chosen","floor":71,"turns":2},{"damage":7,"enemies":"Slavers","floor":74,"turns":3},{"damage":0,"enemies":"3 Cultists","floor":79,"turns":3},{"damage":0,"enemies":"Automaton","floor":84,"turns":3},{"damage":0,"enemies":"Orb Walker","floor":86,"turns":2},{"damage":0,"enemies":"3 Shapes","floor":88,"turns":2},{"damage":0,"enemies":"R_Hoarder","floor":91,"turns":3},{"damage":0,"enemies":"3 Darklings","floor":96,"turns":2},{"damage":0,"enemies":"Writhing Mass","floor":97,"turns":2},{"damage":0,"enemies":"Nightmare","floor":98,"turns":3},{"damage":0,"enemies":"Maw","floor":99,"turns":5},{"damage":0,"enemies":"Donu and Deca","floor":101,"turns":4},{"damage":0,"enemies":"Cultist","floor":103,"turns":1},{"damage":0,"enemies":"Small Slimes","floor":106,"turns":1},{"damage":0,"enemies":"Jaw Worm","floor":107,"turns":2},{"damage":0,"enemies":"Lagavulin","floor":109,"turns":1}],"seed_played":"1382082387493205559","potions_obtained":[{"floor":1,"key":"AttackPotion"},{"floor":2,"key":"Toxic Potion"},{"floor":2,"key":"DistilledChaos"},{"floor":4,"key":"DistilledChaos"},{"floor":8,"key":"SkillPotion"},{"floor":11,"key":"Energy Potion"},{"floor":13,"key":"Adrenaline Potion"},{"floor":14,"key":"Weak Potion"},{"floor":21,"key":"Strength Potion"},{"floor":25,"key":"Ancient Potion"},{"floor":41,"key":"Energy Potion"},{"floor":44,"key":"Ancient Potion"},{"floor":48,"key":"Explosive Potion"},{"floor":50,"key":"ColorlessPotion"},{"floor":52,"key":"PowerPotion"},{"floor":67,"key":"Block Potion"},{"floor":88,"key":"SteroidPotion"},{"floor":97,"key":"Regen Potion"},{"floor":99,"key":"ColorlessPotion"},{"floor":101,"key":"Explosive Potion"},{"floor":107,"key":"Strength Potion"}],"is_trial":false,"path_per_floor":["M","?","$","M","M","E","R","M","T","E","M","R","E","?","R","B",null,"M","?","?","M","?","R","AVR","M","T","E","?","M","R","T","R_BF","B",null,"M","T","?","M","$","R","NM","?","T","E","M","?","M","M","R","B",null,"M","?","AVR","?","?","E","R","M","T","?","M","M","NM","M","R","B",null,"M","?","M","?","?","E","?","$","T","R","M","?","R","?","R","B",null,"M","?","M","?","$","E","R","$","T","?","M","M","NM","M","R","B",null,"M","$","?","M","M","R","E","?"],"character_chosen":"IRONCLAD","items_purchased":["Blue Doll","infinitespire:ShieldingShard","Gremlin Food","Sentinel+1","Thread and Needle","hubris:PeanutButter","Paper Frog","Toxic Egg 2","hubris:SlimyHat","aspiration:Nostalgia"],"campfire_rested":0,"item_purchase_floors":[39,76,76,76,90,90,93,93,104,104],"current_hp_per_floor":[67,67,67,72,72,60,60,66,66,72,72,72,70,67,67,32,72,72,72,62,68,68,68,68,66,66,69,52,73,73,73,73,86,86,81,81,81,88,88,88,64,64,64,74,98,98,108,114,114,116,116,122,98,141,141,141,139,139,143,143,143,147,151,153,159,159,159,159,161,149,150,156,156,170,165,165,165,165,179,179,179,1,1,1,1,1,1,1,1,1,1,1,1,1,1,1,1,1,1,1,1,1,1,1,1,1,1,1,1,0,0],"gold":827,"neow_bonus":"ONE_RARE_RELIC","is_daily":false,"chose_seed":false,"campfire_upgraded":15,"win_rate":0.0,"timestamp":1610534794,"path_taken":["M","?","$","?","M","E","R","M","T","E","M","R","E","?","R","BOSS","M","?","?","?","?","R","AVR","?","T","E","?","M","R","?","R_BF","BOSS","M","?","?","M","$","R","NM","?","T","E","M","?","M","M","R","BOSS","M","?","AVR","?","?","E","R","M","T","?","M","M","NM","M","R","BOSS","M","?","M","?","?","E","?","$","T","R","M","?","R","?","R","BOSS","M","?","M","?","?","E","R","$","T","?","M","M","NM","M","R","BOSS","M","$","?","M","M","R","E","?"],"items_purchased_type":["Relic","Relic","Relic","Card","Relic","Relic","Relic","Relic","Relic","Relic"],"build_version":"2020-12-22","purchased_purges":7,"victory":false,"max_hp_per_floor":[72,72,72,72,72,72,72,72,72,72,72,72,72,72,72,72,72,72,72,78,80,80,80,80,82,82,84,84,86,86,86,86,86,86,89,89,89,94,94,94,94,94,94,96,102,102,108,114,114,116,116,122,122,141,141,141,141,141,143,143,143,147,151,153,159,159,159,159,161,161,167,173,173,175,177,177,177,177,179,179,179,1,1,1,1,1,1,1,1,1,1,1,1,1,1,1,1,1,1,1,1,1,1,1,1,1,1,1,1,1,1],"card_choices":[{"not_picked":["Armaments","Heavy Blade","Power Through"],"picked":"SKIP","floor":1},{"not_picked":["Thunderclap","ReplayTheSpireMod:Limb From Limb"],"picked":"Twin Strike","floor":4},{"not_picked":["Pummel","Warcry"],"picked":"Shrug It Off","floor":5},{"not_picked":["Inflame","Whirlwind","hubris:CleavingFinish"],"picked":"SKIP","floor":6},{"not_picked":["Reckless Charge","True Grit"],"picked":"Pommel Strike","floor":8},{"not_picked":["Searing Blow","hubris:ReadiedAction","Spot Weakness"],"picked":"SKIP","floor":10},{"not_picked":["Clash","Immolate","Spot Weakness"],"picked":"SKIP","floor":11},{"not_picked":["ReplayReversal","Dropkick"],"picked":"Cleave","floor":13},{"not_picked":["Replay:Undeath\u0027s Touch","Defy Death"],"picked":"Rage","floor":14},{"not_picked":["Berserk","Juggernaut"],"picked":"Hemogenesis","floor":16},{"not_picked":["Cleave","Whirlwind"],"picked":"ReplayTheSpireMod:Stacked","floor":18},{"not_picked":["True Grit+1","Infernal Blade","Body Slam"],"picked":"Singing Bowl","floor":21},{"not_picked":["Massacre","Evolve","Sword Boomerang"],"picked":"Singing Bowl","floor":25},{"not_picked":["Eclipse","Warcry","Flex"],"picked":"Singing Bowl","floor":27},{"not_picked":["Iron Wave","ReplayTheSpireMod:Limb From Limb","Defy Death"],"picked":"Singing Bowl","floor":29},{"not_picked":["Exhume","Eclipse"],"picked":"Feed","floor":33},{"not_picked":["Anger+1","Carnage"],"picked":"Flame Barrier+1","floor":35},{"not_picked":["Feel No Pain","Heavy Blade","Havoc"],"picked":"Singing Bowl","floor":38},{"not_picked":["Armaments","True Grit+1"],"picked":"Body Slam+1","floor":41},{"not_picked":["Rampage","Thunderclap","Uppercut+1"],"picked":"Singing Bowl","floor":44},{"not_picked":["Spot Weakness+1","Clothesline+1","Hemokinesis"],"picked":"Singing Bowl","floor":45},{"not_picked":["Wild Strike+1","Juggernaut","Iron Wave"],"picked":"Singing Bowl","floor":47},{"not_picked":["hubris:ReadiedAction+1","Body Slam+1","Cleave+1"],"picked":"Singing Bowl","floor":48},{"not_picked":["Exhume","Immolate","Hemogenesis"],"picked":"Singing Bowl","floor":50},{"not_picked":["True Grit","Heavy Blade","Replay:Undeath\u0027s Touch"],"picked":"Singing Bowl","floor":52},{"not_picked":["ReplayTheSpireMod:Muscle Training","infinitespire:OneForAll"],"picked":"Perfected Strike","floor":57},{"not_picked":["Clothesline","hubris:ReadiedAction","Carnage"],"picked":"Singing Bowl","floor":59},{"not_picked":["Run Through","Anger"],"picked":"Shrug It Off","floor":62},{"not_picked":["ReplayTheSpireMod:Strike From Hell","Thunderclap"],"picked":"Perfected Strike","floor":63},{"not_picked":["Replay:Undeath\u0027s Touch","Flex","Pommel Strike"],"picked":"Singing Bowl","floor":64},{"not_picked":["Bloodletting","Heavy Blade","ReplayTheSpireMod:Limb From Limb"],"picked":"Singing Bowl","floor":65},{"not_picked":["Offering","Juggernaut"],"picked":"Demon Form","floor":67},{"not_picked":["ReplayTheSpireMod:Strike From Hell","Ghostly Armor+1","Life Link"],"picked":"Singing Bowl","floor":69},{"not_picked":["Headbutt","Run Through","Sword Boomerang+1"],"picked":"Singing Bowl","floor":71},{"not_picked":["Sword Boomerang","Headbutt","Clothesline"],"picked":"Singing Bowl","floor":74},{"not_picked":["Body Slam","Hemokinesis","Clothesline"],"picked":"Singing Bowl","floor":75},{"not_picked":["CutThroughFate","Rebound","Heavy Blade"],"picked":"Singing Bowl","floor":79},{"not_picked":["Blasphemy","Corpse Explosion","Establishment"],"picked":"Singing Bowl","floor":84},{"not_picked":["ThirdEye+1","theMarked:SwordAndMagic","Pray"],"picked":"Singing Bowl","floor":86},{"not_picked":["theMarked:BanishingStrike","Predator+1","Draining Mist+1"],"picked":"Singing Bowl","floor":88},{"not_picked":["hubris:Fate","ReplayTheSpireMod:Chaos Vortex"],"picked":"infinitespire:SevenWalls","floor":91},{"not_picked":["Fiend Fire","Feel No Pain","Indignation+1"],"picked":"Singing Bowl","floor":91},{"not_picked":["infinitespire:Gouge","hubris:InfiniteBlow"],"picked":"hubris:Fate","floor":95},{"not_picked":["Replay:DivineShield+1","Quick Slash+1","Poisoned Stab"],"picked":"Singing Bowl","floor":96},{"not_picked":["Replay:ManipulateFuture+1","hubris:Ukulele+1","Backstab+1"],"picked":"Singing Bowl","floor":97},{"not_picked":["Dramatic Entrance","EmptyBody+1","Prostrate+1"],"picked":"Singing Bowl","floor":98},{"not_picked":["PiercingWail+1","Replay:Anticipation+1","Coolheaded+1"],"picked":"Singing Bowl","floor":99},{"not_picked":["Sadistic Nature","Magnetism","theMarked:MagicAdept"],"picked":"Singing Bowl","floor":101},{"not_picked":["Deadly Poison+1","BowlingBash","EmptyFist"],"picked":"Singing Bowl","floor":103},{"not_picked":["Cold Snap","ReplayTheSpireMod:Calculation Training+1","Cloak And Dagger+1"],"picked":"Singing Bowl","floor":105},{"not_picked":["Good Instincts+1","Discovery+1"],"picked":"Perseverance+1","floor":106},{"not_picked":["theMarked:ChainLightning","theMarked:ElectricStrings","Slice"],"picked":"Singing Bowl","floor":107},{"not_picked":["Replay:ManipulateFuture+1","Bloodletting+1","Havoc+1"],"picked":"Singing Bowl","floor":109}],"player_experience":282567,"relics_obtained":[{"floor":6,"key":"PreservedInsect"},{"floor":9,"key":"hubris:DuctTape"},{"floor":10,"key":"Darkstone Periapt"},{"floor":13,"key":"Dead Branch"},{"floor":20,"key":"Necronomicon"},{"floor":26,"key":"infinitespire:Lucky Rock"},{"floor":27,"key":"Ancient Tea Set"},{"floor":31,"key":"Replay:Bottled Flurry"},{"floor":32,"key":"aspiration:StickyExplosives_weak"},{"floor":36,"key":"Bag of Marbles"},{"floor":41,"key":"Juzu Bracelet"},{"floor":43,"key":"ReplayTheSpireMod:Ninjato"},{"floor":44,"key":"King of Hearts"},{"floor":57,"key":"TungstenRod"},{"floor":60,"key":"aspiration:FetidBarrel"},{"floor":64,"key":"infinitespire:Bottled Soul"},{"floor":70,"key":"Nilry\u0027s Codex"},{"floor":72,"key":"ReplayTheSpireMod:Ring of Collecting"},{"floor":74,"key":"hubris:Potato"},{"floor":75,"key":"PrismaticShard"},{"floor":77,"key":"Bronze Scales"},{"floor":77,"key":"Ring of Searing"},{"floor":91,"key":"Vajra"},{"floor":94,"key":"ReplayTheSpireMod:Lightbulb"},{"floor":94,"key":"Ring of Hypnosis"},{"floor":98,"key":"Ice Cream"},{"floor":109,"key":"infinitespire:Midas Blood"}],"event_choices":[{"damage_healed":0,"gold_gain":0,"player_choice":"Bought 2 Potions","damage_taken":0,"max_hp_gain":0,"max_hp_loss":0,"event_name":"The Woman in Blue","floor":2,"gold_loss":0},{"damage_healed":0,"gold_gain":0,"player_choice":"Searched \u00272\u0027 times","damage_taken":0,"relics_obtained":["Singing Bowl"],"max_hp_gain":0,"max_hp_loss":0,"event_name":"Dead Adventurer","floor":14,"gold_loss":0},{"damage_healed":0,"gold_gain":0,"player_choice":"Obtained Book","damage_taken":16,"max_hp_gain":0,"max_hp_loss":0,"event_name":"Cursed Tome","floor":20,"gold_loss":0},{"cards_removed":["Defend_R"],"damage_healed":0,"gold_gain":0,"player_choice":"Upgrade and Remove","damage_taken":0,"max_hp_gain":0,"max_hp_loss":0,"event_name":"Designer","floor":22,"gold_loss":90,"cards_upgraded":["Strike_R"]},{"cards_removed":["Rage"],"damage_healed":0,"gold_gain":0,"player_choice":"Removed Skill","damage_taken":0,"max_hp_gain":0,"max_hp_loss":0,"event_name":"Falling","floor":46,"gold_loss":0},{"damage_healed":0,"gold_gain":0,"player_choice":"Entered Light","damage_taken":24,"max_hp_gain":0,"max_hp_loss":0,"event_name":"Shining Light","floor":53,"gold_loss":0,"cards_upgraded":["Pommel Strike","Strike_R"]},{"cards_removed":["Writhe"],"damage_healed":0,"gold_gain":0,"player_choice":"Removed Curses","damage_taken":0,"max_hp_gain":0,"max_hp_loss":0,"event_name":"Fountain of Cleansing","floor":55,"gold_loss":0},{"damage_healed":0,"gold_gain":0,"player_choice":"Obtained Book","damage_taken":16,"max_hp_gain":0,"max_hp_loss":0,"event_name":"Cursed Tome","floor":70,"gold_loss":0},{"damage_healed":0,"gold_gain":0,"player_choice":"Inject Mutagens","damage_taken":0,"relics_obtained":["MutagenicStrength"],"max_hp_gain":0,"max_hp_loss":0,"event_name":"Drug Dealer","floor":73,"gold_loss":0},{"damage_healed":0,"gold_gain":0,"player_choice":"Read","damage_taken":0,"max_hp_gain":0,"max_hp_loss":0,"event_name":"The Library","floor":80,"gold_loss":0,"cards_obtained":["Searing Blow"]},{"damage_healed":0,"gold_gain":0,"player_choice":"Upgraded","damage_taken":0,"max_hp_gain":0,"max_hp_loss":0,"event_name":"Upgrade Shrine","floor":87,"gold_loss":0,"cards_upgraded":["Searing Blow"]},{"damage_healed":0,"gold_gain":0,"player_choice":"Rummage","damage_taken":0,"relics_obtained":["WarpedTongs"],"max_hp_gain":0,"max_hp_loss":0,"event_name":"Accursed Blacksmith","floor":89,"gold_loss":0,"cards_obtained":["Pain"]}],"is_beta":false,"boss_relics":[{"not_picked":["hubris:ScarierMask","hubris:VirtuousBlindfold"],"picked":"Electric Blood"},{"not_picked":["Fusion Hammer","Black Star"],"picked":"infinitespire:Burning Sword"},{"not_picked":["Snecko Eye","hubris:GrandSneckoEye"],"picked":"Astrolabe"},{"not_picked":["aspiration:SilentSkillbook","aspiration:WatcherSkillbook"],"picked":"SlaversCollar"},{"not_picked":["Fusion Hammer","hubris:BlackHole"],"picked":"Replay:Wanted Poster"},{"not_picked":["hubris:GrandSneckoEye","Velvet Choker"],"picked":"aspiration:RunicSpoon"}],"items_purged_floors":[3,24,39,54,76,90,93],"is_endless":true,"potions_floor_spawned":[1,4,8,11,13,14,21,25,41,44,48,50,52,59,67,88,97,99,101,107],"ascension_level":1}}