{"host":"dftyqn972q7tuon4","time":1610558032,"event":{"mods":["AchievementEnabler","BaseMod","Better Altar","Better Match","Better Note","Better Sensory Stone","Better Skull","Better Third Choice","Colored Powertips","Highlight Path","Minty Spire (QoL Compilation)","Permanent Neow","Quick Restart","StSLib"],"gold_per_floor":[119,119,44,54,66,98,98,117,140,180,180,216,228,249,249,355,355,379,379,379,397,597,597,617,660,696,722,722,218,242,167,167,275,275,295,295,316,335,335,335,368,409,466,486,509,509,509],"floor_reached":46,"language":"ENG","playtime":3309,"items_purged":["Strike_P","Clumsy"],"score":876,"play_id":"d96c47f0-a65d-4da5-917e-3d1145daba79","local_time":"20210113181352","is_ascension_mode":true,"campfire_choices":[{"data":"Omniscience","floor":7.0,"key":"SMITH"},{"data":"BattleHymn","floor":15.0,"key":"SMITH"},{"data":"DevaForm","floor":23.0,"key":"SMITH"},{"floor":28.0,"key":"REST"},{"data":"Alpha","floor":32.0,"key":"SMITH"},{"data":"Mayhem","floor":40.0,"key":"SMITH"}],"circlet_count":0,"master_deck":["Defend_P","Defend_P","Eruption+1","Vigilance","BattleHymn+1","Apotheosis+1","SandsOfTime","Pray","Omniscience+1","Halt","DeceiveReality","ReachHeaven","SandsOfTime","Devotion","Consecrate","DevaForm+1","Brilliance","Worship+1","Brilliance","Mayhem+1","Wireheading","Alpha+1","Perseverance","DeusExMachina","FearNoEvil","Shame","Protect+1","Clumsy","ClearTheMind+1"],"relics":["PureWater","Dead Branch","Happy Flower","CeramicFish","Orichalcum","Whetstone","Cursed Key","Nilry\u0027s Codex","betterThird:NestCultRelic","Damaru","Strawberry","Smiling Mask","Tiny Chest","Black Star","Toy Ornithopter","Dream Catcher","Meat on the Bone","Bag of Preparation"],"acts_visited":["Exordium","TheCity","TheBeyond"],"potions_floor_usage":[],"damage_taken":[{"damage":0.0,"enemies":"Small Slimes","floor":1.0,"turns":2.0},{"damage":0.0,"enemies":"2 Louse","floor":4.0,"turns":3.0},{"damage":0.0,"enemies":"Cultist","floor":5.0,"turns":2.0},{"damage":5.0,"enemies":"3 Sentries","floor":6.0,"turns":3.0},{"damage":10.0,"enemies":"Large Slime","floor":8.0,"turns":4.0},{"damage":0.0,"enemies":"Lagavulin","floor":10.0,"turns":4.0},{"damage":0.0,"enemies":"Gremlin Nob","floor":12.0,"turns":2.0},{"damage":0.0,"enemies":"Exordium Wildlife","floor":13.0,"turns":3.0},{"damage":1.0,"enemies":"Blue Slaver","floor":14.0,"turns":3.0},{"damage":2.0,"enemies":"The Guardian","floor":16.0,"turns":7.0},{"damage":3.0,"enemies":"3 Byrds","floor":18.0,"turns":4.0},{"damage":8.0,"enemies":"Shell Parasite","floor":24.0,"turns":3.0},{"damage":11.0,"enemies":"Slavers","floor":25.0,"turns":4.0},{"damage":17.0,"enemies":"Book of Stabbing","floor":27.0,"turns":3.0},{"damage":5.0,"enemies":"Centurion and Healer","floor":30.0,"turns":3.0},{"damage":28.0,"enemies":"Automaton","floor":33.0,"turns":7.0},{"damage":6.0,"enemies":"Orb Walker","floor":35.0,"turns":3.0},{"damage":0.0,"enemies":"3 Darklings","floor":37.0,"turns":2.0},{"damage":0.0,"enemies":"Jaw Worm Horde","floor":38.0,"turns":2.0},{"damage":31.0,"enemies":"Nemesis","floor":42.0,"turns":5.0},{"damage":24.0,"enemies":"Maw","floor":44.0,"turns":5.0},{"damage":14,"enemies":"Spire Growth","floor":45,"turns":4},{"damage":6,"enemies":"Jaw Worm Horde","floor":46,"turns":2}],"seed_played":"-4390699559532703986","potions_obtained":[{"floor":1.0,"key":"BlessingOfTheForge"},{"floor":8.0,"key":"BottledMiracle"},{"floor":12.0,"key":"SpeedPotion"},{"floor":14.0,"key":"SkillPotion"},{"floor":16.0,"key":"PowerPotion"},{"floor":18.0,"key":"Regen Potion"},{"floor":25.0,"key":"Fire Potion"},{"floor":30.0,"key":"Fruit Juice"},{"floor":37.0,"key":"BlessingOfTheForge"},{"floor":38.0,"key":"BlessingOfTheForge"}],"is_trial":false,"path_per_floor":["M","?","$","M","M","E","R","M","T","E","?","E","M","M","R","B",null,"M","?","?","?","?","R","M","E","T","E","R","$","M","?","R","B",null,"M","?","M","M","?","R","T","E","T","M","M","M"],"character_chosen":"WATCHER","items_purchased":["Mayhem","Tiny Chest","Wireheading","Alpha"],"campfire_rested":1,"item_purchase_floors":[29,29,29,29],"current_hp_per_floor":[65,65,65,65,65,60,60,50,50,50,50,50,50,49,49,47,61,58,42,42,42,42,42,34,35,42,25,46,46,41,41,41,18,62,56,56,56,56,56,56,56,30,30,18,16,10,10],"gold":509,"neow_bonus":"ONE_RARE_RELIC","is_daily":false,"chose_seed":false,"campfire_upgraded":5,"win_rate":0.0,"timestamp":1610558032,"path_taken":["M","?","$","M","M","E","R","M","T","E","?","E","M","?","R","BOSS","M","?","?","?","?","R","?","E","T","E","R","$","M","?","R","BOSS","M","?","M","M","?","R","?","E","T","M","M","M"],"items_purchased_type":["Card","Relic","Card","Card"],"build_version":"2020-12-22","purchased_purges":2,"victory":false,"max_hp_per_floor":[65,65,65,65,65,65,65,65,65,65,65,65,65,65,65,65,65,65,65,65,65,65,65,65,65,72,72,72,72,72,72,72,77,77,77,77,77,77,77,77,77,77,77,77,77,77,77],"card_choices":[{"not_picked":["Prostrate","Halt"],"picked":"BattleHymn","floor":1.0},{"not_picked":["FlyingSleeves","Protect"],"picked":"SandsOfTime","floor":4.0},{"not_picked":["EmptyFist","PathToVictory"],"picked":"Pray","floor":5.0},{"not_picked":["TalkToTheHand","Crescendo"],"picked":"Omniscience","floor":6.0},{"not_picked":["EmptyFist","WaveOfTheHand"],"picked":"Halt","floor":8.0},{"not_picked":["DeusExMachina","Meditate"],"picked":"DeceiveReality","floor":10.0},{"not_picked":["Halt","FlurryOfBlows"],"picked":"ReachHeaven","floor":12.0},{"not_picked":["Consecrate","Protect","FlurryOfBlows"],"picked":"SKIP","floor":13.0},{"not_picked":["Consecrate","DeceiveReality"],"picked":"SandsOfTime","floor":14.0},{"not_picked":["Brilliance","Vault"],"picked":"Devotion","floor":16.0},{"not_picked":["Prostrate","Evaluate"],"picked":"Consecrate","floor":18.0},{"not_picked":["EmptyMind+1","BowlingBash"],"picked":"Worship+1","floor":24.0},{"not_picked":["Tantrum","Nirvana"],"picked":"Brilliance","floor":25.0},{"not_picked":["PathToVictory+1","SashWhip","SignatureMove"],"picked":"SKIP","floor":27.0},{"not_picked":["FollowUp","FlyingSleeves"],"picked":"Perseverance","floor":30.0},{"not_picked":["Alpha","Ragnarok"],"picked":"DeusExMachina","floor":33.0},{"not_picked":["Evaluate","FollowUp","EmptyBody"],"picked":"SKIP","floor":35.0},{"not_picked":["Consecrate","Indignation+1"],"picked":"FearNoEvil","floor":37.0},{"not_picked":["Consecrate","EmptyBody","PathToVictory+1"],"picked":"SKIP","floor":38.0},{"not_picked":["FollowUp","Tantrum+1"],"picked":"Protect+1","floor":42.0},{"not_picked":["FlyingSleeves+1","FollowUp+1","JustLucky+1"],"picked":"SKIP","floor":44.0},{"not_picked":["FollowUp","Crescendo"],"picked":"ClearTheMind+1","floor":45}],"player_experience":622003,"relics_obtained":[{"floor":6.0,"key":"Happy Flower"},{"floor":9.0,"key":"CeramicFish"},{"floor":10.0,"key":"Orichalcum"},{"floor":12.0,"key":"Whetstone"},{"floor":19.0,"key":"Nilry\u0027s Codex"},{"floor":25.0,"key":"Damaru"},{"floor":26.0,"key":"Strawberry"},{"floor":27.0,"key":"Smiling Mask"},{"floor":41.0,"key":"Toy Ornithopter"},{"floor":42.0,"key":"Dream Catcher"},{"floor":42.0,"key":"Meat on the Bone"},{"floor":43.0,"key":"Bag of Preparation"}],"event_choices":[{"damage_healed":65.0,"max_hp_gain":0.0,"max_hp_loss":65.0,"gold_gain":0.0,"event_name":"betterThird:BetterShining","player_choice":"Embrace","floor":2.0,"gold_loss":0.0,"damage_taken":0.0},{"cards_removed":["Strike_P"],"damage_healed":0.0,"max_hp_gain":0.0,"max_hp_loss":0.0,"gold_gain":0.0,"event_name":"Wheel of Change","player_choice":"Card Removal","floor":11.0,"gold_loss":0.0,"damage_taken":0.0},{"damage_healed":0.0,"max_hp_gain":0.0,"max_hp_loss":0.0,"gold_gain":0.0,"event_name":"Cursed Tome","player_choice":"Obtained Book","floor":19.0,"gold_loss":0.0,"damage_taken":16.0},{"damage_healed":0.0,"max_hp_gain":0.0,"max_hp_loss":0.0,"gold_gain":0.0,"event_name":"betterThird:BetterNest","player_choice":"Madness","floor":20.0,"gold_loss":0.0,"damage_taken":0.0,"relics_obtained":["betterThird:NestCultRelic"]},{"damage_healed":0.0,"max_hp_gain":0.0,"max_hp_loss":0.0,"gold_gain":0.0,"cards_transformed":["Strike_P","Strike_P"],"event_name":"Drug Dealer","player_choice":"Became Test Subject","floor":21.0,"gold_loss":0.0,"damage_taken":0.0,"cards_obtained":["DevaForm","Brilliance"]},{"damage_healed":0.0,"max_hp_gain":0.0,"max_hp_loss":0.0,"gold_gain":200.0,"event_name":"Wheel of Change","player_choice":"Gold","floor":22.0,"gold_loss":0.0,"damage_taken":0.0},{"cards_removed":["Defend_P"],"damage_healed":0.0,"max_hp_gain":0.0,"max_hp_loss":0.0,"gold_gain":0.0,"event_name":"Beggar","player_choice":"Gave Gold","floor":31.0,"gold_loss":75.0,"damage_taken":0.0},{"cards_removed":["Defend_P"],"damage_healed":0.0,"max_hp_gain":0.0,"max_hp_loss":0.0,"gold_gain":0.0,"event_name":"Falling","player_choice":"Removed Skill","floor":36.0,"gold_loss":0.0,"damage_taken":0.0},{"damage_healed":0.0,"max_hp_gain":0.0,"max_hp_loss":0.0,"gold_gain":0.0,"event_name":"Tomb of Lord Red Mask","player_choice":"Ignored","floor":39.0,"gold_loss":0.0,"damage_taken":0.0}],"is_beta":false,"boss_relics":[{"not_picked":["HolyWater","Runic Pyramid"],"picked":"Cursed Key"},{"not_picked":["SlaversCollar","SacredBark"],"picked":"Black Star"}],"items_purged_floors":[3,29],"is_endless":false,"potions_floor_spawned":[1,8,12,14,16,18,24,25,30,37,38],"killed_by":"Jaw Worm Horde","ascension_level":8}}