{"host":"fm9e0lfunjlbhzxv","time":1610520421,"event":{"mods":["BaseMod","Bestiary","Better Match","Better Skull","Better Third Choice","Colored Map","Colored Powertips","Downfall","Key Reminder","Minty Spire (QoL Compilation)","Permanent Neow","Rare Cards Sparkle","Relic Stats","StSLib","slay the spire mod where everything is the same but ironclad has a cowboy hat"],"gold_per_floor":[99,110,121,121,221,146,169,207,236,127,236,273,273,291,317,430,430,430,505,517,536,118,133,210,220,245,170,196,381,431,452,467,572,572,572,597,706,338,356,389,389,106,140,190,212,235,160,210,239,239,239,239,239,239],"floor_reached":52,"language":"ENG","playtime":4663,"items_purged":["Slimebound:Defend_Slimebound","Slimebound:Defend_Slimebound","Slimebound:Defend_Slimebound","Slimebound:Strike_Slimebound"],"score":786,"play_id":"6d44f159-5cf9-4f15-9841-8799107771cf","local_time":"20210112224701","is_ascension_mode":false,"campfire_choices":[{"floor":1,"key":"RECALL"},{"data":"Slimebound:Split","floor":6,"key":"SMITH"},{"data":"Slimebound:DisruptingSlam","floor":13,"key":"SMITH"},{"data":"Slimebound:FormOfPuddle","floor":18,"key":"SMITH"},{"data":"Slimebound:RejuvenatingLick","floor":27,"key":"SMITH"},{"data":"Slimebound:FormOfPuddle","floor":35,"key":"SMITH"},{"data":"Slimebound:Grow","floor":47,"key":"SMITH"}],"circlet_count":0,"master_deck":["Slimebound:Strike_Slimebound","Slimebound:Strike_Slimebound","Slimebound:Tackle","Slimebound:Defend_Slimebound","Slimebound:Split+1","Slimebound:CorrosiveSpit+1","Slimebound:FirmFortitude","Slimebound:SlimeSpikes","Slimebound:DisruptingSlam+1","Slimebound:LevelUp","Slimebound:SlimeSpikes","Slimebound:FormOfPuddle+1","Slimebound:SlimeTap","Slimebound:Grow+1","Slimebound:SplitMire","Slimebound:OneTwoCombo","Slimebound:SlimeSpikes","Slimebound:Schlurp","Slimebound:RejuvenatingLick+1","Slimebound:OozeBath","Slimebound:GrowthPunch+1","Slimebound:FormOfPuddle+1","Slimebound:FormOfPuddle+1","Slimebound:MassFeed","Slimebound:RainOfGoop+1","Slimebound:Gluttony+1","Slimebound:FirmFortitude","Slimebound:AcidTongue","Slimebound:Gluttony+1","Slimebound:SelfFormingGoo+1"],"relics":["Slimebound:AbsorbEndCombat","CeramicFish","downfall:HeartBlessingRed","Bronze Scales","Odd Mushroom","downfall:CloakOfManyFaces","CultistMask","FaceOfCleric","NlothsMask","GremlinMask","SsserpentHead","Bag of Marbles","Slimebound:TarBlob","Art of War","Strawberry","Mummified Hand","downfall:HeartBlessingGreen","Coffee Dripper","Turnip","Strange Spoon","Boot","PreservedInsect","Frozen Egg 2","downfall:HeartBlessingBlue"],"acts_visited":["Exordium","TheCity","TheBeyond","TheEnding"],"potions_floor_usage":[10,12,15,22],"damage_taken":[{"damage":4,"enemies":"2 Louse","floor":2,"turns":2},{"damage":9,"enemies":"Small Slimes","floor":3,"turns":3},{"damage":27,"enemies":"The Mushroom Lair","floor":8,"turns":4},{"damage":8,"enemies":"Jaw Worm","floor":9,"turns":4},{"damage":4,"enemies":"downfall:FleeingMerchant","floor":10,"turns":4},{"damage":16,"enemies":"downfall:FaceTrader","floor":11,"turns":7},{"damage":14,"enemies":"3 Sentries","floor":12,"turns":7},{"damage":4,"enemies":"3 Louse","floor":14,"turns":4},{"damage":20,"enemies":"Gremlin Gang","floor":15,"turns":3},{"damage":57,"enemies":"downfall:Silent","floor":16,"turns":6},{"damage":29,"enemies":"Spheric Guardian","floor":19,"turns":4},{"damage":0,"enemies":"3 Byrds","floor":20,"turns":1},{"damage":28,"enemies":"Cultist and Chosen","floor":21,"turns":6},{"damage":23,"enemies":"downfall:FleeingMerchant","floor":22,"turns":4},{"damage":6,"enemies":"Snecko","floor":23,"turns":4},{"damage":36,"enemies":"Snake Plant","floor":25,"turns":3},{"damage":44,"enemies":"Book of Stabbing","floor":26,"turns":4},{"damage":12,"enemies":"Centurion and Healer","floor":28,"turns":5},{"damage":22,"enemies":"downfall:FleeingMerchant","floor":29,"turns":4},{"damage":19,"enemies":"Snecko","floor":31,"turns":5},{"damage":15,"enemies":"3 Cultists","floor":32,"turns":5},{"damage":29,"enemies":"downfall:Watcher","floor":33,"turns":9},{"damage":21,"enemies":"3 Shapes","floor":36,"turns":4},{"damage":18,"enemies":"Mind Bloom Boss Battle","floor":37,"turns":6},{"damage":16,"enemies":"3 Darklings","floor":39,"turns":4},{"damage":44,"enemies":"Reptomancer","floor":40,"turns":7},{"damage":53,"enemies":"Giant Head","floor":43,"turns":9},{"damage":0,"enemies":"Transient","floor":45,"turns":5},{"damage":7,"enemies":"Sphere and 2 Shapes","floor":46,"turns":5},{"damage":25,"enemies":"Writhing Mass","floor":49,"turns":4},{"damage":70,"enemies":"downfall:Ironclad","floor":50,"turns":12},{"damage":167,"enemies":"downfall:CharBossMerchant","floor":52,"turns":7}],"seed_played":"-6452994027441303734","potions_obtained":[{"floor":8,"key":"SkillPotion"},{"floor":9,"key":"Swift Potion"},{"floor":12,"key":"SkillPotion"},{"floor":14,"key":"PowerPotion"},{"floor":16,"key":"GamblersBrew"},{"floor":21,"key":"PowerPotion"},{"floor":23,"key":"Dexterity Potion"},{"floor":31,"key":"Regen Potion"}],"is_trial":false,"path_per_floor":["R","M","M","?","?","R","T","?","M","$","?","E","R","M","M","B",null,"R","M","M","M","$","M","T","M","E","R","M","$","?","M","M","B",null,"R","M","?","$","M","E","T","?","E","T","M","M","R","?","M","B",null,"E"],"character_chosen":"SLIMEBOUND","items_purchased":["Slimebound:FormOfPuddle","Art of War","Strawberry","Slimebound:FormOfPuddle","Strange Spoon","Slimebound:FirmFortitude"],"campfire_rested":0,"item_purchase_floors":[10,22,22,29,38,38],"current_hp_per_floor":[60,58,57,54,54,54,54,41,45,55,53,56,56,62,59,23,64,64,48,49,48,63,74,74,58,43,43,60,71,56,62,76,88,88,88,89,93,93,97,97,97,114,89,89,119,123,133,133,125,102,135,0,0,0],"gold":239,"neow_bonus":"UPGRADE_CARD","is_daily":false,"chose_seed":false,"campfire_upgraded":6,"win_rate":0.0,"timestamp":1610520421,"path_taken":["R","M","M","?","?","R","T","?","M","$","?","E","R","M","M","BOSS","R","?","M","M","$","M","T","M","E","R","M","$","?","M","M","BOSS","R","M","?","$","M","E","T","?","E","?","M","M","R","?","M","BOSS","E"],"items_purchased_type":["Card","Relic","Relic","Card","Relic","Card"],"build_version":"2020-12-22","purchased_purges":4,"victory":false,"max_hp_per_floor":[60,60,60,60,60,60,60,60,60,60,60,61,61,62,63,64,64,64,65,66,67,75,76,76,77,78,78,79,80,85,86,87,88,88,88,92,93,93,97,101,101,114,118,118,119,123,133,133,134,135,135,135,135,135],"relic_stats":{"SsserpentHead":300,"Strange Spoon":[85],"FaceOfCleric":25,"counters":[32,156],"Mummified Hand":[76],"CeramicFish":207,"Bronze Scales":[380],"Turnip":[5],"PreservedInsect":100,"Art of War":[13],"Boot":[22],"obtain_stats":[{"CeramicFish":4,"GremlinMask":11,"downfall:HeartBlessingGreen":27,"Boot":40,"SsserpentHead":11,"FaceOfCleric":11,"Mummified Hand":26,"downfall:HeartBlessingBlue":47,"Strawberry":22,"downfall:CloakOfManyFaces":11,"downfall:HeartBlessingRed":6,"PreservedInsect":43,"Odd Mushroom":8,"Frozen Egg 2":44,"Slimebound:TarBlob":17,"keyreminder:keyreminder":1,"Strange Spoon":38,"Bronze Scales":7,"CultistMask":11,"Turnip":37,"Slimebound:AbsorbEndCombat":0,"Bag of Marbles":12,"Art of War":22,"Coffee Dripper":34,"NlothsMask":11},{"CeramicFish":2,"GremlinMask":6,"downfall:HeartBlessingGreen":17,"Boot":26,"SsserpentHead":6,"FaceOfCleric":6,"Mummified Hand":17,"downfall:HeartBlessingBlue":29,"Strawberry":14,"downfall:CloakOfManyFaces":6,"downfall:HeartBlessingRed":2,"PreservedInsect":27,"Odd Mushroom":3,"Frozen Egg 2":27,"Slimebound:TarBlob":10,"keyreminder:keyreminder":0,"Strange Spoon":24,"Bronze Scales":2,"CultistMask":6,"Turnip":24,"Slimebound:AbsorbEndCombat":0,"Bag of Marbles":7,"Art of War":14,"Coffee Dripper":22,"NlothsMask":6},{"CeramicFish":5,"GremlinMask":23,"downfall:HeartBlessingGreen":66,"Boot":114,"SsserpentHead":23,"FaceOfCleric":23,"Mummified Hand":66,"downfall:HeartBlessingBlue":133,"Strawberry":55,"downfall:CloakOfManyFaces":23,"downfall:HeartBlessingRed":5,"PreservedInsect":123,"Odd Mushroom":9,"Frozen Egg 2":123,"Slimebound:TarBlob":42,"keyreminder:keyreminder":0,"Strange Spoon":103,"Bronze Scales":5,"CultistMask":23,"Turnip":103,"Slimebound:AbsorbEndCombat":0,"Bag of Marbles":30,"Art of War":55,"Coffee Dripper":93,"NlothsMask":23}]},"card_choices":[{"not_picked":["Slimebound:ServeAndProtect","Slimebound:GrowthPunch"],"picked":"Slimebound:FirmFortitude","floor":2},{"not_picked":["Slimebound:SplitBruiser","Slimebound:DivideAndConquer"],"picked":"Slimebound:SlimeSpikes","floor":3},{"not_picked":["Slimebound:RejuvenatingLick","Slimebound:FinishingTackle"],"picked":"Slimebound:DisruptingSlam","floor":8},{"not_picked":["Slimebound:ComboTackle","Slimebound:SplitMire"],"picked":"Slimebound:LevelUp","floor":9},{"not_picked":["Slimebound:GrowthPunch","Slimebound:RollThrough"],"picked":"Slimebound:SlimeSpikes","floor":10},{"not_picked":["Slimebound:LeechEnergy","Slimebound:LeechingTouch"],"picked":"Slimebound:SlimeTap","floor":11},{"not_picked":["Slimebound:Schlurp","Slimebound:LeechLife"],"picked":"Slimebound:Grow","floor":12},{"not_picked":["Slimebound:ServeAndProtect","Slimebound:AcidTongue","Slimebound:GrowthPunch"],"picked":"SKIP","floor":14},{"not_picked":["Slimebound:HauntingLick","Slimebound:Repurpose"],"picked":"Slimebound:SplitMire","floor":15},{"not_picked":["Slimebound:Teamwork","Slimebound:DouseInSlime"],"picked":"Slimebound:OneTwoCombo","floor":16},{"not_picked":["Slimebound:GrowthPunch","Slimebound:ViciousTackle"],"picked":"Slimebound:SlimeSpikes","floor":19},{"not_picked":["Slimebound:ComboTackle","Slimebound:SplitMire","Slimebound:SplitAcid"],"picked":"SKIP","floor":20},{"not_picked":["Slimebound:SplitLeeching","Slimebound:SplitMire+1"],"picked":"Slimebound:Schlurp","floor":21},{"not_picked":["Slimebound:GrowthPunch","Slimebound:SamplingLick+1"],"picked":"Slimebound:RejuvenatingLick","floor":22},{"not_picked":["Slimebound:SlimeBarrage","Slimebound:GoopSpray","Slimebound:ServeAndProtect"],"picked":"SKIP","floor":23},{"not_picked":["Slimebound:Replication","Slimebound:LeechingTouch","Slimebound:RollThrough"],"picked":"SKIP","floor":25},{"not_picked":["Slimebound:GoopTackle","Slimebound:DisruptingSlam","Slimebound:DivideAndConquer"],"picked":"SKIP","floor":26},{"not_picked":["Slimebound:GoopTackle","Slimebound:DisruptingSlam","Slimebound:DivideAndConquer"],"picked":"SKIP","floor":26},{"not_picked":["Slimebound:GrowthPunch","Slimebound:Grow+1"],"picked":"Slimebound:OozeBath","floor":28},{"not_picked":["Slimebound:LeechingTouch","Slimebound:SplitAcid+1"],"picked":"Slimebound:GrowthPunch+1","floor":29},{"not_picked":["Slimebound:GrowthPunch+1","Slimebound:Equalize"],"picked":"Slimebound:FormOfPuddle+1","floor":31},{"not_picked":["Slimebound:SlimeSpikes","Slimebound:SplitBruiser","Slimebound:GrowthPunch"],"picked":"SKIP","floor":32},{"not_picked":["Slimebound:RallyTheTroops","Slimebound:MassRepurpose"],"picked":"Slimebound:MassFeed","floor":33},{"not_picked":["Slimebound:ServeAndProtect","Slimebound:DivideAndConquer"],"picked":"Slimebound:RainOfGoop+1","floor":36},{"not_picked":["Slimebound:SplitLeeching","Slimebound:Repurpose"],"picked":"Slimebound:Gluttony+1","floor":37},{"not_picked":["Slimebound:FlameTackle","Slimebound:SplitBruiser","Slimebound:RollThrough"],"picked":"SKIP","floor":39},{"not_picked":["Slimebound:ViciousTackle","Slimebound:GrowthPunch","Slimebound:SplitAcid"],"picked":"SKIP","floor":40},{"not_picked":["Slimebound:ItLooksTasty+1","Slimebound:FinishingTackle"],"picked":"Slimebound:AcidTongue","floor":43},{"not_picked":["Slimebound:ViciousTackle","Slimebound:ProtectTheBoss+1"],"picked":"Slimebound:Gluttony+1","floor":45},{"not_picked":["Slimebound:SplitAcid+1","Slimebound:LeechingTouch+1"],"picked":"Slimebound:LevelUp+1","floor":46},{"not_picked":["Slimebound:SplitBruiser+1","Slimebound:LeechingTouch"],"picked":"Slimebound:SelfFormingGoo+1","floor":49}],"player_experience":470509,"relics_obtained":[{"floor":7,"key":"Bronze Scales"},{"floor":8,"key":"Odd Mushroom"},{"floor":11,"key":"downfall:CloakOfManyFaces"},{"floor":12,"key":"Bag of Marbles"},{"floor":26,"key":"Mummified Hand"},{"floor":37,"key":"Turnip"},{"floor":40,"key":"Boot"},{"floor":43,"key":"PreservedInsect"},{"floor":44,"key":"Frozen Egg 2"}],"event_choices":[{"damage_healed":0,"gold_gain":0,"player_choice":"Success","damage_taken":3,"relics_obtained":["CeramicFish"],"max_hp_gain":0,"max_hp_loss":0,"event_name":"Scrap Ooze","floor":4,"gold_loss":0},{"damage_healed":0,"gold_gain":0,"player_choice":"Fought Mushrooms","damage_taken":0,"max_hp_gain":0,"max_hp_loss":0,"event_name":"Mushrooms","floor":8,"gold_loss":0},{"cards_removed":["Slimebound:LevelUp"],"damage_healed":0,"gold_gain":0,"player_choice":"Removed Power","damage_taken":0,"max_hp_gain":0,"max_hp_loss":0,"event_name":"Falling","floor":48,"gold_loss":0}],"is_beta":false,"boss_relics":[{"not_picked":["Busted Crown","Pandora\u0027s Box"],"picked":"Slimebound:TarBlob"},{"not_picked":["Black Star","Fusion Hammer"],"picked":"Coffee Dripper"}],"items_purged_floors":[10,22,29,38],"is_endless":false,"potions_floor_spawned":[8,9,12,14,16,21,23,26,31,37,39,40,46,49],"killed_by":"downfall:CharBossMerchant","ascension_level":0}}