{"host":"slngz8sobihb8iwl","time":1610504066,"event":{"mods":["2.2 Compatiblity","Act Like it!","BaseMod","Colored Powertips","Elementarium","Gensokyo","GifTheSpireLib","Hallownest","Hermit","Marisa????????","Menagerie","Minty Spire (QoL Compilation)","Permanent Neow","Random Character Button","Rare Cards Sparkle","Relic Filter","Robot Space Explorer","StSLib","SuperFastMode","Td1madao Mod","The Bug Knight","The Cursed","The Disciple","The Gatherer","The Hierophant","The Judge","The Marked","The Runesmith","Unceasing Turn Reminder"],"gold_per_floor":[112,112,30,30,43,43,61,61,87,117,117,133,165,165,165,269,269,285,285,103,103,117,144,24,24,24,42,42,42,75,86,86,182,182,193,40,40,40,40,40,56,83,152,152,166,166,166,166],"floor_reached":47,"language":"ENG","playtime":5382,"items_purged":[],"score":569,"play_id":"afd934cf-bd97-44ac-9a51-c4a17a70f8e0","local_time":"20210112211426","is_ascension_mode":true,"campfire_choices":[{"data":"theMarked:MagicAdept","floor":6.0,"key":"SMITH"},{"data":"theMarked:AttractMetal","floor":15.0,"key":"SMITH"},{"data":"theMarked:SummonStrength","floor":25.0,"key":"SMITH"},{"data":"theMarked:EnhanceMovement","floor":28.0,"key":"SMITH"},{"floor":32.0,"key":"REST"},{"data":"Gensokyo:UnlikelyAid","floor":40.0,"key":"SMITH"},{"floor":44.0,"key":"REST"}],"circlet_count":0,"master_deck":["theMarked:Strike","theMarked:Strike","theMarked:Strike","theMarked:SoldierOfQuellstein+1","theMarked:ShockingTouch","Hallownest:skillSlugHide","Hallownest:skillSlugHide","Hallownest:skillSlugHide","theMarked:MagicAdept+1","theMarked:AttractMetal+1","theMarked:EnhanceMovement+1","theMarked:PowerFlow","theMarked:ChainLightning","theMarked:SummonStrength+1","theMarked:StartUp+1","theMarked:Electrify","Hallownest:attackMasterCycloneSlash","theMarked:GodGivenPower","theMarked:Polarize+1","theMarked:Static+1","theMarked:Abjuration","theMarked:TakeOffHeels+1","theMarked:StartUp+1","Gensokyo:UnlikelyAid+1","theMarked:Static+1","theMarked:MysticalArsenal+1","theMarked:SuspiciousRaven+1"],"relics":["theMarked:ArtifactOfAir","Toy Ornithopter","Smiling Mask","The Courier","Hallownest:DreamNailRelic","SacredBark","Akabeko","Runesmith:AutoHammer","Lee\u0027s Waffle","Toxic Egg 2","HornCleat","Empty Cage","theMarked:Winder","Anchor","Gremlin Horn"],"acts_visited":["Exordium","Hallownest:Greenpath","Hallownest:CityofTears"],"potions_floor_usage":[],"damage_taken":[{"damage":0.0,"enemies":"Hallownest:monsterHuskWarrior","floor":1.0,"turns":3.0},{"damage":0.0,"enemies":"Hallownest:2_Tiktiks_and_1_Crawlid","floor":5.0,"turns":3.0},{"damage":0.0,"enemies":"Hallownest:2_Baldur","floor":7.0,"turns":4.0},{"damage":10.0,"enemies":"Hallownest:eliteCrystalGuardian","floor":10.0,"turns":5.0},{"damage":7.0,"enemies":"Hallownest:monsterFoolEater","floor":12.0,"turns":5.0},{"damage":4.0,"enemies":"Hallownest:eliteVengeflyKing","floor":13.0,"turns":5.0},{"damage":40.0,"enemies":"Hallownest:BossFalseKnight","floor":16.0,"turns":8.0},{"damage":21.0,"enemies":"Hallownest:Guard_and_Sentry","floor":18.0,"turns":6.0},{"damage":34.0,"enemies":"Hallownest:3_Youths","floor":22.0,"turns":8.0},{"damage":17.0,"enemies":"Hallownest:eliteSoulWarrior","floor":23.0,"turns":7.0},{"damage":22.0,"enemies":"Hallownest:monsterShrumalOgre","floor":27.0,"turns":5.0},{"damage":11.0,"enemies":"Hallownest:Nosk","floor":30.0,"turns":5.0},{"damage":20.0,"enemies":"Hallownest:2_Flukemon","floor":31.0,"turns":6.0},{"damage":19.0,"enemies":"Hallownest:BossGrimm","floor":33.0,"turns":5.0},{"damage":20.0,"enemies":"Gensokyo:3_Boulders","floor":35.0,"turns":4.0},{"damage":58.0,"enemies":"","floor":38.0,"turns":9.0},{"damage":0.0,"enemies":"Gensokyo:3_Bats","floor":41.0,"turns":3.0},{"damage":28.0,"enemies":"Gensokyo:Doremy","floor":42.0,"turns":5.0},{"damage":28.0,"enemies":"Gensokyo:Sharpion","floor":45.0,"turns":6.0},{"damage":25,"enemies":"Gensokyo:Marisa","floor":47,"turns":4}],"seed_played":"2361506647450651776","potions_obtained":[{"floor":1.0,"key":"Swift Potion"},{"floor":5.0,"key":"Ancient Potion"},{"floor":10.0,"key":"ColorlessPotion"},{"floor":23.0,"key":"DistilledChaos"},{"floor":30.0,"key":"Regen Potion"},{"floor":31.0,"key":"AttackPotion"},{"floor":35.0,"key":"SkillPotion"}],"is_trial":false,"path_per_floor":["M","?","$","?","M","R","M","?","T","E","?","M","E","?","R","B",null,"M","?","$","?","M","E","$","R","T","M","R","?","E","M","R","B",null,"M","COS","?","?","?","R","M","E","T","R","M","?","E"],"character_chosen":"THE_DEFAULT","items_purchased":["theMarked:MagicAdept","Akabeko","theMarked:Electrify","Lee\u0027s Waffle"],"campfire_rested":2,"item_purchase_floors":[3,20,20,24],"current_hp_per_floor":[70,70,70,70,70,70,70,61,61,56,56,49,45,45,45,25,70,49,49,49,49,15,3,77,77,77,55,55,55,49,29,52,38,77,57,57,57,57,57,57,57,29,29,52,24,24,0,0],"gold":166,"neow_bonus":"UPGRADE_CARD","is_daily":false,"chose_seed":false,"campfire_upgraded":5,"win_rate":0.0,"timestamp":1610504066,"path_taken":["M","?","$","?","?","R","M","?","T","E","?","M","E","?","R","BOSS","M","?","$","?","?","E","?","R","T","M","R","?","E","M","R","BOSS","M","COS","?","?","?","R","M","E","T","R","M","?","E"],"items_purchased_type":["Card","Relic","Card","Relic"],"build_version":"2020-12-22","purchased_purges":0,"victory":false,"max_hp_per_floor":[70,70,70,70,70,70,70,70,70,70,70,70,70,70,70,70,70,70,70,70,70,70,70,77,77,77,77,77,77,77,77,77,77,77,77,77,77,77,77,77,77,77,77,77,77,77,77,77],"card_choices":[{"not_picked":["theMarked:ElectricStrings","theMarked:HeightenedSenses"],"picked":"theMarked:ShockingTouch","floor":1.0},{"not_picked":["theMarked:Improvise","theMarked:ShockingTouch"],"picked":"theMarked:AttractMetal","floor":5.0},{"not_picked":["theMarked:Aftermath","theMarked:ShockingTouch"],"picked":"theMarked:EnhanceMovement","floor":7.0},{"not_picked":["theMarked:Seal","theMarked:LightningStrikesTwice"],"picked":"theMarked:PowerFlow","floor":10.0},{"not_picked":["theMarked:WastefulAttack","theMarked:TwofoldDefense"],"picked":"theMarked:ChainLightning","floor":12.0},{"not_picked":["theMarked:Frustration","theMarked:Aftermath","theMarked:TwofoldDefense"],"picked":"SKIP","floor":13.0},{"not_picked":["theMarked:MuscleMemory","theMarked:FavorableWinds"],"picked":"theMarked:SummonStrength","floor":16.0},{"not_picked":["theMarked:HeritageOfTheMarked","theMarked:SwordAndMagic+1"],"picked":"theMarked:StartUp+1","floor":18.0},{"not_picked":["theMarked:DeterminationOfTheMarked","theMarked:ContemptForTheProud"],"picked":"theMarked:GodGivenPower","floor":22.0},{"not_picked":["theMarked:Snap","theMarked:PowerFlow"],"picked":"theMarked:Polarize+1","floor":23.0},{"not_picked":["theMarked:WastefulAttack+1","theMarked:ComboAttacks"],"picked":"theMarked:Static+1","floor":27.0},{"not_picked":["theMarked:ResourceFulStrike","theMarked:EmpowerWeapon+1"],"picked":"theMarked:Abjuration","floor":29.0},{"not_picked":["theMarked:WastefulDefense+1","theMarked:Parkour+1","theMarked:TakeCover+1"],"picked":"SKIP","floor":30.0},{"not_picked":["theMarked:RepellingDischarge+1","theMarked:WastefulAttack+1","theMarked:Improvise+1"],"picked":"SKIP","floor":31.0},{"not_picked":["theMarked:Levitate+1","theMarked:Vacuum"],"picked":"theMarked:TakeOffHeels+1","floor":33.0},{"not_picked":["theMarked:WastefulDefense+1","theMarked:RepellingDischarge+1"],"picked":"theMarked:StartUp+1","floor":35.0},{"not_picked":["Gensokyo:LifeSpringInfinity","Gensokyo:MorningStar"],"picked":"Gensokyo:UnlikelyAid","floor":38.0},{"not_picked":["theMarked:MysticalArsenal","theMarked:ContemptForTheProud+1"],"picked":"theMarked:Static+1","floor":41.0},{"not_picked":["theMarked:Static+1","theMarked:Seal+1"],"picked":"theMarked:MysticalArsenal+1","floor":42.0},{"not_picked":["theMarked:RepellingDischarge+1","theMarked:HeightenedSenses+1"],"picked":"theMarked:SuspiciousRaven+1","floor":45.0}],"player_experience":393006,"relics_obtained":[{"floor":9.0,"key":"Toy Ornithopter"},{"floor":10.0,"key":"Smiling Mask"},{"floor":13.0,"key":"The Courier"},{"floor":23.0,"key":"Runesmith:AutoHammer"},{"floor":26.0,"key":"Toxic Egg 2"},{"floor":30.0,"key":"HornCleat"},{"floor":42.0,"key":"Anchor"},{"floor":43.0,"key":"Gremlin Horn"}],"event_choices":[],"is_beta":false,"boss_relics":[{"not_picked":["Velvet Choker","Runic Pyramid"],"picked":"SacredBark"},{"not_picked":["Runesmith:UraniumAnvil","Snecko Eye"],"picked":"Empty Cage"}],"items_purged_floors":[],"is_endless":false,"potions_floor_spawned":[1,5,10,23,30,31,35],"killed_by":"Gensokyo:Marisa","ascension_level":1}}