{"host":"7l2t4psy44vpcd9q","time":1610529503,"event":{"mods":["AchievementEnabler","BaseMod","DeckTracker","Minty Spire (QoL Compilation)","SuperFastMode"],"gold_per_floor":[113,128,138,156,173,203,203,229,229,229,304,338,338,366,366,445,445,423,124,124,124,67,96,110,128,183,183,212,212,212,229,229,304,304,323,49,64,64,89,89,89,89,134,150,170,170,186,219,219,219,219],"floor_reached":52,"language":"KOR","playtime":3314,"items_purged":["Strike_R"],"score":1886,"play_id":"7db17fc3-db27-43ec-8fe8-de59b75a3484","local_time":"20210113181823","is_ascension_mode":true,"campfire_choices":[{"data":"Fire Breathing","floor":10.0,"key":"SMITH"},{"floor":13.0,"key":"REST"},{"data":"Evolve","floor":15.0,"key":"SMITH"},{"data":"Offering","floor":27.0,"key":"SMITH"},{"data":"Power Through","floor":30.0,"key":"SMITH"},{"floor":32.0,"key":"REST"},{"data":"Defend_R+1","floor":40,"key":"PURGE"},{"floor":42,"key":"REST"},{"floor":49,"key":"REST"}],"circlet_count":0,"master_deck":["AscendersBane","Strike_R+1","Strike_R+1","Strike_R+1","Strike_R+1","Defend_R+1","Defend_R+1","Defend_R+1","Bash+1","Reckless Charge","Cleave","Fire Breathing+1","Twin Strike+1","Hemokinesis","Spot Weakness","Burning Pact","Evolve+1","Reaper","Sword Boomerang","Offering+1","Iron Wave+1","Power Through+1","Feed+1","Havoc+1","Double Tap","Flame Barrier+1","Warcry+1","Twin Strike+1","Shockwave+1","Shrug It Off+1","Twin Strike+1","Entrench","Metallicize+1","Headbutt+1"],"relics":["Burning Blood","Akabeko","Ginger","Dream Catcher","Regal Pillow","Omamori","Odd Mushroom","SlaversCollar","Molten Egg 2","Art of War","Peace Pipe","Fusion Hammer","Orrery","Bird Faced Urn","Toy Ornithopter","Whetstone","Kunai"],"acts_visited":["Exordium","TheCity","TheBeyond"],"potions_floor_usage":[33,33,41,48,51,51],"damage_taken":[{"damage":10.0,"enemies":"Small Slimes","floor":1.0,"turns":3.0},{"damage":0.0,"enemies":"2 Louse","floor":2.0,"turns":2.0},{"damage":0.0,"enemies":"Jaw Worm","floor":3.0,"turns":3.0},{"damage":16.0,"enemies":"2 Fungi Beasts","floor":4.0,"turns":3.0},{"damage":21.0,"enemies":"Blue Slaver","floor":5.0,"turns":3.0},{"damage":22.0,"enemies":"3 Sentries","floor":6.0,"turns":5.0},{"damage":10.0,"enemies":"Gremlin Nob","floor":8.0,"turns":3.0},{"damage":20.0,"enemies":"3 Sentries","floor":12.0,"turns":4.0},{"damage":31.0,"enemies":"The Mushroom Lair","floor":14.0,"turns":4.0},{"damage":42.0,"enemies":"Slime Boss","floor":16.0,"turns":5.0},{"damage":41.0,"enemies":"2 Thieves","floor":18.0,"turns":4.0},{"damage":27.0,"enemies":"Slavers","floor":23.0,"turns":4.0},{"damage":26.0,"enemies":"3 Byrds","floor":24.0,"turns":5.0},{"damage":12.0,"enemies":"Cultist and Chosen","floor":25.0,"turns":5.0},{"damage":29.0,"enemies":"Gremlin Leader","floor":28.0,"turns":5.0},{"damage":30.0,"enemies":"Shelled Parasite and Fungi","floor":31.0,"turns":6.0},{"damage":39,"enemies":"Collector","floor":33,"turns":7},{"damage":6,"enemies":"3 Shapes","floor":35,"turns":3},{"damage":6,"enemies":"Orb Walker","floor":37,"turns":2},{"damage":41,"enemies":"Mind Bloom Boss Battle","floor":39,"turns":6},{"damage":0,"enemies":"Giant Head","floor":41,"turns":1},{"damage":24,"enemies":"3 Darklings","floor":44,"turns":5},{"damage":6,"enemies":"4 Shapes","floor":45,"turns":4},{"damage":40,"enemies":"Maw","floor":47,"turns":6},{"damage":48,"enemies":"Nemesis","floor":48,"turns":5},{"damage":73,"enemies":"Awakened One","floor":50,"turns":14},{"damage":76,"enemies":"Donu and Deca","floor":51,"turns":10}],"seed_played":"4193438308499921058","potions_obtained":[{"floor":1.0,"key":"BloodPotion"},{"floor":5.0,"key":"Strength Potion"},{"floor":8.0,"key":"ColorlessPotion"},{"floor":12.0,"key":"BlessingOfTheForge"},{"floor":23.0,"key":"SteroidPotion"},{"floor":24.0,"key":"Fire Potion"},{"floor":25.0,"key":"SkillPotion"},{"floor":28.0,"key":"DistilledChaos"},{"floor":37,"key":"BloodPotion"},{"floor":45,"key":"DistilledChaos"},{"floor":48,"key":"PowerPotion"}],"is_trial":false,"path_per_floor":["M","M","M","M","M","E","?","E","T","R","?","E","R","?","R","B",null,"M","$","?","?","$","E","M","M","T","R","E","?","R","M","R","B",null,"M","$","M","?","?","R","E","R","T","M","M","T","M","E","R","B","B",null],"character_chosen":"IRONCLAD","items_purchased":["Offering","PowerPotion","Fire Potion","Orrery","SmokeBomb"],"campfire_rested":4,"item_purchase_floors":[19,19,22,36,36],"current_hp_per_floor":[64,70,75,65,50,49,54,50,50,50,50,36,75,50,50,14,64,37,37,37,37,37,34,32,44,44,44,57,57,57,45,80,47,72,84,84,84,84,53,53,59,88,88,70,92,92,82,51,94,45,20],"gold":219,"neow_bonus":"RANDOM_COMMON_RELIC","is_daily":false,"chose_seed":false,"campfire_upgraded":4,"win_rate":0.0,"timestamp":1610529503,"path_taken":["M","M","M","M","M","E","?","E","T","R","?","E","R","?","R","BOSS","M","$","?","?","?","E","?","M","T","R","E","?","R","M","R","BOSS","M","$","M","?","?","R","E","R","T","M","M","?","M","E","R","BOSS","BOSS"],"items_purchased_type":["Card","Potion","Potion","Relic","Potion"],"build_version":"2020-12-22","purchased_purges":1,"victory":true,"max_hp_per_floor":[75,75,75,75,75,75,80,80,80,80,80,80,80,80,80,80,80,80,80,80,80,80,80,80,80,80,80,80,80,80,80,80,80,80,84,84,84,84,88,88,88,88,88,88,92,92,96,96,96,100,100],"card_choices":[{"not_picked":["Flex","True Grit"],"picked":"Reckless Charge","floor":1.0},{"not_picked":["Clothesline","Sword Boomerang"],"picked":"Cleave","floor":2.0},{"not_picked":["Clothesline","Warcry"],"picked":"Fire Breathing","floor":3.0},{"not_picked":["Flex","Searing Blow"],"picked":"Twin Strike","floor":4.0},{"not_picked":["Dropkick","True Grit"],"picked":"Hemokinesis","floor":5.0},{"not_picked":["Clothesline","Exhume","Sentinel"],"picked":"SKIP","floor":6.0},{"not_picked":["Seeing Red","Warcry"],"picked":"Spot Weakness","floor":8.0},{"not_picked":["Havoc","Warcry","Fire Breathing"],"picked":"SKIP","floor":12.0},{"not_picked":["Perfected Strike","Heavy Blade"],"picked":"Burning Pact","floor":13.0},{"not_picked":["Twin Strike","Wild Strike"],"picked":"Evolve","floor":14.0},{"not_picked":["Corruption","Barricade"],"picked":"Reaper","floor":16.0},{"not_picked":["Pommel Strike","Wild Strike"],"picked":"Sword Boomerang","floor":18.0},{"not_picked":["Sentinel","Perfected Strike+1","Clash+1"],"picked":"SKIP","floor":23.0},{"not_picked":["Second Wind","Pommel Strike+1"],"picked":"Iron Wave+1","floor":24.0},{"not_picked":["Flex","Perfected Strike+1","Shrug It Off"],"picked":"SKIP","floor":25.0},{"not_picked":["Searing Blow+1","Body Slam+1"],"picked":"Power Through","floor":28.0},{"not_picked":["Clothesline+1","Ghostly Armor"],"picked":"Feed+1","floor":31.0},{"not_picked":["Bloodletting","Second Wind"],"picked":"Havoc+1","floor":32.0},{"not_picked":["Brutality","Reaper+1"],"picked":"Double Tap","floor":33},{"not_picked":["Dropkick+1","Havoc","True Grit"],"picked":"SKIP","floor":35},{"not_picked":["Sword Boomerang+1","Inflame"],"picked":"Flame Barrier+1","floor":36},{"not_picked":["Perfected Strike+1","Hemokinesis+1"],"picked":"Warcry+1","floor":36},{"not_picked":["Havoc+1","Rampage+1"],"picked":"Twin Strike+1","floor":36},{"not_picked":["Thunderclap+1","Feel No Pain"],"picked":"Shockwave+1","floor":37},{"not_picked":["Perfected Strike+1","Dropkick+1"],"picked":"Shrug It Off+1","floor":39},{"not_picked":["Anger+1","Armaments+1"],"picked":"Twin Strike+1","floor":42},{"not_picked":["Rage+1","Sword Boomerang+1"],"picked":"Entrench","floor":44},{"not_picked":["Rupture","Dual Wield","Armaments"],"picked":"SKIP","floor":45},{"not_picked":["Anger+1","Second Wind"],"picked":"Metallicize+1","floor":47},{"not_picked":["Brutality","Heavy Blade+1","Dual Wield+1"],"picked":"SKIP","floor":48},{"not_picked":["Sword Boomerang+1","Whirlwind+1"],"picked":"Headbutt+1","floor":49}],"player_experience":1228730,"relics_obtained":[{"floor":6.0,"key":"Ginger"},{"floor":8.0,"key":"Dream Catcher"},{"floor":9.0,"key":"Regal Pillow"},{"floor":12.0,"key":"Omamori"},{"floor":14.0,"key":"Odd Mushroom"},{"floor":23.0,"key":"Molten Egg 2"},{"floor":26.0,"key":"Art of War"},{"floor":28.0,"key":"Peace Pipe"},{"floor":39,"key":"Bird Faced Urn"},{"floor":43,"key":"Toy Ornithopter"},{"floor":46,"key":"Whetstone"},{"floor":48,"key":"Kunai"}],"event_choices":[{"damage_healed":0.0,"max_hp_gain":5.0,"max_hp_loss":0.0,"gold_gain":0.0,"event_name":"Big Fish","player_choice":"Donut","floor":7.0,"gold_loss":0.0,"damage_taken":0.0},{"damage_healed":0.0,"max_hp_gain":0.0,"max_hp_loss":0.0,"gold_gain":75.0,"event_name":"Golden Wing","player_choice":"Gained Gold","floor":11.0,"gold_loss":0.0,"damage_taken":0.0},{"damage_healed":0.0,"max_hp_gain":0.0,"max_hp_loss":0.0,"gold_gain":0.0,"event_name":"Mushrooms","player_choice":"Fought Mushrooms","floor":14.0,"gold_loss":0.0,"damage_taken":0.0},{"damage_healed":0.0,"max_hp_gain":0.0,"max_hp_loss":0.0,"gold_gain":0.0,"event_name":"Ghosts","player_choice":"Ignored","floor":20.0,"gold_loss":0.0,"damage_taken":0.0},{"damage_healed":0.0,"max_hp_gain":0.0,"max_hp_loss":0.0,"gold_gain":0.0,"event_name":"Back to Basics","player_choice":"Simplicity","floor":21.0,"gold_loss":0.0,"damage_taken":0.0,"cards_upgraded":["Strike_R","Strike_R","Strike_R","Strike_R","Defend_R","Defend_R","Defend_R","Defend_R"]},{"damage_healed":0.0,"max_hp_gain":0.0,"max_hp_loss":0.0,"gold_gain":0.0,"event_name":"The Mausoleum","player_choice":"Ignored","floor":29.0,"gold_loss":0.0,"damage_taken":0.0},{"damage_healed":17,"gold_gain":0,"player_choice":"Writhe","damage_taken":0,"max_hp_gain":0,"max_hp_loss":0,"event_name":"Winding Halls","floor":38,"gold_loss":0,"cards_obtained":["Writhe"]},{"damage_healed":0,"gold_gain":0,"player_choice":"Fight","damage_taken":0,"max_hp_gain":0,"max_hp_loss":0,"event_name":"MindBloom","floor":39,"gold_loss":0}],"is_beta":false,"boss_relics":[{"not_picked":["Black Star","Busted Crown"],"picked":"SlaversCollar"},{"not_picked":["Empty Cage","Runic Dome"],"picked":"Fusion Hammer"}],"items_purged_floors":[19],"is_endless":false,"potions_floor_spawned":[1,5,8,12,23,24,25,28,37,45,48],"ascension_level":20}}