{"host":"hfxp6ue4pvwo3fit","time":1610512315,"event":{"mods":["AchievementEnabler","BaseMod","Colored Map","Colored Powertips","Highlight Path","Minty Spire (QoL Compilation)","Relic Stats","StSLib","SuperFastMode"],"gold_per_floor":[359,372,74,74,74,105,105,134,181,181,196,207,207,48,48,119,119,133,143,143,143],"floor_reached":20,"language":"ENG","playtime":621,"items_purged":[],"score":364,"play_id":"e04b663a-6fa7-4bd0-acf9-8ccf795eb380","local_time":"20210112223155","is_ascension_mode":true,"campfire_choices":[{"data":"Armaments","floor":7,"key":"SMITH"},{"floor":10,"key":"REST"},{"data":"True Grit","floor":15,"key":"SMITH"}],"circlet_count":0,"master_deck":["AscendersBane","Strike_R","Strike_R","Strike_R","Strike_R","Strike_R","Defend_R","Defend_R","Defend_R","Defend_R","Bash","Thunderclap","Fire Breathing","Dropkick","Armaments+1","Impervious","Shrug It Off","True Grit+1","Feel No Pain","Battle Trance","Offering","Warcry","Wild Strike"],"relics":["Burning Blood","OrangePellets","Anchor","Toy Ornithopter","Regal Pillow","Mark of Pain"],"acts_visited":["Exordium","TheCity"],"potions_floor_usage":[6,8,16,16],"damage_taken":[{"damage":24,"enemies":"Jaw Worm","floor":1,"turns":4},{"damage":18,"enemies":"Cultist","floor":2,"turns":5},{"damage":20,"enemies":"3 Sentries","floor":6,"turns":5},{"damage":19,"enemies":"Lagavulin","floor":8,"turns":7},{"damage":0,"enemies":"2 Louse","floor":11,"turns":4},{"damage":8,"enemies":"Blue Slaver","floor":12,"turns":4},{"damage":53,"enemies":"Hexaghost","floor":16,"turns":13},{"damage":27,"enemies":"3 Byrds","floor":18,"turns":7},{"damage":30,"enemies":"Shell Parasite","floor":19,"turns":6},{"damage":15,"enemies":"Chosen and Byrds","floor":20,"turns":3}],"seed_played":"1319704642237364739","potions_obtained":[{"floor":1,"key":"SpeedPotion"},{"floor":6,"key":"SteroidPotion"},{"floor":11,"key":"PowerPotion"},{"floor":13,"key":"HeartOfIron"}],"is_trial":false,"path_per_floor":["M","M","$","?","$","E","R","E","T","R","M","M","?","$","R","B",null,"M","M","M"],"character_chosen":"IRONCLAD","items_purchased":["OrangePellets","Dropkick","Armaments","Feel No Pain","Battle Trance"],"campfire_rested":1,"item_purchase_floors":[3,3,3,14,14],"current_hp_per_floor":[50,38,38,38,38,24,24,11,11,46,52,50,50,50,50,13,54,33,9,0,0],"gold":143,"neow_bonus":"TWO_FIFTY_GOLD","is_daily":false,"chose_seed":false,"campfire_upgraded":2,"win_rate":0.0,"timestamp":1610512315,"path_taken":["M","M","$","?","?","E","R","E","T","R","?","?","?","$","R","BOSS","M","?","M"],"items_purchased_type":["Relic","Card","Card","Card","Card"],"build_version":"2020-12-22","purchased_purges":0,"victory":false,"max_hp_per_floor":[68,68,68,68,68,68,68,68,68,68,68,68,68,68,68,68,68,68,68,68,68],"relic_stats":{"OrangePellets":[2],"Regal Pillow":15,"counters":[10,58],"obtain_stats":[{"OrangePellets":3,"Anchor":6,"Regal Pillow":9,"Mark of Pain":17,"Burning Blood":0,"Toy Ornithopter":8},{"OrangePellets":2,"Anchor":3,"Regal Pillow":4,"Mark of Pain":7,"Burning Blood":0,"Toy Ornithopter":4},{"OrangePellets":9,"Anchor":14,"Regal Pillow":21,"Mark of Pain":42,"Burning Blood":0,"Toy Ornithopter":21}],"Burning Blood":54,"Toy Ornithopter":10},"card_choices":[{"not_picked":["Second Wind","Pommel Strike"],"picked":"Thunderclap","floor":1},{"not_picked":["Pummel","Dark Embrace"],"picked":"Fire Breathing","floor":2},{"not_picked":["Iron Wave","Heavy Blade","Warcry"],"picked":"SKIP","floor":6},{"not_picked":["Havoc","Ghostly Armor"],"picked":"Impervious","floor":8},{"not_picked":["Armaments","Body Slam"],"picked":"Shrug It Off","floor":11},{"not_picked":["Cleave","Iron Wave"],"picked":"True Grit","floor":12},{"not_picked":["Brutality","Immolate"],"picked":"Offering","floor":16},{"not_picked":["Reckless Charge","Headbutt"],"picked":"Warcry","floor":18},{"not_picked":["Sword Boomerang","Berserk"],"picked":"Wild Strike","floor":19}],"player_experience":499538,"relics_obtained":[{"floor":6,"key":"Anchor"},{"floor":8,"key":"Toy Ornithopter"},{"floor":9,"key":"Regal Pillow"}],"event_choices":[{"damage_healed":0,"gold_gain":0,"player_choice":"Leave","damage_taken":0,"max_hp_gain":0,"max_hp_loss":0,"event_name":"FaceTrader","floor":4,"gold_loss":0},{"damage_healed":0,"gold_gain":0,"player_choice":"Got Potions","damage_taken":0,"max_hp_gain":0,"max_hp_loss":0,"event_name":"Lab","floor":13,"gold_loss":0}],"is_beta":false,"boss_relics":[{"not_picked":["Calling Bell","Black Blood"],"picked":"Mark of Pain"}],"items_purged_floors":[],"is_endless":false,"potions_floor_spawned":[1,6,11],"killed_by":"Chosen and Byrds","ascension_level":20}}