{"host":"440aydzcd8mkncjo","time":1610558290,"event":{"mods":["2.2 Compatiblity","Act Like it!","Aspiration","Astrologer","Bard","BaseMod","Beaked The Cultist","Challenge The Spire","Chen","Colored Map","Conspire","Downfall","Energized Spire","Friendly Minions","Gensokyo","Glutton Mod","Gremlin Mod","Halation","Hallownest","Hubris","Infinite Spire","Jedi Mod","Koishi","Lobotomy","LobotomyExtend","Mad Scientist","Marisa????????","Mimic Mod","Minty Spire (QoL Compilation)","READ ME - Guardian Mod","READ ME - Snecko Mod","Rare Cards Sparkle","Reimu??????","Relic Sorter","Remilia??????","Replay The Spire","Shade Mod","Shop Mod","Somnambulant","StSLib","The Administrix","The Alterego","The Blackbeard","The Bug Knight","The Construct","The Cursed","The Florist","The Gatherer","The Hierophant","The Jungle","The Marked","The Mystic","The Necromancer","The Problem Sleuth","The Runesmith","The Servant 0.9.4","The Wild Card","TheBandit","TheSwordswoman","Unknown Chances","Waifu the Spire","Youmu??????","Yuri Mod","Yuyuko","thorton","vexMod"],"gold_per_floor":[99,109,125,137,137,37,116,160,160,198,198,247,8,53,116,237,237,237,237,237,237],"floor_reached":19,"language":"ENG","playtime":1972,"items_purged":["Slimebound:Strike_Slimebound"],"score":175,"play_id":"15c59b87-244e-40cb-b85a-a75127e96c2f","local_time":"20210113171810","is_ascension_mode":true,"campfire_choices":[{"data":"Slimebound:Tackle","floor":1,"key":"SMITH"},{"data":"Slimebound:AcidTongue","floor":18,"key":"SMITH"}],"circlet_count":0,"master_deck":[],"relics":["Slimebound:AbsorbEndCombat","LetterFromLob","downfall:BrokenWingStatue","Molten Egg 2","halation:EternalFortune","jedi:arcanewood","vexMod:NewClearReactor","InspiredRelic","LaetitiaHeart"],"acts_visited":["Exordium","TheCity"],"potions_floor_usage":[15,19],"damage_taken":[{"damage":7,"enemies":"Small Slimes","floor":2,"turns":3},{"damage":10,"enemies":"2 Louse","floor":3,"turns":2},{"damage":3,"enemies":"Cultist","floor":4,"turns":3},{"damage":25,"enemies":"3 Louse","floor":8,"turns":4},{"damage":11,"enemies":"Blue Slaver","floor":10,"turns":3},{"damage":12,"enemies":"downfall:FleeingMerchant","floor":13,"turns":4},{"damage":17,"enemies":"Lots of Slimes","floor":14,"turns":4},{"damage":16,"enemies":"Exordium Thugs","floor":15,"turns":3},{"damage":49,"enemies":"downfall:Watcher","floor":16,"turns":6},{"damage":6,"enemies":"Shell Parasite","floor":19,"turns":1},{"damage":60,"enemies":"Shell Parasite","floor":19,"turns":6}],"seed_played":"-1941708229134268509","potions_obtained":[{"floor":2,"key":"Dexterity Potion"},{"floor":3,"key":"AttackPotion"},{"floor":10,"key":"SpeedPotion"},{"floor":14,"key":"SteroidPotion"},{"floor":16,"key":"Doom Potion"}],"is_trial":false,"path_per_floor":["R","M","M","M","?","?","T","M","?","M","?","T","$","M","M","B",null,"R","M"],"character_chosen":"SLIMEBOUND","items_purchased":["Slimebound:HungryTackle+1","Slimebound:AcidTongue","Slimebound:PressTheAttack+1"],"campfire_rested":0,"item_purchase_floors":[13,13,13],"current_hp_per_floor":[60,57,51,56,56,56,56,47,50,47,47,47,59,63,51,30,63,63,0,0,0],"gold":237,"neow_bonus":"RANDOM_COMMON_RELIC","is_daily":false,"chose_seed":false,"campfire_upgraded":2,"win_rate":0.0,"timestamp":1610558290,"path_taken":["R","M","M","M","?","?","T","M","?","M","?","?","$","?","M","BOSS","R","M"],"items_purchased_type":["Card","Card","Card"],"build_version":"2020-12-22","purchased_purges":1,"victory":false,"max_hp_per_floor":[60,60,60,60,60,60,60,60,63,63,63,63,63,63,63,63,63,63,58,58,58],"card_choices":[{"not_picked":["Slimebound:Recollect","Slimebound:LevelUp"],"picked":"Slimebound:FlameTackle","floor":2},{"not_picked":["Slimebound:LeadByExample","Slimebound:SamplingLick"],"picked":"Slimebound:LeechingTouch","floor":3},{"not_picked":["Slimebound:GoopSpray","Slimebound:SplitAcid"],"picked":"Slimebound:RainOfGoop","floor":4},{"not_picked":["Slimebound:GoopSpray","Slimebound:ViciousTackle+1"],"picked":"Slimebound:GrowthPunch+1","floor":8},{"not_picked":["Slimebound:SlimeSpikes","Slimebound:Replication"],"picked":"Slimebound:SamplingLick","floor":10},{"not_picked":["Slimebound:FinishingTackle+1","Slimebound:ComboTackle+1"],"picked":"Slimebound:Gluttony","floor":13},{"not_picked":["Slimebound:ForwardTackle+1","Slimebound:SplitBruiser"],"picked":"Slimebound:ComboTackle+1","floor":14},{"not_picked":["Slimebound:SlimeSpikes","Slimebound:Schlurp"],"picked":"Slimebound:GoopSpray","floor":15},{"not_picked":["Slimebound:OneTwoCombo+1","Slimebound:Recycling"],"picked":"Slimebound:LeechLife+1","floor":16}],"player_experience":765545,"relics_obtained":[{"floor":2,"key":"LetterFromLob"},{"floor":7,"key":"Molten Egg 2"},{"floor":12,"key":"jedi:arcanewood"}],"event_choices":[{"damage_healed":0,"gold_gain":0,"player_choice":"Invest 2","damage_taken":0,"max_hp_gain":0,"max_hp_loss":0,"event_name":"conspire:Investor","floor":6,"gold_loss":0}],"is_beta":false,"boss_relics":[{"not_picked":["energizedSpire:RedRose","conspire:SlowCooker"],"picked":"vexMod:NewClearReactor"}],"items_purged_floors":[13],"is_endless":false,"potions_floor_spawned":[2,3,10,14,16,19],"killed_by":"Shell Parasite","ascension_level":2}}