{"host":"zex3ujd3lwod1gma","time":1610550776,"event":{"mods":["BaseMod","Better Vampires","Custom Start","Minty Spire (QoL Compilation)","MostiFishMod","Quick Restart","Relic Stats","StSLib","[地精首领爬塔]The Maniac","【功能Mod】精心准备","篝火指南"],"gold_per_floor":[115,125,135,155,80,106,120,147,147,178,191,206,206,106,106,203,203,217,227,241,116,129,157,170,205,205,224,244,274,274,373,87,186,186,206,217,231,245,255,281,281,106,106,123,156,156,171,181,36,36,36,36,36,68,68],"floor_reached":56,"language":"ZHS","playtime":3092,"items_purged":["maniac:AbyssShackle","maniac:Strike","maniac:Defend+1","maniac:Strike+1","maniac:Strike+1"],"score":1844,"play_id":"53362c1b-7ec3-4a23-b7e5-c52c81819ded","local_time":"20210113231256","is_ascension_mode":true,"campfire_choices":[{"floor":15.0,"key":"RECALL"}],"circlet_count":0,"master_deck":["maniac:Strike+1","maniac:Strike+1","maniac:Defend+1","maniac:Defend+1","maniac:BurnBlood+1","maniac:SecretBackups+1","maniac:ShiftingShadows+1","maniac:DashForward+1","maniac:ReconstructWounds+1","maniac:SecretBackups+1","maniac:ReachVictory+1","maniac:TwistedEddies+1","maniac:FoilArmor+1","maniac:FanTheHammer+1","maniac:UniversalPerception+1","maniac:Blastwave+1","maniac:Collecting+1","maniac:Collecting+1","maniac:ReconstructWounds+1","maniac:ExceedEnchantment+1","maniac:Recollect+1","Purity+1","MostiFishMod:MusicBox+1","Madness+1","Madness+1"],"relics":["maniac:BrokenHorn","DaveBox","BirthdayGift-Tetrahedron","NeowsBlessing","maniac:EnchantedAnvil","SynthV:TestCard","White Beast Statue","Strawberry","Akabeko","ChiXiaoBlade","Bottled Lightning","Lantern","StoneCalendar","Oddly Smooth Stone","Enchiridion","Orichalcum","ShadowXiaoBlade","Darkstone Periapt","Incense Burner","Toxic Egg 2","ArrowTower","SentryEyes","Singing Bowl","Vajra","OriginationStaff","Question Card","Potion Belt","ImprovedEquipment","BionicSphere","ChiLing","Chi","Ling","Pear","Centennial Puzzle","Pen Nib","Letter Opener"],"acts_visited":["Exordium","TheCity","TheBeyond","TheEnding"],"potions_floor_usage":[],"damage_taken":[{"damage":0.0,"enemies":"Small Slimes","floor":1.0,"turns":1.0},{"damage":0.0,"enemies":"Cultist","floor":2.0,"turns":1.0},{"damage":0.0,"enemies":"Jaw Worm","floor":3.0,"turns":1.0},{"damage":9.0,"enemies":"3 Louse","floor":4.0,"turns":2.0},{"damage":6.0,"enemies":"3 Sentries","floor":6.0,"turns":4.0},{"damage":6.0,"enemies":"2 Fungi Beasts","floor":7.0,"turns":4.0},{"damage":8.0,"enemies":"Lagavulin","floor":8.0,"turns":5.0},{"damage":4.0,"enemies":"3 Sentries","floor":10.0,"turns":3.0},{"damage":2.0,"enemies":"Blue Slaver","floor":11.0,"turns":2.0},{"damage":4.0,"enemies":"Exordium Wildlife","floor":12.0,"turns":3.0},{"damage":4.0,"enemies":"Slime Boss","floor":16.0,"turns":3.0},{"damage":4.0,"enemies":"Chosen","floor":18.0,"turns":3.0},{"damage":4.0,"enemies":"Shell Parasite","floor":19.0,"turns":2.0},{"damage":4.0,"enemies":"Centurion and Healer","floor":20.0,"turns":3.0},{"damage":2.0,"enemies":"Snake Plant","floor":22.0,"turns":2.0},{"damage":8.0,"enemies":"Book of Stabbing","floor":23.0,"turns":5.0},{"damage":5.0,"enemies":"Chosen and Byrds","floor":24.0,"turns":2.0},{"damage":11.0,"enemies":"Slavers","floor":25.0,"turns":4.0},{"damage":2.0,"enemies":"3 Cultists","floor":27.0,"turns":2.0},{"damage":5.0,"enemies":"Shelled Parasite and Fungi","floor":28.0,"turns":2.0},{"damage":5.0,"enemies":"Book of Stabbing","floor":29.0,"turns":3.0},{"damage":17.0,"enemies":"Automaton","floor":33.0,"turns":8.0},{"damage":23.0,"enemies":"3 Shapes","floor":35.0,"turns":5.0},{"damage":9.0,"enemies":"3 Darklings","floor":36.0,"turns":3.0},{"damage":28,"enemies":"Maw","floor":37,"turns":8},{"damage":47,"enemies":"Writhing Mass","floor":38,"turns":3},{"damage":15,"enemies":"4 Shapes","floor":39,"turns":3},{"damage":20,"enemies":"Giant Head","floor":40,"turns":6},{"damage":22,"enemies":"Transient","floor":44,"turns":5},{"damage":0,"enemies":"Reptomancer","floor":45,"turns":1},{"damage":12,"enemies":"Maw","floor":47,"turns":4},{"damage":4,"enemies":"4 Shapes","floor":48,"turns":2},{"damage":14,"enemies":"Time Eater","floor":50,"turns":3},{"damage":12,"enemies":"Shield and Spear","floor":54,"turns":1},{"damage":20,"enemies":"The Heart","floor":55,"turns":4}],"seed_played":"5590253103589115389","potions_obtained":[{"floor":2.0,"key":"Energy Potion"},{"floor":3.0,"key":"PowerPotion"},{"floor":4.0,"key":"Energy Potion"},{"floor":6.0,"key":"Block Potion"},{"floor":8.0,"key":"LiquidMemories"},{"floor":10.0,"key":"SpeedPotion"},{"floor":19.0,"key":"Block Potion"},{"floor":27.0,"key":"LiquidMemories"},{"floor":39,"key":"FairyPotion"},{"floor":47,"key":"Fire Potion"},{"floor":48,"key":"EssenceOfSteel"}],"is_trial":false,"path_per_floor":["M","M","M","M","$","E","M","E","T","E","M","M","?","$","R","B",null,"M","M","M","$","M","E","M","E","T","M","M","E","?","?","R","B",null,"M","M","M","M","M","E","?","R","T","M","E","?","M","M","R","B",null,"R","$","E","B",null],"character_chosen":"THE_MANIAC","items_purchased":["maniac:Collecting","ChiLing"],"campfire_rested":0,"item_purchase_floors":[32,49],"current_hp_per_floor":[80,80,80,71,71,65,75,74,74,82,80,85,85,85,85,81,87,83,79,75,75,73,83,85,84,84,82,82,77,61,61,61,44,87,83,74,67,40,60,81,73,73,73,89,91,79,74,87,87,95,109,109,109,103,93],"gold":68,"neow_bonus":"THREE_ENEMY_KILL","is_daily":false,"chose_seed":false,"campfire_upgraded":0,"win_rate":0.0,"timestamp":1610550776,"path_taken":["M","M","M","M","$","E","M","E","T","E","M","M","?","$","R","BOSS","M","M","?","$","M","E","M","E","T","M","M","E","?","?","R","BOSS","M","M","M","M","M","E","?","R","T","M","E","?","M","M","R","BOSS","R","$","E","BOSS"],"items_purchased_type":["Card","Relic"],"build_version":"2020-12-22","purchased_purges":5,"victory":true,"max_hp_per_floor":[80,80,80,80,80,80,80,87,87,87,87,87,87,87,87,87,87,87,87,87,87,87,87,87,87,87,87,87,87,87,87,87,87,87,87,87,87,87,87,89,91,91,91,93,95,95,97,99,99,109,109,109,109,111,111],"relic_stats":{"Darkstone Periapt":0,"Centennial Puzzle":[2],"Singing Bowl":14,"counters":[35,111],"StoneCalendar":[104],"Pen Nib":[0],"Letter Opener":[10],"Orichalcum":[18],"Question Card":4,"obtain_stats":[{"Darkstone Periapt":35,"Lantern":25,"DaveBox":0,"Singing Bowl":40,"Chi":49,"Enchiridion":30,"Vajra":40,"StoneCalendar":26,"Incense Burner":35,"maniac:BrokenHorn":0,"maniac:EnchantedAnvil":0,"Centennial Puzzle":54,"Strawberry":8,"Toxic Egg 2":37,"BirthdayGift-Tetrahedron":0,"Potion Belt":45,"maniac:DamagedAnvil":0,"Pear":50,"NeowsBlessing":0,"ImprovedEquipment":47,"Oddly Smooth Stone":29,"ShadowXiaoBlade":34,"Pen Nib":54,"Letter Opener":54,"Orichalcum":33,"Question Card":45,"White Beast Statue":6,"Akabeko":10,"Ling":49,"SynthV:TestCard":1,"BionicSphere":48,"ChiXiaoBlade":17,"SentryEyes":39,"OriginationStaff":43,"Bottled Lightning":23,"ArrowTower":38,"ChiLing":49},{"Darkstone Periapt":23,"Lantern":18,"DaveBox":0,"Singing Bowl":28,"Chi":32,"Enchiridion":21,"Vajra":28,"StoneCalendar":18,"Incense Burner":23,"maniac:BrokenHorn":0,"maniac:EnchantedAnvil":0,"Centennial Puzzle":34,"Strawberry":7,"Toxic Egg 2":25,"BirthdayGift-Tetrahedron":0,"Potion Belt":30,"maniac:DamagedAnvil":0,"Pear":33,"NeowsBlessing":0,"ImprovedEquipment":31,"Oddly Smooth Stone":21,"ShadowXiaoBlade":22,"Pen Nib":34,"Letter Opener":34,"Orichalcum":22,"Question Card":30,"White Beast Statue":5,"Akabeko":8,"Ling":32,"SynthV:TestCard":1,"BionicSphere":32,"ChiXiaoBlade":11,"SentryEyes":27,"OriginationStaff":28,"Bottled Lightning":16,"ArrowTower":26,"ChiLing":32},{"Darkstone Periapt":67,"Lantern":50,"DaveBox":0,"Singing Bowl":92,"Chi":103,"Enchiridion":57,"Vajra":92,"StoneCalendar":50,"Incense Burner":69,"maniac:BrokenHorn":0,"maniac:EnchantedAnvil":0,"Centennial Puzzle":107,"Strawberry":18,"Toxic Egg 2":81,"BirthdayGift-Tetrahedron":0,"Potion Belt":98,"maniac:DamagedAnvil":0,"Pear":106,"NeowsBlessing":0,"ImprovedEquipment":102,"Oddly Smooth Stone":57,"ShadowXiaoBlade":65,"Pen Nib":107,"Letter Opener":107,"Orichalcum":65,"Question Card":98,"White Beast Statue":9,"Akabeko":21,"Ling":103,"SynthV:TestCard":1,"BionicSphere":103,"ChiXiaoBlade":29,"SentryEyes":85,"OriginationStaff":92,"Bottled Lightning":44,"ArrowTower":84,"ChiLing":103}]},"card_choices":[{"not_picked":["maniac:PanickyParry","maniac:ShatteredShield","maniac:UndyingDesire"],"picked":"SKIP","floor":1.0},{"not_picked":["maniac:ExpectedMoves","maniac:DashForward","maniac:Confront","maniac:BladeArtist"],"picked":"maniac:SecretBackups","floor":2.0},{"not_picked":["maniac:MeleeStrike","maniac:Refine","maniac:SpectralKnives","maniac:AllOutAttack"],"picked":"maniac:ShiftingShadows","floor":3.0},{"not_picked":["maniac:UntravelledPath","maniac:SecretBackups","maniac:BladesInCloak","maniac:MeleeStrike"],"picked":"maniac:DashForward","floor":4.0},{"not_picked":["maniac:ShadowContact","maniac:AllOutAttack","maniac:Hasten","maniac:Whirlscythe"],"picked":"maniac:ReconstructWounds","floor":6.0},{"not_picked":["maniac:FindAShortcut","maniac:Refine","maniac:MeleeStrike","maniac:ReconstructWounds"],"picked":"maniac:SecretBackups","floor":7.0},{"not_picked":["maniac:Refine","maniac:ShatteredShield","maniac:AllOutAttack","maniac:SecretBackups","maniac:MeleeStrike"],"picked":"SKIP","floor":8.0},{"not_picked":["maniac:PanickyParry","maniac:WardAndDefend","maniac:UndyingDesire","maniac:BladeEnd","maniac:ObscuredAttack"],"picked":"SKIP","floor":10.0},{"not_picked":["maniac:FindAShortcut","maniac:ListenToNone","maniac:UndyingDesire","maniac:ReconstructWounds","maniac:GlassScratch"],"picked":"SKIP","floor":11.0},{"not_picked":["maniac:FindAShortcut","maniac:ListenToNone","maniac:UndyingDesire","maniac:ReconstructWounds","maniac:GlassScratch"],"picked":"SKIP","floor":11.0},{"not_picked":["maniac:BladeShoot","maniac:SpectralKnives","maniac:ListenToNone","maniac:Whirlscythe"],"picked":"maniac:ReachVictory","floor":12.0},{"not_picked":["maniac:TimeForm","maniac:Trap","maniac:UnseenTerror","maniac:ForsakenHand"],"picked":"maniac:TwistedEddies","floor":16.0},{"not_picked":["maniac:GlassScratch","maniac:EndOfTheRoad","maniac:PanickyParry","maniac:TorturousScreams","maniac:UntravelledPath"],"picked":"SKIP","floor":18.0},{"not_picked":["maniac:WardAndDefend+1","maniac:UndyingDesire+1","maniac:PanickyParry+1","maniac:BladeShoot"],"picked":"maniac:FoilArmor","floor":19.0},{"not_picked":["maniac:ShelteringEdge+1","maniac:MeleeStrike","maniac:WardAndDefend","maniac:FindAShortcut","maniac:ListenToNone"],"picked":"SKIP","floor":20.0},{"not_picked":["maniac:Intimidate","maniac:BladesInCloak","maniac:GlassScratch","maniac:PanickyParry"],"picked":"maniac:FanTheHammer","floor":22.0},{"not_picked":["maniac:UntravelledPath+1","maniac:Confront","maniac:DashForward","maniac:BladeArtist"],"picked":"maniac:UniversalPerception","floor":23.0},{"not_picked":["maniac:Feint","maniac:DashForward","maniac:RallyToMe","maniac:ListenToNone","maniac:UntravelledPath+1"],"picked":"SKIP","floor":24.0},{"not_picked":["maniac:DashForward","maniac:ColdHeart","maniac:Confront","maniac:ShiftingShadows+1","maniac:MeleeStrike"],"picked":"SKIP","floor":25.0},{"not_picked":["maniac:Confront","maniac:StormOfTime","maniac:DashForward","maniac:ShelteringEdge+1","maniac:UndyingDesire"],"picked":"SKIP","floor":27.0},{"not_picked":["maniac:Confront","maniac:StormOfTime","maniac:DashForward","maniac:ShelteringEdge+1","maniac:UndyingDesire"],"picked":"SKIP","floor":27.0},{"not_picked":["maniac:Feint+1","maniac:PanickyParry","maniac:BladeArtist","maniac:DashForward","maniac:UntravelledPath"],"picked":"SKIP","floor":28.0},{"not_picked":["maniac:Infuriate+1","maniac:FindAShortcut","maniac:BladeShoot","maniac:Intimidate"],"picked":"maniac:Blastwave+1","floor":29.0},{"not_picked":["maniac:Simulacrum","maniac:TimeForm","maniac:HammerDown","maniac:UniversalPerception"],"picked":"maniac:Collecting","floor":33.0},{"not_picked":["maniac:DashForward+1","maniac:Confront+1","maniac:Retrospect+1","maniac:PanickyParry+1","maniac:SpectralKnives+1"],"picked":"SKIP","floor":35.0},{"not_picked":["maniac:BladeShoot","maniac:Hasten","maniac:Blastwave","maniac:BladesInCloak+1","maniac:PanickyParry+1"],"picked":"SKIP","floor":36},{"not_picked":["maniac:LootBarrage+1","maniac:DashForward","maniac:WardAndDefend+1","maniac:Refine+1"],"picked":"maniac:ReconstructWounds+1","floor":37},{"not_picked":["maniac:UntravelledPath+1","maniac:Exterminator+1","maniac:Intimidate+1","maniac:ListenToNone+1"],"picked":"maniac:ExceedEnchantment+1","floor":38},{"not_picked":["maniac:DashForward","maniac:BladeShoot+1","maniac:Precision","maniac:WardAndDefend+1"],"picked":"maniac:Recollect+1","floor":39},{"not_picked":["maniac:ShelteringEdge+1","maniac:ReconstructWounds+1","maniac:ListenToNone+1","maniac:WardAndDefend+1","maniac:Intimidate+1"],"picked":"Singing Bowl","floor":40},{"not_picked":["Panache","MostiFishMod:ButterFly","Forethought+1","Good Instincts+1","MostiFishMod:ElfcollectionBox+1"],"picked":"Singing Bowl","floor":41},{"not_picked":["Secret Technique+1","Enlightenment+1","MostiFishMod:JungleRules+1","Trip+1"],"picked":"Purity+1","floor":41},{"not_picked":["Chrysalis+1","PanicButton+1","Forethought+1","Bandage Up+1"],"picked":"MostiFishMod:MusicBox","floor":41},{"not_picked":["maniac:SpectralKnives","maniac:ArmToTheTeeth+1","maniac:DashForward+1","maniac:Hasten+1","maniac:PanickyParry+1"],"picked":"Singing Bowl","floor":44},{"not_picked":["maniac:FindAShortcut+1","maniac:Precision+1","maniac:Quickdraw+1","maniac:BladeShoot","maniac:MeleeStrike+1","maniac:UntravelledPath+1"],"picked":"Singing Bowl","floor":45},{"not_picked":["maniac:MeleeStrike+1","maniac:FindAShortcut+1","maniac:Confront+1","maniac:BladeShoot+1","maniac:Intimidate+1","maniac:Blastwave+1"],"picked":"Singing Bowl","floor":47},{"not_picked":["maniac:MeleeStrike+1","maniac:ListenToNone+1","maniac:DashForward","maniac:WardAndDefend+1","maniac:Hasten+1","maniac:SpectralKnives+1"],"picked":"Singing Bowl","floor":48},{"not_picked":["maniac:Retrospect+1","maniac:GlassScratch+1","maniac:Collecting","maniac:PanickyParry+1","maniac:ListenToNone+1","maniac:ShiftingShadows+1"],"picked":"Singing Bowl","floor":54}],"player_experience":1014710,"relics_obtained":[{"floor":1.0,"key":"SynthV:TestCard"},{"floor":6.0,"key":"White Beast Statue"},{"floor":8.0,"key":"Strawberry"},{"floor":10.0,"key":"Akabeko"},{"floor":23.0,"key":"Bottled Lightning"},{"floor":25.0,"key":"Lantern"},{"floor":26.0,"key":"StoneCalendar"},{"floor":29.0,"key":"Oddly Smooth Stone"},{"floor":30.0,"key":"Enchiridion"},{"floor":40,"key":"Vajra"},{"floor":43,"key":"OriginationStaff"},{"floor":45,"key":"Potion Belt"},{"floor":54,"key":"Letter Opener"}],"event_choices":[{"cards_removed":["maniac:Defend"],"damage_healed":0.0,"max_hp_gain":0.0,"max_hp_loss":0.0,"gold_gain":0.0,"event_name":"Bonfire Elementals","player_choice":"Offered Basic","floor":13.0,"gold_loss":0.0,"damage_taken":0.0},{"damage_healed":0.0,"max_hp_gain":0.0,"max_hp_loss":0.0,"gold_gain":0.0,"event_name":"Cursed Tome","player_choice":"Obtained Book","floor":30.0,"gold_loss":0.0,"damage_taken":16.0},{"damage_healed":0.0,"max_hp_gain":0.0,"max_hp_loss":0.0,"gold_gain":99.0,"event_name":"Nest","player_choice":"Stole From Cult","floor":31.0,"gold_loss":0.0,"damage_taken":0.0},{"damage_healed":0,"gold_gain":0,"player_choice":"Memory 3","damage_taken":10,"max_hp_gain":0,"max_hp_loss":0,"event_name":"SensoryStone","floor":41,"gold_loss":0},{"damage_healed":0,"gold_gain":0,"player_choice":"Embrace Madness","damage_taken":12,"max_hp_gain":0,"max_hp_loss":0,"event_name":"Winding Halls","floor":46,"gold_loss":0,"cards_obtained":["Madness","Madness"]}],"is_beta":false,"boss_relics":[{"not_picked":["PatriotShield","xbg"],"picked":"ChiXiaoBlade"},{"not_picked":["Runic Dome","SynthV:MejaisSoulstealer"],"picked":"ShadowXiaoBlade"}],"items_purged_floors":[5,14,21,32,42],"is_endless":false,"potions_floor_spawned":[2,3,4,6,7,8,10,11,12,16,18,19,20,22,23,24,25,27,28,29,33,35,36,37,38,39,40,44,45,47,48,54],"ascension_level":1}}