{"host":"684z1xpuwaoqmmh1","time":1610541500,"event":{"mods":["Bard","BaseMod","Downfall","Hermit","Jorbs\u0027s Wanderer Trilogy","Marisa????????","Minty Spire (QoL Compilation)","Robot Space Explorer","Shade Mod","StSLib","The Bug Knight","The Cursed","The Hayseed","The Hierophant","The Marked","The Mystic","The Runesmith","The Senshi","The Spell Scribe"],"gold_per_floor":[119,138,138,157,172,199,213,213,240,268,281,310,90,124,124,220,220,239,250,260,260,278,305,315,341,366,366,385,418,14,89,89,187,187,203,248,248,266,266,296,296,321,321,334,347,379,379,379,379,379,379,379,55,86,86,86],"floor_reached":55,"language":"ENG","playtime":4312,"items_purged":["Runesmith:Strike_RS","Runesmith:Strike_RS"],"score":1003,"play_id":"fca96f90-5151-4167-a99e-63849b320ad1","local_time":"20210113143820","is_ascension_mode":true,"campfire_choices":[{"data":"Runesmith:ChaoticBlast","floor":8.0,"key":"SMITH"},{"data":"Runesmith:EnergizedChisel","floor":15.0,"key":"SMITH"},{"floor":27,"key":"REST"},{"floor":32,"key":"RECALL"},{"floor":41,"key":"REST"},{"floor":47,"key":"REST"},{"floor":49,"key":"REST"},{"floor":52,"key":"REST"}],"circlet_count":0,"master_deck":["Runesmith:Strike_RS","Runesmith:Defend_RS","Runesmith:Defend_RS","Runesmith:Defend_RS","Runesmith:Defend_RS","Runesmith:CraftFirestone","Runesmith:Fortify+1","Runesmith:UnstableHammer","Runesmith:FrozenChisel","Runesmith:CraftProtectio","Runesmith:ChaoticBlast+1","Runesmith:EnergizedChisel+1","Runesmith:CraftMagma","Runesmith:CraftVitae","Runesmith:Supernova","Runesmith:RunicBlueprint","Runesmith:ArcReactor+1","Runesmith:CraftIncendium","Runesmith:HeatedChisel+1","Runesmith:RuneHurl","Runesmith:PoweredAnvil","Runesmith:CraftObretio+1","Runesmith:BackupBattery","Runesmith:GenerateForcefield","Runesmith:ChiselStab+1","Runesmith:Firestorm","Runesmith:HammerThrow+1","Parasite","Runesmith:Augment","Runesmith:NegativeSpace"],"relics":["Runesmith:BrokenRuby","Eternal Feather","theSenshi:SailorFukuRelic","Bronze Scales","Pen Nib","Lantern","Blood Vial","Fusion Hammer","Juzu Bracelet","Oddly Smooth Stone","Vajra","White Beast Statue","Bird Faced Urn","Busted Crown","Turnip","Toy Ornithopter","Ornamental Fan","Runesmith:MiniCore","HornCleat","champ:DeflectingBracers"],"acts_visited":["Exordium","TheCity","TheBeyond","TheEnding"],"potions_floor_usage":[25,29,36,40,42,46,50,54,55,55,55],"damage_taken":[{"damage":5.0,"enemies":"Jaw Worm","floor":1.0,"turns":3.0},{"damage":0.0,"enemies":"Cultist","floor":2.0,"turns":3.0},{"damage":6.0,"enemies":"2 Louse","floor":4.0,"turns":2.0},{"damage":0.0,"enemies":"Red Slaver","floor":5.0,"turns":3.0},{"damage":18.0,"enemies":"3 Sentries","floor":6.0,"turns":5.0},{"damage":0.0,"enemies":"3 Louse","floor":7.0,"turns":2.0},{"damage":5.0,"enemies":"Lagavulin","floor":10.0,"turns":7.0},{"damage":0.0,"enemies":"Large Slime","floor":11.0,"turns":6.0},{"damage":6.0,"enemies":"3 Sentries","floor":12.0,"turns":5.0},{"damage":11.0,"enemies":"Lagavulin","floor":14.0,"turns":6.0},{"damage":0.0,"enemies":"Hexaghost","floor":16.0,"turns":8.0},{"damage":0.0,"enemies":"3 Byrds","floor":18.0,"turns":2.0},{"damage":0.0,"enemies":"Spheric Guardian","floor":19.0,"turns":3.0},{"damage":11.0,"enemies":"Centurion and Healer","floor":20.0,"turns":6.0},{"damage":0.0,"enemies":"Chosen and Byrds","floor":22.0,"turns":4.0},{"damage":30.0,"enemies":"Slavers","floor":23.0,"turns":6.0},{"damage":5,"enemies":"Cultist and Chosen","floor":24,"turns":3},{"damage":19,"enemies":"Gremlin Leader","floor":25,"turns":6},{"damage":6,"enemies":"Centurion and Healer","floor":28,"turns":4},{"damage":16,"enemies":"Slavers","floor":29,"turns":4},{"damage":12,"enemies":"Collector","floor":33,"turns":8},{"damage":0,"enemies":"Orb Walker","floor":35,"turns":3},{"damage":19,"enemies":"2 Orb Walkers","floor":36,"turns":4},{"damage":0,"enemies":"3 Shapes","floor":38,"turns":5},{"damage":0,"enemies":"Nemesis","floor":40,"turns":5},{"damage":15,"enemies":"Giant Head","floor":42,"turns":8},{"damage":25,"enemies":"3 Darklings","floor":44,"turns":3},{"damage":12,"enemies":"Writhing Mass","floor":45,"turns":7},{"damage":31,"enemies":"Nemesis","floor":46,"turns":5},{"damage":33,"enemies":"Awakened One","floor":50,"turns":13},{"damage":72,"enemies":"Shield and Spear","floor":54,"turns":10},{"damage":45,"enemies":"The Heart","floor":55,"turns":5}],"seed_played":"4986015498452519566","potions_obtained":[{"floor":1.0,"key":"Energy Potion"},{"floor":5.0,"key":"PowerPotion"},{"floor":7.0,"key":"EssenceOfSteel"},{"floor":12.0,"key":"FearPotion"},{"floor":16.0,"key":"Dexterity Potion"},{"floor":18.0,"key":"SpeedPotion"},{"floor":23,"key":"LiquidMemories"},{"floor":28,"key":"Weak Potion"},{"floor":29,"key":"Dexterity Potion"},{"floor":33,"key":"FearPotion"},{"floor":36,"key":"GamblersBrew"},{"floor":38,"key":"DistilledChaos"},{"floor":40,"key":"champ:CounterPotion"},{"floor":42,"key":"SpeedPotion"},{"floor":44,"key":"CultistPotion"},{"floor":46,"key":"Swift Potion"},{"floor":54,"key":"GamblersBrew"}],"is_trial":false,"path_per_floor":["M","M","?","M","M","E","M","R","T","E","M","E","$","E","R","B",null,"M","M","M","?","M","E","M","E","T","R","M","E","$","?","R","B",null,"M","?","?","M","?","E","R","E","T","M","M","E","R","?","R","B",null,"R","$","E","B"],"character_chosen":"RUNESMITH_CLASS","items_purchased":["Lantern","Bird Faced Urn","HornCleat","Guardian:BlockOnCardUsePotion"],"campfire_rested":5,"item_purchase_floors":[13,30,53,53],"current_hp_per_floor":[72,72,57,51,51,33,33,42,42,37,37,31,31,20,29,31,77,77,77,66,66,68,40,37,20,20,55,51,37,37,30,42,44,77,77,60,60,68,68,76,77,66,66,47,43,25,63,63,77,46,77,77,77,14,0,0],"gold":86,"neow_bonus":"TEN_PERCENT_HP_BONUS","is_daily":false,"chose_seed":false,"campfire_upgraded":2,"win_rate":0.0,"timestamp":1610541500,"path_taken":["M","M","?","M","M","E","M","R","T","E","M","E","$","E","R","BOSS","M","M","M","?","?","E","M","E","T","R","M","E","$","?","R","BOSS","M","?","?","M","?","E","R","E","T","M","M","E","R","?","R","BOSS","R","$","E","BOSS"],"items_purchased_type":["Relic","Relic","Relic","Potion"],"build_version":"2020-12-22","purchased_purges":2,"victory":false,"max_hp_per_floor":[77,77,77,77,77,77,77,77,77,77,77,77,77,77,77,77,77,77,77,77,77,77,77,77,77,77,77,77,77,77,77,77,77,77,77,77,77,77,77,77,77,77,77,77,77,77,77,77,77,77,77,77,77,77,77,77],"card_choices":[{"not_picked":["Runesmith:CraftSpiculum","Runesmith:ShiftingStrike"],"picked":"Runesmith:UnstableHammer","floor":1.0},{"not_picked":["Runesmith:HeatedChisel","Runesmith:Grindstone"],"picked":"Runesmith:FrozenChisel","floor":2.0},{"not_picked":["Runesmith:HammerAndChisel","Runesmith:CraftSpiculum"],"picked":"Runesmith:CraftProtectio","floor":4.0},{"not_picked":["Runesmith:Retool","Runesmith:Grindstone"],"picked":"Runesmith:ChaoticBlast","floor":5.0},{"not_picked":["Runesmith:WhiteBalance","Runesmith:NegativeSpace"],"picked":"Runesmith:EnergizedChisel","floor":6.0},{"not_picked":["Runesmith:ChargedHammer","Runesmith:EnergizedChisel"],"picked":"Runesmith:CraftMagma","floor":7.0},{"not_picked":["Runesmith:Overpower","Runesmith:CraftSpiculum"],"picked":"Runesmith:CraftVitae","floor":10.0},{"not_picked":["Runesmith:Electrocute","Runesmith:EnergizedChisel","Runesmith:NanitesCloud"],"picked":"SKIP","floor":11.0},{"not_picked":["Runesmith:ChiselStab","Runesmith:Grindstone"],"picked":"Runesmith:Supernova","floor":12.0},{"not_picked":["Runesmith:DoubleUp","Runesmith:NegativeSpace"],"picked":"Runesmith:RunicBlueprint","floor":14.0},{"not_picked":["Runesmith:CraftPrismatica","Runesmith:UnlimitedPower"],"picked":"Runesmith:ArcReactor","floor":16.0},{"not_picked":["Runesmith:CraftMagma","Runesmith:StaticCage","Runesmith:EnergizedChisel"],"picked":"SKIP","floor":18.0},{"not_picked":["Runesmith:Overpower","Runesmith:CraftMagma"],"picked":"Runesmith:CraftIncendium","floor":19.0},{"not_picked":["Runesmith:WhiteBalance+1","Runesmith:ChiselStab+1"],"picked":"Runesmith:HeatedChisel+1","floor":20.0},{"not_picked":["Runesmith:Repurpose","Runesmith:HeatedChisel+1"],"picked":"Runesmith:RuneHurl","floor":22.0},{"not_picked":["Runesmith:CraftObretio","Runesmith:CraftProtectio"],"picked":"Runesmith:PoweredAnvil","floor":23},{"not_picked":["Runesmith:PoweredAnvil","Runesmith:Grindstone","Runesmith:EnergizedChisel"],"picked":"SKIP","floor":24},{"not_picked":["Runesmith:StaticCage","Runesmith:Terraform","Runesmith:CraftProtectio"],"picked":"SKIP","floor":25},{"not_picked":["Runesmith:ShiftingStrike","Runesmith:Superposition"],"picked":"Runesmith:CraftObretio+1","floor":28},{"not_picked":["Runesmith:MakeshiftArmor","Runesmith:CraftProtectio"],"picked":"Runesmith:BackupBattery","floor":29},{"not_picked":["Runesmith:ArcReactor","Runesmith:CraftIndustria"],"picked":"Runesmith:GenerateForcefield","floor":33},{"not_picked":[],"picked":"Runesmith:ChiselStab+1","floor":35},{"not_picked":[],"picked":"Runesmith:Firestorm","floor":36},{"not_picked":["Runesmith:CraftObretio+1"],"picked":"SKIP","floor":38},{"not_picked":[],"picked":"Runesmith:HammerThrow+1","floor":40},{"not_picked":["Runesmith:Discharge+1"],"picked":"SKIP","floor":42},{"not_picked":["Runesmith:ChaoticBlast+1"],"picked":"SKIP","floor":44},{"not_picked":["Runesmith:StaticCage+1"],"picked":"SKIP","floor":45},{"not_picked":[],"picked":"Runesmith:Augment","floor":46},{"not_picked":[],"picked":"Runesmith:NegativeSpace","floor":54}],"player_experience":2810319,"relics_obtained":[{"floor":6.0,"key":"Eternal Feather"},{"floor":9.0,"key":"theSenshi:SailorFukuRelic"},{"floor":10.0,"key":"Bronze Scales"},{"floor":12.0,"key":"Pen Nib"},{"floor":14.0,"key":"Blood Vial"},{"floor":23,"key":"Juzu Bracelet"},{"floor":25,"key":"Oddly Smooth Stone"},{"floor":26,"key":"Vajra"},{"floor":29,"key":"White Beast Statue"},{"floor":36,"key":"Turnip"},{"floor":40,"key":"Toy Ornithopter"},{"floor":42,"key":"Ornamental Fan"},{"floor":46,"key":"Runesmith:MiniCore"},{"floor":54,"key":"champ:DeflectingBracers"}],"event_choices":[{"damage_healed":0.0,"max_hp_gain":0.0,"max_hp_loss":0.0,"gold_gain":0.0,"event_name":"Shining Light","player_choice":"Entered Light","floor":3.0,"gold_loss":0.0,"damage_taken":15.0,"cards_upgraded":["Runesmith:Fortify","Runesmith:Strike_RS"]},{"damage_healed":0.0,"max_hp_gain":0.0,"max_hp_loss":0.0,"gold_gain":0.0,"event_name":"Upgrade Shrine","player_choice":"Upgraded","floor":21.0,"gold_loss":0.0,"damage_taken":0.0,"cards_upgraded":["Runesmith:ArcReactor"]},{"damage_healed":0,"gold_gain":75,"player_choice":"Touch","damage_taken":7,"max_hp_gain":0,"max_hp_loss":0,"event_name":"FaceTrader","floor":31,"gold_loss":0},{"damage_healed":0,"gold_gain":0,"player_choice":"Fight","damage_taken":0,"max_hp_gain":0,"max_hp_loss":0,"event_name":"Mysterious Sphere","floor":36,"gold_loss":0},{"cards_removed":["Runesmith:Strike_RS"],"damage_healed":0,"gold_gain":0,"player_choice":"Removed Attack","damage_taken":0,"max_hp_gain":0,"max_hp_loss":0,"event_name":"Falling","floor":37,"gold_loss":0},{"damage_healed":0,"gold_gain":0,"player_choice":"Ignored","damage_taken":0,"max_hp_gain":0,"max_hp_loss":0,"event_name":"Transmorgrifier","floor":39,"gold_loss":0},{"damage_healed":0,"gold_gain":0,"player_choice":"Ignored","damage_taken":0,"max_hp_gain":0,"max_hp_loss":0,"event_name":"Tomb of Lord Red Mask","floor":48,"gold_loss":0}],"is_beta":false,"boss_relics":[{"not_picked":["Sozu","Empty Cage"],"picked":"Fusion Hammer"},{"not_picked":["Tiny House","Snecko Eye"],"picked":"Busted Crown"}],"items_purged_floors":[13,30],"is_endless":false,"potions_floor_spawned":[1,5,7,12,16,18,23,28,29,33,35,36,38,40,42,44,45,46,54],"killed_by":"The Heart","ascension_level":3}}