{"host":"qekv59dthhdg54sz","time":1610508805,"event":{"mods":["AchievementEnabler","BaseMod","Colored Map","DeckTracker","KOR Keyword Fix","Minty Spire (QoL Compilation)","Rare Cards Sparkle","StSLib","SuperFastMode"],"gold_per_floor":[119,119,119,144,169,209,209,247,294,294,318,160,160,175,175,273,273,294,294,254,304,85,85,108,152,176,176,226,176,176,197,197,291,291,311,311,97,120,120,120],"floor_reached":39,"language":"KOR","playtime":1952,"items_purged":["Strike_P","Defend_P","Deep Breath","Strike_P"],"score":814,"play_id":"20152e9b-fbce-406f-947e-7bce8dffbc1a","local_time":"20210113123325","is_ascension_mode":true,"campfire_choices":[{"data":"Eruption","floor":7.0,"key":"SMITH"},{"data":"MentalFortress","floor":10.0,"key":"SMITH"},{"data":"Meditate","floor":13.0,"key":"SMITH"},{"data":"BattleHymn","floor":15.0,"key":"SMITH"},{"data":"Omniscience","floor":23.0,"key":"SMITH"},{"floor":27.0,"key":"REST"},{"data":"EmptyMind","floor":30.0,"key":"SMITH"},{"data":"Evaluate","floor":32.0,"key":"SMITH"}],"circlet_count":0,"master_deck":["AscendersBane","Strike_P","Defend_P","Defend_P","Eruption+1","Vigilance","BattleHymn+1","Meditate+1","MentalFortress+1","Evaluate+1","EmptyMind+1","Omniscience+1","FlurryOfBlows","ConjureBlade","TalkToTheHand"],"relics":["PureWater","NeowsBlessing","Golden Idol","Ornamental Fan","Smiling Mask","MealTicket","VioletLotus","Lantern","Ice Cream","Bag of Marbles","Black Star","Melange"],"acts_visited":["Exordium","TheCity","TheBeyond"],"potions_floor_usage":[],"damage_taken":[{"damage":0.0,"enemies":"2 Louse","floor":1.0,"turns":2.0},{"damage":0.0,"enemies":"Small Slimes","floor":4.0,"turns":2.0},{"damage":0.0,"enemies":"Cultist","floor":5.0,"turns":1.0},{"damage":36.0,"enemies":"Gremlin Nob","floor":6.0,"turns":4.0},{"damage":5.0,"enemies":"Lagavulin","floor":8.0,"turns":6.0},{"damage":1.0,"enemies":"Blue Slaver","floor":11.0,"turns":3.0},{"damage":10.0,"enemies":"Gremlin Gang","floor":14.0,"turns":5.0},{"damage":1.0,"enemies":"Slime Boss","floor":16.0,"turns":7.0},{"damage":12.0,"enemies":"Shell Parasite","floor":18.0,"turns":4.0},{"damage":8.0,"enemies":"2 Thieves","floor":20.0,"turns":2.0},{"damage":18.0,"enemies":"Centurion and Healer","floor":24.0,"turns":5.0},{"damage":39.0,"enemies":"Slavers","floor":25.0,"turns":6.0},{"damage":0.0,"enemies":"Sentry and Sphere","floor":31.0,"turns":5.0},{"damage":16.0,"enemies":"Collector","floor":33.0,"turns":12.0},{"damage":23.0,"enemies":"3 Shapes","floor":35.0,"turns":5.0},{"damage":34.0,"enemies":"3 Darklings","floor":38.0,"turns":6.0},{"damage":22,"enemies":"Maw","floor":39,"turns":7}],"seed_played":"-4946729828492631750","potions_obtained":[{"floor":5.0,"key":"SteroidPotion"},{"floor":8.0,"key":"DuplicationPotion"},{"floor":16.0,"key":"SmokeBomb"},{"floor":25.0,"key":"SkillPotion"},{"floor":31.0,"key":"Dexterity Potion"},{"floor":33.0,"key":"CultistPotion"},{"floor":38.0,"key":"Energy Potion"}],"is_trial":false,"path_per_floor":["M","?","?","M","M","E","R","E","T","R","M","$","R","M","R","B",null,"M","?","M","?","$","R","M","E","T","R","?","$","R","M","R","B",null,"M","?","$","M","M"],"character_chosen":"WATCHER","items_purchased":["Deep Breath","Lantern","Melange"],"campfire_rested":1,"item_purchase_floors":[12,22,37],"current_hp_per_floor":[61,61,61,61,61,25,25,20,20,20,19,34,34,24,24,23,52,40,62,54,54,62,62,44,5,5,23,23,38,38,38,38,22,52,29,29,44,10,0,0],"gold":120,"neow_bonus":"THREE_ENEMY_KILL","is_daily":false,"chose_seed":false,"campfire_upgraded":7,"win_rate":0.0,"timestamp":1610508805,"path_taken":["M","?","?","M","?","E","R","E","T","R","M","$","R","M","R","BOSS","M","?","?","?","$","R","M","E","T","R","?","$","R","M","R","BOSS","M","?","$","?","M"],"items_purchased_type":["Card","Relic","Relic"],"build_version":"2020-12-22","purchased_purges":4,"victory":false,"max_hp_per_floor":[68,62,62,62,62,62,62,62,62,62,62,62,62,62,62,62,62,62,62,62,62,62,62,62,62,62,62,62,62,62,62,62,62,62,62,62,62,62,62,62],"card_choices":[{"not_picked":["JustLucky","Indignation"],"picked":"BattleHymn","floor":1.0},{"not_picked":["PathToVictory","Worship"],"picked":"Meditate","floor":4.0},{"not_picked":["JustLucky","EmptyBody"],"picked":"MentalFortress","floor":5.0},{"not_picked":["ForeignInfluence","PathToVictory"],"picked":"Evaluate","floor":6.0},{"not_picked":["Ragnarok","Halt","Meditate"],"picked":"SKIP","floor":8.0},{"not_picked":["WaveOfTheHand","BowlingBash"],"picked":"EmptyMind","floor":11.0},{"not_picked":["DeceiveReality","FollowUp","Consecrate"],"picked":"SKIP","floor":14.0},{"not_picked":["Blasphemy","Devotion"],"picked":"Omniscience","floor":16.0},{"not_picked":["Collect","Consecrate","ClearTheMind"],"picked":"SKIP","floor":18.0},{"not_picked":["WindmillStrike","ThirdEye"],"picked":"FlurryOfBlows","floor":24.0},{"not_picked":["CarveReality","JustLucky","PathToVictory"],"picked":"SKIP","floor":25.0},{"not_picked":["Protect","FlurryOfBlows","CutThroughFate"],"picked":"SKIP","floor":31.0},{"not_picked":["Vault","Alpha"],"picked":"ConjureBlade","floor":33.0},{"not_picked":["FlurryOfBlows","Pray"],"picked":"TalkToTheHand","floor":35.0},{"not_picked":["PathToVictory","FollowUp","BowlingBash"],"picked":"SKIP","floor":38.0}],"player_experience":767210,"relics_obtained":[{"floor":6.0,"key":"Ornamental Fan"},{"floor":8.0,"key":"Smiling Mask"},{"floor":9.0,"key":"MealTicket"},{"floor":25.0,"key":"Ice Cream"},{"floor":26.0,"key":"Bag of Marbles"}],"event_choices":[{"damage_healed":0.0,"max_hp_gain":0.0,"max_hp_loss":6.0,"gold_gain":0.0,"event_name":"Golden Idol","player_choice":"Lose Max HP","floor":2.0,"gold_loss":0.0,"damage_taken":0.0,"relics_obtained":["Golden Idol"]},{"cards_removed":["Strike_P"],"damage_healed":0.0,"max_hp_gain":0.0,"max_hp_loss":0.0,"gold_gain":0.0,"event_name":"Bonfire Elementals","player_choice":"Offered Basic","floor":3.0,"gold_loss":0.0,"damage_taken":0.0},{"damage_healed":22.0,"max_hp_gain":0.0,"max_hp_loss":0.0,"gold_gain":0.0,"event_name":"Wheel of Change","player_choice":"Full Heal","floor":19.0,"gold_loss":0.0,"damage_taken":0.0},{"damage_healed":0.0,"max_hp_gain":0.0,"max_hp_loss":0.0,"gold_gain":50.0,"event_name":"Nest","player_choice":"Stole From Cult","floor":21.0,"gold_loss":0.0,"damage_taken":0.0},{"damage_healed":0.0,"max_hp_gain":0.0,"max_hp_loss":0.0,"gold_gain":50.0,"event_name":"Golden Shrine","player_choice":"Pray","floor":28.0,"gold_loss":0.0,"damage_taken":0.0},{"cards_removed":["Defend_P"],"damage_healed":0.0,"max_hp_gain":0.0,"max_hp_loss":0.0,"gold_gain":0.0,"event_name":"Purifier","player_choice":"Purged","floor":36.0,"gold_loss":0.0,"damage_taken":0.0}],"is_beta":false,"boss_relics":[{"not_picked":["Runic Pyramid","SlaversCollar"],"picked":"VioletLotus"},{"not_picked":["Pandora\u0027s Box","Busted Crown"],"picked":"Black Star"}],"items_purged_floors":[12,22,29,37],"is_endless":false,"potions_floor_spawned":[5,8,16,25,31,33,38],"killed_by":"Maw","ascension_level":20}}