{"host":"1u4zr9vl8my47i07","time":1610526806,"event":{"mods":["AchievementEnabler","BaseMod","DeckTracker","Highlight Path","Keyboard Shortcuts","Minty Spire (QoL Compilation)","Relic Stats","StSLib","SuperFastMode","Uncapped","Waifu the Spire","everything is the same but u backflip on backflip"],"gold_per_floor":[109,109,121,121,140,140,172,172,172,191,116,126,126,126],"floor_reached":13,"language":"KOR","playtime":568,"items_purged":["Strike_R"],"score":157,"play_id":"c3d88b8e-c00f-4d2e-bf10-38ec729ea386","local_time":"20210113173326","is_ascension_mode":true,"campfire_choices":[{"data":"True Grit","floor":6,"key":"SMITH"},{"floor":8,"key":"REST"}],"circlet_count":0,"master_deck":["AscendersBane","Strike_R","Strike_R","Strike_R","Defend_R","Defend_R","Defend_R","Defend_R","Bash","Burning Pact","Second Wind","True Grit+1","Wild Strike"],"relics":["Burning Blood","NeowsBlessing","Incense Burner","Ginger"],"acts_visited":["Exordium"],"potions_floor_usage":[],"damage_taken":[{"damage":0,"enemies":"Small Slimes","floor":1,"turns":1},{"damage":0,"enemies":"Cultist","floor":3,"turns":1},{"damage":0,"enemies":"2 Louse","floor":5,"turns":1},{"damage":61,"enemies":"3 Sentries","floor":7,"turns":18},{"damage":29,"enemies":"Exordium Thugs","floor":10,"turns":6},{"damage":7,"enemies":"3 Louse","floor":12,"turns":6},{"damage":19,"enemies":"Gremlin Nob","floor":13,"turns":3}],"seed_played":"-2735330700486609972","potions_obtained":[{"floor":1,"key":"SteroidPotion"},{"floor":3,"key":"EntropicBrew"},{"floor":10,"key":"LiquidMemories"}],"is_trial":false,"path_per_floor":["M","?","M","?","M","R","E","R","T","M","$","M","E"],"character_chosen":"IRONCLAD","items_purchased":[],"campfire_rested":1,"item_purchase_floors":[],"current_hp_per_floor":[74,74,75,71,75,75,20,42,42,19,19,18,0,0],"gold":126,"neow_bonus":"THREE_ENEMY_KILL","is_daily":false,"chose_seed":false,"campfire_upgraded":1,"win_rate":0.0,"timestamp":1610526806,"path_taken":["M","?","?","?","M","R","E","R","T","M","$","M","E"],"items_purchased_type":[],"build_version":"2020-12-22","purchased_purges":1,"victory":false,"max_hp_per_floor":[75,75,75,75,75,75,75,75,75,75,75,75,75,75],"relic_stats":{"counters":[7,36],"Ginger":[10],"obtain_stats":[{"NeowsBlessing":0,"Incense Burner":7,"Ginger":9,"Burning Blood":0},{"NeowsBlessing":0,"Incense Burner":4,"Ginger":4,"Burning Blood":0},{"NeowsBlessing":0,"Incense Burner":21,"Ginger":21,"Burning Blood":0}],"Burning Blood":29},"card_choices":[{"not_picked":["Feel No Pain","Sword Boomerang"],"picked":"Burning Pact","floor":1},{"not_picked":["Havoc","Clothesline"],"picked":"Second Wind","floor":3},{"not_picked":["Sentinel","Thunderclap"],"picked":"True Grit","floor":5},{"not_picked":["Burning Pact","Clash"],"picked":"Wild Strike","floor":7},{"not_picked":["Wild Strike","Havoc","Twin Strike"],"picked":"SKIP","floor":10},{"not_picked":["Rupture","Entrench","Havoc"],"picked":"SKIP","floor":12}],"player_experience":326559,"relics_obtained":[{"floor":7,"key":"Incense Burner"},{"floor":9,"key":"Ginger"}],"event_choices":[{"cards_removed":["Strike_R"],"damage_healed":0,"gold_gain":0,"player_choice":"Offered Basic","damage_taken":0,"max_hp_gain":0,"max_hp_loss":0,"event_name":"Bonfire Elementals","floor":2,"gold_loss":0},{"damage_healed":0,"gold_gain":0,"player_choice":"Bought 0 Potions","damage_taken":0,"max_hp_gain":0,"max_hp_loss":0,"event_name":"The Woman in Blue","floor":4,"gold_loss":0}],"is_beta":false,"boss_relics":[],"items_purged_floors":[11],"is_endless":false,"potions_floor_spawned":[1,3,10],"killed_by":"Gremlin Nob","ascension_level":17}}