{"host":"sum4dy402bbv9y4o","time":1610566308,"event":{"mods":["Aspiration","BaseMod","Conspire","Highlight Path","Minty Spire (QoL Compilation)","StSLib"],"gold_per_floor":[111,111,111,122,39,39,67,67,90,125,11,27,45,65,65,139,139,150,150,166,166,180,180,209,209,286,301,301,316,54,72,72,72,72],"floor_reached":33,"language":"ENG","playtime":1048,"items_purged":["conspire:GhostlyStrike"],"score":779,"play_id":"d51dd508-3c24-409b-9dce-99e6f6b6acf3","local_time":"20210113223148","is_ascension_mode":true,"campfire_choices":[{"data":"SashWhip","floor":6,"key":"SMITH"},{"data":"TalkToTheHand","floor":15,"key":"SMITH"},{"data":"LessonLearned","floor":23,"key":"SMITH"},{"data":"Conclude","floor":25,"key":"SMITH"},{"data":"LikeWater","floor":28,"key":"SMITH"},{"data":"Tantrum","floor":32,"key":"SMITH"}],"circlet_count":0,"master_deck":["AscendersBane","conspire:GhostlyStrike","conspire:GhostlyStrike","conspire:GhostlyDefend+1","conspire:GhostlyDefend","conspire:GhostlyDefend","conspire:GhostlyDefend","Eruption+1","Vigilance","Brilliance","LikeWater+1","SashWhip+1","CutThroughFate","Conclude+1","JustLucky","TalkToTheHand+1","Halt+1","FlurryOfBlows","EmptyBody+1","JustLucky","LessonLearned+1","JustLucky","Tantrum+1","WheelKick","Consecrate","Consecrate","FlurryOfBlows","BowlingBash","FlurryOfBlows"],"relics":["HolyWater","Vajra","Orichalcum","Shuriken","conspire:Boomerang","Gremlin Horn"],"acts_visited":["Exordium","TheCity"],"potions_floor_usage":[7,10,13,18,20,20,22,31,31],"damage_taken":[{"damage":14,"enemies":"2 Louse","floor":1,"turns":3},{"damage":7,"enemies":"Jaw Worm","floor":4,"turns":4},{"damage":0,"enemies":"Gremlin Nob","floor":7,"turns":2},{"damage":7,"enemies":"3 Sentries","floor":10,"turns":4},{"damage":0,"enemies":"Cultist","floor":12,"turns":2},{"damage":2,"enemies":"3 Louse","floor":13,"turns":2},{"damage":0,"enemies":"Looter","floor":14,"turns":3},{"damage":0,"enemies":"Hexaghost","floor":16,"turns":6},{"damage":0,"enemies":"Spheric Guardian","floor":18,"turns":3},{"damage":7,"enemies":"3 Byrds","floor":20,"turns":5},{"damage":13,"enemies":"Snake Plant","floor":22,"turns":5},{"damage":0,"enemies":"Gremlin Leader","floor":24,"turns":3},{"damage":5,"enemies":"Cultist and Chosen","floor":27,"turns":5},{"damage":0,"enemies":"Chosen and Byrds","floor":29,"turns":3},{"damage":0,"enemies":"3 Cultists","floor":31,"turns":3},{"damage":67,"enemies":"conspire:MysteriousRune","floor":33,"turns":4}],"seed_played":"-1458435706705179187","potions_obtained":[{"floor":4,"key":"ColorlessPotion"},{"floor":7,"key":"Ambrosia"},{"floor":13,"key":"DistilledChaos"},{"floor":14,"key":"SneckoOil"},{"floor":18,"key":"Regen Potion"},{"floor":20,"key":"SteroidPotion"},{"floor":31,"key":"Energy Potion"}],"is_trial":false,"path_per_floor":["M","?","?","M","$","R","E","?","T","E","$","M","M","M","R","B",null,"M","?","M","?","M","R","E","R","T","M","R","M","$","M","R","B"],"character_chosen":"WATCHER","items_purchased":["PowerPotion","CutThroughFate","TalkToTheHand","Halt","BowlingBash","Regen Potion","AttackPotion"],"campfire_rested":0,"item_purchase_floors":[5,5,11,11,30,30,30],"current_hp_per_floor":[47,47,47,40,40,40,40,33,33,26,26,26,24,24,24,24,57,57,53,60,60,47,47,47,47,47,42,42,42,42,51,51,0,0],"gold":72,"neow_bonus":"ONE_RANDOM_RARE_CARD","is_daily":false,"chose_seed":false,"campfire_upgraded":6,"win_rate":0.0,"timestamp":1610566308,"path_taken":["M","?","?","M","?","R","E","?","T","E","?","M","M","?","R","BOSS","M","?","M","?","?","R","E","R","T","M","R","M","$","M","R","BOSS"],"items_purchased_type":["Potion","Card","Card","Card","Card","Potion","Potion"],"build_version":"2020-12-22","purchased_purges":1,"victory":false,"max_hp_per_floor":[68,68,68,68,68,68,68,68,68,68,68,68,68,68,68,68,68,68,68,68,68,68,68,68,68,68,68,68,68,68,68,68,68,68],"card_choices":[{"not_picked":["Protect","Study"],"picked":"LikeWater","floor":1},{"not_picked":["Swivel","ForeignInfluence"],"picked":"SashWhip","floor":4},{"not_picked":["InnerPeace","Swivel"],"picked":"Conclude","floor":7},{"not_picked":["Wireheading","Omniscience"],"picked":"JustLucky","floor":10},{"not_picked":["Fasting2","FollowUp"],"picked":"FlurryOfBlows","floor":12},{"not_picked":["CrushJoints","Meditate"],"picked":"EmptyBody","floor":13},{"not_picked":["ClearTheMind","InnerPeace"],"picked":"JustLucky","floor":14},{"not_picked":["Omniscience","Ragnarok"],"picked":"LessonLearned","floor":16},{"not_picked":["Pray","CutThroughFate"],"picked":"JustLucky","floor":18},{"not_picked":["SashWhip","Indignation"],"picked":"Tantrum","floor":20},{"not_picked":["PathToVictory","FlyingSleeves"],"picked":"WheelKick","floor":22},{"not_picked":["EmptyFist","EmptyBody"],"picked":"Consecrate","floor":24},{"not_picked":["ClearTheMind","Protect"],"picked":"Consecrate","floor":27},{"not_picked":["Collect+1","SignatureMove"],"picked":"FlurryOfBlows","floor":29},{"not_picked":["Pray","Crescendo"],"picked":"FlurryOfBlows","floor":31}],"player_experience":2940189,"relics_obtained":[{"floor":7,"key":"Vajra"},{"floor":9,"key":"Orichalcum"},{"floor":10,"key":"Shuriken"},{"floor":24,"key":"conspire:Boomerang"},{"floor":26,"key":"Gremlin Horn"}],"event_choices":[{"damage_healed":0,"gold_gain":0,"player_choice":"Agree","damage_taken":0,"max_hp_gain":0,"max_hp_loss":0,"event_name":"conspire:LoneGhost","floor":2,"gold_loss":0},{"damage_healed":0,"gold_gain":0,"player_choice":"Grow","damage_taken":0,"max_hp_gain":0,"max_hp_loss":0,"event_name":"Living Wall","floor":3,"gold_loss":0,"cards_upgraded":["Eruption"]},{"cards_removed":["conspire:GhostlyStrike"],"damage_healed":0,"gold_gain":0,"player_choice":"Card Removal","damage_taken":7,"max_hp_gain":0,"max_hp_loss":0,"event_name":"Golden Wing","floor":8,"gold_loss":0},{"damage_healed":0,"gold_gain":0,"player_choice":"Leave","damage_taken":0,"max_hp_gain":0,"max_hp_loss":0,"event_name":"conspire:Investor","floor":19,"gold_loss":0},{"damage_healed":0,"gold_gain":0,"player_choice":"Ignored","damage_taken":0,"max_hp_gain":0,"max_hp_loss":0,"event_name":"Vampires","floor":21,"gold_loss":0}],"is_beta":false,"boss_relics":[{"not_picked":["Velvet Choker","conspire:RoyalGoblet"],"picked":"HolyWater"}],"items_purged_floors":[30],"is_endless":false,"potions_floor_spawned":[4,7,13,14,18,20,31],"killed_by":"conspire:MysteriousRune","ascension_level":20}}