{"host":"9709z2dy8v1s63sm","time":1610512968,"event":{"mods":["AchievementEnabler","BaseMod","Minty Spire (QoL Compilation)","StSLib","SuperFastMode"],"gold_per_floor":[368,368,368,386,15,15,40,75,75,75,75],"floor_reached":10,"playtime":492,"items_purged":["Strike_R"],"score":86,"play_id":"d32e9bbe-f784-4a53-83ea-5ed4a1959215","local_time":"20210113134248","is_ascension_mode":true,"campfire_choices":[{"data":"Body Slam","floor":6.0,"key":"SMITH"}],"circlet_count":0,"master_deck":["Strike_R","Strike_R","Strike_R","Strike_R","Defend_R","Defend_R","Defend_R","Defend_R","Bash+1","Rupture","Sword Boomerang","Body Slam+1","Inflame","Feed"],"relics":["Burning Blood","Sundial","Shuriken","Odd Mushroom","Potion Belt","Gremlin Horn"],"acts_visited":["Exordium"],"potions_floor_usage":[8],"damage_taken":[{"damage":3.0,"enemies":"2 Louse","floor":1.0,"turns":4.0},{"damage":3.0,"enemies":"Small Slimes","floor":4.0,"turns":3.0},{"damage":38,"enemies":"The Mushroom Lair","floor":7,"turns":6},{"damage":30,"enemies":"3 Sentries","floor":8,"turns":6},{"damage":20,"enemies":"Lagavulin","floor":10,"turns":4}],"seed_played":"-8705646029492788455","potions_obtained":[{"floor":7,"key":"Strength Potion"}],"is_trial":false,"path_per_floor":["M","?","?","M","$","R","?","E","T","E"],"character_chosen":"IRONCLAD","items_purchased":["Body Slam","Shuriken"],"campfire_rested":0,"item_purchase_floors":[5,5],"current_hp_per_floor":[72,69,69,72,72,72,40,16,16,0,0],"gold":75,"neow_bonus":"TWO_FIFTY_GOLD","is_daily":false,"chose_seed":false,"campfire_upgraded":1,"win_rate":0.0,"timestamp":1610512968,"path_taken":["M","?","?","?","$","R","?","E","T","E"],"items_purchased_type":["Card","Relic"],"build_version":"2020-12-22","purchased_purges":1,"victory":false,"max_hp_per_floor":[72,72,72,72,72,72,72,72,72,72,72],"card_choices":[{"not_picked":["Warcry","Armaments"],"picked":"Rupture","floor":1.0},{"not_picked":["Evolve","Sever Soul"],"picked":"Sword Boomerang","floor":4.0},{"not_picked":["Havoc","Pummel"],"picked":"Inflame","floor":7},{"not_picked":["Dual Wield","Havoc"],"picked":"Feed","floor":8}],"player_experience":64741,"relics_obtained":[{"floor":7,"key":"Odd Mushroom"},{"floor":8,"key":"Potion Belt"},{"floor":9,"key":"Gremlin Horn"}],"event_choices":[{"damage_healed":0.0,"max_hp_gain":0.0,"max_hp_loss":0.0,"gold_gain":0.0,"event_name":"Scrap Ooze","player_choice":"Success","floor":2.0,"gold_loss":0.0,"damage_taken":3.0,"relics_obtained":["Sundial"]},{"damage_healed":0.0,"max_hp_gain":0.0,"max_hp_loss":0.0,"gold_gain":0.0,"event_name":"Upgrade Shrine","player_choice":"Upgraded","floor":3.0,"gold_loss":0.0,"damage_taken":0.0,"cards_upgraded":["Bash"]},{"damage_healed":0,"gold_gain":0,"player_choice":"Fought Mushrooms","damage_taken":0,"max_hp_gain":0,"max_hp_loss":0,"event_name":"Mushrooms","floor":7,"gold_loss":0}],"is_beta":false,"boss_relics":[],"items_purged_floors":[5],"is_endless":false,"potions_floor_spawned":[7],"killed_by":"Lagavulin","ascension_level":7}}