{"host":"7bzprrpqr2usgpra","time":1610516396,"event":{"mods":["ATMod(°¢èªMod)","BaseMod","BetterRewards","Dota2Spire","HololiveMod","Lobotomy","Minty Spire (QoL Compilation)","MostiFishMod","Quick Restart","Spicy Shops","StSLib","TestMod","TheWitcher","[IsaacMod]ÒÔÈö¼âËþ","¡¾ÒÅÎï¿¨ÅÆ¡¿REMEMod"],"gold_per_floor":[112,187,203,217,233,233,266,266,266,276,303,323,323,348,348,423,423,434,434,444,444,459,486,536,546,571,600,613,632,632,670,670,767,767,788,788,708,720,720,720,857,857,857,857,857,871,871,885,885,888,888,888,734,772,772],"floor_reached":56,"language":"ZHS","playtime":1754,"items_purged":["Strike_B"],"score":2420,"play_id":"4d3cf974-30e3-4967-8284-aaed684ff5f0","local_time":"20210113133956","is_ascension_mode":true,"campfire_choices":[{"data":"AT_ThreeBodyProblem","floor":6,"key":"SMITH"},{"data":"MostiFishMod:Hijack","floor":8,"key":"SMITH"},{"floor":15,"key":"REST"},{"data":"AT_FamilyPortrait","floor":30,"key":"SMITH"},{"data":"Defragment","floor":32,"key":"SMITH"},{"floor":40,"key":"REST"},{"data":"Rainbow","floor":42,"key":"SMITH"},{"floor":45,"key":"RECALL"},{"data":"Echo Form","floor":49,"key":"SMITH"},{"data":"MostiFishMod:ATRI","floor":52,"key":"SMITH"}],"circlet_count":0,"master_deck":["AscendersBane","Strike_B","Strike_B","Strike_B","Defend_B","Defend_B","Defend_B","Defend_B","Zap","Dualcast","AT_FamilyPortrait+1","REME_DataAnalysis","Chill","AT_ThreeBodyProblem+1","AT_RobotInSpace","MostiFishMod:Hijack+1","Doom and Gloom","Meteor Strike","AT_EMC2","Capacitor","Echo Form+1","Beam Cell","Pulse","Defragment+1","Tempest+1","Coolheaded","Rainbow+1","Chaos","Turbo","Conserve Battery+1","MostiFishMod:ATRI+1","MostiFishMod:TalkingToTheRain","Turbo","testmod-Arrangement","MostiFishMod:KingOfFree","testmod-Bloodthirsty","Self Repair","Sunder","Heatsinks+1","MostiFishMod:LinkProtocol","Defragment","Aggregate"],"relics":["AT_ATBox","testmod-TestBox","HushsDoor","REME_ComplimentaryCards","DaveBox","testmod-PortableAltar","FeatherPendant","PokeGo","testmod-ObsoleteBoomerang","SynthV:TestCard","Meat on the Bone","Dota2Spire:Dagon","HowToJump","PatriotShield","TuHaoJin","Dota2Spire:EchoSabre","Dota2Spire:MagicBottle","Dota2Spire:RefresherOrb","Damocles","HornCleat","AT_SunfireAegis","Gambling Chip","TheBible","Strawberry"],"acts_visited":["Exordium","TheCity","TheBeyond","TheEnding"],"potions_floor_usage":[23,33,50],"damage_taken":[{"damage":1,"enemies":"Small Slimes","floor":1,"turns":1},{"damage":1,"enemies":"Jaw Worm","floor":3,"turns":1},{"damage":2,"enemies":"Cultist","floor":4,"turns":2},{"damage":1,"enemies":"Looter","floor":5,"turns":2},{"damage":2,"enemies":"Gremlin Nob","floor":7,"turns":3},{"damage":3,"enemies":"Red Slaver","floor":10,"turns":1},{"damage":0,"enemies":"Lagavulin","floor":11,"turns":1},{"damage":2,"enemies":"Exordium Wildlife","floor":12,"turns":2},{"damage":11,"enemies":"Gremlin Nob","floor":14,"turns":3},{"damage":9,"enemies":"The Guardian","floor":16,"turns":3},{"damage":0,"enemies":"Chosen","floor":18,"turns":1},{"damage":0,"enemies":"Spheric Guardian","floor":20,"turns":2},{"damage":0,"enemies":"Snake Plant","floor":22,"turns":4},{"damage":10,"enemies":"Slavers","floor":23,"turns":4},{"damage":0,"enemies":"Shelled Parasite and Fungi","floor":25,"turns":3},{"damage":0,"enemies":"Gremlin Leader","floor":27,"turns":2},{"damage":0,"enemies":"3 Cultists","floor":28,"turns":2},{"damage":0,"enemies":"Snecko","floor":29,"turns":2},{"damage":0,"enemies":"Snake Plant","floor":31,"turns":2},{"damage":0,"enemies":"Automaton","floor":33,"turns":3},{"damage":0,"enemies":"3 Darklings","floor":35,"turns":1},{"damage":5,"enemies":"3 Shapes","floor":38,"turns":1},{"damage":0,"enemies":"Giant Head","floor":41,"turns":5},{"damage":0,"enemies":"Spire Growth","floor":46,"turns":1},{"damage":0,"enemies":"Jaw Worm Horde","floor":48,"turns":1},{"damage":0,"enemies":"Awakened One","floor":50,"turns":4},{"damage":0,"enemies":"Shield and Spear","floor":54,"turns":1},{"damage":3,"enemies":"The Heart","floor":55,"turns":3}],"seed_played":"5860820559320988963","potions_obtained":[{"floor":5,"key":"SpeedPotion"},{"floor":10,"key":"FocusPotion"},{"floor":12,"key":"Fire Potion"},{"floor":25,"key":"PowerPotion"},{"floor":35,"key":"SpeedPotion"},{"floor":54,"key":"testmod-TimePotion"}],"is_trial":false,"path_per_floor":["M","?","M","M","M","R","E","R","T","M","E","M","?","E","R","B",null,"M","?","M","?","M","E","?","M","T","E","M","M","R","M","R","B",null,"M","?","$","M","?","R","E","R","T","?","R","M","?","M","R","B",null,"R","$","E","B",null],"character_chosen":"DEFECT","items_purchased":["Self Repair","Defragment"],"campfire_rested":2,"item_purchase_floors":[37,53],"current_hp_per_floor":[63,52,51,49,48,48,46,46,46,43,43,44,29,30,47,38,52,52,52,52,52,52,41,41,41,41,41,41,41,41,41,41,41,40,39,28,28,23,23,33,33,32,31,30,29,28,26,25,24,23,22,21,20,26,22],"gold":772,"neow_bonus":"BOSS_RELIC","is_daily":false,"chose_seed":false,"campfire_upgraded":7,"win_rate":0.0,"timestamp":1610516396,"path_taken":["M","?","M","?","M","R","E","R","T","M","E","M","?","E","R","BOSS","M","?","M","?","M","E","?","?","T","E","?","M","R","M","R","BOSS","M","?","$","?","?","R","E","R","T","?","R","?","?","M","R","BOSS","R","$","E","BOSS"],"items_purchased_type":["Card","Card"],"build_version":"2020-12-22","purchased_purges":1,"victory":true,"max_hp_per_floor":[70,69,68,67,66,65,64,63,62,61,60,62,61,60,59,58,57,56,55,54,53,52,51,50,49,48,47,46,45,44,43,42,41,40,39,38,37,36,35,34,33,32,31,30,29,28,26,25,24,23,22,21,20,26,25],"card_choices":[{"not_picked":[],"picked":"ChaosCard","floor":0},{"not_picked":["Steam","Melter"],"picked":"REME_DataAnalysis","floor":1},{"not_picked":["Streamline","Ball Lightning","AT_HeatAcrobatics","MostiFishMod:PushDownKick"],"picked":"Chill","floor":3},{"not_picked":["Gash","Leap","Bomb","Hologram"],"picked":"AT_ThreeBodyProblem","floor":4},{"not_picked":["MostiFishMod:FluxCapactior","REME_SelfUpgrade","Leap","Bomb"],"picked":"AT_RobotInSpace","floor":5},{"not_picked":["Steam","Blizzard","AT_HeatAcrobatics","MostiFishMod:Impulse"],"picked":"MostiFishMod:Hijack","floor":7},{"not_picked":["MostiFishMod:PushDownKick","Rebound","Bomb","Beam Cell"],"picked":"Doom and Gloom","floor":10},{"not_picked":["MostiFishMod:LinkProtocol","Leap","Rebound","AT_StudyProgram"],"picked":"Meteor Strike","floor":11},{"not_picked":["AT_WarpDrive","Hologram","Sweeping Beam","Barrage"],"picked":"AT_EMC2","floor":12},{"not_picked":["Beam Cell","Darkness","Compile Driver","Steam"],"picked":"Capacitor","floor":14},{"not_picked":["Machine Learning","MostiFishMod:SeaWaves","Biased Cognition","MostiFishMod:IceShield"],"picked":"Echo Form","floor":16},{"not_picked":["Rebound","Chill","Distribution","Go for the Eyes"],"picked":"Beam Cell","floor":18},{"not_picked":["Steam+1","MostiFishMod:PushDownKick","Barrage","Capacitor+1"],"picked":"Pulse","floor":20},{"not_picked":["Beam Cell","Fan","Chill+1","Reinforced Body"],"picked":"Tempest+1","floor":22},{"not_picked":["Distribution","Streamline","Go for the Eyes","MostiFishMod:PushDownKick"],"picked":"Coolheaded","floor":23},{"not_picked":["BootSequence","Recycle","Cold Snap","Genetic Algorithm"],"picked":"Rainbow","floor":25},{"not_picked":["Stack+1","Beam Cell","Cold Snap","MostiFishMod:PushDownKick"],"picked":"Chaos","floor":27},{"not_picked":["Fan","Rebound","AT_HeatAcrobatics","Redo"],"picked":"Turbo","floor":28},{"not_picked":["Lockon","Go for the Eyes+1","Coolheaded","Rebound"],"picked":"Conserve Battery+1","floor":29},{"not_picked":["Turbo","Loop","MostiFishMod:FluxCapactior","AT_RobotInSpace"],"picked":"MostiFishMod:ATRI","floor":31},{"not_picked":["MostiFishMod:DeathFromBelow","MostiFishMod:GoodWordForIt","Rainbow","Core Surge"],"picked":"MostiFishMod:TalkingToTheRain","floor":33},{"not_picked":["MostiFishMod:PushDownKick","Steam","Compile Driver","Cold Snap"],"picked":"Turbo","floor":35},{"not_picked":["PanicButton","Good Instincts","AT_Homeward","Purity"],"picked":"testmod-Arrangement","floor":36},{"not_picked":["REME_BattleFury","AT_PowerWithin","AT_LightSaberMaster","testmod-LifeRuler"],"picked":"MostiFishMod:KingOfFree","floor":36},{"not_picked":["Deep Breath","Good Instincts","Jack Of All Trades","testmod-VirtualReality"],"picked":"testmod-Bloodthirsty","floor":36},{"not_picked":["Hologram","Rebound+1","AT_WarpDrive","Beam Cell"],"picked":"Sunder","floor":38},{"not_picked":["Darkness","Auto Shields","Streamline","Go for the Eyes"],"picked":"Heatsinks+1","floor":41},{"not_picked":["All For One","Leap+1","Coolheaded+1","Ball Lightning","Streamline+1"],"picked":"SKIP","floor":46},{"not_picked":["Gash","Stack","Go for the Eyes+1","AT_ThreeBodyProblem"],"picked":"MostiFishMod:LinkProtocol","floor":48},{"not_picked":["Coolheaded","MostiFishMod:PushDownKick+1","Leap","Genetic Algorithm"],"picked":"Aggregate","floor":54}],"player_experience":249621,"relics_obtained":[{"floor":1,"key":"SynthV:TestCard"},{"floor":7,"key":"Meat on the Bone"},{"floor":11,"key":"Dota2Spire:Dagon"},{"floor":14,"key":"HowToJump"},{"floor":23,"key":"TuHaoJin"},{"floor":26,"key":"Dota2Spire:EchoSabre"},{"floor":27,"key":"Dota2Spire:MagicBottle"},{"floor":41,"key":"Damocles"},{"floor":43,"key":"HornCleat"},{"floor":46,"key":"AT_SunfireAegis"},{"floor":48,"key":"Gambling Chip"},{"floor":54,"key":"TheBible"},{"floor":54,"key":"Strawberry"}],"event_choices":[{"damage_healed":0,"gold_gain":75,"player_choice":"Gather Gold","damage_taken":11,"max_hp_gain":0,"max_hp_loss":0,"event_name":"World of Goop","floor":2,"gold_loss":0},{"damage_healed":0,"gold_gain":0,"player_choice":"Ignored","damage_taken":0,"max_hp_gain":0,"max_hp_loss":0,"event_name":"Vampires","floor":19,"gold_loss":0},{"damage_healed":0,"gold_gain":50,"player_choice":"Stole From Cult","damage_taken":0,"max_hp_gain":0,"max_hp_loss":0,"event_name":"Nest","floor":24,"gold_loss":0},{"damage_healed":0,"gold_gain":0,"player_choice":"Memory 3","damage_taken":10,"max_hp_gain":0,"max_hp_loss":0,"event_name":"SensoryStone","floor":36,"gold_loss":0},{"damage_healed":0,"gold_gain":0,"player_choice":"Ignored","damage_taken":0,"max_hp_gain":0,"max_hp_loss":0,"event_name":"Tomb of Lord Red Mask","floor":44,"gold_loss":0},{"damage_healed":0,"gold_gain":0,"player_choice":"Max HP","damage_taken":0,"max_hp_gain":0,"max_hp_loss":1,"event_name":"Winding Halls","floor":47,"gold_loss":0}],"is_beta":false,"boss_relics":[{"not_picked":["testmod-KeyOfTheVoid","testmod-DreamHouse"],"picked":"PatriotShield"},{"not_picked":[]},{"not_picked":["AT_MortalBlade","testmod-StringDisintegrator"],"picked":"Dota2Spire:RefresherOrb"},{"not_picked":[]}],"items_purged_floors":[53],"is_endless":false,"potions_floor_spawned":[5,10,12,14,16,20,25,27,35,48,54],"ascension_level":16}}