{"host":"d61fcf2p3sjwe6yo","time":1610545932,"event":{"mods":["AchievementEnabler","BaseMod","Colored Map","Minty Spire (QoL Compilation)","StSLib","SuperFastMode"],"gold_per_floor":[109,11,11,29,43,43,77,89,89,107,120,136,136,36,36,107,107,120,135,166,41,54,54,54,54,78,88,88,119,142,142,142,218,218,234,246,170,392,440,440,457,488,511,511,526,553,564,592,592,592,592,592,370,400,400],"floor_reached":56,"language":"ENG","playtime":3595,"items_purged":["Strike_G","Strike_G","Defend_G","Blade Dance+1"],"score":2029,"play_id":"7fba1371-3427-4578-b8a6-c97314e49c91","local_time":"20210113165212","is_ascension_mode":true,"campfire_choices":[{"data":"Dagger Spray","floor":6.0,"key":"SMITH"},{"data":"Footwork","floor":13.0,"key":"SMITH"},{"data":"Blur","floor":15.0,"key":"SMITH"},{"data":"Night Terror","floor":23.0,"key":"SMITH"},{"data":"Leg Sweep","floor":25.0,"key":"SMITH"},{"data":"Wraith Form v2","floor":32.0,"key":"SMITH"},{"data":"Night Terror","floor":40.0,"key":"SMITH"},{"data":"Bouncing Flask","floor":44,"key":"SMITH"},{"floor":49,"key":"RECALL"},{"data":"Survivor","floor":52,"key":"SMITH"}],"circlet_count":0,"master_deck":["AscendersBane","Defend_G+1","Defend_G+1","Defend_G+1","Defend_G+1","Survivor+1","Neutralize+1","Flying Knee","Blade Dance","Backstab","Dagger Spray+1","Dash","Footwork+1","Blur+1","Leg Sweep+1","Night Terror+1","Wraith Form v2+1","Noxious Fumes+1","Wraith Form v2+1","Bouncing Flask+1","Night Terror+1","Catalyst"],"relics":["Runic Pyramid","Omamori","InkBottle","Coffee Dripper","Red Mask","Juzu Bracelet","Prayer Wheel","Ancient Tea Set","Astrolabe","Ice Cream","Question Card","Oddly Smooth Stone","Gambling Chip","Bird Faced Urn"],"acts_visited":["Exordium","TheCity","TheBeyond","TheEnding"],"potions_floor_usage":[50],"damage_taken":[{"damage":0.0,"enemies":"2 Louse","floor":1.0,"turns":2.0},{"damage":0.0,"enemies":"Cultist","floor":4.0,"turns":3.0},{"damage":9.0,"enemies":"Jaw Worm","floor":5.0,"turns":2.0},{"damage":16.0,"enemies":"Lagavulin","floor":7.0,"turns":7.0},{"damage":6.0,"enemies":"Looter","floor":8.0,"turns":2.0},{"damage":1.0,"enemies":"2 Fungi Beasts","floor":10.0,"turns":3.0},{"damage":9.0,"enemies":"Exordium Thugs","floor":11.0,"turns":5.0},{"damage":3.0,"enemies":"Blue Slaver","floor":12.0,"turns":3.0},{"damage":0.0,"enemies":"Hexaghost","floor":16.0,"turns":12.0},{"damage":0.0,"enemies":"Shell Parasite","floor":18.0,"turns":6.0},{"damage":0.0,"enemies":"3 Byrds","floor":19.0,"turns":5.0},{"damage":23.0,"enemies":"Masked Bandits","floor":20.0,"turns":7.0},{"damage":0.0,"enemies":"Snecko","floor":22.0,"turns":6.0},{"damage":0.0,"enemies":"3 Cultists","floor":27.0,"turns":5.0},{"damage":0.0,"enemies":"Book of Stabbing","floor":29.0,"turns":8.0},{"damage":18.0,"enemies":"Automaton","floor":33.0,"turns":21.0},{"damage":1.0,"enemies":"Orb Walker","floor":35.0,"turns":5.0},{"damage":0.0,"enemies":"3 Darklings","floor":36.0,"turns":7.0},{"damage":8.0,"enemies":"2 Orb Walkers","floor":39.0,"turns":9.0},{"damage":16.0,"enemies":"Sphere and 2 Shapes","floor":41.0,"turns":8.0},{"damage":5,"enemies":"Giant Head","floor":42,"turns":17},{"damage":4,"enemies":"Spire Growth","floor":45,"turns":8},{"damage":15,"enemies":"Reptomancer","floor":46,"turns":13},{"damage":0,"enemies":"4 Shapes","floor":47,"turns":8},{"damage":6,"enemies":"Nemesis","floor":48,"turns":11},{"damage":26,"enemies":"Awakened One","floor":50,"turns":19},{"damage":11,"enemies":"Shield and Spear","floor":54,"turns":8},{"damage":52,"enemies":"The Heart","floor":55,"turns":12}],"seed_played":"-483233098014511173","potions_obtained":[{"floor":5.0,"key":"FairyPotion"},{"floor":11.0,"key":"Strength Potion"},{"floor":18.0,"key":"Poison Potion"},{"floor":20.0,"key":"Dexterity Potion"},{"floor":29.0,"key":"Regen Potion"},{"floor":31.0,"key":"Fruit Juice"},{"floor":31.0,"key":"Regen Potion"},{"floor":47,"key":"SpeedPotion"}],"is_trial":false,"path_per_floor":["M","$","?","M","M","R","E","M","T","M","M","M","R","$","R","B",null,"M","M","?","$","M","R","?","R","T","M","?","E","T","?","R","B",null,"M","M","$","?","?","R","M","E","T","R","M","E","M","E","R","B",null,"R","$","E","B",null],"character_chosen":"THE_SILENT","items_purchased":["Blade Dance","Night Terror","Catalyst"],"campfire_rested":0,"item_purchase_floors":[2,37,53],"current_hp_per_floor":[59,59,59,59,50,50,34,28,28,27,18,15,15,15,15,15,53,53,53,30,30,30,30,30,30,30,30,52,52,52,57,57,39,63,62,62,62,62,54,54,53,48,48,48,44,29,29,23,23,18,58,58,58,47,11],"gold":400,"neow_bonus":"BOSS_RELIC","is_daily":false,"chose_seed":false,"campfire_upgraded":9,"win_rate":0.0,"timestamp":1610545932,"path_taken":["M","$","?","M","M","R","E","M","T","?","M","M","R","?","R","BOSS","M","M","?","$","M","R","?","R","T","M","?","E","?","?","R","BOSS","M","M","?","?","?","R","M","E","T","R","M","E","M","E","R","BOSS","R","$","E","BOSS"],"items_purchased_type":["Card","Card","Card"],"build_version":"2020-12-22","purchased_purges":4,"victory":true,"max_hp_per_floor":[66,66,66,66,66,66,66,66,66,66,66,66,66,66,66,66,66,66,66,66,66,66,66,66,66,66,66,66,66,66,71,71,71,71,71,71,71,71,71,71,71,71,71,71,71,71,71,71,71,71,71,71,71,71,71],"card_choices":[{"not_picked":["Acrobatics","Cloak And Dagger"],"picked":"Flying Knee","floor":1.0},{"not_picked":["Slice","Caltrops"],"picked":"Backstab","floor":4.0},{"not_picked":["Dodge and Roll","Predator"],"picked":"Dagger Spray","floor":5.0},{"not_picked":["Blade Dance","Cloak And Dagger","Prepared"],"picked":"SKIP","floor":7.0},{"not_picked":["PiercingWail","Predator"],"picked":"Dash","floor":8.0},{"not_picked":["Deadly Poison","Eviscerate"],"picked":"Footwork","floor":10.0},{"not_picked":["Footwork","Terror"],"picked":"Blur","floor":11.0},{"not_picked":["Underhanded Strike","Acrobatics"],"picked":"Leg Sweep","floor":12.0},{"not_picked":["Envenom","Unload"],"picked":"Night Terror","floor":16.0},{"not_picked":["Poisoned Stab","Slice","Quick Slash"],"picked":"SKIP","floor":18.0},{"not_picked":["Bane","Dagger Throw","Masterful Stab+1"],"picked":"SKIP","floor":19.0},{"not_picked":["Sucker Punch+1","Cloak And Dagger","Underhanded Strike+1"],"picked":"SKIP","floor":22.0},{"not_picked":["Riddle With Holes","Dodge and Roll","Cloak And Dagger"],"picked":"SKIP","floor":27.0},{"not_picked":["Deflect","Dagger Spray"],"picked":"Wraith Form v2","floor":29.0},{"not_picked":["Setup","Masterful Stab","Flying Knee"],"picked":"SKIP","floor":35.0},{"not_picked":["Dagger Throw","Dagger Spray","Backflip"],"picked":"SKIP","floor":35.0},{"not_picked":["Finisher","Blade Dance"],"picked":"Bouncing Flask","floor":36.0},{"not_picked":["Deflect","Backflip","Dagger Throw+1"],"picked":"SKIP","floor":36.0},{"not_picked":["Dagger Throw","All Out Attack+1","Dagger Spray"],"picked":"SKIP","floor":41.0},{"not_picked":["Sucker Punch","Outmaneuver","Reflex"],"picked":"SKIP","floor":41.0},{"not_picked":["Caltrops","Cloak And Dagger+1","Well Laid Plans"],"picked":"SKIP","floor":42},{"not_picked":["Prepared","Blade Dance","Riddle With Holes","Dagger Throw"],"picked":"SKIP","floor":45},{"not_picked":["Outmaneuver","Eviscerate","Calculated Gamble","Acrobatics"],"picked":"SKIP","floor":45},{"not_picked":["Prepared","Blade Dance","Riddle With Holes","Dagger Throw"],"picked":"SKIP","floor":45},{"not_picked":["Outmaneuver","Eviscerate","Calculated Gamble","Acrobatics"],"picked":"SKIP","floor":45},{"not_picked":["Dagger Spray","Underhanded Strike","Accuracy","Bullet Time"],"picked":"SKIP","floor":46},{"not_picked":["Escape Plan","Underhanded Strike+1","Backflip","Footwork"],"picked":"SKIP","floor":47},{"not_picked":["Acrobatics","Skewer+1","Prepared","Dagger Spray+1"],"picked":"SKIP","floor":47},{"not_picked":["Choke","Outmaneuver","Tactician","Sucker Punch+1"],"picked":"SKIP","floor":48},{"not_picked":["Blade Dance","Dagger Spray+1","Night Terror","Dagger Throw"],"picked":"SKIP","floor":54}],"player_experience":204021,"relics_obtained":[{"floor":7.0,"key":"Omamori"},{"floor":9.0,"key":"InkBottle"},{"floor":20.0,"key":"Red Mask"},{"floor":26.0,"key":"Juzu Bracelet"},{"floor":29.0,"key":"Prayer Wheel"},{"floor":30.0,"key":"Ancient Tea Set"},{"floor":39.0,"key":"Ice Cream"},{"floor":42,"key":"Question Card"},{"floor":46,"key":"Oddly Smooth Stone"},{"floor":48,"key":"Gambling Chip"},{"floor":54,"key":"Bird Faced Urn"}],"event_choices":[{"damage_healed":0.0,"max_hp_gain":0.0,"max_hp_loss":0.0,"gold_gain":0.0,"event_name":"Upgrade Shrine","player_choice":"Upgraded","floor":3.0,"gold_loss":0.0,"damage_taken":0.0,"cards_upgraded":["Neutralize"]},{"damage_healed":0.0,"max_hp_gain":0.0,"max_hp_loss":0.0,"gold_gain":0.0,"event_name":"Masked Bandits","player_choice":"Fought Bandits","floor":20.0,"gold_loss":0.0,"damage_taken":0.0},{"damage_healed":0.0,"max_hp_gain":0.0,"max_hp_loss":0.0,"gold_gain":0.0,"event_name":"Back to Basics","player_choice":"Simplicity","floor":24.0,"gold_loss":0.0,"damage_taken":0.0,"cards_upgraded":["Strike_G","Strike_G","Strike_G","Defend_G","Defend_G","Defend_G","Defend_G"]},{"damage_healed":22.0,"max_hp_gain":0.0,"max_hp_loss":0.0,"gold_gain":0.0,"event_name":"The Library","player_choice":"Heal","floor":28.0,"gold_loss":0.0,"damage_taken":0.0},{"damage_healed":0.0,"max_hp_gain":0.0,"max_hp_loss":0.0,"gold_gain":0.0,"event_name":"Lab","player_choice":"Got Potions","floor":31.0,"gold_loss":0.0,"damage_taken":0.0},{"damage_healed":0.0,"max_hp_gain":0.0,"max_hp_loss":0.0,"gold_gain":222.0,"event_name":"Tomb of Lord Red Mask","player_choice":"Wore Mask","floor":38.0,"gold_loss":0.0,"damage_taken":0.0},{"damage_healed":0.0,"max_hp_gain":0.0,"max_hp_loss":0.0,"gold_gain":0.0,"event_name":"Mysterious Sphere","player_choice":"Fight","floor":39.0,"gold_loss":0.0,"damage_taken":0.0}],"is_beta":false,"boss_relics":[{"not_picked":["Busted Crown","SacredBark"],"picked":"Coffee Dripper"},{"not_picked":["HoveringKite","Empty Cage"],"picked":"Astrolabe"}],"items_purged_floors":[2,14,21,53],"is_endless":false,"potions_floor_spawned":[5,11,12,18,19,20,29,36,47],"ascension_level":14}}