{"host":"7po9pgh86bqe2blc","time":1610555197,"event":{"mods":["BaseMod","Colored Map","Colored Powertips","Hermit","Hubris","Koishi","Minty Spire (QoL Compilation)","StSLib","The Cursed","The Disciple","The Hierophant","The Runesmith"],"gold_per_floor":[115,134,134,146,146,146,178,188,214,244,116,136,136,169,169,266,266,286,306,321,127,127,2,2,33,59,59,59,59],"floor_reached":28,"playtime":3737,"items_purged":["Defend_Br","Defend_Br","Strike_Br"],"score":295,"play_id":"d3116b20-ef7f-42bf-a911-7512b9fcabab","local_time":"20210113172637","is_ascension_mode":true,"campfire_choices":[{"data":"WatchCommand","floor":6,"key":"SMITH"},{"floor":13,"key":"REST"},{"data":"ExoVibe","floor":15,"key":"SMITH"},{"data":"PatternShift","floor":24,"key":"SMITH"},{"data":"ResonantCall","floor":27,"key":"SMITH"}],"circlet_count":0,"master_deck":["Strike_Br","Strike_Br","Defend_Br","SecondHand","PatternShift+1","Goo+50","WatchCommand+1","LockedBlood","LockedFlame","ExoVibe+29","LockedTornado","ResonantCall+1","Impatience"],"relics":["Chronometer","Regal Pillow","Bronze Scales","Peace Pipe","FossilizedHelix","SlaversCollar","Shuriken","Centennial Puzzle"],"acts_visited":["Exordium","TheCity"],"potions_floor_usage":[7,7,14,16,25],"damage_taken":[{"damage":7,"enemies":"Small Slimes","floor":1,"turns":5},{"damage":0,"enemies":"Cultist","floor":2,"turns":4},{"damage":7,"enemies":"Jaw Worm","floor":4,"turns":3},{"damage":32,"enemies":"Lagavulin","floor":7,"turns":9},{"damage":0,"enemies":"3 Louse","floor":8,"turns":6},{"damage":24,"enemies":"3 Sentries","floor":10,"turns":13},{"damage":3,"enemies":"Large Slime","floor":12,"turns":8},{"damage":23,"enemies":"Gremlin Nob","floor":14,"turns":5},{"damage":50,"enemies":"Slime Boss","floor":16,"turns":25},{"damage":4,"enemies":"3 Byrds","floor":18,"turns":4},{"damage":6,"enemies":"Shell Parasite","floor":19,"turns":10},{"damage":35,"enemies":"Shelled Parasite and Fungi","floor":20,"turns":9},{"damage":0,"enemies":"Book of Stabbing","floor":25,"turns":7},{"damage":41,"enemies":"Colosseum Slavers","floor":28,"turns":7},{"damage":14,"enemies":"Colosseum Nobs","floor":28,"turns":2}],"seed_played":"2704933541783322692","potions_obtained":[{"floor":1,"key":"Regen Potion"},{"floor":4,"key":"SkillPotion"},{"floor":10,"key":"SkillPotion"},{"floor":14,"key":"Regen Potion"},{"floor":16,"key":"SpeedPotion"},{"floor":25,"key":"LiquidBronze"}],"is_trial":false,"path_per_floor":["M","M","?","M","?","R","E","M","T","E","$","M","R","E","R","B",null,"M","M","M","$","?","$","R","E","T","R","?"],"character_chosen":"CHRONO_CLASS","items_purchased":["ExoVibe","Impatience"],"campfire_rested":1,"item_purchase_floors":[11,21],"current_hp_per_floor":[58,58,58,51,51,51,31,31,31,13,13,16,50,31,31,2,65,63,63,34,34,34,34,34,40,40,40,0,0],"gold":59,"neow_bonus":"REMOVE_CARD","is_daily":false,"chose_seed":false,"campfire_upgraded":4,"win_rate":0.0,"timestamp":1610555197,"path_taken":["M","M","?","?","?","R","E","M","T","E","$","M","R","E","R","BOSS","M","M","M","$","?","$","R","E","T","R","?"],"items_purchased_type":["Card","Card"],"build_version":"2020-12-13","purchased_purges":3,"victory":false,"max_hp_per_floor":[65,65,65,65,65,65,65,65,65,65,65,65,65,65,65,65,65,65,65,65,65,65,65,65,65,65,65,65,65],"card_choices":[{"not_picked":["ShortSighted","WatchCommand"],"picked":"Goo","floor":1},{"not_picked":["HandsUpC","LockedTurtyl","PrimeTime"],"picked":"SKIP","floor":2},{"not_picked":["LockedMedicine","BiteCommand","LockedTurtyl"],"picked":"SKIP","floor":4},{"not_picked":["LockedPlans","Keepsakes","TiringSlam"],"picked":"SKIP","floor":7},{"not_picked":["HandsUpC","WindUp"],"picked":"LockedBlood","floor":8},{"not_picked":["LockedMawBank","Break"],"picked":"LockedFlame","floor":10},{"not_picked":["LockedUrn","ShortSighted","LockedScales"],"picked":"SKIP","floor":12},{"not_picked":["Engulf","ExoVibe"],"picked":"LockedTornado","floor":14},{"not_picked":["Parity","LockedWhetstone","BlueShift"],"picked":"SKIP","floor":18},{"not_picked":["DaylightSavings","HandsUpB"],"picked":"ResonantCall","floor":19},{"not_picked":["Echoward+1","Tempo","OverTime"],"picked":"SKIP","floor":20},{"not_picked":["Engulf","Tempo+1","CrunchTime"],"picked":"SKIP","floor":25}],"player_experience":368790,"relics_obtained":[{"floor":7,"key":"Regal Pillow"},{"floor":9,"key":"Bronze Scales"},{"floor":10,"key":"Peace Pipe"},{"floor":14,"key":"FossilizedHelix"},{"floor":25,"key":"Shuriken"},{"floor":26,"key":"Centennial Puzzle"}],"event_choices":[{"damage_healed":0,"gold_gain":0,"player_choice":"Upgraded","damage_taken":0,"max_hp_gain":0,"max_hp_loss":0,"event_name":"Upgrade Shrine","floor":3,"gold_loss":0,"cards_upgraded":["Goo"]},{"damage_healed":0,"gold_gain":0,"cards_transformed":["Strike_Br"],"player_choice":"Change","damage_taken":0,"max_hp_gain":0,"max_hp_loss":0,"event_name":"Living Wall","floor":5,"gold_loss":0,"cards_obtained":["WatchCommand"]},{"damage_healed":0,"gold_gain":0,"player_choice":"Ignored","damage_taken":0,"max_hp_gain":0,"max_hp_loss":0,"event_name":"Vampires","floor":22,"gold_loss":0},{"damage_healed":0,"gold_gain":0,"player_choice":"Fight","damage_taken":0,"max_hp_gain":0,"max_hp_loss":0,"event_name":"Colosseum","floor":28,"gold_loss":0},{"damage_healed":0,"gold_gain":0,"player_choice":"Fought Nobs","damage_taken":0,"max_hp_gain":0,"max_hp_loss":0,"event_name":"Colosseum","floor":28,"gold_loss":0}],"is_beta":false,"boss_relics":[{"not_picked":["hubris:CrackedHourglass","hubris:VirtuousBlindfold"],"picked":"SlaversCollar"}],"items_purged_floors":[11,21,23],"is_endless":false,"potions_floor_spawned":[1,4,10,14,16,25,28],"killed_by":"Colosseum Nobs","ascension_level":1}}