{"host":"kdt6w7ix8lwe69i9","time":1610514157,"event":{"mods":["100% Spire Juice","Bartender","BaseMod","ChefMod","Downfall","Evolution","Fiend Mod","Jorbs\u0027s Wanderer Trilogy","Minty Spire (QoL Compilation)","Reimu（博丽灵梦）","Robot Space Explorer","Shade Mod","StSLib","The Caster","The Cursed","The Disciple","The Dragon Tamer","The Druid","The Fake Hero","The Forsaken","The Gatherer","The Marked","TheBandit","TheSwordswoman"],"gold_per_floor":[115,40,40,115,65,100,100,136,159,159,178,197,43,64,64,195,195,218,218,237,237,250,285,300,225,225,225,99,39,83,101,101,230,230,253,272,298,361,297,297,340,20,47,47,61,61,104,127,127,127,127,127,30,70,70,70],"floor_reached":55,"language":"ENG","playtime":7010,"items_purged":["stsjorbsmod:Amnesia"],"score":796,"play_id":"c99021a5-c824-411e-ad96-02ae20e66508","local_time":"20210113000237","is_ascension_mode":false,"campfire_choices":[{"data":"Magnetism","floor":7,"key":"SMITH"},{"floor":10,"key":"REST"},{"floor":15,"key":"REST"},{"floor":27,"key":"REST"},{"floor":32,"key":"REST"},{"data":"Shade:AnimateDead","floor":40,"key":"SMITH"},{"floor":44,"key":"REST"},{"floor":46,"key":"RECALL"},{"floor":49,"key":"REST"},{"data":"Shade:AuraOfUnlife","floor":52,"key":"SMITH"}],"circlet_count":0,"master_deck":["Shade:FingerOfDeath","Shade:FingerOfDeath","Shade:GraveStillness+1","Shade:GraveStillness+1","Shade:GraveStillness","Shade:GraveStillness","Shade:AnimateDead+1","Shade:CarefulCut","Magnetism+1","Shade:Brains","Shade:FuneraryJewels+1","Shade:FleshToFlesh+1","Shade:FreshBones+1","Shade:Brains+1","Shade:FleshOffering+1","Shade:OpenGraves","Shade:LichForm","Shade:Frenzy+1","Shade:OfferingToTheBeyond","Shade:FuneraryArmor+1","Shade:CloudOfShrapnel","Shade:DarkOfNight+1","Shade:Bonestorm","Shade:ClawBack","Shade:FleshLikeOak+1","Shade:FuneraryJewels+1","Shade:Bonestorm","Shade:SkeletonArmy+1","Shade:StitchTogether","Shade:ClawBack","Shade:PressTheAttack+1","Shade:CallOfTheGrave","Shade:UnbarTheGrave+1","Shade:PressTheAttack+1","Shade:FuneraryJewels+1","Shade:Trample+1","Shade:Bite_Shade","Shade:Coordination","Shade:AuraOfUnlife+1","Shade:BoneShards+1","Shade:FreshBones+1","Shade:SensePrey+1","Shade:FreshBones+1","Shade:CommandSoldier+1","Shade:SkeletonHug+1","Shade:FreshBones+1"],"relics":["Shade:YorickPolishedSkull","EVO:Axolotl","Golden Idol","Toxic Egg 2","Lizard Tail","Dream Catcher","WarpedTongs","Juzu Bracelet","PreservedInsect","Lantern","SacredBark","Boot","Prayer Wheel","Smiling Mask","Singing Bowl","Strange Spoon","War Paint","Question Card","Du-Vu Doll"],"acts_visited":["Exordium","TheCity","TheBeyond","TheEnding"],"potions_floor_usage":[16,16,16,16,22,23,23,33,41,47,50,54,54,55,55],"damage_taken":[{"damage":0,"enemies":"Jaw Worm","floor":1,"turns":3},{"damage":12,"enemies":"Gremlin Nob","floor":6,"turns":4},{"damage":9,"enemies":"Lagavulin","floor":8,"turns":5},{"damage":0,"enemies":"Small Slimes","floor":11,"turns":3},{"damage":0,"enemies":"2 Louse","floor":12,"turns":3},{"damage":0,"enemies":"Blue Slaver","floor":14,"turns":4},{"damage":2,"enemies":"The Guardian","floor":16,"turns":9},{"damage":0,"enemies":"Chosen","floor":18,"turns":4},{"damage":1,"enemies":"Shell Parasite","floor":20,"turns":6},{"damage":3,"enemies":"Snake Plant","floor":22,"turns":2},{"damage":48,"enemies":"Book of Stabbing","floor":23,"turns":8},{"damage":7,"enemies":"Cultist and Chosen","floor":24,"turns":5},{"damage":19,"enemies":"Gremlin Leader","floor":30,"turns":5},{"damage":4,"enemies":"Centurion and Healer","floor":31,"turns":4},{"damage":10,"enemies":"Champ","floor":33,"turns":9},{"damage":5,"enemies":"Orb Walker","floor":35,"turns":4},{"damage":3,"enemies":"3 Shapes","floor":36,"turns":3},{"damage":5,"enemies":"Mind Bloom Boss Battle","floor":38,"turns":8},{"damage":7,"enemies":"Reptomancer","floor":41,"turns":5},{"damage":0,"enemies":"3 Darklings","floor":45,"turns":3},{"damage":19,"enemies":"Giant Head","floor":47,"turns":6},{"damage":10,"enemies":"Writhing Mass","floor":48,"turns":4},{"damage":61,"enemies":"Time Eater","floor":50,"turns":7},{"damage":1,"enemies":"Shield and Spear","floor":54,"turns":4},{"damage":68,"enemies":"The Heart","floor":55,"turns":5}],"seed_played":"7374601007870959482","potions_obtained":[{"floor":12,"key":"Explosive Potion"},{"floor":14,"key":"EntropicBrew"},{"floor":18,"key":"champ:CounterPotion"},{"floor":20,"key":"SpeedPotion"},{"floor":30,"key":"BlessingOfTheForge"},{"floor":36,"key":"champ:CounterPotion"},{"floor":38,"key":"ZuzhouPotion:ReiMu"},{"floor":41,"key":"Energy Potion"},{"floor":48,"key":"SpeedPotion"},{"floor":54,"key":"GamblersBrew"}],"is_trial":false,"path_per_floor":["M","$","?","?","?","E","R","E","T","R","M","M","$","M","R","B",null,"M","?","M","?","M","E","M","?","T","R","$","?","E","M","R","B",null,"M","M","T","?","?","R","E","$","T","R","M","R","E","M","R","B",null,"R","$","E","B"],"character_chosen":"SHADE","items_purchased":["Dream Catcher","Shade:FuneraryJewels+1","Shade:Bonestorm","Strange Spoon","Shade:Coordination","SkillPotion","Fire Potion"],"campfire_rested":6,"item_purchase_floors":[13,28,28,42,42,53,53],"current_hp_per_floor":[69,69,69,58,58,46,46,37,37,57,57,57,57,57,69,67,69,69,69,68,68,65,17,10,10,10,30,30,30,11,7,27,17,69,64,61,61,56,56,56,49,49,49,69,69,69,50,40,60,34,69,69,69,68,0,0],"gold":70,"neow_bonus":"RANDOM_COLORLESS_2","is_daily":false,"chose_seed":false,"campfire_upgraded":3,"win_rate":0.0,"timestamp":1610514157,"path_taken":["M","$","?","?","?","E","R","E","T","R","M","M","?","M","R","BOSS","M","?","?","?","?","E","M","?","T","R","$","?","E","M","R","BOSS","M","M","?","?","?","R","E","$","T","R","M","R","E","M","R","BOSS","R","$","E","BOSS"],"items_purchased_type":["Relic","Card","Card","Relic","Card","Potion","Potion"],"build_version":"2020-12-22","purchased_purges":1,"victory":false,"max_hp_per_floor":[69,69,69,69,69,69,69,69,69,69,69,69,69,69,69,69,69,69,69,69,69,69,69,69,69,69,69,69,69,69,69,69,69,69,69,69,69,69,69,69,69,69,69,69,69,69,69,69,69,69,69,69,69,69,69,69],"card_choices":[{"not_picked":["HandOfGreed","Chrysalis"],"picked":"Magnetism","floor":0},{"not_picked":["Shade:Haruspicy","Shade:Excise"],"picked":"Shade:Brains","floor":1},{"not_picked":["Shade:Doomsay","Shade:SkeletonHug"],"picked":"Shade:FuneraryJewels+1","floor":6},{"not_picked":["Shade:Consume","Shade:FuneraryArmor+1"],"picked":"Shade:FleshToFlesh+1","floor":8},{"not_picked":["Shade:GreyBargain+1","Shade:ExtraLimbs"],"picked":"Shade:FreshBones+1","floor":11},{"not_picked":["Shade:CallOfTheGrave","Shade:GraveStillness+1"],"picked":"Shade:Brains+1","floor":12},{"not_picked":["Shade:Trample","Shade:Awaken+1"],"picked":"Shade:FleshOffering+1","floor":14},{"not_picked":["Shade:FeralStrike","Shade:Haruspicy+1"],"picked":"Shade:OpenGraves","floor":15},{"not_picked":["Shade:OminousRitual","Shade:Tombstone"],"picked":"Shade:LichForm","floor":16},{"not_picked":["Shade:ExtraLimbs","Shade:GreyBargain+1"],"picked":"Shade:Frenzy+1","floor":18},{"not_picked":["Shade:FleshToFlesh+1","Shade:CoffinDance"],"picked":"Shade:CloudOfShrapnel","floor":20},{"not_picked":["Shade:Frenzy+1","Shade:StitchTogether+1"],"picked":"Shade:DarkOfNight+1","floor":22},{"not_picked":["Shade:SkeletonHug","Shade:CallOfTheGrave"],"picked":"Shade:Bonestorm","floor":23},{"not_picked":["Shade:Brains+1","Shade:CallOfTheGrave"],"picked":"Shade:ClawBack","floor":24},{"not_picked":["Shade:FuneraryArmor+1","Shade:FeralStrike"],"picked":"Shade:FleshLikeOak+1","floor":27},{"not_picked":["Shade:LyeBath+1","Shade:AncientSpear"],"picked":"Shade:ClawBack","floor":30},{"not_picked":["Shade:ExtraLimbs","Shade:FleshToFlesh+1"],"picked":"Shade:PressTheAttack+1","floor":31},{"not_picked":["Shade:MadHubris+1","Shade:PotionOfRestlessness"],"picked":"Shade:CallOfTheGrave","floor":32},{"not_picked":["Shade:OfferingToTheBeyond","Shade:OminousRitual"],"picked":"Shade:UnbarTheGrave+1","floor":33},{"not_picked":["Shade:WallOfFlesh+1","Shade:SkeletonHug"],"picked":"Shade:PressTheAttack+1","floor":35},{"not_picked":["Shade:FuneraryArmor+1","Shade:DangerousRitual+1"],"picked":"Shade:FuneraryJewels+1","floor":36},{"not_picked":["Shade:CallWraith+1","Shade:Patience+1"],"picked":"Shade:Trample+1","floor":38},{"not_picked":["Shade:FleshToFlesh+1","Shade:FuneraryArmor+1"],"picked":"Shade:Bite_Shade","floor":41},{"not_picked":["Shade:CallWraith+1","Shade:GreyBargain+1"],"picked":"Shade:AuraOfUnlife","floor":44},{"not_picked":["Shade:PotionOfRestlessness","Shade:MadHubris+1"],"picked":"Shade:BoneShards+1","floor":45},{"not_picked":["Shade:WallOfFlesh+1","Shade:FleshToFlesh+1"],"picked":"Shade:FreshBones+1","floor":45},{"not_picked":["Shade:Coordination","Shade:SanguineRitual+1"],"picked":"Shade:SensePrey+1","floor":47},{"not_picked":["Shade:CoffinDance","Shade:BoneShards","Shade:ClawBack"],"picked":"Shade:FreshBones+1","floor":48},{"not_picked":["Shade:FeralStrike","Shade:WallOfFlesh+1","Shade:GoDigging+1"],"picked":"Shade:CommandSoldier+1","floor":48},{"not_picked":["Shade:Coordination","Shade:CallWraith+1","Shade:PotionOfRestlessness+1"],"picked":"Shade:SkeletonHug+1","floor":49},{"not_picked":["Shade:CallWraith+1","Shade:GoDigging+1","Shade:GreyBargain+1"],"picked":"Shade:FreshBones+1","floor":54}],"player_experience":1772443,"relics_obtained":[{"floor":6,"key":"Toxic Egg 2"},{"floor":8,"key":"Lizard Tail"},{"floor":23,"key":"Juzu Bracelet"},{"floor":26,"key":"PreservedInsect"},{"floor":30,"key":"Lantern"},{"floor":37,"key":"Boot"},{"floor":38,"key":"Prayer Wheel"},{"floor":41,"key":"Singing Bowl"},{"floor":43,"key":"War Paint"},{"floor":47,"key":"Question Card"},{"floor":54,"key":"Du-Vu Doll"}],"event_choices":[{"damage_healed":0,"gold_gain":0,"player_choice":"Take Wound","damage_taken":0,"relics_obtained":["Golden Idol"],"max_hp_gain":0,"max_hp_loss":0,"event_name":"Golden Idol","floor":3,"gold_loss":0,"cards_obtained":["Injury"]},{"damage_healed":0,"gold_gain":75,"player_choice":"Gather Gold","damage_taken":11,"max_hp_gain":0,"max_hp_loss":0,"event_name":"World of Goop","floor":4,"gold_loss":0},{"cards_removed":["Injury"],"damage_healed":0,"gold_gain":0,"player_choice":"Card Removal","damage_taken":0,"max_hp_gain":0,"max_hp_loss":0,"event_name":"The Cleric","floor":5,"gold_loss":50},{"damage_healed":0,"gold_gain":0,"player_choice":"2 cards matched","damage_taken":0,"max_hp_gain":0,"max_hp_loss":0,"event_name":"Match and Keep!","floor":19,"gold_loss":0,"cards_obtained":["Shade:OfferingToTheBeyond","Shade:FuneraryArmor"]},{"damage_healed":0,"gold_gain":0,"player_choice":"Rummage","damage_taken":0,"relics_obtained":["WarpedTongs"],"max_hp_gain":0,"max_hp_loss":0,"event_name":"Accursed Blacksmith","floor":21,"gold_loss":0,"cards_obtained":["Pain"]},{"cards_removed":["Pain"],"damage_healed":0,"gold_gain":0,"player_choice":"Gave Gold","damage_taken":0,"max_hp_gain":0,"max_hp_loss":0,"event_name":"Beggar","floor":25,"gold_loss":75},{"damage_healed":0,"gold_gain":0,"cards_transformed":["Shade:FingerOfDeath","Shade:FingerOfDeath"],"player_choice":"Transformed Cards","damage_taken":0,"max_hp_gain":0,"max_hp_loss":0,"event_name":"Designer","floor":29,"gold_loss":60,"cards_obtained":["Shade:SkeletonArmy","Shade:StitchTogether"]},{"damage_healed":0,"gold_gain":0,"player_choice":"Fight","damage_taken":0,"max_hp_gain":0,"max_hp_loss":0,"event_name":"MindBloom","floor":38,"gold_loss":0},{"damage_healed":0,"gold_gain":0,"player_choice":"Paid Gold","damage_taken":0,"relics_obtained":["Smiling Mask"],"max_hp_gain":0,"max_hp_loss":0,"event_name":"WeMeetAgain","floor":39,"gold_loss":64}],"is_beta":false,"boss_relics":[{"not_picked":["Calling Bell","Astrolabe"],"picked":"Shade:YorickPolishedSkull"},{"not_picked":["Black Star","Sozu"],"picked":"SacredBark"}],"items_purged_floors":[2],"is_endless":false,"potions_floor_spawned":[12,14,18,20,30,36,38,41,48,54],"killed_by":"The Heart","ascension_level":0}}