{"host":"86c6vgocyjlprmyx","time":1610496280,"event":{"mods":["BaseMod","Downfall","Hermit","Minty Spire (QoL Compilation)","Quick Restart","Replay The Spire","Shade Mod","StSLib","The Cursed","The Hierophant"],"gold_per_floor":[109,129,129,129,1,26,26,201,201,219,283,348,348,404,404,404,404],"floor_reached":16,"language":"DEU","playtime":1094,"items_purged":["hermit:Defend_Hermit"],"score":107,"play_id":"fd42dfb1-0d4e-4135-8f39-2bc66f04fd94","local_time":"20210113010440","is_ascension_mode":true,"campfire_choices":[{"data":"hermit:BlackWind","floor":7,"key":"SMITH"},{"floor":13,"key":"REST"}],"circlet_count":0,"master_deck":["hermit:Strike_Hermit","hermit:Strike_Hermit","hermit:Strike_Hermit","hermit:Defend_Hermit","hermit:Defend_Hermit+1","hermit:Defend_Hermit","hermit:Snapshot","hermit:Covet","hermit:WideOpen","hermit:Quickdraw","Looming Evil","hermit:ItchyTrigger","hermit:BlackWind+1","Doubt","hermit:HighCaliber","hermit:Ricochet","hermit:GhostlyPresence","hermit:Misfire","hermit:BlackWind"],"relics":["hermit:Momento","Ring of Fangs","ReplayTheSpireMod:Ring of Collecting","Gremlin Food","FossilizedHelix","ReplayTheSpireMod:Ring of Challenge"],"acts_visited":["Exordium"],"potions_floor_usage":[11,12,16],"damage_taken":[{"damage":0.0,"enemies":"2 Louse","floor":1.0,"turns":3.0},{"damage":0.0,"enemies":"Small Slimes","floor":2.0,"turns":2.0},{"damage":50.0,"enemies":"3 Sentries","floor":6.0,"turns":10.0},{"damage":0,"enemies":"Jaw Worm","floor":10,"turns":2},{"damage":11,"enemies":"3 Louse","floor":11,"turns":4},{"damage":13,"enemies":"Blue Slaver","floor":12,"turns":2},{"damage":0,"enemies":"Large Slime","floor":14,"turns":2},{"damage":45,"enemies":"The Guardian","floor":16,"turns":7}],"seed_played":"-3881381478651624143","potions_obtained":[{"floor":2.0,"key":"Elixir"},{"floor":6,"key":"Weak Potion"},{"floor":10,"key":"ColorlessPotion"},{"floor":12,"key":"AttackPotion"}],"is_trial":false,"path_per_floor":["M","M","?","?","$","E","R","?","T","M","M","M","R","M","R","B"],"character_chosen":"HERMIT","items_purchased":["hermit:ItchyTrigger"],"campfire_rested":1,"item_purchase_floors":[5],"current_hp_per_floor":[82,82,82,82,82,32,32,32,32,32,21,8,32,32,32,0,0],"gold":404,"neow_bonus":"TEN_PERCENT_HP_BONUS","is_daily":false,"chose_seed":false,"campfire_upgraded":1,"win_rate":0.0,"timestamp":1610496280,"path_taken":["M","M","?","?","$","E","R","?","T","M","?","M","R","M","R","BOSS"],"items_purchased_type":["Card"],"build_version":"2020-12-22","purchased_purges":1,"victory":false,"max_hp_per_floor":[82,82,82,82,82,82,82,82,82,82,82,82,82,82,82,82,82],"card_choices":[{"not_picked":["hermit:ItchyTrigger","hermit:Vantage"],"picked":"hermit:WideOpen","floor":1.0},{"not_picked":["hermit:Determination","hermit:LowProfile"],"picked":"hermit:Quickdraw","floor":2.0},{"not_picked":["hermit:FatalDesire","hermit:Vantage"],"picked":"hermit:BlackWind","floor":6},{"not_picked":["hermit:Coalescence","hermit:Roulette"],"picked":"hermit:HighCaliber","floor":10},{"not_picked":["hermit:TrackingShot","hermit:CursedWeapon"],"picked":"hermit:Ricochet","floor":11},{"not_picked":["hermit:Feint","hermit:DeadMansHand"],"picked":"hermit:GhostlyPresence","floor":12},{"not_picked":["hermit:Snipe","hermit:Gambit"],"picked":"hermit:Misfire","floor":14}],"player_experience":214418,"relics_obtained":[{"floor":3.0,"key":"Ring of Fangs"},{"floor":3.0,"key":"ReplayTheSpireMod:Ring of Collecting"},{"floor":6,"key":"Gremlin Food"},{"floor":9,"key":"FossilizedHelix"},{"floor":9,"key":"ReplayTheSpireMod:Ring of Challenge"}],"event_choices":[{"damage_healed":0,"gold_gain":175,"player_choice":"AGREE","damage_taken":0,"max_hp_gain":0,"max_hp_loss":0,"event_name":"Liars Game","floor":8,"gold_loss":0,"cards_obtained":["Doubt"]}],"is_beta":false,"boss_relics":[],"items_purged_floors":[5],"is_endless":false,"potions_floor_spawned":[2,6,10,12],"killed_by":"The Guardian","ascension_level":1}}