{"host":"ymn6un3ro3vi042j","time":1610508903,"event":{"mods":["AchievementEnabler","Act Like it!","BaseMod","Bestiary","Better Third Choice","BetterRewards","Colored Map","Colored Powertips","Curses Come First","Dark Map","DeckTracker","Downfall","Googly Eyes","Highlight Path","Minty Spire (QoL Compilation)","Poor People Problems","Rare Cards Sparkle","StSLib","everything is the same but u backflip on backflip"],"gold_per_floor":[112,124,141,160,173,173,204,7,86,86,86,62,81,116,116,214,214,199,199,199],"floor_reached":19,"language":"ENG","playtime":2012,"items_purged":[],"score":179,"play_id":"5206f034-436b-45ac-b985-422e6420c1ea","local_time":"20210112193503","is_ascension_mode":false,"campfire_choices":[{"data":"Outmaneuver","floor":6.0,"key":"SMITH"},{"floor":15,"key":"REST"}],"circlet_count":0,"master_deck":["Strike_G","Strike_G","Strike_G","Strike_G","Defend_G","Defend_G","Defend_G","Defend_G","Defend_G","Survivor","Neutralize","Dash","Backstab","Catalyst","Backflip","Outmaneuver+1","Bouncing Flask","Noxious Fumes","Outmaneuver","Finisher","PiercingWail","Underhanded Strike","Infinite Blades","After Image","Choke","Enlightenment","Forethought","expansioncontent:CaCaw","expansioncontent:Sear","Finesse","expansioncontent:YouAreMine"],"relics":["Ring of the Snake","Gambling Chip","InkBottle","Pocketwatch","SacredBark"],"acts_visited":["Exordium","TheCity"],"potions_floor_usage":[],"damage_taken":[{"damage":0.0,"enemies":"2 Louse","floor":1.0,"turns":4.0},{"damage":0.0,"enemies":"Jaw Worm","floor":2.0,"turns":5.0},{"damage":0.0,"enemies":"Cultist","floor":3.0,"turns":4.0},{"damage":0.0,"enemies":"3 Louse","floor":4.0,"turns":3.0},{"damage":3.0,"enemies":"Lots of Slimes","floor":5.0,"turns":4.0},{"damage":35.0,"enemies":"Lagavulin","floor":7.0,"turns":12.0},{"damage":0.0,"enemies":"Exordium Wildlife","floor":13.0,"turns":3.0},{"damage":15.0,"enemies":"Gremlin Nob","floor":14.0,"turns":4.0},{"damage":46,"enemies":"Slime Boss","floor":16,"turns":14},{"damage":22,"enemies":"2 Thieves","floor":18,"turns":4}],"seed_played":"-1363195022912641870","potions_obtained":[{"floor":0.0,"key":"FearPotion"},{"floor":0.0,"key":"Explosive Potion"},{"floor":0.0,"key":"GhostInAJar"},{"floor":1.0,"key":"SmokeBomb"},{"floor":2.0,"key":"sneckomod:MuddlingPotion"},{"floor":7.0,"key":"Fruit Juice"},{"floor":11.0,"key":"Regen Potion"},{"floor":13.0,"key":"DuplicationPotion"},{"floor":16,"key":"FearPotion"},{"floor":18,"key":"EssenceOfSteel"}],"is_trial":false,"path_per_floor":["M","M","M","M","M","R","E","$","T","?","?","$","M","E","R","B",null,"M","?"],"character_chosen":"THE_SILENT","items_purchased":["Noxious Fumes","Outmaneuver","DistilledChaos","PiercingWail"],"campfire_rested":1,"item_purchase_floors":[8,8,8,12],"current_hp_per_floor":[70,70,70,70,67,67,32,32,32,32,32,32,49,34,56,10,75,53,0,0],"gold":199,"neow_bonus":"THREE_SMALL_POTIONS","is_daily":false,"chose_seed":false,"campfire_upgraded":1,"win_rate":0.0,"timestamp":1610508903,"path_taken":["M","M","M","M","M","R","E","$","T","?","?","$","?","E","R","BOSS","M","?"],"items_purchased_type":["Card","Card","Potion","Card"],"build_version":"2020-12-22","purchased_purges":0,"victory":false,"max_hp_per_floor":[70,70,70,70,70,70,70,70,70,70,70,70,75,75,75,75,75,75,75,75],"card_choices":[{"not_picked":["Dash","Blade Dance","Flying Knee"],"picked":"SKIP","floor":1.0},{"not_picked":["Blade Dance","Flying Knee"],"picked":"Dash","floor":1.0},{"not_picked":["Escape Plan","Acrobatics"],"picked":"Backstab","floor":2.0},{"not_picked":["Prepared","Dodge and Roll"],"picked":"Catalyst","floor":3.0},{"not_picked":["Slice","Quick Slash"],"picked":"Backflip","floor":4.0},{"not_picked":["All Out Attack","Deadly Poison"],"picked":"Outmaneuver","floor":5.0},{"not_picked":["Sucker Punch","Flying Knee"],"picked":"Bouncing Flask","floor":7.0},{"not_picked":["Blade Dance","Slice"],"picked":"Underhanded Strike","floor":13.0},{"not_picked":["Caltrops","Bouncing Flask"],"picked":"Infinite Blades","floor":14.0},{"not_picked":["Glass Knife","Phantasmal Killer"],"picked":"After Image","floor":16},{"not_picked":["Dagger Throw","Leg Sweep"],"picked":"Choke","floor":18}],"player_experience":19770,"relics_obtained":[{"floor":7.0,"key":"Gambling Chip"},{"floor":9.0,"key":"InkBottle"},{"floor":14.0,"key":"Pocketwatch"}],"event_choices":[{"damage_healed":0.0,"max_hp_gain":0.0,"max_hp_loss":0.0,"gold_gain":0.0,"cards_transformed":["Strike_G"],"event_name":"Living Wall","player_choice":"Change","floor":10.0,"gold_loss":0.0,"damage_taken":0.0,"cards_obtained":["Finisher"]},{"damage_healed":0.0,"max_hp_gain":0.0,"max_hp_loss":0.0,"gold_gain":0.0,"event_name":"Lab","player_choice":"Got Potions","floor":11.0,"gold_loss":0.0,"damage_taken":0.0}],"is_beta":false,"boss_relics":[{"not_picked":["Velvet Choker","SlaversCollar"],"picked":"SacredBark"}],"items_purged_floors":[],"is_endless":false,"potions_floor_spawned":[1,2,7,13,16,18],"ascension_level":0}}