{"host":"txhhdwa0hqfs4jhb","time":1610574059,"event":{"mods":["BaseMod","Better Third Choice","Filter the Spire","Minty Spire (QoL Compilation)","Relic Stats","Replay The Spire","StSLib","Thieving Mod"],"gold_per_floor":[117,137,22,42,42,57,3,34,34,34,34,34,64,83,83,157,157,168,168,2,2,21,21,52,52,52,79,104,104,132,132,132,209,209,221,78,78,7,19,44,44,62,85,112,80,0,9,18,18,18,18,18,18,43,43],"floor_reached":56,"language":"ENG","playtime":2485,"items_purged":["Strike_G"],"score":2100,"play_id":"41f64719-6c3a-4274-a184-924065867bfb","local_time":"20210113214059","is_ascension_mode":true,"campfire_choices":[{"data":"ReplayTheSpireMod:Scrap Shanks","floor":10.0,"key":"SMITH"},{"data":"Choke","floor":12.0,"key":"SMITH"},{"floor":23.0,"key":"RECALL"},{"floor":29.0,"key":"REST"},{"floor":32.0,"key":"REST"},{"floor":41.0,"key":"REST"},{"floor":49,"key":"REST"},{"floor":52,"key":"REST"}],"circlet_count":0,"master_deck":["AscendersBane","Defend_G","Defend_G","Defend_G","Defend_G+1","Defend_G+1","Survivor","Neutralize+1","Predator","ReplayTheSpireMod:Scrap Shanks+1","Sucker Punch+1","Bullet Time+1","Choke+1","Acrobatics+1","Choke","Acrobatics","Underhanded Strike","Eviscerate","Corpse Explosion+1","Choke","Footwork+1","Backflip+1","Underhanded Strike+1","Bite","Bite+1","Bite","Bite","Bite","Poisoned Stab","Dash","Night Terror+1","Blade Dance+1","Apotheosis+1","Atom Bomb+1","Atom Bomb+1","Footwork+1","Predator","Dodge and Roll","Malaise+1","Decay","The Bomb+1","Panache+1","Enlightenment+1","Choke+1","Acrobatics+1","Looming Evil"],"relics":["Snecko Eye","Ginger","TwistedFunnel","Replay:Ringing Soul","Orrery","Bird Faced Urn","Golden Egg","ReplayTheSpireMod:Lightbulb","Vampiric Spirits","Fusion Hammer","Gremlin Food","Potion Belt","Bag of Preparation","Shuriken","Cursed Key","Replay:Rubber Ducky","DollysMirror","Pocketwatch","CeramicFish","Red Mask","Bag of Marbles","ClockworkSouvenir","ReplayTheSpireMod:Ring of Challenge","Snake Skull","War Paint"],"acts_visited":["Exordium","TheCity","TheBeyond","TheEnding"],"potions_floor_usage":[50,55,55,55],"damage_taken":[{"damage":0.0,"enemies":"Small Slimes","floor":1.0,"turns":4.0},{"damage":11.0,"enemies":"Cultist","floor":2.0,"turns":5.0},{"damage":7.0,"enemies":"Jaw Worm","floor":4.0,"turns":3.0},{"damage":0.0,"enemies":"3 Louse","floor":6.0,"turns":2.0},{"damage":0.0,"enemies":"Gremlin Nob","floor":8.0,"turns":2.0},{"damage":0.0,"enemies":"Replay:BlueRogue","floor":13.0,"turns":3.0},{"damage":6.0,"enemies":"Looter","floor":14.0,"turns":2.0},{"damage":34.0,"enemies":"Fading Forest","floor":16.0,"turns":11.0},{"damage":1.0,"enemies":"Spheric Guardian","floor":18.0,"turns":3.0},{"damage":3.0,"enemies":"2 Thieves","floor":22.0,"turns":2.0},{"damage":10.0,"enemies":"Slavers","floor":24.0,"turns":3.0},{"damage":2.0,"enemies":"Book of Stabbing","floor":28.0,"turns":3.0},{"damage":10.0,"enemies":"Gremlin Leader","floor":30.0,"turns":2.0},{"damage":18.0,"enemies":"Champ","floor":33.0,"turns":7.0},{"damage":0.0,"enemies":"3 Shapes","floor":35.0,"turns":3.0},{"damage":0.0,"enemies":"Orb Walker","floor":39.0,"turns":2.0},{"damage":13.0,"enemies":"R_Hoarder","floor":40.0,"turns":4.0},{"damage":19.0,"enemies":"Writhing Mass","floor":42.0,"turns":3.0},{"damage":80,"enemies":"Awakened One","floor":50,"turns":7},{"damage":87,"enemies":"Shield and Spear","floor":54,"turns":5},{"damage":117,"enemies":"The Heart","floor":55,"turns":5}],"seed_played":"4188911697544443299","potions_obtained":[{"floor":1.0,"key":"DistilledChaos"},{"floor":6.0,"key":"Fire Potion"},{"floor":13.0,"key":"FairyPotion"},{"floor":18.0,"key":"BlessingOfTheForge"},{"floor":33.0,"key":"Poison Potion"},{"floor":35.0,"key":"CunningPotion"},{"floor":39.0,"key":"Energy Potion"},{"floor":54,"key":"SteroidPotion"}],"is_trial":false,"path_per_floor":["M","M","$","M","?","M","$","E","T","R","$","R","E","M","R","B",null,"M","?","$","?","M","R","E","?","T","T","E","R","E","$","R","B",null,"M","$","?","$","M","E","R","M","T","?","$","?","$","?","R","B",null,"R","$","E","B",null],"character_chosen":"THE_SILENT","items_purchased":["Predator","Underhanded Strike","Footwork","Backflip","Underhanded Strike","Replay:Rubber Ducky","Footwork","Choke"],"campfire_rested":5,"item_purchase_floors":[3,7,20,20,20,36,38,45],"current_hp_per_floor":[63,52,52,45,45,48,51,54,54,54,54,54,56,57,79,48,74,75,78,81,64,66,66,66,53,53,53,69,78,73,76,84,83,86,87,87,87,90,93,88,96,84,87,80,83,83,86,89,114,63,101,114,114,44,45],"gold":43,"neow_bonus":"BOSS_RELIC","is_daily":false,"chose_seed":false,"campfire_upgraded":2,"win_rate":0.0,"timestamp":1610574059,"path_taken":["M","M","$","M","?","M","$","E","T","R","$","R","E","M","R","BOSS","M","?","$","?","M","R","E","?","T","?","E","R","E","$","R","BOSS","M","$","?","$","?","E","R","M","T","?","$","?","?","?","R","BOSS","R","$","E","BOSS"],"items_purchased_type":["Card","Card","Card","Card","Card","Relic","Card","Card"],"build_version":"2020-12-22","purchased_purges":1,"victory":true,"max_hp_per_floor":[70,70,70,70,70,73,76,79,79,79,79,79,79,79,79,82,82,82,85,88,64,67,67,70,75,75,75,78,78,81,84,84,87,87,87,87,87,90,93,96,96,99,102,105,108,108,111,114,114,114,114,114,114,114,114],"relic_stats":{"counters":[21,81],"Shuriken":[30],"Bird Faced Urn":[39],"CeramicFish":54,"Snecko Eye":[183,164,177,168],"Snake Skull":[11],"Bag of Preparation":[18],"Ginger":[5],"War Paint":["Enlightenment","Defend_G"],"Cursed Key":1,"obtain_stats":[{"TwistedFunnel":3,"Golden Egg":9,"Vampiric Spirits":13,"CeramicFish":43,"Snake Skull":53,"Bag of Preparation":28,"Ginger":3,"Cursed Key":34,"Replay:Rubber Ducky":36,"ClockworkSouvenir":47,"Replay:Ringing Soul":5,"DollysMirror":38,"Fusion Hammer":17,"Red Mask":46,"Ring of the Snake":0,"Gremlin Food":24,"Potion Belt":27,"War Paint":54,"Shuriken":30,"Bird Faced Urn":8,"Snecko Eye":0,"Orrery":7,"Bag of Marbles":47,"ReplayTheSpireMod:Ring of Challenge":48,"ReplayTheSpireMod:Lightbulb":11,"Pocketwatch":40},{"TwistedFunnel":2,"Golden Egg":5,"Vampiric Spirits":6,"CeramicFish":18,"Snake Skull":19,"Bag of Preparation":12,"Ginger":2,"Cursed Key":14,"Replay:Rubber Ducky":15,"ClockworkSouvenir":18,"Replay:Ringing Soul":3,"DollysMirror":15,"Fusion Hammer":8,"Red Mask":18,"Ring of the Snake":0,"Gremlin Food":11,"Potion Belt":11,"War Paint":20,"Shuriken":13,"Bird Faced Urn":5,"Snecko Eye":0,"Orrery":4,"Bag of Marbles":18,"ReplayTheSpireMod:Ring of Challenge":18,"ReplayTheSpireMod:Lightbulb":5,"Pocketwatch":17},{"TwistedFunnel":9,"Golden Egg":16,"Vampiric Spirits":19,"CeramicFish":64,"Snake Skull":71,"Bag of Preparation":43,"Ginger":9,"Cursed Key":52,"Replay:Rubber Ducky":55,"ClockworkSouvenir":64,"Replay:Ringing Soul":12,"DollysMirror":55,"Fusion Hammer":32,"Red Mask":64,"Ring of the Snake":0,"Gremlin Food":40,"Potion Belt":40,"War Paint":76,"Shuriken":45,"Bird Faced Urn":16,"Snecko Eye":0,"Orrery":14,"Bag of Marbles":64,"ReplayTheSpireMod:Ring of Challenge":64,"ReplayTheSpireMod:Lightbulb":16,"Pocketwatch":61}],"Pocketwatch":[12]},"card_choices":[{"not_picked":["Finisher","Cloak And Dagger","Noxious Fumes"],"picked":"SKIP","floor":1.0},{"not_picked":["Dagger Throw","Backstab","Bane"],"picked":"SKIP","floor":2.0},{"not_picked":["Hidden Blade","ReplayTheSpireMod:Exploit Weakness"],"picked":"ReplayTheSpireMod:Scrap Shanks","floor":4.0},{"not_picked":["Blur","Deflect"],"picked":"Sucker Punch","floor":6.0},{"not_picked":["Wraith Form v2","Deadly Poison"],"picked":"Choke","floor":7.0},{"not_picked":["Noxious Fumes","Deadly Poison"],"picked":"Acrobatics","floor":7.0},{"not_picked":["Deadly Poison","Hidden Blade"],"picked":"Choke","floor":7.0},{"not_picked":["Deadly Poison","Blade Dance"],"picked":"Acrobatics","floor":7.0},{"not_picked":["Reflex","ReplayTheSpireMod:Tripwire"],"picked":"Eviscerate","floor":8.0},{"not_picked":["Accuracy","Flying Knee","Cloak And Dagger"],"picked":"SKIP","floor":13.0},{"not_picked":["Hidden Blade","Dagger Spray","Expertise"],"picked":"SKIP","floor":14.0},{"not_picked":["Venomology","Malaise"],"picked":"Corpse Explosion","floor":16.0},{"not_picked":["Expertise","ReplayTheSpireMod:The Works","Outmaneuver+1"],"picked":"SKIP","floor":18.0},{"not_picked":["Prepared","Slice"],"picked":"Poisoned Stab","floor":22.0},{"not_picked":["ReplayTheSpireMod:The Works","Flying Knee"],"picked":"Dash","floor":24.0},{"not_picked":["PiercingWail","Dagger Throw"],"picked":"Night Terror","floor":28.0},{"not_picked":["Reflex","ReplayTheSpireMod:Speed Training"],"picked":"Blade Dance+1","floor":30.0},{"not_picked":["Grand Finale","A Thousand Cuts"],"picked":"Atom Bomb","floor":33.0},{"not_picked":["Dagger Throw","Bane","Blade Dance+1"],"picked":"SKIP","floor":35.0},{"not_picked":["Hidden Blade","Fluid Movement"],"picked":"Predator","floor":39.0},{"not_picked":["Deadly Poison","Escape Plan"],"picked":"Dodge and Roll","floor":40.0},{"not_picked":["Deflect","Heel Hook+1"],"picked":"Malaise","floor":42.0},{"not_picked":["Thinking Ahead","Flash of Steel"],"picked":"The Bomb","floor":44.0},{"not_picked":["PanicButton","Master of Strategy"],"picked":"Panache","floor":44.0},{"not_picked":["Forethought","Replay:Parry"],"picked":"Enlightenment","floor":44.0},{"not_picked":["Well Laid Plans","Noxious Fumes+1","Poisoned Stab"],"picked":"SKIP","floor":54}],"player_experience":246450,"relics_obtained":[{"floor":8.0,"key":"Bird Faced Urn"},{"floor":9.0,"key":"Golden Egg"},{"floor":13.0,"key":"Vampiric Spirits"},{"floor":24.0,"key":"Gremlin Food"},{"floor":27.0,"key":"Potion Belt"},{"floor":28.0,"key":"Bag of Preparation"},{"floor":30.0,"key":"Shuriken"},{"floor":40.0,"key":"Pocketwatch"},{"floor":43.0,"key":"CeramicFish"},{"floor":48,"key":"ReplayTheSpireMod:Ring of Challenge"},{"floor":54,"key":"War Paint"}],"event_choices":[{"damage_healed":0.0,"max_hp_gain":0.0,"max_hp_loss":0.0,"gold_gain":0.0,"event_name":"WeMeetAgain","player_choice":"Gave Potion","floor":5.0,"gold_loss":0.0,"damage_taken":0.0,"relics_obtained":["Replay:Ringing Soul"]},{"damage_healed":0.0,"max_hp_gain":0.0,"max_hp_loss":0.0,"gold_gain":0.0,"event_name":"The Library","player_choice":"Read","floor":19.0,"gold_loss":0.0,"damage_taken":0.0,"cards_obtained":["Choke"]},{"damage_healed":0.0,"max_hp_gain":0.0,"max_hp_loss":27.0,"gold_gain":0.0,"event_name":"Vampires","player_choice":"Became a vampire","floor":21.0,"gold_loss":0.0,"damage_taken":0.0,"cards_obtained":["Bite","Bite","Bite","Bite","Bite"]},{"damage_healed":0.0,"max_hp_gain":5.0,"max_hp_loss":0.0,"gold_gain":0.0,"event_name":"Forgotten Altar","player_choice":"Shed Blood","floor":25.0,"gold_loss":0.0,"damage_taken":18.0},{"damage_healed":0.0,"max_hp_gain":0.0,"max_hp_loss":0.0,"gold_gain":0.0,"event_name":"Match and Keep!","player_choice":"0 cards matched","floor":37.0,"gold_loss":0.0,"damage_taken":0.0,"cards_obtained":[]},{"damage_healed":0.0,"max_hp_gain":0.0,"max_hp_loss":0.0,"gold_gain":0.0,"event_name":"SensoryStone","player_choice":"Memory 3","floor":44.0,"gold_loss":0.0,"damage_taken":10.0},{"damage_healed":0.0,"max_hp_gain":0.0,"max_hp_loss":0.0,"gold_gain":0.0,"event_name":"Tomb of Lord Red Mask","player_choice":"Paid","floor":46.0,"gold_loss":80.0,"damage_taken":0.0,"relics_obtained":["Red Mask"]}],"is_beta":false,"boss_relics":[{"not_picked":["ReplayTheSpireMod:DimensionalGlitch","Snecko Scales"],"picked":"Fusion Hammer"},{"not_picked":["Runic Dome","Replay:Grab Bag"],"picked":"Cursed Key"}],"items_purged_floors":[3],"is_endless":false,"potions_floor_spawned":[1,6,13,18,33,35,39,40,54],"ascension_level":13}}