{"host":"1fgbilnqahig8ycc","time":1610580865,"event":{"mods":["AchievementEnabler","Astrologer","BaseMod","Bestiary","BetterRewards","Clockwork Mod","Colored Map","Colored Powertips","Downfall","Energized Spire","Friendly Minions","Hermit","Hubris","Jorbs\u0027s Wanderer Trilogy","Minty Spire (QoL Compilation)","Quick Restart","Replay The Spire","StSLib","The Administrix","The Bug Knight","The Cursed","The Gatherer","The Marked","The Servant 0.9.4"],"gold_per_floor":[113,113,113,113,131,166,166,178,178,206,286,286,42,52,52,156,156,174,174,90,90,178,178,178,178,178,201,248,280,323,335,347,462,474,496,508,27,53,53,53,87,87,87,87,97,97,0,11,11,11],"floor_reached":51,"language":"ENG","playtime":3471,"items_purged":["Voices","HollowMod:SoulMaster"],"score":790,"play_id":"d2e92ecd-51aa-41f8-9701-3043df4e7002","local_time":"20210113153425","is_ascension_mode":false,"campfire_choices":[{"data":"HollowMod:DashSlash","floor":7,"key":"SMITH"},{"data":"HollowMod:PogoStrike","floor":12,"key":"SMITH"},{"data":"HollowMod:NailStrikeStart","floor":15,"key":"PURGE"},{"data":"HollowMod:ElderbugsWisdom","floor":23,"key":"SMITH"},{"data":"HollowMod:LifebloodCocoon","floor":25,"key":"SMITH"},{"data":"HollowMod:ChannelNail","floor":32,"key":"SMITH"},{"data":"HollowMod:QuirrelsAssistance","floor":40,"key":"SMITH"},{"data":"HollowMod:MidwifesHunger","floor":42,"key":"SMITH"},{"data":"Thinking Ahead","floor":46,"key":"SMITH"},{"data":"HollowMod:NewLittleFool","floor":49,"key":"SMITH"}],"circlet_count":0,"master_deck":["HollowMod:FocusHealStart+1","HollowMod:PogoStrike+1","HollowMod:DashSlash+1","HollowMod:SoulStrike","HollowMod:MantisMark","Thinking Ahead+1","HollowMod:ChannelNail+1","HollowMod:ElderbugsWisdom+1","HollowMod:LifebloodCocoon+1","HollowMod:NewLittleFool+1","HollowMod:DesolateDive","HollowMod:QuirrelsAssistance+1","HollowMod:HuntersJournal+1","HollowMod:SoulSplash+1","HollowMod:NewJinnsSoul","HollowMod:MidwifesHunger+1","HollowMod:SoulShaman","HollowMod:MothsMistake+1","HollowMod:HornetsHelp","HollowMod:NewInfectedGuardian","HollowMod:GreatSlash","HollowMod:ElderbugsWisdom","HollowMod:AwokenDreamNail","Finesse","Violence","Purity","HollowMod:DashSlash","HollowMod:SoulStrike","Parasite","HollowMod:DoubleDash+1"],"relics":["HollowMod:VesselMask","NeowsBlessing","Replay:Bottled Eggs","White Beast Statue","hubris:EmptyBottle","Replay:Bottled Steam","Gambling Chip","Empty Cage","Torii","Nloth\u0027s Gift","MawBank","Tiny Chest","hubris:FunFungus","Pandora\u0027s Box","Kunai","Akabeko","Meat on the Bone","hubris:DeckOfHolding","Red Mask"],"acts_visited":["Exordium","TheCity","TheBeyond"],"potions_floor_usage":[10,10,14,16,16,18,18,27,27,28,28,28,29,30,30,30,33,35,41,41,41,41,41,45,48,48,50,50],"damage_taken":[{"damage":0,"enemies":"Cultist","floor":1,"turns":1},{"damage":0,"enemies":"2 Louse","floor":5,"turns":1},{"damage":0,"enemies":"HollowMod:MossKnight","floor":6,"turns":1},{"damage":5,"enemies":"Jaw Worm","floor":8,"turns":3},{"damage":31,"enemies":"3 Sentries","floor":10,"turns":7},{"damage":0,"enemies":"Exordium Wildlife","floor":14,"turns":5},{"damage":38,"enemies":"Hexaghost","floor":16,"turns":9},{"damage":14,"enemies":"2 Thieves","floor":18,"turns":4},{"damage":0,"enemies":"3 Byrds","floor":27,"turns":4},{"damage":22,"enemies":"Slavers","floor":28,"turns":7},{"damage":2,"enemies":"Snake Plant","floor":29,"turns":5},{"damage":7,"enemies":"Book of Stabbing","floor":30,"turns":6},{"damage":15,"enemies":"Champ","floor":33,"turns":13},{"damage":21,"enemies":"3 Shapes","floor":35,"turns":5},{"damage":31,"enemies":"R_Hoarder","floor":41,"turns":11},{"damage":26,"enemies":"3 Darklings","floor":45,"turns":6},{"damage":13,"enemies":"Writhing Mass","floor":48,"turns":7},{"damage":0,"enemies":"HollowMod:Radiance","floor":50,"turns":12}],"seed_played":"7661395794630177570","potions_obtained":[{"floor":1,"key":"Doom Potion"},{"floor":4,"key":"Regen Potion"},{"floor":4,"key":"Venom Potion"},{"floor":4,"key":"Weak Potion"},{"floor":5,"key":"Dexterity Potion"},{"floor":6,"key":"Reflective Coating"},{"floor":8,"key":"Cursed Concoction"},{"floor":10,"key":"Toxic Potion"},{"floor":14,"key":"Milkshake"},{"floor":16,"key":"SkillPotion"},{"floor":18,"key":"Adrenaline Potion"},{"floor":27,"key":"FearPotion"},{"floor":28,"key":"Languid Potion"},{"floor":29,"key":"ColorlessPotion"},{"floor":30,"key":"Energy Potion"},{"floor":33,"key":"Energy Potion"},{"floor":35,"key":"Reflective Coating"},{"floor":41,"key":"Fruit Juice"},{"floor":45,"key":"DistilledChaos"},{"floor":48,"key":"Energy Potion"}],"is_trial":false,"path_per_floor":["M","?","?","?","M","E","R","M","T","E","?","R","$","M","R_BF","B",null,"M","?","$","T","?","R","?","R","T","M","E","M","E","?","R","B",null,"M","?","$","T","$","R","E","R","T","?","M","R","?","M","R","B",null],"character_chosen":"THE_BUGKNIGHT","items_purchased":["Thinking Ahead","HollowMod:NewLittleFool","HollowMod:DesolateDive","Kunai","Purity","HollowMod:DashSlash"],"campfire_rested":0,"item_purchase_floors":[13,20,20,37,37,37],"current_hp_per_floor":[75,68,61,61,61,61,61,62,62,64,64,64,64,64,64,32,71,57,50,50,50,23,23,23,23,23,33,21,29,28,28,28,25,69,60,55,55,55,55,55,48,48,48,48,40,40,40,49,49,49],"gold":11,"neow_bonus":"THREE_ENEMY_KILL","is_daily":false,"chose_seed":false,"campfire_upgraded":9,"win_rate":0.0,"timestamp":1610580865,"path_taken":["M","?","?","?","M","E","R","?","T","E","?","R","$","M","R_BF","BOSS","M","?","$","?","?","R","?","R","T","M","E","?","E","?","R","BOSS","M","?","$","?","$","R","E","R","T","?","M","R","?","?","R","BOSS"],"items_purchased_type":["Card","Card","Card","Relic","Card","Card"],"build_version":"2020-12-22","purchased_purges":2,"victory":true,"max_hp_per_floor":[75,75,75,75,75,75,75,73,73,73,73,73,73,71,71,71,71,71,71,71,71,69,69,69,69,69,69,69,69,69,69,69,69,69,69,69,69,69,69,69,79,79,79,79,79,79,79,79,79,79],"card_choices":[{"not_picked":["HollowMod:DreamGate","HollowMod:ShadowDash"],"picked":"HollowMod:NewGlowingWomb","floor":1},{"not_picked":["HollowMod:SiblingsSouls","HollowMod:BaldurShell"],"picked":"HollowMod:DashSlash","floor":5},{"not_picked":["HollowMod:DashSlash","HollowMod:AbyssShriek","HollowMod:CycloneSlash"],"picked":"SKIP","floor":6},{"not_picked":["HollowMod:GoodIntentions","HollowMod:DashSlash"],"picked":"HollowMod:SoulStrike","floor":8},{"not_picked":["HollowMod:BaldurShell","HollowMod:NewLittleFool"],"picked":"HollowMod:MantisMark","floor":10},{"not_picked":["HollowMod:CloakDash","HollowMod:Grubsong"],"picked":"HollowMod:ChannelNail","floor":14},{"not_picked":["HollowMod:SoulMaster","HollowMod:AwokenDreamNail"],"picked":"HollowMod:ElderbugsWisdom","floor":16},{"not_picked":["HollowMod:GoodIntentions","HollowMod:WraithStrike"],"picked":"HollowMod:LifebloodCocoon","floor":18},{"not_picked":["HollowMod:VengefulVoid","HollowMod:ChannelNail+1"],"picked":"HollowMod:QuirrelsAssistance","floor":22},{"not_picked":["HollowMod:DashSlash","HollowMod:InfectionAssault"],"picked":"HollowMod:HuntersJournal+1","floor":22},{"not_picked":["HollowMod:CrystalDash","HollowMod:LifebloodCocoon"],"picked":"HollowMod:SoulSplash+1","floor":22},{"not_picked":["HollowMod:SharpenedNail","HollowMod:LifebloodCocoon"],"picked":"HollowMod:NewJinnsSoul","floor":27},{"not_picked":["HollowMod:DesolateDive","HollowMod:DescendingDark+1"],"picked":"HollowMod:MidwifesHunger","floor":28},{"not_picked":["HollowMod:HeavyBlow+1","HollowMod:WraithStrike"],"picked":"HollowMod:SoulShaman","floor":29},{"not_picked":["HollowMod:TaintedHusks","HollowMod:DungDefenderAura"],"picked":"HollowMod:MothsMistake+1","floor":30},{"not_picked":["HollowMod:MidwifesHunger","HollowMod:theNailsmith"],"picked":"HollowMod:HornetsHelp","floor":33},{"not_picked":["HollowMod:LifebloodCocoon+1","HollowMod:CrystalDash+1","HollowMod:InfectedCysts"],"picked":"SKIP","floor":35},{"not_picked":["Flash of Steel","Bandage Up"],"picked":"Finesse","floor":36},{"not_picked":["Metamorphosis","Survey Options"],"picked":"Violence","floor":36},{"not_picked":["HollowMod:InfectionAssault","HollowMod:SoulShaman+1"],"picked":"HollowMod:SoulStrike","floor":41},{"not_picked":["HollowMod:GreatSlash+1","HollowMod:InfectedAttack","HollowMod:FallenFury"],"picked":"SKIP","floor":45},{"not_picked":["HollowMod:DesolateDive","HollowMod:PerfectDash+1"],"picked":"HollowMod:DoubleDash+1","floor":48}],"player_experience":380148,"relics_obtained":[{"floor":4,"key":"ReplayTheSpireMod:Ring of Addiction"},{"floor":4,"key":"White Beast Statue"},{"floor":4,"key":"hubris:EmptyBottle"},{"floor":6,"key":"Replay:Bottled Steam"},{"floor":10,"key":"Gambling Chip"},{"floor":21,"key":"Torii"},{"floor":26,"key":"MawBank"},{"floor":28,"key":"Tiny Chest"},{"floor":30,"key":"hubris:FunFungus"},{"floor":38,"key":"Akabeko"},{"floor":41,"key":"Meat on the Bone"},{"floor":43,"key":"hubris:DeckOfHolding"}],"event_choices":[{"cards_removed":["HollowMod:QuickDashStart"],"damage_healed":0,"gold_gain":0,"player_choice":"Card Removal","damage_taken":7,"max_hp_gain":0,"max_hp_loss":0,"event_name":"Golden Wing","floor":2,"gold_loss":0},{"damage_healed":0,"gold_gain":0,"player_choice":"Success","damage_taken":7,"relics_obtained":["Replay:Bottled Eggs"],"max_hp_gain":0,"max_hp_loss":0,"event_name":"Scrap Ooze","floor":3,"gold_loss":0},{"damage_healed":0,"gold_gain":0,"player_choice":"Damaged","damage_taken":7,"max_hp_gain":0,"max_hp_loss":0,"event_name":"Wheel of Change","floor":19,"gold_loss":0},{"damage_healed":0,"gold_gain":0,"player_choice":"Traded Relic","damage_taken":0,"relics_obtained":["Nloth\u0027s Gift"],"max_hp_gain":0,"max_hp_loss":0,"event_name":"N\u0027loth","floor":24,"relics_lost":["ReplayTheSpireMod:Ring of Addiction"],"gold_loss":0},{"damage_healed":0,"gold_gain":0,"player_choice":"Ignored","damage_taken":0,"max_hp_gain":0,"max_hp_loss":0,"event_name":"Vampires","floor":31,"gold_loss":0},{"damage_healed":0,"gold_gain":0,"player_choice":"Memory 2","damage_taken":5,"max_hp_gain":0,"max_hp_loss":0,"event_name":"SensoryStone","floor":36,"gold_loss":0},{"damage_healed":0,"gold_gain":0,"player_choice":"Paid","damage_taken":0,"relics_obtained":["Red Mask"],"max_hp_gain":0,"max_hp_loss":0,"event_name":"Tomb of Lord Red Mask","floor":47,"gold_loss":97}],"is_beta":false,"boss_relics":[{"not_picked":["hubris:HollowSoul","Ectoplasm"],"picked":"Empty Cage"},{"not_picked":["ChewingGum","hubris:ScarierMask"],"picked":"Pandora\u0027s Box"}],"items_purged_floors":[13,37],"is_endless":false,"potions_floor_spawned":[1,5,6,8,10,14,16,18,27,28,29,30,33,35,41,45,48],"ascension_level":0}}