{"host":"52lujqhsyicpcskq","time":1610554972,"event":{"mods":["BaseMod","Colored Map","DeckTracker","Minty Spire (QoL Compilation)","Permanent Neow","StSLib","SuperFastMode","everything is the same but u backflip on backflip"],"gold_per_floor":[219,74,74,88,98,98,132,148,175,175,155,55,86,101,101,200,200,212,66,0,0,0,20,20,36,62,62,90,106,119,119,119,119,119],"floor_reached":33,"language":"KOR","playtime":1678,"items_purged":["Strike_G","Defend_G"],"score":465,"play_id":"6d842573-0a73-4ce9-980d-075b907f5d1e","local_time":"20210114012252","is_ascension_mode":true,"campfire_choices":[{"data":"Neutralize","floor":6,"key":"SMITH"},{"floor":10,"key":"REST"},{"floor":15,"key":"REST"},{"floor":24,"key":"REST"},{"data":"Bouncing Flask","floor":27,"key":"SMITH"},{"floor":32,"key":"REST"}],"circlet_count":0,"master_deck":["AscendersBane","Defend_G","Defend_G","Defend_G","Defend_G","Survivor","Neutralize+1","Slice","Footwork","Deadly Poison+1","PiercingWail+1","Catalyst+1","Crippling Poison","Leg Sweep","Bouncing Flask+1","Burst","Footwork","Dodge and Roll","Backflip","Deadly Poison","Backstab","Bite","Bite","Bite","Bite","Bite"],"relics":["Ring of the Serpent","Anchor","Orichalcum","War Paint","ClockworkSouvenir","Bag of Marbles","Pen Nib"],"acts_visited":["Exordium","TheCity"],"potions_floor_usage":[7,7,23,33,33],"damage_taken":[{"damage":1,"enemies":"Cultist","floor":1,"turns":5},{"damage":0,"enemies":"Small Slimes","floor":4,"turns":4},{"damage":1,"enemies":"2 Louse","floor":5,"turns":5},{"damage":18,"enemies":"Lagavulin","floor":7,"turns":11},{"damage":11,"enemies":"Exordium Thugs","floor":8,"turns":8},{"damage":36,"enemies":"Gremlin Nob","floor":13,"turns":7},{"damage":0,"enemies":"2 Fungi Beasts","floor":14,"turns":4},{"damage":2,"enemies":"The Guardian","floor":16,"turns":8},{"damage":3,"enemies":"Chosen","floor":18,"turns":4},{"damage":1,"enemies":"2 Thieves","floor":20,"turns":5},{"damage":32,"enemies":"Sentry and Sphere","floor":23,"turns":6},{"damage":0,"enemies":"Cultist and Chosen","floor":25,"turns":8},{"damage":39,"enemies":"Slavers","floor":28,"turns":14},{"damage":0,"enemies":"Snecko","floor":29,"turns":6},{"damage":2,"enemies":"Centurion and Healer","floor":30,"turns":7},{"damage":37,"enemies":"Champ","floor":33,"turns":10}],"seed_played":"7599230847324149163","potions_obtained":[{"floor":3,"key":"EntropicBrew"},{"floor":3,"key":"Energy Potion"},{"floor":5,"key":"Block Potion"},{"floor":23,"key":"FearPotion"}],"is_trial":false,"path_per_floor":["M","$","?","M","M","R","E","M","T","R","?","$","E","M","R","B",null,"M","$","M","?","?","M","R","M","T","R","E","M","M","?","R","B"],"character_chosen":"THE_SILENT","items_purchased":["Footwork","ClockworkSouvenir"],"campfire_rested":4,"item_purchase_floors":[2,19],"current_hp_per_floor":[62,62,62,62,61,61,43,32,32,53,53,53,17,17,38,36,62,59,59,58,45,45,28,50,50,50,50,11,11,9,9,24,0,0],"gold":119,"neow_bonus":"HUNDRED_GOLD","is_daily":false,"chose_seed":false,"campfire_upgraded":2,"win_rate":0.0,"timestamp":1610554972,"path_taken":["M","$","?","?","M","R","E","?","T","R","?","$","E","M","R","BOSS","M","$","M","?","?","?","R","M","T","R","E","M","M","?","R","BOSS"],"items_purchased_type":["Card","Relic"],"build_version":"2020-12-22","purchased_purges":2,"victory":false,"max_hp_per_floor":[70,70,70,70,70,70,70,70,70,70,70,70,70,70,70,70,70,70,70,70,75,75,75,75,75,75,75,75,75,75,52,52,52,52],"card_choices":[{"not_picked":["All Out Attack","Backflip"],"picked":"Slice","floor":1},{"not_picked":["Poisoned Stab","Calculated Gamble"],"picked":"Deadly Poison","floor":4},{"not_picked":["Dagger Spray","Riddle With Holes"],"picked":"PiercingWail","floor":5},{"not_picked":["Endless Agony","Accuracy"],"picked":"Catalyst","floor":7},{"not_picked":["Catalyst","Doppelganger"],"picked":"Crippling Poison","floor":8},{"not_picked":["Blur","Deflect"],"picked":"Leg Sweep","floor":13},{"not_picked":["Slice","Underhanded Strike"],"picked":"Bouncing Flask","floor":14},{"not_picked":["Doppelganger","Unload"],"picked":"Burst","floor":16},{"not_picked":["Dash","Caltrops"],"picked":"Footwork","floor":18},{"not_picked":["Crippling Poison","Dagger Throw","Quick Slash"],"picked":"SKIP","floor":20},{"not_picked":["Flechettes","Deflect+1"],"picked":"Dodge and Roll","floor":23},{"not_picked":["Quick Slash","Infinite Blades+1"],"picked":"Backflip","floor":25},{"not_picked":["Acrobatics","Cloak And Dagger"],"picked":"Deadly Poison","floor":28},{"not_picked":["Cloak And Dagger","Acrobatics+1","Accuracy"],"picked":"SKIP","floor":29},{"not_picked":["Doppelganger","Dagger Spray"],"picked":"Backstab","floor":30}],"player_experience":691726,"relics_obtained":[{"floor":7,"key":"Anchor"},{"floor":9,"key":"Orichalcum"},{"floor":13,"key":"War Paint"},{"floor":26,"key":"Bag of Marbles"},{"floor":28,"key":"Pen Nib"}],"event_choices":[{"damage_healed":0,"gold_gain":0,"player_choice":"Got Potions","damage_taken":0,"max_hp_gain":0,"max_hp_loss":0,"event_name":"Lab","floor":3,"gold_loss":0},{"damage_healed":0,"gold_gain":0,"player_choice":"Bought 1 Potion","damage_taken":0,"max_hp_gain":0,"max_hp_loss":0,"event_name":"The Woman in Blue","floor":11,"gold_loss":0},{"damage_healed":0,"gold_gain":0,"player_choice":"Shed Blood","damage_taken":18,"max_hp_gain":5,"max_hp_loss":0,"event_name":"Forgotten Altar","floor":21,"gold_loss":0},{"damage_healed":0,"gold_gain":0,"player_choice":"Forge","damage_taken":0,"max_hp_gain":0,"max_hp_loss":0,"event_name":"Accursed Blacksmith","floor":22,"gold_loss":0,"cards_upgraded":["Catalyst"]},{"damage_healed":0,"gold_gain":0,"player_choice":"Became a vampire","damage_taken":0,"max_hp_gain":0,"max_hp_loss":23,"event_name":"Vampires","floor":31,"gold_loss":0,"cards_obtained":["Bite","Bite","Bite","Bite","Bite"]}],"is_beta":false,"boss_relics":[{"not_picked":["Coffee Dripper","Ectoplasm"],"picked":"Ring of the Serpent"}],"items_purged_floors":[2,12],"is_endless":false,"potions_floor_spawned":[5,7,13,14,18,23,25],"killed_by":"Champ","ascension_level":12}}