{"host":"i0avyit1s6jb1siw","time":1610551799,"event":{"mods":["BaseMod","DeckTracker","Dota2Spire","Highlight Path","Minty Spire (QoL Compilation)","Quick Restart","StSLib","SuperFastMode"],"gold_per_floor":[113,113,131,131,131,172,172,207,207,13,13,13,47,68,68,68,68],"floor_reached":16,"language":"ENG","playtime":240,"items_purged":["Strike_G"],"score":282,"play_id":"535155d2-16b6-4293-a845-d97a3ed4a8e2","local_time":"20210113162959","is_ascension_mode":true,"campfire_choices":[{"data":"Neutralize","floor":7,"key":"SMITH"},{"floor":12,"key":"REST"},{"floor":15,"key":"REST"}],"circlet_count":0,"master_deck":["AscendersBane","Strike_G","Strike_G","Strike_G","Defend_G","Defend_G","Defend_G","Defend_G","Defend_G","Survivor","Neutralize+1","Dagger Spray+1","PiercingWail","Poisoned Stab","Conserve Battery","Sweeping Beam","Reboot"],"relics":["Ring of the Snake","NeowsBlessing","Golden Idol","Pear","The Courier","Dream Catcher","PrismaticShard","Dota2Spire:EtherealBlade","Ninja Scroll"],"acts_visited":["Exordium"],"potions_floor_usage":[8],"damage_taken":[{"damage":0,"enemies":"2 Louse","floor":1,"turns":1},{"damage":0,"enemies":"Small Slimes","floor":3,"turns":1},{"damage":0,"enemies":"Lagavulin","floor":6,"turns":1},{"damage":43,"enemies":"Gremlin Nob","floor":8,"turns":6},{"damage":31,"enemies":"3 Sentries","floor":13,"turns":11},{"damage":0,"enemies":"Jaw Worm","floor":14,"turns":3},{"damage":36,"enemies":"Slime Boss","floor":16,"turns":7}],"seed_played":"7446060056277746525","potions_obtained":[{"floor":1,"key":"AttackPotion"}],"is_trial":false,"path_per_floor":["M","?","M","?","?","E","R","E","T","$","T","R","E","M","R","B"],"character_chosen":"THE_SILENT","items_purchased":["PrismaticShard"],"campfire_rested":2,"item_purchase_floors":[10],"current_hp_per_floor":[59,59,59,59,52,62,62,19,19,19,19,40,9,9,30,0,0],"gold":68,"neow_bonus":"THREE_ENEMY_KILL","is_daily":false,"chose_seed":false,"campfire_upgraded":1,"win_rate":0.0,"timestamp":1610551799,"path_taken":["M","?","M","?","?","E","R","E","T","$","?","R","E","M","R","BOSS"],"items_purchased_type":["Relic"],"build_version":"2020-12-22","purchased_purges":1,"victory":false,"max_hp_per_floor":[66,66,66,60,60,70,70,70,70,70,70,70,70,70,70,70,70],"card_choices":[{"not_picked":["Setup","Dagger Throw"],"picked":"Dagger Spray","floor":1},{"not_picked":["Slice","Dagger Spray"],"picked":"PiercingWail","floor":3},{"not_picked":["Dodge and Roll","Distraction","Prepared"],"picked":"SKIP","floor":6},{"not_picked":["Deflect","Catalyst"],"picked":"Poisoned Stab","floor":8},{"not_picked":["FTL","Infernal Blade"],"picked":"Conserve Battery","floor":12},{"not_picked":["Weave","Dodge and Roll"],"picked":"Sweeping Beam","floor":13},{"not_picked":["Quick Slash","Catalyst"],"picked":"Reboot","floor":14}],"player_experience":2225090,"relics_obtained":[{"floor":6,"key":"Pear"},{"floor":8,"key":"The Courier"},{"floor":9,"key":"Dream Catcher"},{"floor":11,"key":"Dota2Spire:EtherealBlade"},{"floor":13,"key":"Ninja Scroll"}],"event_choices":[{"damage_healed":0,"gold_gain":0,"player_choice":"Grow","damage_taken":0,"max_hp_gain":0,"max_hp_loss":0,"event_name":"Living Wall","floor":2,"gold_loss":0,"cards_upgraded":["Dagger Spray"]},{"damage_healed":0,"gold_gain":0,"player_choice":"Lose Max HP","damage_taken":0,"relics_obtained":["Golden Idol"],"max_hp_gain":0,"max_hp_loss":6,"event_name":"Golden Idol","floor":4,"gold_loss":0},{"cards_removed":["Strike_G"],"damage_healed":0,"gold_gain":0,"player_choice":"Card Removal","damage_taken":7,"max_hp_gain":0,"max_hp_loss":0,"event_name":"Golden Wing","floor":5,"gold_loss":0}],"is_beta":false,"boss_relics":[],"items_purged_floors":[10],"is_endless":false,"potions_floor_spawned":[1],"killed_by":"Slime Boss","ascension_level":20}}