{"host":"oehe2dxjvdgux73m","time":1610524050,"event":{"mods":["AchievementEnabler","BaseMod","Colored Map","Colored Powertips","DeckTracker","Keyboard Shortcuts","Minty Spire (QoL Compilation)","Permanent Neow","Quick Restart","StSLib","SuperFastMode"],"gold_per_floor":[115,131,131,144,154,184,184,210,210,245,260,277,288,300,300,395,395,415,415,245,263,263,263],"floor_reached":22,"language":"KOR","playtime":948,"items_purged":["Strike_G"],"score":315,"play_id":"52b2ae11-02e6-41ad-b7d5-22e2f21c5d4a","local_time":"20210113164730","is_ascension_mode":true,"campfire_choices":[{"data":"Cloak And Dagger","floor":7.0,"key":"SMITH"},{"floor":15.0,"key":"REST"}],"circlet_count":0,"master_deck":["AscendersBane","Strike_G","Strike_G","Strike_G","Strike_G","Defend_G","Defend_G","Defend_G","Defend_G","Defend_G","Survivor","Neutralize","Dash","Slice","Phantasmal Killer","Cloak And Dagger+1","Blade Dance","Blade Dance","Deflect","Deadly Poison","Dagger Spray+1","Crippling Poison","Accuracy","Corpse Explosion","Blur+1","PiercingWail","Calculated Gamble+1"],"relics":["Ring of the Snake","Oddly Smooth Stone","Dream Catcher","TungstenRod","Ginger","Calipers","Black Star"],"acts_visited":["Exordium","TheCity"],"potions_floor_usage":[22,22,22],"damage_taken":[{"damage":4.0,"enemies":"2 Louse","floor":1.0,"turns":3.0},{"damage":4.0,"enemies":"Cultist","floor":2.0,"turns":4.0},{"damage":1.0,"enemies":"Jaw Worm","floor":4.0,"turns":3.0},{"damage":6.0,"enemies":"Gremlin Gang","floor":5.0,"turns":6.0},{"damage":5.0,"enemies":"Gremlin Nob","floor":6.0,"turns":4.0},{"damage":18.0,"enemies":"Lagavulin","floor":8.0,"turns":6.0},{"damage":17.0,"enemies":"3 Sentries","floor":10.0,"turns":9.0},{"damage":0.0,"enemies":"Large Slime","floor":11.0,"turns":6.0},{"damage":0.0,"enemies":"3 Louse","floor":12.0,"turns":3.0},{"damage":4.0,"enemies":"Exordium Wildlife","floor":13.0,"turns":4.0},{"damage":0.0,"enemies":"Large Slime","floor":14.0,"turns":7.0},{"damage":20.0,"enemies":"The Guardian","floor":16.0,"turns":11.0},{"damage":17.0,"enemies":"Spheric Guardian","floor":18.0,"turns":4.0},{"damage":15.0,"enemies":"2 Thieves","floor":21.0,"turns":4.0},{"damage":17,"enemies":"Sentry and Sphere","floor":22,"turns":5}],"seed_played":"8716129350991869783","potions_obtained":[{"floor":1.0,"key":"Block Potion"},{"floor":4.0,"key":"Poison Potion"},{"floor":8.0,"key":"Weak Potion"},{"floor":11.0,"key":"Ancient Potion"},{"floor":14.0,"key":"Swift Potion"},{"floor":16.0,"key":"SpeedPotion"},{"floor":18.0,"key":"ColorlessPotion"},{"floor":21.0,"key":"Regen Potion"}],"is_trial":false,"path_per_floor":["M","M","?","M","M","E","R","E","T","E","M","M","M","M","R","B",null,"M","?","$","M","M"],"character_chosen":"THE_SILENT","items_purchased":["PiercingWail","SteroidPotion"],"campfire_rested":1,"item_purchase_floors":[20,20],"current_hp_per_floor":[59,55,55,54,48,43,43,25,25,8,8,8,4,4,25,5,54,37,37,37,22,19,19],"gold":263,"neow_bonus":"RANDOM_COMMON_RELIC","is_daily":false,"chose_seed":false,"campfire_upgraded":1,"win_rate":0.0,"timestamp":1610524050,"path_taken":["M","M","?","M","M","E","R","E","T","E","M","M","?","M","R","BOSS","M","?","$","M","?"],"items_purchased_type":["Card","Potion"],"build_version":"2020-12-22","purchased_purges":1,"victory":false,"max_hp_per_floor":[70,70,70,70,70,70,70,70,70,70,70,70,70,70,70,70,70,70,70,70,70,70,70],"card_choices":[{"not_picked":["Heel Hook","Leg Sweep"],"picked":"Dash","floor":1.0},{"not_picked":["PiercingWail","Backflip"],"picked":"Slice","floor":2.0},{"not_picked":["Infinite Blades","PiercingWail","Sucker Punch"],"picked":"SKIP","floor":4.0},{"not_picked":["Flying Knee","Backflip"],"picked":"Cloak And Dagger","floor":5.0},{"not_picked":["Glass Knife","Quick Slash"],"picked":"Blade Dance","floor":6.0},{"not_picked":["Cloak And Dagger","Dagger Throw"],"picked":"Blade Dance","floor":8.0},{"not_picked":["Underhanded Strike","Backflip"],"picked":"Deflect","floor":10.0},{"not_picked":["Endless Agony","Predator"],"picked":"Deadly Poison","floor":11.0},{"not_picked":["Cloak And Dagger","Bane"],"picked":"Dagger Spray","floor":12.0},{"not_picked":["Dodge and Roll","Underhanded Strike"],"picked":"Crippling Poison","floor":13.0},{"not_picked":["Predator","Cloak And Dagger"],"picked":"Accuracy","floor":14.0},{"not_picked":["Malaise","Storm of Steel"],"picked":"Corpse Explosion","floor":16.0},{"not_picked":["Finisher+1","Concentrate"],"picked":"Blur+1","floor":18.0},{"not_picked":["Sucker Punch","Outmaneuver"],"picked":"Calculated Gamble+1","floor":21.0}],"player_experience":150416,"relics_obtained":[{"floor":6.0,"key":"Dream Catcher"},{"floor":8.0,"key":"TungstenRod"},{"floor":9.0,"key":"Ginger"},{"floor":10.0,"key":"Calipers"}],"event_choices":[{"damage_healed":0.0,"max_hp_gain":0.0,"max_hp_loss":0.0,"gold_gain":0.0,"event_name":"Match and Keep!","player_choice":"1 cards matched","floor":3.0,"gold_loss":0.0,"damage_taken":0.0,"cards_obtained":["Phantasmal Killer"]},{"damage_healed":0.0,"max_hp_gain":0.0,"max_hp_loss":0.0,"gold_gain":0.0,"event_name":"Upgrade Shrine","player_choice":"Upgraded","floor":19.0,"gold_loss":0.0,"damage_taken":0.0,"cards_upgraded":["Dagger Spray"]}],"is_beta":false,"boss_relics":[{"not_picked":["Velvet Choker","Sozu"],"picked":"Black Star"}],"items_purged_floors":[20],"is_endless":false,"potions_floor_spawned":[1,4,8,11,14,16,18,21],"killed_by":"Sentry and Sphere","ascension_level":10}}