{"host":"sav7uxregyirlf69","time":1610547095,"event":{"mods":["AchievementEnabler","BaseMod","Colored Map","DeckTracker","Keyboard Shortcuts","Minty Spire (QoL Compilation)","READ ME - Guardian Mod","StSLib","SuperFastMode"],"gold_per_floor":[115,115,133,144,161,161,192,210,210,210,224,256,256,269,269,269,269],"floor_reached":16,"language":"KOR","playtime":338,"items_purged":[],"score":228,"play_id":"f819eef5-4983-454f-8c92-4a2da80ca023","local_time":"20210113231135","is_ascension_mode":true,"campfire_choices":[{"data":"Streamline","floor":6,"key":"SMITH"},{"floor":13,"key":"REST"},{"data":"Go for the Eyes","floor":15,"key":"SMITH"}],"circlet_count":0,"master_deck":["AscendersBane","Strike_B","Strike_B","Strike_B","Strike_B","Defend_B","Defend_B","Defend_B","Defend_B","Zap+1","Dualcast","Undo","Sweeping Beam","Sweeping Beam","Streamline+1","Ball Lightning","Turbo","Cold Snap","Go for the Eyes+1"],"relics":["Cracked Core","White Beast Statue","Frozen Egg 2","Calipers"],"acts_visited":["Exordium"],"potions_floor_usage":[12,12,16],"damage_taken":[{"damage":0,"enemies":"Small Slimes","floor":1,"turns":1},{"damage":2,"enemies":"Cultist","floor":3,"turns":5},{"damage":7,"enemies":"Jaw Worm","floor":4,"turns":3},{"damage":1,"enemies":"Red Slaver","floor":5,"turns":5},{"damage":32,"enemies":"Gremlin Nob","floor":7,"turns":4},{"damage":20,"enemies":"Lots of Slimes","floor":8,"turns":4},{"damage":0,"enemies":"Exordium Wildlife","floor":11,"turns":3},{"damage":10,"enemies":"Lagavulin","floor":12,"turns":5},{"damage":6,"enemies":"3 Louse","floor":14,"turns":4},{"damage":27,"enemies":"Hexaghost","floor":16,"turns":9}],"seed_played":"9113788914967154200","potions_obtained":[{"floor":7,"key":"FocusPotion"},{"floor":8,"key":"Block Potion"},{"floor":12,"key":"LiquidMemories"},{"floor":14,"key":"Ancient Potion"}],"is_trial":false,"path_per_floor":["M","?","M","M","M","R","E","M","T","?","M","E","R","M","R","B"],"character_chosen":"DEFECT","items_purchased":[],"campfire_rested":1,"item_purchase_floors":[],"current_hp_per_floor":[64,81,79,72,71,71,39,19,19,19,19,9,33,27,27,0,0],"gold":269,"neow_bonus":"ONE_RANDOM_RARE_CARD","is_daily":false,"chose_seed":false,"campfire_upgraded":2,"win_rate":0.0,"timestamp":1610547095,"path_taken":["M","?","M","M","M","R","E","?","T","?","?","E","R","?","R","BOSS"],"items_purchased_type":[],"build_version":"2020-12-22","purchased_purges":0,"victory":false,"max_hp_per_floor":[71,81,81,81,81,81,81,81,81,81,81,81,81,81,81,81,81],"card_choices":[{"not_picked":["Cold Snap","Gash"],"picked":"Undo","floor":1},{"not_picked":["Coolheaded","Hello World"],"picked":"Sweeping Beam","floor":3},{"not_picked":["Barrage","Leap"],"picked":"Sweeping Beam","floor":4},{"not_picked":["Capacitor","Go for the Eyes"],"picked":"Streamline","floor":5},{"not_picked":["Streamline","Undo","Stack"],"picked":"SKIP","floor":7},{"not_picked":["Streamline","Loop"],"picked":"Ball Lightning","floor":8},{"not_picked":["Compile Driver","Hyperbeam"],"picked":"Turbo","floor":11},{"not_picked":["Meteor Strike","Skim"],"picked":"Cold Snap","floor":12},{"not_picked":["Ball Lightning","Fusion"],"picked":"Go for the Eyes","floor":14}],"player_experience":1274894,"relics_obtained":[{"floor":7,"key":"White Beast Statue"},{"floor":9,"key":"Frozen Egg 2"},{"floor":12,"key":"Calipers"}],"event_choices":[{"cards_removed":["Hyperbeam"],"damage_healed":7,"gold_gain":0,"player_choice":"Offered Rare","damage_taken":0,"max_hp_gain":10,"max_hp_loss":0,"event_name":"Bonfire Elementals","floor":2,"gold_loss":0},{"damage_healed":0,"gold_gain":0,"player_choice":"Forge","damage_taken":0,"max_hp_gain":0,"max_hp_loss":0,"event_name":"Accursed Blacksmith","floor":10,"gold_loss":0,"cards_upgraded":["Zap"]}],"is_beta":false,"boss_relics":[],"items_purged_floors":[],"is_endless":false,"potions_floor_spawned":[7,8,11,12,14],"killed_by":"Hexaghost","ascension_level":20}}