{"host":"jfbo3eu2ui08ej1u","time":1610555736,"event":{"mods":["2.2 Compatiblity","AchievementEnabler","Act Like it!","Aspiration","BaseMod","Better Altar","Better Match","Better Note","Better Sensory Stone","Better Skull","Better Third Choice","Block Reminder","Colored Map","Colored Powertips","Conspire","DeckTracker","Displayed Cursed Tome","Downfall","Energized Spire","Fox Events","GifTheSpireLib","Hermit","Hubris","Infinite Spire","Marked Mod","Minty Spire (QoL Compilation)","Pale of the Ancients","Quick Restart","RRrroohrrRGHHhhh!!","Relic Filter","Reorder Act Four","Replay The Spire","Shop Mod","Spicy Shops","StSLib","Stuff the Spire","The Blue Laboratory","The Disciple","The Forsaken","The Hierophant","The Marked","Uncapped","Unceasing Turn Reminder","Wandering Minibosses"],"gold_per_floor":[99,111,111,127,127,127,180,180,206,216,228,240,271,285,295,395,395,378,397,397,397,417,417,443,428,428,461,54,154,154,219,233,335,335,335,349,399,449,504,529,529,529,541,591,18,133,145,161,173,173],"floor_reached":51,"language":"ENG","playtime":2731,"items_purged":["champ:Strike","champ:Strike","champ:Strike","champ:Execute","champ:BringItOn+1","champ:Devastate"],"score":884,"play_id":"c9267408-751e-4de6-a7d6-a884b59c52ca","local_time":"20210113113536","is_ascension_mode":false,"campfire_choices":[{"data":"champ:Taunt","floor":1.0,"key":"SMITH"},{"data":"champ:HoldFirm","floor":6.0,"key":"SMITH"},{"data":"champ:BringItOn","floor":8.0,"key":"SMITH"},{"data":"champ:EnGarde","floor":26,"key":"SMITH"},{"data":"champ:ShieldWall","floor":30,"key":"SMITH"},{"data":"StuffTheSpire:BrainWave","floor":35,"key":"SMITH"},{"data":"StuffTheSpire:BrainWave+1","floor":42,"key":"SMITH"}],"circlet_count":0,"master_deck":["champ:Taunt+1","champ:HoldFirm+1","champ:ShieldThrow","champ:DefensiveShout","champ:EnGarde+1","champ:DefensiveStyle","champ:SkillfulDodge","champ:FocusedDefense","champ:ShieldThrow","champ:Circumvent","champ:SkillfulDodge+1","StuffTheSpire:BrainWave+2","champ:SteelEdge","champ:HoldFirm+1","champ:ShieldWall+1","champ:EnGarde+1","champ:RisingSlash","champ:SkillfulDodge+1","ReplayTheSpireMod:Brewmster","champ:Lariat+1"],"relics":["m_IronCrown","infinitespire:Lucky Rock","Blue Doll","hubris:Metronome","energizedSpire:NeverEndingSparkler","downfall:HeartBlessingGreen","Kunai","Pet Ghost","conspire:InfiniteJournal","DollysMirror","downfall:CloakOfManyFaces","CultistMask","FaceOfCleric","NlothsMask","GremlinMask","SsserpentHead","rorgmod:Empty Cage","hubris:Icosahedron","StuffTheSpire:Experiment12","Potion Belt","Replay:Lucky Slots","wanderingMiniBosses:Inkheart"],"acts_visited":["Exordium","TheCity","TheBeyond"],"potions_floor_usage":[39,46,48,49],"damage_taken":[{"damage":10.0,"enemies":"2 Louse","floor":2.0,"turns":5.0},{"damage":5.0,"enemies":"Small Slimes","floor":4.0,"turns":3.0},{"damage":58.0,"enemies":"Gremlin Nob","floor":9.0,"turns":10.0},{"damage":0.0,"enemies":"Jaw Worm","floor":10.0,"turns":2.0},{"damage":0.0,"enemies":"Red Slaver","floor":11.0,"turns":3.0},{"damage":5.0,"enemies":"3 Louse","floor":12.0,"turns":7.0},{"damage":3.0,"enemies":"3 Sentries","floor":13.0,"turns":8.0},{"damage":0.0,"enemies":"2 Fungi Beasts","floor":14.0,"turns":3.0},{"damage":0.0,"enemies":"Gremlin Gang","floor":15.0,"turns":7.0},{"damage":0.0,"enemies":"downfall:Ironclad","floor":16.0,"turns":10.0},{"damage":0.0,"enemies":"Spheric Guardian","floor":19.0,"turns":4.0},{"damage":3.0,"enemies":"3 Cultists","floor":22.0,"turns":5.0},{"damage":0.0,"enemies":"downfall:FleeingMerchant","floor":25.0,"turns":6.0},{"damage":0,"enemies":"conspire:Head Lice","floor":27,"turns":7},{"damage":4,"enemies":"downfall:FleeingMerchant","floor":28,"turns":4},{"damage":0,"enemies":"downfall:FaceTrader","floor":29,"turns":4},{"damage":0,"enemies":"Cultist and Chosen","floor":31,"turns":5},{"damage":3,"enemies":"Snake Plant","floor":32,"turns":6},{"damage":0,"enemies":"downfall:Defect","floor":33,"turns":6},{"damage":0,"enemies":"3 Shapes","floor":36,"turns":6},{"damage":0,"enemies":"downfall:FleeingMerchant","floor":39,"turns":4},{"damage":41,"enemies":"Reptomancer","floor":40,"turns":8},{"damage":0,"enemies":"3 Darklings","floor":43,"turns":5},{"damage":0,"enemies":"4 Shapes","floor":46,"turns":5},{"damage":0,"enemies":"Spire Growth","floor":47,"turns":4},{"damage":9,"enemies":"Maw","floor":48,"turns":6},{"damage":26,"enemies":"Transient","floor":49,"turns":5},{"damage":9,"enemies":"downfall:Silent","floor":50,"turns":9}],"seed_played":"-7541709107990090417","potions_obtained":[{"floor":9.0,"key":"blueLaboratory:PhilterOfMotion"},{"floor":11.0,"key":"SteroidPotion"},{"floor":12.0,"key":"blueLaboratory:SavagePotion"},{"floor":40,"key":"EssenceOfSteel"},{"floor":46,"key":"Guardian:BlockOnCardUsePotion"},{"floor":47,"key":"Milkshake"}],"is_trial":false,"path_per_floor":["R","M","?","M","?","R","T","R","E","M","M","M","E","M","M","B",null,"R_BF","M","AVR","?","M","?","T","$","R","E","$","?","R","M","M","B",null,"R","M","?","?","$","E","T","R","M","?","$","M","M","M","M","B",null],"character_chosen":"THE_CHAMP","items_purchased":["DollysMirror","champ:ShieldWall","ReplayTheSpireMod:Brewmster","Potion Belt","Replay:Lucky Slots"],"campfire_rested":0,"item_purchase_floors":[28,28,45,45,45],"current_hp_per_floor":[81,71,71,77,77,77,77,77,30,36,42,48,54,60,66,72,81,81,81,81,81,81,61,61,67,67,73,75,81,81,82,83,84,84,84,85,85,85,86,52,52,52,59,59,59,66,73,71,52,50],"gold":173,"neow_bonus":"THREE_RARE_CARDS","is_daily":false,"chose_seed":false,"campfire_upgraded":7,"win_rate":0.0,"timestamp":1610555736,"path_taken":["R","M","?","M","?","R","T","R","E","M","M","M","E","M","M","BOSS","R_BF","M","AVR","?","M","?","T","$","R","E","$","?","R","?","M","BOSS","R","M","?","?","$","E","T","R","M","?","$","M","M","M","M","BOSS"],"items_purchased_type":["Relic","Card","Card","Relic","Relic"],"build_version":"2020-12-22","purchased_purges":6,"victory":true,"max_hp_per_floor":[81,81,81,81,81,81,81,81,81,81,81,81,81,81,81,81,81,81,81,81,81,81,81,81,81,81,81,81,81,81,82,83,84,84,84,85,85,85,86,87,87,87,88,88,88,89,90,91,92,93],"card_choices":[{"not_picked":["champ:Devastate","champ:HeavySlash"],"picked":"champ:HoldFirm","floor":0.0},{"not_picked":["champ:HeartStrike","champ:StanceDance"],"picked":"champ:BringItOn","floor":2.0},{"not_picked":["Twin Strike","champ:BringItOn","champ:GladiatorsShout"],"picked":"SKIP","floor":4.0},{"not_picked":["champ:Circumvent","champ:FanOfKnives"],"picked":"champ:ShieldThrow","floor":9.0},{"not_picked":["champ:FaceSlap","Life Link"],"picked":"champ:DefensiveShout","floor":10.0},{"not_picked":["champ:BringItOn","champ:FlashCut"],"picked":"champ:EnGarde","floor":11.0},{"not_picked":["champ:Haymaker","Twin Strike"],"picked":"champ:DefensiveStyle","floor":12.0},{"not_picked":["Hemokinesis","champ:ShieldWall"],"picked":"champ:SkillfulDodge","floor":13.0},{"not_picked":["champ:Riposte","champ:FlashCut","champ:GladiatorsShout"],"picked":"SKIP","floor":14.0},{"not_picked":["Life Link","champ:Circumvent"],"picked":"champ:FocusedDefense","floor":15.0},{"not_picked":["champ:CrownThrow","champ:Devastate"],"picked":"champ:ShieldThrow","floor":16.0},{"not_picked":["champ:TornadoPunch","champ:GutPunch"],"picked":"champ:Circumvent","floor":19.0},{"not_picked":["champ:DeathBlow","champ:Riposte"],"picked":"champ:SkillfulDodge+1","floor":22.0},{"not_picked":["champ:TornadoPunch","champ:GutPunch+1"],"picked":"champ:SteelEdge","floor":25},{"not_picked":["champ:Backstep","champ:EndlessRage","champ:Haymaker+1"],"picked":"SKIP","floor":27},{"not_picked":["champ:PerfectedStrike","champ:Circumvent","champ:FaceSlap+1"],"picked":"SKIP","floor":28},{"not_picked":["Bloodletting","champ:BladeFlurry"],"picked":"champ:EnGarde+1","floor":29},{"not_picked":["champ:RapidStrikes","Blood for Blood","Heavy Blade"],"picked":"SKIP","floor":31},{"not_picked":["champ:CrookedStrike","champ:FightOn","champ:CalledShot"],"picked":"SKIP","floor":32},{"not_picked":["champ:FlashCut+1","champ:Haymaker","champ:PerfectedStrike"],"picked":"SKIP","floor":36},{"not_picked":["champ:DefensiveShout","champ:Encircle+1"],"picked":"champ:RisingSlash","floor":39},{"not_picked":["champ:HeartStrike","champ:EndlessRage+1"],"picked":"champ:SkillfulDodge+1","floor":40},{"not_picked":["champ:GutPunch+1","champ:BringItOn+1","champ:FocusedGladiator"],"picked":"SKIP","floor":43},{"not_picked":["champ:FightOn","champ:Haymaker+1","champ:Devastate"],"picked":"SKIP","floor":46},{"not_picked":["champ:GutPunch","champ:PerfectedStrike+1","champ:Duel"],"picked":"SKIP","floor":47},{"not_picked":["champ:StanceDance","champ:ShieldWall","champ:AdrenalArmor+1"],"picked":"SKIP","floor":48},{"not_picked":["champ:FlashCut+1","champ:Backstep"],"picked":"champ:Lariat+1","floor":49}],"player_experience":1230597,"relics_obtained":[{"floor":7.0,"key":"infinitespire:Lucky Rock"},{"floor":9.0,"key":"Blue Doll"},{"floor":13.0,"key":"hubris:Metronome"},{"floor":24.0,"key":"Pet Ghost"},{"floor":27,"key":"conspire:InfiniteJournal"},{"floor":29,"key":"downfall:CloakOfManyFaces"},{"floor":40,"key":"StuffTheSpire:Experiment12"},{"floor":46,"key":"wanderingMiniBosses:Inkheart"}],"event_choices":[{"cards_removed":["champ:Strike"],"damage_healed":0.0,"max_hp_gain":0.0,"max_hp_loss":0.0,"gold_gain":0.0,"event_name":"The Cleric","player_choice":"Card Removal","floor":5.0,"gold_loss":0.0,"damage_taken":0.0},{"damage_healed":0.0,"max_hp_gain":0.0,"max_hp_loss":0.0,"gold_gain":0.0,"event_name":"betterNote:BetterNote","player_choice":"Ignored","floor":21.0,"gold_loss":0.0,"damage_taken":0.0,"cards_obtained":["ReplayUltimateDefense"]},{"damage_healed":0,"gold_gain":0,"cards_transformed":["champ:Defend"],"player_choice":"Transformed","damage_taken":0,"max_hp_gain":0,"max_hp_loss":0,"event_name":"Transmorgrifier","floor":44,"gold_loss":0,"cards_obtained":["champ:Devastate"]}],"is_beta":false,"boss_relics":[{"not_picked":["StuffTheSpire:RunicConfusion","aspiration:RunicSpoon"],"picked":"energizedSpire:NeverEndingSparkler"},{"not_picked":["energizedSpire:StickyHand","Replay:Bronze Core"],"picked":"rorgmod:Empty Cage"}],"items_purged_floors":[20,28,28,39,39,45],"is_endless":false,"potions_floor_spawned":[9,11,12,13,15,16,27,31,32,40,46,47,48],"ascension_level":0}}