{"host":"f7ig0n19ugxy95hc","time":1610515612,"event":{"mods":["BaseMod","Minty Spire (QoL Compilation)","StSLib"],"gold_per_floor":[213,227,37,55,72,107,118,118,118,138,71,36,36,61,61,165,165,180,2,16,28,47,47,78,78,103,103,114,114,42,62,62,62,62],"floor_reached":33,"language":"ENG","playtime":2903,"items_purged":[],"score":277,"play_id":"dc5a8e3f-4877-4d73-871f-0e01dcc9b9f5","local_time":"20210113062652","is_ascension_mode":false,"campfire_choices":[{"floor":8,"key":"REST"},{"data":"Self Repair","floor":15,"key":"SMITH"},{"data":"Amplify","floor":23,"key":"SMITH"},{"floor":25,"key":"REST"},{"floor":27,"key":"REST"},{"data":"Stack","floor":32,"key":"SMITH"}],"circlet_count":0,"master_deck":["Strike_B","Strike_B","Strike_B","Strike_B","Defend_B","Defend_B","Defend_B","Zap","Dualcast","BootSequence","Rebound","Doom and Gloom","Self Repair+1","Rip and Tear","Ball Lightning","Leap","FTL","Heatsinks","Reboot","Zap","Conserve Battery","Amplify+1","Leap+1","Coolheaded","Conserve Battery","Ball Lightning","Reinforced Body","Melter","Redo","Leap","Stack+1","Beam Cell","Cold Snap"],"relics":["Cracked Core","Happy Flower","Ornamental Fan","Darkstone Periapt","Odd Mushroom","MealTicket","Busted Crown","Orichalcum","StoneCalendar","Bag of Preparation"],"acts_visited":["Exordium","TheCity"],"potions_floor_usage":[6,10,14,16,16,20,22,24],"damage_taken":[{"damage":9,"enemies":"2 Louse","floor":1,"turns":3},{"damage":0,"enemies":"Jaw Worm","floor":2,"turns":3},{"damage":0,"enemies":"Small Slimes","floor":4,"turns":2},{"damage":6,"enemies":"Gremlin Gang","floor":5,"turns":3},{"damage":40,"enemies":"Lagavulin","floor":6,"turns":6},{"damage":0,"enemies":"Looter","floor":7,"turns":2},{"damage":16,"enemies":"The Mushroom Lair","floor":10,"turns":4},{"damage":4,"enemies":"3 Sentries","floor":14,"turns":5},{"damage":41,"enemies":"Hexaghost","floor":16,"turns":9},{"damage":5,"enemies":"Chosen","floor":18,"turns":4},{"damage":10,"enemies":"Spheric Guardian","floor":20,"turns":6},{"damage":10,"enemies":"Shelled Parasite and Fungi","floor":21,"turns":7},{"damage":0,"enemies":"Snecko","floor":22,"turns":6},{"damage":38,"enemies":"Book of Stabbing","floor":24,"turns":7},{"damage":22,"enemies":"Centurion and Healer","floor":28,"turns":6},{"damage":0,"enemies":"Sentry and Sphere","floor":31,"turns":2},{"damage":84,"enemies":"Collector","floor":33,"turns":13}],"seed_played":"-2329382880259438662","potions_obtained":[{"floor":5,"key":"Swift Potion"},{"floor":6,"key":"FearPotion"},{"floor":7,"key":"ColorlessPotion"},{"floor":10,"key":"ColorlessPotion"},{"floor":14,"key":"Dexterity Potion"},{"floor":18,"key":"PowerPotion"},{"floor":21,"key":"Weak Potion"},{"floor":22,"key":"FocusPotion"}],"is_trial":false,"path_per_floor":["M","M","$","M","M","E","M","R","T","?","$","?","?","E","R","B",null,"M","$","M","M","M","R","E","R","T","R","M","?","$","M","R","B"],"character_chosen":"DEFECT","items_purchased":["Happy Flower","Doom and Gloom","Heatsinks","Orichalcum","Coolheaded","Stack","Beam Cell"],"campfire_rested":3,"item_purchase_floors":[3,3,11,19,19,30,30],"current_hp_per_floor":[66,66,66,66,67,34,41,63,63,54,54,72,72,75,75,34,75,75,75,75,75,75,75,37,59,59,75,73,73,75,75,75,0,0],"gold":62,"neow_bonus":"HUNDRED_GOLD","is_daily":false,"chose_seed":false,"campfire_upgraded":3,"win_rate":0.0,"timestamp":1610515612,"path_taken":["M","M","$","M","M","E","M","R","T","?","$","?","?","E","R","BOSS","M","$","M","M","M","R","E","R","T","R","?","?","?","M","R","BOSS"],"items_purchased_type":["Relic","Card","Card","Relic","Card","Card","Card"],"build_version":"2020-12-22","purchased_purges":0,"victory":false,"max_hp_per_floor":[75,75,75,75,75,75,75,75,75,75,75,75,75,75,75,75,75,75,75,75,75,75,75,75,75,75,75,75,75,75,75,75,75,75],"card_choices":[{"not_picked":["Barrage","Hologram"],"picked":"BootSequence","floor":1},{"not_picked":["Hologram","Gash"],"picked":"Rebound","floor":2},{"not_picked":["Static Discharge","Beam Cell"],"picked":"Self Repair","floor":4},{"not_picked":["Fusion","Heatsinks"],"picked":"Rip and Tear","floor":5},{"not_picked":["Conserve Battery","Tempest"],"picked":"Ball Lightning","floor":6},{"not_picked":["Hello World","Go for the Eyes"],"picked":"Leap","floor":7},{"not_picked":["Barrage","Compile Driver"],"picked":"FTL","floor":10},{"not_picked":["Double Energy","Consume"],"picked":"Conserve Battery","floor":14},{"not_picked":["Fission","Thunder Strike"],"picked":"Amplify","floor":16},{"not_picked":[],"picked":"Leap+1","floor":18},{"not_picked":[],"picked":"Conserve Battery","floor":20},{"not_picked":[],"picked":"Ball Lightning","floor":21},{"not_picked":[],"picked":"Reinforced Body","floor":22},{"not_picked":[],"picked":"Melter","floor":24},{"not_picked":[],"picked":"Redo","floor":28},{"not_picked":[],"picked":"Cold Snap","floor":31}],"player_experience":153032,"relics_obtained":[{"floor":6,"key":"Ornamental Fan"},{"floor":9,"key":"Darkstone Periapt"},{"floor":10,"key":"Odd Mushroom"},{"floor":14,"key":"MealTicket"},{"floor":24,"key":"StoneCalendar"},{"floor":26,"key":"Bag of Preparation"}],"event_choices":[{"damage_healed":0,"gold_gain":0,"player_choice":"Fought Mushrooms","damage_taken":0,"max_hp_gain":0,"max_hp_loss":0,"event_name":"Mushrooms","floor":10,"gold_loss":0},{"damage_healed":18,"gold_gain":0,"player_choice":"Healed","damage_taken":0,"max_hp_gain":0,"max_hp_loss":0,"event_name":"The Cleric","floor":12,"gold_loss":35},{"damage_healed":0,"gold_gain":0,"player_choice":"2 cards matched","damage_taken":0,"max_hp_gain":0,"max_hp_loss":0,"event_name":"Match and Keep!","floor":13,"gold_loss":0,"cards_obtained":["Reboot","Zap"]},{"damage_healed":0,"gold_gain":0,"cards_transformed":["Defend_B"],"player_choice":"Transformed","damage_taken":0,"max_hp_gain":0,"max_hp_loss":0,"event_name":"Transmorgrifier","floor":29,"gold_loss":0,"cards_obtained":["Leap"]}],"is_beta":false,"boss_relics":[{"not_picked":["Cursed Key","Runic Dome"],"picked":"Busted Crown"}],"items_purged_floors":[],"is_endless":false,"potions_floor_spawned":[5,6,7,10,14,18,21,22],"killed_by":"Collector","ascension_level":0}}