{"host":"3oax8yz66k5njorr","time":1610532519,"event":{"mods":["AchievementEnabler","BaseMod","Colored Map","Colored Powertips","DeckTracker","Minty Spire (QoL Compilation)","Rare Cards Sparkle"],"gold_per_floor":[116,116,134,147,164,192,208,208,208,221,221,221,235,245,245,348,348,366,377,390,390,1,36,36,36,86,86,98,98,98,115,115,211,211,227,242,258,268,318,318,335,335,358,374,374,374,384,0,0,0],"floor_reached":51,"language":"KOR","playtime":1922,"items_purged":["Strike_G"],"score":825,"play_id":"ae8f21d9-90a0-4ded-a7ac-1950759b8d63","local_time":"20210113190839","is_ascension_mode":false,"campfire_choices":[{"floor":8.0,"key":"REST"},{"floor":11.0,"key":"REST"},{"data":"Catalyst","floor":15.0,"key":"SMITH"},{"data":"Catalyst","floor":24.0,"key":"SMITH"},{"data":"Noxious Fumes","floor":29.0,"key":"SMITH"},{"data":"Ghostly","floor":32.0,"key":"SMITH"},{"data":"Ghostly","floor":40.0,"key":"SMITH"},{"data":"Ghostly","floor":42,"key":"SMITH"},{"data":"Ghostly","floor":46,"key":"SMITH"},{"floor":49,"key":"REST"}],"circlet_count":0,"master_deck":["Strike_G+1","Strike_G+1","Strike_G+1","Strike_G+1","Defend_G+1","Defend_G+1","Defend_G+1","Defend_G+1","Defend_G+1","Survivor","Neutralize","Noxious Fumes","PiercingWail","Deadly Poison","Catalyst+1","PiercingWail","Bouncing Flask+1","Noxious Fumes+1","Blur","Catalyst+1","Malaise","Quick Slash+1","Blur","Sadistic Nature","Dodge and Roll+1","Ghostly+1","Ghostly+1","Ghostly","Ghostly+1","Ghostly+1","Burst","Backflip+1","Catalyst","Parasite","Catalyst+1","Deadly Poison"],"relics":["Ring of the Snake","NeowsBlessing","The Specimen","Blue Candle","Ornamental Fan","Sozu","Medical Kit","Juzu Bracelet","Strawberry","HoveringKite","TungstenRod","Happy Flower","White Beast Statue","Red Mask"],"acts_visited":["Exordium","TheCity","TheBeyond"],"potions_floor_usage":[],"damage_taken":[{"damage":0.0,"enemies":"Jaw Worm","floor":1.0,"turns":1.0},{"damage":0.0,"enemies":"2 Louse","floor":3.0,"turns":1.0},{"damage":0.0,"enemies":"Cultist","floor":4.0,"turns":1.0},{"damage":15.0,"enemies":"Exordium Thugs","floor":5.0,"turns":6.0},{"damage":38.0,"enemies":"3 Sentries","floor":6.0,"turns":7.0},{"damage":1.0,"enemies":"Blue Slaver","floor":7.0,"turns":5.0},{"damage":15.0,"enemies":"Gremlin Gang","floor":10.0,"turns":5.0},{"damage":2.0,"enemies":"Large Slime","floor":13.0,"turns":5.0},{"damage":0.0,"enemies":"Exordium Wildlife","floor":14.0,"turns":4.0},{"damage":21.0,"enemies":"Hexaghost","floor":16.0,"turns":5.0},{"damage":0.0,"enemies":"Shell Parasite","floor":18.0,"turns":3.0},{"damage":8.0,"enemies":"Spheric Guardian","floor":19.0,"turns":6.0},{"damage":32.0,"enemies":"Cultist and Chosen","floor":20.0,"turns":7.0},{"damage":5.0,"enemies":"Gremlin Leader","floor":23.0,"turns":4.0},{"damage":1.0,"enemies":"Sentry and Sphere","floor":28.0,"turns":3.0},{"damage":0.0,"enemies":"Centurion and Healer","floor":31.0,"turns":5.0},{"damage":25.0,"enemies":"Champ","floor":33.0,"turns":11.0},{"damage":0.0,"enemies":"3 Darklings","floor":35.0,"turns":5.0},{"damage":5.0,"enemies":"Orb Walker","floor":36.0,"turns":5.0},{"damage":2.0,"enemies":"3 Darklings","floor":37.0,"turns":4.0},{"damage":0.0,"enemies":"Jaw Worm Horde","floor":38.0,"turns":3.0},{"damage":0.0,"enemies":"Mind Bloom Boss Battle","floor":39.0,"turns":5.0},{"damage":1,"enemies":"Writhing Mass","floor":41,"turns":4},{"damage":0,"enemies":"Spire Growth","floor":44,"turns":4},{"damage":24,"enemies":"4 Shapes","floor":47,"turns":3},{"damage":0,"enemies":"Time Eater","floor":50,"turns":5}],"seed_played":"558921414384626999","potions_obtained":[{"floor":1.0,"key":"PowerPotion"},{"floor":7.0,"key":"GamblersBrew"},{"floor":10.0,"key":"Block Potion"}],"is_trial":false,"path_per_floor":["M","?","M","M","M","E","M","R","T","M","R","?","M","M","R","B",null,"M","M","M","?","$","E","R","?","T","?","M","R","?","M","R","B",null,"M","M","M","M","?","R","M","R","T","M","T","R","M","?","R","B",null],"character_chosen":"THE_SILENT","items_purchased":["Sadistic Nature","Medical Kit"],"campfire_rested":3,"item_purchase_floors":[22,22],"current_hp_per_floor":[70,70,70,70,55,17,16,37,37,22,43,40,38,38,38,17,70,70,62,30,30,30,25,25,25,32,32,31,31,31,31,31,6,42,42,37,35,35,35,35,34,34,34,34,34,34,10,10,22,22],"gold":0,"neow_bonus":"THREE_ENEMY_KILL","is_daily":false,"chose_seed":false,"campfire_upgraded":7,"win_rate":0.0,"timestamp":1610532519,"path_taken":["M","?","M","M","M","E","M","R","T","M","R","?","M","M","R","BOSS","M","M","M","?","?","E","R","?","T","?","M","R","?","M","R","BOSS","M","M","M","M","?","R","M","R","T","M","?","R","M","?","R","BOSS"],"items_purchased_type":["Card","Relic"],"build_version":"2020-12-22","purchased_purges":1,"victory":true,"max_hp_per_floor":[70,70,70,70,70,70,70,70,70,70,70,70,70,70,70,70,70,70,70,70,70,70,70,70,35,42,42,42,42,42,42,42,42,42,42,42,42,42,42,42,42,42,42,42,42,42,42,42,42,42],"card_choices":[{"not_picked":["All Out Attack","Backflip"],"picked":"Noxious Fumes","floor":1.0},{"not_picked":["Blur","Crippling Poison"],"picked":"PiercingWail","floor":3.0},{"not_picked":["Outmaneuver","Dagger Throw"],"picked":"Deadly Poison","floor":4.0},{"not_picked":["Bane","Terror"],"picked":"Catalyst","floor":5.0},{"not_picked":["Reflex","All Out Attack"],"picked":"PiercingWail","floor":6.0},{"not_picked":["PiercingWail","Predator"],"picked":"Bouncing Flask","floor":7.0},{"not_picked":["Leg Sweep","Dagger Spray"],"picked":"Noxious Fumes","floor":10.0},{"not_picked":["Bane","Acrobatics"],"picked":"Blur","floor":13.0},{"not_picked":["Glass Knife","Sucker Punch"],"picked":"Catalyst","floor":14.0},{"not_picked":["Envenom","Bullet Time"],"picked":"Malaise","floor":16.0},{"not_picked":["Endless Agony","Acrobatics"],"picked":"Quick Slash+1","floor":18.0},{"not_picked":["Predator","Poisoned Stab"],"picked":"Blur","floor":19.0},{"not_picked":["Sucker Punch","Expertise","Blade Dance+1"],"picked":"SKIP","floor":20.0},{"not_picked":["PiercingWail","Eviscerate"],"picked":"Dodge and Roll+1","floor":23.0},{"not_picked":["Choke","Prepared","Wraith Form v2"],"picked":"SKIP","floor":28.0},{"not_picked":["PiercingWail","Bane","Calculated Gamble"],"picked":"SKIP","floor":31.0},{"not_picked":["Doppelganger","Envenom"],"picked":"Burst","floor":33.0},{"not_picked":["Deflect+1","Slice+1","Quick Slash"],"picked":"SKIP","floor":35.0},{"not_picked":["Blade Dance","Slice+1","Expertise"],"picked":"SKIP","floor":36.0},{"not_picked":["Expertise","Deflect","Dagger Spray"],"picked":"SKIP","floor":37.0},{"not_picked":["Phantasmal Killer","Sucker Punch"],"picked":"Backflip+1","floor":38.0},{"not_picked":["PiercingWail","Quick Slash"],"picked":"Catalyst","floor":39.0},{"not_picked":["Dagger Spray","Bane","Flying Knee"],"picked":"SKIP","floor":41},{"not_picked":["Poisoned Stab+1","Sucker Punch+1"],"picked":"Catalyst+1","floor":44},{"not_picked":["Blur","Crippling Poison"],"picked":"Deadly Poison","floor":47}],"player_experience":40268,"relics_obtained":[{"floor":6.0,"key":"The Specimen"},{"floor":9.0,"key":"Blue Candle"},{"floor":23.0,"key":"Juzu Bracelet"},{"floor":26.0,"key":"Strawberry"},{"floor":39.0,"key":"TungstenRod"},{"floor":43,"key":"Happy Flower"},{"floor":45,"key":"White Beast Statue"}],"event_choices":[{"damage_healed":0.0,"max_hp_gain":0.0,"max_hp_loss":0.0,"gold_gain":0.0,"event_name":"Liars Game","player_choice":"Ignored","floor":2.0,"gold_loss":0.0,"damage_taken":0.0},{"damage_healed":0.0,"max_hp_gain":0.0,"max_hp_loss":0.0,"gold_gain":0.0,"event_name":"Scrap Ooze","player_choice":"Success","floor":12.0,"gold_loss":0.0,"damage_taken":3.0,"relics_obtained":["Ornamental Fan"]},{"damage_healed":0.0,"max_hp_gain":0.0,"max_hp_loss":0.0,"gold_gain":0.0,"event_name":"The Woman in Blue","player_choice":"Bought 0 Potions","floor":21.0,"gold_loss":0.0,"damage_taken":0.0},{"damage_healed":0.0,"max_hp_gain":0.0,"max_hp_loss":35.0,"gold_gain":0.0,"event_name":"Ghosts","player_choice":"Became a Ghost","floor":25.0,"gold_loss":0.0,"damage_taken":0.0,"cards_obtained":["Ghostly","Ghostly","Ghostly","Ghostly","Ghostly"]},{"damage_healed":0.0,"max_hp_gain":0.0,"max_hp_loss":0.0,"gold_gain":0.0,"event_name":"Accursed Blacksmith","player_choice":"Forge","floor":27.0,"gold_loss":0.0,"damage_taken":0.0,"cards_upgraded":["Bouncing Flask"]},{"damage_healed":0.0,"max_hp_gain":0.0,"max_hp_loss":0.0,"gold_gain":0.0,"event_name":"Back to Basics","player_choice":"Simplicity","floor":30.0,"gold_loss":0.0,"damage_taken":0.0,"cards_upgraded":["Strike_G","Strike_G","Strike_G","Strike_G","Defend_G","Defend_G","Defend_G","Defend_G","Defend_G"]},{"damage_healed":0.0,"max_hp_gain":0.0,"max_hp_loss":0.0,"gold_gain":0.0,"event_name":"MindBloom","player_choice":"Fight","floor":39.0,"gold_loss":0.0,"damage_taken":0.0},{"damage_healed":0,"gold_gain":0,"player_choice":"Paid","damage_taken":0,"relics_obtained":["Red Mask"],"max_hp_gain":0,"max_hp_loss":0,"event_name":"Tomb of Lord Red Mask","floor":48,"gold_loss":384}],"is_beta":false,"boss_relics":[{"not_picked":["SacredBark","Busted Crown"],"picked":"Sozu"},{"not_picked":["Astrolabe","Fusion Hammer"],"picked":"HoveringKite"}],"items_purged_floors":[22],"is_endless":false,"potions_floor_spawned":[1,7,10,14,18,23,28,35,39,47],"ascension_level":0}}