{"host":"o5jvvi5yapo90aia","time":1610506626,"event":{"mods":["BaseMod","CapriCore","Minty Spire (QoL Compilation)","MostiFishMod","Prisma Mod","Spicy Shops","StSLib","TestMod","The Immortal","Yakumo Yukari mod","【人物mod】游戏王New YuGiOh mod","【功能Mod】Neow奖励"],"gold_per_floor":[119,136,147,72,90,118,118,149,149,165,176,191,26,61,61,188,188,204,214,230,248,267,295,295,306,306,332,350,380,414,440,440,518,518,536,936,247,263,275,309,309,339,364,364,392,282,312,331,331,336,341,341,341,9,47,52],"floor_reached":57,"language":"ZHS","playtime":1519,"items_purged":["Strike_R","Strike_R+1"],"score":4077,"play_id":"f2a533b4-218b-4247-ab89-515dad6901ac","local_time":"20210113105706","is_ascension_mode":true,"campfire_choices":[{"data":"Strike_R","floor":7,"key":"PURGE"},{"data":"Strike_R","floor":15,"key":"PURGE"},{"floor":32,"key":"RECALL"},{"data":"Bash+1","floor":44,"key":"PURGE"},{"data":"Defend_R+1","floor":49,"key":"PURGE"},{"data":"Defend_R+1","floor":53,"key":"PURGE"}],"circlet_count":0,"master_deck":["Defend_R+1","Defend_R+1","Burning Pact+1","Barricade+1","Disarm+1","Reaper+1","Body Slam+1","Feel No Pain+1","Second Wind+1","Searing Blow+21","MostiFishMod:RainCloud+1","MostiFishMod:404NotFound+1","Entrench+1","MostiFishMod:CullingBlade+1","Coolheaded+1"],"relics":["testmod-TestBox","testmod-BloodSacrificeSpiritualization","TimeFreeze","testmod-Mahjong","SynthV:TestCard","PreservedInsect","Civilization","HornCleat","BrkXgEgg","Sundial","Fusion Hammer","Darkstone Periapt","Dream Catcher","testmod-AssaultLearning","Red Mask","testmod-OneHitWonder","testmod-EnergyCheck","PrismaticShard","Omamori","ImprovedEquipment","Oddly Smooth Stone","testmod-IndustrialRevolution","testmod-LifeArmor","Akabeko","Incense Burner","Happy Flower","Anchor","Strawberry"],"acts_visited":["Exordium","TheCity","TheBeyond","TheEnding"],"potions_floor_usage":[8,40,56],"damage_taken":[{"damage":7,"enemies":"Jaw Worm","floor":1,"turns":1},{"damage":8,"enemies":"Cultist","floor":2,"turns":3},{"damage":7,"enemies":"Small Slimes","floor":3,"turns":1},{"damage":7,"enemies":"3 Louse","floor":5,"turns":1},{"damage":23,"enemies":"3 Sentries","floor":6,"turns":5},{"damage":14,"enemies":"Lagavulin","floor":8,"turns":3},{"damage":0,"enemies":"Large Slime","floor":10,"turns":4},{"damage":7,"enemies":"Looter","floor":11,"turns":3},{"damage":0,"enemies":"Gremlin Gang","floor":12,"turns":1},{"damage":0,"enemies":"Gremlin Nob","floor":14,"turns":2},{"damage":9,"enemies":"The Guardian","floor":16,"turns":24},{"damage":10,"enemies":"Chosen","floor":18,"turns":2},{"damage":11,"enemies":"Shell Parasite","floor":19,"turns":1},{"damage":12,"enemies":"Snake Plant","floor":20,"turns":2},{"damage":13,"enemies":"Cultist and Chosen","floor":21,"turns":2},{"damage":15,"enemies":"Shelled Parasite and Fungi","floor":22,"turns":2},{"damage":16,"enemies":"Gremlin Leader","floor":23,"turns":2},{"damage":18,"enemies":"Sentry and Sphere","floor":25,"turns":1},{"damage":20,"enemies":"Book of Stabbing","floor":27,"turns":1},{"damage":22,"enemies":"Chosen and Byrds","floor":28,"turns":5},{"damage":25,"enemies":"Gremlin Leader","floor":29,"turns":2},{"damage":28,"enemies":"Masked Bandits","floor":30,"turns":1},{"damage":31,"enemies":"Book of Stabbing","floor":31,"turns":1},{"damage":34,"enemies":"Automaton","floor":33,"turns":1},{"damage":37,"enemies":"Orb Walker","floor":35,"turns":1},{"damage":40,"enemies":"3 Darklings","floor":38,"turns":1},{"damage":44,"enemies":"Spire Growth","floor":39,"turns":1},{"damage":48,"enemies":"Giant Head","floor":40,"turns":3},{"damage":52,"enemies":"Giant Head","floor":41,"turns":5},{"damage":57,"enemies":"Nemesis","floor":42,"turns":1},{"damage":61,"enemies":"Reptomancer","floor":45,"turns":1},{"damage":66,"enemies":"Giant Head","floor":47,"turns":1},{"damage":72,"enemies":"Jaw Worm Horde","floor":48,"turns":2},{"damage":77,"enemies":"Donu and Deca","floor":50,"turns":1},{"damage":83,"enemies":"Awakened One","floor":51,"turns":2},{"damage":89,"enemies":"Shield and Spear","floor":55,"turns":1},{"damage":96,"enemies":"The Heart","floor":56,"turns":5}],"seed_played":"6995693972244004418","potions_obtained":[{"floor":1,"key":"DuplicationPotion"},{"floor":2,"key":"BlessingOfTheForge"},{"floor":12,"key":"Block Potion"},{"floor":19,"key":"HeartOfIron"},{"floor":40,"key":"testmod-SpacePotion"},{"floor":45,"key":"Explosive Potion"},{"floor":47,"key":"Fire Potion"},{"floor":55,"key":"Fruit Juice"}],"is_trial":false,"path_per_floor":["M","M","M","?","M","E","R","E","T","M","M","M","$","E","R","B",null,"M","M","M","M","M","E","?","M","T","E","M","E","?","E","R","B",null,"M","?","$","M","M","E","?","E","T","R","E","?","E","M","R","B","B",null,"R","$","E","B",null],"character_chosen":"IRONCLAD","items_purchased":["BrkXgEgg","PrismaticShard","Omamori","ImprovedEquipment","Happy Flower","Anchor"],"campfire_rested":0,"item_purchase_floors":[13,37,37,37,54,54],"current_hp_per_floor":[62,55,49,49,43,21,21,8,8,11,8,16,16,25,25,104,104,114,125,130,150,167,172,172,177,177,201,225,229,233,235,235,235,339,337,337,337,338,380,418,572,564,564,564,555,555,602,673,673,652,736,852,852,852,835,878],"gold":52,"neow_bonus":"BOSS_RELIC","is_daily":false,"chose_seed":false,"campfire_upgraded":0,"win_rate":0.0,"timestamp":1610506626,"path_taken":["M","M","M","?","M","E","R","E","T","M","M","M","$","E","R","BOSS","M","M","M","M","M","E","?","?","T","E","M","E","?","E","R","BOSS","M","?","$","M","M","E","?","E","T","R","E","?","E","M","R","BOSS","BOSS","R","$","E","BOSS"],"items_purchased_type":["Relic","Relic","Relic","Relic","Relic","Relic"],"build_version":"2020-12-22","purchased_purges":2,"victory":true,"max_hp_per_floor":[75,75,75,75,75,75,75,75,75,77,80,87,87,95,95,104,104,114,125,137,151,167,186,186,207,207,229,253,280,310,341,341,373,373,406,406,406,445,485,526,572,619,619,619,669,669,720,774,774,830,891,891,891,891,961,1030],"card_choices":[{"not_picked":["Twin Strike","Thunderclap"],"picked":"Whirlwind","floor":1},{"not_picked":["Rupture","Reckless Charge","Sentinel","Anger","Spot Weakness"],"picked":"SKIP","floor":2},{"not_picked":["MostiFishMod:BrandingRite","Metallicize","Cleave","Bloodletting","Wild Strike"],"picked":"SKIP","floor":3},{"not_picked":["Wild Strike","Uppercut","Dropkick","Warcry","Shrug It Off"],"picked":"SKIP","floor":5},{"not_picked":["Wild Strike","Shrug It Off","Cleave","Armaments"],"picked":"Burning Pact","floor":6},{"not_picked":["Twin Strike","Power Through","Clash","Iron Wave","Sword Boomerang"],"picked":"SKIP","floor":8},{"not_picked":["Flex","Perfected Strike","Shrug It Off","Anger"],"picked":"Barricade","floor":10},{"not_picked":["Dark Embrace","Cleave","Flex","MostiFishMod:WingOfPhoenix","Battle Trance"],"picked":"SKIP","floor":11},{"not_picked":["Pommel Strike","Twin Strike","Havoc","Seeing Red","Flex"],"picked":"SKIP","floor":12},{"not_picked":["Pommel Strike","Heavy Blade","Hemokinesis","Twin Strike"],"picked":"Disarm","floor":14},{"not_picked":["MostiFishMod:OrdinaryWorld+1","MostiFishMod:Mania+1","MostiFishMod:ChineseTea+1","Berserk+1"],"picked":"Reaper+1","floor":16},{"not_picked":["Dark Embrace","Heavy Blade+1","Ghostly Armor","Combust"],"picked":"Body Slam","floor":18},{"not_picked":["Body Slam","Battle Trance","Iron Wave","Fire Breathing","Evolve"],"picked":"SKIP","floor":19},{"not_picked":["Pommel Strike","True Grit","Intimidate","Entrench"],"picked":"Feel No Pain","floor":20},{"not_picked":["Clash","Sword Boomerang","Havoc","Wild Strike"],"picked":"Second Wind","floor":21},{"not_picked":["Fire Breathing+1","Dark Embrace","Disarm","Flex"],"picked":"Searing Blow","floor":22},{"not_picked":["Iron Wave","Headbutt","Bloodletting","Rage"],"picked":"MostiFishMod:RainCloud+1","floor":23},{"not_picked":["Warcry","Feel No Pain","Headbutt","Iron Wave","Body Slam"],"picked":"SKIP","floor":25},{"not_picked":["Burning Pact+1","MostiFishMod:#F4004","Perfected Strike","Wild Strike","Iron Wave"],"picked":"SKIP","floor":27},{"not_picked":["Iron Wave+1","Heavy Blade","Evolve","MostiFishMod:RainCloud+1","Sword Boomerang+1"],"picked":"SKIP","floor":28},{"not_picked":["Shrug It Off","Flex","Rage","Perfected Strike"],"picked":"Entrench","floor":29},{"not_picked":["Shrug It Off","MostiFishMod:#F4004","MostiFishMod:OrdinaryWorld+1","Wild Strike","Blood for Blood"],"picked":"SKIP","floor":31},{"not_picked":["MostiFishMod:404NotFound+1","MostiFishMod:HellRitual+1","Immolate+1","Corruption+1"],"picked":"MostiFishMod:CullingBlade+1","floor":33},{"not_picked":["Havoc","Spot Weakness","Clash","Clothesline","Sword Boomerang"],"picked":"SKIP","floor":35},{"not_picked":["ClearTheMind","MokouMod:FlickeringFlame","Capacitor","Quick Slash+1","CooperationSpell+1"],"picked":"SKIP","floor":38},{"not_picked":["Conserve Battery+1","PrismaMod:MiyuCheapChannelAttack","ClearTheMind","Flex+1","Study"],"picked":"SKIP","floor":39},{"not_picked":["WangLiang_OokamiKakushi_purple+1","ExpansiveShield","PrismaMod:MiyuCheapAttack2","Die Die Die+1","AntiMana"],"picked":"SKIP","floor":40},{"not_picked":["PrismaMod:IllyaPartialInstallAssassin+1","Turbo+1","Amplify+1","EmptyBody+1","PrismaMod:MiyuCheapAttack1"],"picked":"SKIP","floor":42},{"not_picked":["PrismaMod:ChloeUncommonDefend","Deadly Poison","PrismaMod:IllyaUpgradeOrbs","Dagger Spray+1","Collect+1"],"picked":"SKIP","floor":45},{"not_picked":["DragonOrigin+1","DragonReflection","MokouMod:IndiscriminateIgnition","Turbo"],"picked":"Coolheaded+1","floor":47},{"not_picked":["Distraction","MostiFishMod:LinkProtocol","testmod-Collector+1","Fiend Fire+1","PrismaMod:IllyaUncommonEvoke+1"],"picked":"SKIP","floor":48},{"not_picked":["Sword Boomerang+1","PrismaMod:IllyaCheapChannelAttack","Worldmountain_purple","Go for the Eyes+1","MostiFishMod:PathToVictory+1"],"picked":"SKIP","floor":55}],"player_experience":1413357,"relics_obtained":[{"floor":1,"key":"SynthV:TestCard"},{"floor":6,"key":"PreservedInsect"},{"floor":8,"key":"Civilization"},{"floor":9,"key":"HornCleat"},{"floor":14,"key":"Sundial"},{"floor":23,"key":"Darkstone Periapt"},{"floor":27,"key":"Dream Catcher"},{"floor":29,"key":"testmod-AssaultLearning"},{"floor":30,"key":"Red Mask"},{"floor":31,"key":"testmod-OneHitWonder"},{"floor":40,"key":"Oddly Smooth Stone"},{"floor":42,"key":"testmod-IndustrialRevolution"},{"floor":43,"key":"testmod-LifeArmor"},{"floor":45,"key":"Akabeko"},{"floor":47,"key":"Incense Burner"},{"floor":55,"key":"Strawberry"}],"event_choices":[{"cards_removed":["Strike_R"],"damage_healed":0,"gold_gain":0,"player_choice":"Card Removal","damage_taken":0,"max_hp_gain":0,"max_hp_loss":0,"event_name":"The Cleric","floor":4,"gold_loss":75},{"damage_healed":0,"gold_gain":0,"player_choice":"1 cards matched","damage_taken":0,"max_hp_gain":0,"max_hp_loss":0,"event_name":"Match and Keep!","floor":24,"gold_loss":0,"cards_obtained":["MostiFishMod:404NotFound"]},{"damage_healed":0,"gold_gain":0,"player_choice":"Fought Bandits","damage_taken":0,"max_hp_gain":0,"max_hp_loss":0,"event_name":"Masked Bandits","floor":30,"gold_loss":0},{"damage_healed":0,"gold_gain":400,"player_choice":"Sell","damage_taken":0,"max_hp_gain":0,"max_hp_loss":0,"event_name":"恩洛斯的盘子","floor":36,"relics_lost":["DaveBox"],"gold_loss":0},{"cards_removed":["Whirlwind"],"damage_healed":0,"gold_gain":0,"player_choice":"Upgrade and Remove","damage_taken":0,"max_hp_gain":0,"max_hp_loss":0,"event_name":"Designer","floor":46,"gold_loss":110,"cards_upgraded":["Searing Blow"]}],"is_beta":false,"boss_relics":[{"not_picked":["RhineCircuit","Mark of Pain"],"picked":"Fusion Hammer"},{"not_picked":["Velvet Choker","TakeMeEscape"],"picked":"testmod-EnergyCheck"}],"items_purged_floors":[37,37],"is_endless":false,"potions_floor_spawned":[1,2,5,12,14,19,25,27,28,29,31,35,40,45,47,55],"ascension_level":20}}