{"host":"tom9euzqew4po1rs","time":1610517447,"event":{"mods":["BaseMod","Curses Come First","Downfall","Minty Spire (QoL Compilation)","Quick Restart","Rare Cards Sparkle","Replay The Spire","StSLib","The Cursed"],"gold_per_floor":[0,17,28,28,52,52,52,52,63,83,94,120,11,11,24,122,122,122,122,122,122,122,122,122,122,27,27,12,12,12,12,12,12,12,12,12,12,12,12,12,12,12,12,12,12,12,12,12,12,12,12,12,12,12,12,12,12],"floor_reached":55,"language":"ENG","playtime":5199,"items_purged":[],"score":795,"play_id":"afb7fd64-e9bb-439d-a0be-b9a5b64e030b","local_time":"20210113005727","is_ascension_mode":false,"campfire_choices":[{"floor":1,"key":"RECALL"},{"data":"Slimebound:Split","floor":6,"key":"SMITH"},{"data":"Slimebound:SamplingLick","floor":18,"key":"SMITH"},{"data":"Slimebound:AcidTongue","floor":25,"key":"SMITH"},{"data":"Slimebound:MassRepurpose","floor":35,"key":"SMITH"},{"data":"Slimebound:Overexert","floor":40,"key":"SMITH"},{"data":"Slimebound:LeechEnergy","floor":42,"key":"SMITH"},{"data":"J.A.X.","floor":47,"key":"SMITH"},{"floor":54,"key":"REST"}],"circlet_count":0,"master_deck":["Slimebound:Strike_Slimebound","Slimebound:Strike_Slimebound","Slimebound:Defend_Slimebound","Slimebound:Defend_Slimebound","Slimebound:Defend_Slimebound","Slimebound:Defend_Slimebound","Slimebound:Split+1","Slimebound:CorrosiveSpit","Slimebound:LeechEnergy+1","Slimebound:SlimeSpikes","Slimebound:AcidTongue+1","Slimebound:GoopSpray","Slimebound:SamplingLick","Slimebound:SplitMire","Slimebound:RallyTheTroops","Slimebound:SamplingLick+1","Slimebound:LeechingTouch","Slimebound:LeechingTouch","Slimebound:SplitMire","Slimebound:OneTwoCombo","J.A.X.+1","Slimebound:HauntingLick","Slimebound:OneTwoCombo","Slimebound:SplitBruiser","Slimebound:Repurpose+1","Slimebound:SplitAcid","Slimebound:LeechEnergy+1","Slimebound:SpikyOuterGoop","Slimebound:GrowthPunch+1","Slimebound:Overexert+1","Slimebound:Repurpose","Slimebound:SplitLeeching","Slimebound:SplitBruiser","Slimebound:MassRepurpose+1","Slimebound:ProtectTheBoss+1","Slimebound:MegaLick+1","Slimebound:TongueLash","Slimebound:SplitAcid+1","Slimebound:ProtectTheBoss+1","Slimebound:LeechEnergy","Slimebound:LeechEnergy","Parasite","Slimebound:SplitLeeching+1","Slimebound:OneTwoCombo"],"relics":["Slimebound:AbsorbEndCombat","Chameleon Ring","Ice Cream","Ornamental Fan","downfall:Hecktoplasm","downfall:HeartBlessingRed","downfall:HeartBlessingBlue","MutagenicStrength","Iron Hammer","Slimebound:TarBlob","Replay:Accelerometer","Strawberry","downfall:HeartBlessingGreen","Toy Ornithopter"],"acts_visited":["Exordium","TheCity","TheBeyond","TheEnding"],"potions_floor_usage":[16,16,21,22,23,23,32,36,43,44,44,45,50,55],"damage_taken":[{"damage":5,"enemies":"2 Louse","floor":2,"turns":2},{"damage":4,"enemies":"Small Slimes","floor":3,"turns":3},{"damage":11,"enemies":"Jaw Worm","floor":9,"turns":2},{"damage":26,"enemies":"Exordium Thugs","floor":10,"turns":4},{"damage":12,"enemies":"2 Fungi Beasts","floor":11,"turns":3},{"damage":12,"enemies":"downfall:FleeingMerchant","floor":13,"turns":4},{"damage":19,"enemies":"Large Slime","floor":15,"turns":3},{"damage":55,"enemies":"downfall:Ironclad","floor":16,"turns":8},{"damage":36,"enemies":"Chosen","floor":19,"turns":5},{"damage":38,"enemies":"Shelled Parasite and Fungi","floor":20,"turns":5},{"damage":23,"enemies":"downfall:Augmenter","floor":21,"turns":4},{"damage":16,"enemies":"3 Cultists","floor":22,"turns":3},{"damage":17,"enemies":"Cultist and Chosen","floor":23,"turns":2},{"damage":15,"enemies":"downfall:FleeingMerchant","floor":26,"turns":4},{"damage":25,"enemies":"Snake Plant","floor":27,"turns":3},{"damage":27,"enemies":"downfall:FleeingMerchant","floor":28,"turns":4},{"damage":20,"enemies":"Centurion and Healer","floor":30,"turns":4},{"damage":16,"enemies":"Shelled Parasite and Fungi","floor":31,"turns":3},{"damage":12,"enemies":"3 Cultists","floor":32,"turns":3},{"damage":20,"enemies":"downfall:Defect","floor":33,"turns":5},{"damage":36,"enemies":"3 Darklings","floor":36,"turns":2},{"damage":27,"enemies":"3 Shapes","floor":38,"turns":2},{"damage":32,"enemies":"Jaw Worm Horde","floor":43,"turns":3},{"damage":72,"enemies":"Nemesis","floor":44,"turns":5},{"damage":49,"enemies":"Transient","floor":45,"turns":5},{"damage":32,"enemies":"4 Shapes","floor":46,"turns":2},{"damage":30,"enemies":"Writhing Mass","floor":49,"turns":4},{"damage":84,"enemies":"downfall:Silent","floor":50,"turns":5},{"damage":88,"enemies":"downfall:CharBossMerchant","floor":52,"turns":5},{"damage":159,"enemies":"downfall:NeowBoss","floor":55,"turns":19}],"seed_played":"-2711559890886770694","potions_obtained":[{"floor":9,"key":"SteroidPotion"},{"floor":15,"key":"ColorlessPotion"},{"floor":16,"key":"Ancient Potion"},{"floor":20,"key":"LiquidMemories"},{"floor":21,"key":"Fire Potion"},{"floor":22,"key":"Explosive Potion"},{"floor":31,"key":"champ:CounterPotion"},{"floor":32,"key":"GamblersBrew"},{"floor":33,"key":"SteroidPotion"},{"floor":38,"key":"PowerPotion"},{"floor":43,"key":"ColorlessPotion"},{"floor":44,"key":"Explosive Potion"},{"floor":49,"key":"Strength Potion"},{"floor":52,"key":"hexamod:EctoCoolerPotion"}],"is_trial":false,"path_per_floor":["R","M","M","?","?","R","T","?","M","M","M","T","$","?","M","B",null,"R","M","M","?","M","M","T","R","$","M","$","?","M","M","M","B",null,"R","M","?","M","?","R","T","R","M","E","M","M","R","$","M","B",null,"E","$","R","B"],"character_chosen":"SLIMEBOUND","items_purchased":["Slimebound:SamplingLick","Slimebound:LeechingTouch","Slimebound:SpikyOuterGoop"],"campfire_rested":1,"item_purchase_floors":[13,13,26],"current_hp_per_floor":[72,72,72,69,41,41,41,46,51,49,53,53,69,69,66,51,77,87,66,72,81,87,87,87,87,87,86,87,87,78,87,87,87,87,87,69,69,84,84,84,84,84,87,64,72,84,84,84,94,85,94,59,59,87,0,0,0],"gold":12,"neow_bonus":"TWENTY_PERCENT_HP_BONUS","is_daily":false,"chose_seed":false,"campfire_upgraded":7,"win_rate":0.0,"timestamp":1610517447,"path_taken":["R","M","M","?","?","R","T","?","?","M","M","?","$","?","M","BOSS","R","M","M","?","M","M","T","R","$","M","$","?","M","M","M","BOSS","R","M","?","M","?","R","T","R","M","E","?","M","R","$","M","BOSS","E","$","R","BOSS"],"items_purchased_type":["Card","Card","Card"],"build_version":"2020-12-22","purchased_purges":0,"victory":false,"max_hp_per_floor":[72,72,72,72,72,72,72,77,77,77,77,77,77,77,77,77,77,87,87,87,87,87,87,87,87,87,87,87,87,87,87,87,87,87,87,87,87,87,87,87,87,87,87,94,94,94,94,94,94,94,94,94,94,94,94,94,94],"card_choices":[{"not_picked":["Slimebound:SamplingLick","Slimebound:Prepare"],"picked":"Slimebound:LeechEnergy","floor":2},{"not_picked":["Slimebound:Grow","Slimebound:SplitLeeching"],"picked":"Slimebound:SlimeSpikes","floor":3},{"not_picked":["Slimebound:FinishingTackle","Slimebound:RollThrough"],"picked":"Slimebound:AcidTongue","floor":5},{"not_picked":["Slimebound:ForwardTackle","Slimebound:SlimeSpikes"],"picked":"Slimebound:GoopSpray","floor":9},{"not_picked":["Slimebound:Schlurp","Slimebound:PressTheAttack"],"picked":"Slimebound:SamplingLick","floor":10},{"not_picked":["Slimebound:FirmFortitude","Slimebound:AcidTongue"],"picked":"Slimebound:SplitMire","floor":11},{"not_picked":["Slimebound:MegaLick","Slimebound:SlimeSpikes"],"picked":"Slimebound:RallyTheTroops","floor":13},{"not_picked":["Slimebound:ViciousTackle","Slimebound:ComboTackle"],"picked":"Slimebound:LeechingTouch","floor":15},{"not_picked":["Slimebound:DouseInSlime","Slimebound:SlimeSlap"],"picked":"Slimebound:SelfFormingGoo","floor":16},{"not_picked":["Slimebound:ViciousTackle","Slimebound:PressTheAttack"],"picked":"Slimebound:SplitMire","floor":19},{"not_picked":["Slimebound:LeechingTouch","Slimebound:SplitBruiser"],"picked":"Slimebound:OneTwoCombo","floor":20},{"not_picked":[],"picked":"J.A.X.","floor":21},{"not_picked":["Slimebound:FormOfPuddle","Slimebound:RollThrough+1"],"picked":"Slimebound:HauntingLick","floor":21},{"not_picked":["Slimebound:SplitBruiser+1","Slimebound:LeechEnergy"],"picked":"Slimebound:Repurpose+1","floor":22},{"not_picked":["Slimebound:GoopSpray","Slimebound:LeechEnergy"],"picked":"Slimebound:SplitAcid","floor":23},{"not_picked":["Slimebound:LeechingTouch","Slimebound:Schlurp+1"],"picked":"Slimebound:LeechEnergy","floor":26},{"not_picked":["Slimebound:Nibble","Slimebound:ItLooksTasty"],"picked":"Slimebound:GrowthPunch+1","floor":27},{"not_picked":["Slimebound:RejuvenatingLick","Slimebound:HauntingLick"],"picked":"Slimebound:Overexert","floor":28},{"not_picked":["Slimebound:AcidTongue+1","Slimebound:Schlurp"],"picked":"Slimebound:Repurpose","floor":30},{"not_picked":["Slimebound:Repurpose+1","Slimebound:RainOfGoop"],"picked":"Slimebound:SplitLeeching","floor":31},{"not_picked":["Slimebound:FinishingTackle","Slimebound:Schlurp"],"picked":"Slimebound:SplitBruiser","floor":32},{"not_picked":["Slimebound:DouseInSlime","Slimebound:MassFeed"],"picked":"Slimebound:MassRepurpose","floor":33},{"not_picked":["Slimebound:ForwardTackle","Slimebound:ViciousTackle"],"picked":"Slimebound:ProtectTheBoss+1","floor":36},{"not_picked":["Slimebound:BestDefense+1","Slimebound:HauntingLick"],"picked":"Slimebound:MegaLick+1","floor":38},{"not_picked":["Slimebound:RollThrough+1","Slimebound:SamplingLick+1"],"picked":"Slimebound:SplitAcid+1","floor":43},{"not_picked":["Slimebound:SamplingLick","Slimebound:SlimeSpikes"],"picked":"Slimebound:ProtectTheBoss+1","floor":44},{"not_picked":["Slimebound:DisruptingSlam","Slimebound:PressTheAttack"],"picked":"Slimebound:LeechEnergy","floor":45},{"not_picked":["Slimebound:LeechLife","Slimebound:Equalize"],"picked":"Slimebound:LeechEnergy","floor":46},{"not_picked":["Slimebound:SplitAcid","Slimebound:TongueLash+1"],"picked":"Slimebound:SplitLeeching+1","floor":49},{"not_picked":["Slimebound:Schlurp","Slimebound:LeadByExample"],"picked":"Slimebound:OneTwoCombo","floor":52}],"player_experience":110747,"relics_obtained":[{"floor":5,"key":"Ice Cream"},{"floor":7,"key":"Ornamental Fan"},{"floor":21,"key":"MutagenicStrength"},{"floor":24,"key":"Iron Hammer"},{"floor":41,"key":"Replay:Accelerometer"},{"floor":44,"key":"Strawberry"},{"floor":52,"key":"Toy Ornithopter"}],"event_choices":[{"damage_healed":0,"gold_gain":0,"player_choice":"Success","damage_taken":3,"relics_obtained":["Chameleon Ring"],"max_hp_gain":0,"max_hp_loss":0,"event_name":"Scrap Ooze","floor":4,"gold_loss":0},{"damage_healed":0,"gold_gain":0,"player_choice":"Donut","damage_taken":0,"max_hp_gain":5,"max_hp_loss":0,"event_name":"Big Fish","floor":8,"gold_loss":0},{"damage_healed":0,"gold_gain":0,"player_choice":"Ignored","damage_taken":0,"max_hp_gain":0,"max_hp_loss":0,"event_name":"Vampires","floor":29,"gold_loss":0},{"damage_healed":0,"gold_gain":0,"cards_transformed":["Slimebound:Strike_Slimebound"],"player_choice":"Transformed","damage_taken":0,"max_hp_gain":0,"max_hp_loss":0,"event_name":"Transmorgrifier","floor":39,"gold_loss":0,"cards_obtained":["Slimebound:TongueLash"]}],"is_beta":false,"boss_relics":[{"not_picked":["Replay:Grab Bag","Busted Crown"],"picked":"downfall:Hecktoplasm"},{"not_picked":["Black Star","Replay:Ancient Bell"],"picked":"Slimebound:TarBlob"}],"items_purged_floors":[],"is_endless":false,"potions_floor_spawned":[9,15,16,20,21,22,31,32,33,38,43,44,49,52],"killed_by":"downfall:NeowBoss","ascension_level":0}}