{"host":"utcbn1j9ebmpc40m","time":1610577726,"event":{"mods":["BaseMod","Better Match","GifTheSpireLib","Minty Spire (QoL Compilation)","Poor People Problems","StSLib","SuperFastMode","The IronCluck"],"gold_per_floor":[115,130,62,162,172,172,198,198,198,230,250,250,250,250],"floor_reached":13,"language":"ENG","playtime":224,"items_purged":[],"score":135,"play_id":"b4aae30e-0f66-4c4e-8b31-bf1834b13256","local_time":"20210113174206","is_ascension_mode":true,"campfire_choices":[{"data":"Strike_R","floor":6,"key":"PURGE"},{"floor":8,"key":"REST"}],"circlet_count":0,"master_deck":["Strike_R","Strike_R","Strike_R","Strike_R","Defend_R","Defend_R","Defend_R","Defend_R","Bash","CurseOfTheBell","Cleave","Heavy Blade","Juggernaut+1","Headbutt","Feel No Pain+1","Havoc","Body Slam"],"relics":["Calling Bell","Art of War","Frozen Egg 2","Peace Pipe","Sundial","Bottled Tornado","Question Card"],"acts_visited":["Exordium"],"potions_floor_usage":[7,10,11,13],"damage_taken":[{"damage":13,"enemies":"2 Louse","floor":1,"turns":3},{"damage":0,"enemies":"Cultist","floor":2,"turns":4},{"damage":7,"enemies":"Small Slimes","floor":5,"turns":3},{"damage":24,"enemies":"Gremlin Nob","floor":7,"turns":4},{"damage":28,"enemies":"Lagavulin","floor":10,"turns":6},{"damage":17,"enemies":"Looter","floor":11,"turns":3},{"damage":15,"enemies":"3 Sentries","floor":13,"turns":2}],"seed_played":"-6520249333917219593","potions_obtained":[{"floor":5,"key":"Weak Potion"},{"floor":7,"key":"EssenceOfSteel"},{"floor":10,"key":"SneckoOil"},{"floor":11,"key":"Fire Potion"}],"is_trial":false,"path_per_floor":["M","M","$","?","M","R","E","R","T","E","M","?","E"],"character_chosen":"IRONCLAD","items_purchased":["Juggernaut+1"],"campfire_rested":1,"item_purchase_floors":[3],"current_hp_per_floor":[59,59,59,59,52,52,28,52,52,24,7,7,0,0],"gold":250,"neow_bonus":"BOSS_RELIC","is_daily":false,"chose_seed":false,"campfire_upgraded":0,"win_rate":0.0,"timestamp":1610577726,"path_taken":["M","M","$","?","M","R","E","R","T","E","?","?","E"],"items_purchased_type":["Card"],"build_version":"2020-12-22","purchased_purges":0,"victory":false,"max_hp_per_floor":[80,80,80,80,80,80,80,80,80,80,80,80,80,80],"card_choices":[{"not_picked":["Clash","Perfected Strike"],"picked":"Cleave","floor":1},{"not_picked":["Blood for Blood","Disarm"],"picked":"Heavy Blade","floor":2},{"not_picked":["Flex","Perfected Strike"],"picked":"Headbutt","floor":5},{"not_picked":["Sever Soul","Wild Strike"],"picked":"Feel No Pain+1","floor":7},{"not_picked":["Reckless Charge","Clothesline"],"picked":"Havoc","floor":10},{"not_picked":["Hemokinesis","Ghostly Armor","Feed"],"picked":"Body Slam","floor":11}],"player_experience":477206,"relics_obtained":[{"floor":0,"key":"Art of War"},{"floor":0,"key":"Frozen Egg 2"},{"floor":0,"key":"Peace Pipe"},{"floor":7,"key":"Sundial"},{"floor":9,"key":"Bottled Tornado"},{"floor":10,"key":"Question Card"}],"event_choices":[{"damage_healed":0,"gold_gain":100,"player_choice":"Pray","damage_taken":0,"max_hp_gain":0,"max_hp_loss":0,"event_name":"Golden Shrine","floor":4,"gold_loss":0},{"damage_healed":0,"gold_gain":0,"player_choice":"Ignored","damage_taken":0,"max_hp_gain":0,"max_hp_loss":0,"event_name":"Liars Game","floor":12,"gold_loss":0}],"is_beta":false,"boss_relics":[],"items_purged_floors":[],"is_endless":false,"potions_floor_spawned":[5,7,10,11],"killed_by":"3 Sentries","ascension_level":9}}