{"host":"r6jigiblrojhp6xe","time":1610512999,"event":{"mods":["AchievementEnabler","BaseMod","DeckTracker","Minty Spire (QoL Compilation)","Quick Restart","Rare Cards Sparkle","Relic Stats","StSLib","SuperFastMode","The Cursed","everything is the same but u backflip on backflip"],"gold_per_floor":[110,110,110,185,16,51,51,51,77,77,106,117,131,141,141,215,215,230,240,155,155,155],"floor_reached":21,"language":"KOR","playtime":335,"items_purged":[],"score":474,"play_id":"57e2c7f4-a700-4a9c-a8c5-98a4c4319335","local_time":"20210113134319","is_ascension_mode":true,"campfire_choices":[{"data":"Bash","floor":8.0,"key":"SMITH"},{"floor":10.0,"key":"RECALL"},{"data":"Anger","floor":15.0,"key":"SMITH"}],"circlet_count":0,"master_deck":["AscendersBane","Strike_R","Strike_R","Strike_R","Strike_R","Defend_R+1","Defend_R+1","Defend_R","Defend_R","Bash+1","Anger+1","Pommel Strike","Immolate","Sword Boomerang+1","True Grit+1"],"relics":["Black Blood","NeowsBlessing","Bag of Preparation","Blue Candle","MealTicket","Potion Belt","Ancient Tea Set","Prayer Wheel"],"acts_visited":["Exordium","TheCity"],"potions_floor_usage":[16,16,19],"damage_taken":[{"damage":0.0,"enemies":"2 Louse","floor":1.0,"turns":1.0},{"damage":0.0,"enemies":"Gremlin Nob","floor":6.0,"turns":1.0},{"damage":0.0,"enemies":"Lagavulin","floor":11.0,"turns":1.0},{"damage":10.0,"enemies":"Small Slimes","floor":12.0,"turns":3.0},{"damage":0.0,"enemies":"Jaw Worm","floor":13.0,"turns":4.0},{"damage":0.0,"enemies":"Large Slime","floor":14.0,"turns":3.0},{"damage":36,"enemies":"Hexaghost","floor":16,"turns":9},{"damage":37,"enemies":"Spheric Guardian","floor":18,"turns":6},{"damage":13,"enemies":"2 Thieves","floor":19,"turns":3},{"damage":39,"enemies":"Centurion and Healer","floor":21,"turns":7}],"seed_played":"-1620527143018839782","potions_obtained":[{"floor":12.0,"key":"GamblersBrew"},{"floor":13.0,"key":"FearPotion"},{"floor":18,"key":"Block Potion"}],"is_trial":false,"path_per_floor":["M","?","?","?","$","E","?","R","T","R","E","M","M","M","R","B",null,"M","M","?","M"],"character_chosen":"IRONCLAD","items_purchased":["Bag of Preparation"],"campfire_rested":0,"item_purchase_floors":[5],"current_hp_per_floor":[74,67,44,33,33,39,28,28,28,28,34,30,36,42,42,12,59,34,33,33,0,0],"gold":155,"neow_bonus":"THREE_ENEMY_KILL","is_daily":false,"chose_seed":false,"campfire_upgraded":2,"win_rate":0.0,"timestamp":1610512999,"path_taken":["M","?","?","?","?","E","?","R","T","R","E","M","M","M","R","BOSS","M","M","?","M"],"items_purchased_type":["Relic"],"build_version":"2020-12-22","purchased_purges":0,"victory":false,"max_hp_per_floor":[75,75,75,75,75,75,75,75,75,75,75,75,75,75,75,75,75,75,75,75,75,75],"relic_stats":{"counters":[10,38],"Blue Candle":[0],"Black Blood":66,"MealTicket":0,"Prayer Wheel":0,"Bag of Preparation":[18],"obtain_stats":[{"Potion Belt":9,"NeowsBlessing":0,"Blue Candle":6,"Black Blood":17,"MealTicket":7,"Prayer Wheel":20,"Bag of Preparation":5,"Ancient Tea Set":11,"Burning Blood":0},{"Potion Belt":2,"NeowsBlessing":0,"Blue Candle":2,"Black Blood":7,"MealTicket":2,"Prayer Wheel":9,"Bag of Preparation":1,"Ancient Tea Set":3,"Burning Blood":0},{"Potion Belt":2,"NeowsBlessing":0,"Blue Candle":2,"Black Blood":22,"MealTicket":2,"Prayer Wheel":31,"Bag of Preparation":1,"Ancient Tea Set":3,"Burning Blood":0}]},"card_choices":[{"not_picked":["Iron Wave","Sever Soul","Sword Boomerang"],"picked":"SKIP","floor":1.0},{"not_picked":["Iron Wave","Exhume","Intimidate"],"picked":"SKIP","floor":6.0},{"not_picked":["Pummel","Rage"],"picked":"Anger","floor":11.0},{"not_picked":["Intimidate","Sword Boomerang","Wild Strike"],"picked":"SKIP","floor":12.0},{"not_picked":["Perfected Strike","Searing Blow"],"picked":"Pommel Strike","floor":13.0},{"not_picked":["Anger","True Grit","Warcry"],"picked":"SKIP","floor":14.0},{"not_picked":["Berserk","Fiend Fire"],"picked":"Immolate","floor":16},{"not_picked":["Hemokinesis","Armaments"],"picked":"Sword Boomerang+1","floor":18},{"not_picked":["Shrug It Off","Clash+1"],"picked":"True Grit+1","floor":19}],"player_experience":572707,"relics_obtained":[{"floor":6.0,"key":"Blue Candle"},{"floor":9.0,"key":"Potion Belt"},{"floor":11.0,"key":"Ancient Tea Set"}],"event_choices":[{"cards_removed":["Strike_R"],"damage_healed":0.0,"max_hp_gain":0.0,"max_hp_loss":0.0,"gold_gain":0.0,"event_name":"Golden Wing","player_choice":"Card Removal","floor":2.0,"gold_loss":0.0,"damage_taken":7.0},{"damage_healed":0.0,"max_hp_gain":0.0,"max_hp_loss":0.0,"gold_gain":0.0,"event_name":"Shining Light","player_choice":"Entered Light","floor":3.0,"gold_loss":0.0,"damage_taken":23.0,"cards_upgraded":["Defend_R","Defend_R"]},{"damage_healed":0.0,"max_hp_gain":0.0,"max_hp_loss":0.0,"gold_gain":75.0,"event_name":"World of Goop","player_choice":"Gather Gold","floor":4.0,"gold_loss":0.0,"damage_taken":11.0},{"damage_healed":0.0,"max_hp_gain":0.0,"max_hp_loss":0.0,"gold_gain":0.0,"event_name":"Scrap Ooze","player_choice":"Success","floor":7.0,"gold_loss":0.0,"damage_taken":11.0,"relics_obtained":["MealTicket"]},{"damage_healed":0,"gold_gain":0,"player_choice":"Obtained Relic","damage_taken":0,"relics_obtained":["Prayer Wheel"],"max_hp_gain":0,"max_hp_loss":0,"event_name":"Addict","floor":20,"gold_loss":85}],"is_beta":false,"boss_relics":[{"not_picked":["Empty Cage","Snecko Eye"],"picked":"Black Blood"}],"items_purged_floors":[],"is_endless":false,"potions_floor_spawned":[12,13,18],"killed_by":"Centurion and Healer","ascension_level":20}}