{"host":"s41rn2jhghpwfrvz","time":1610523156,"event":{"mods":["BaseMod","Minty Spire (QoL Compilation)","Quick Restart","Relic Stats","SuperFastMode"],"gold_per_floor":[119,44,44,56,67,79,91,144,156,201,228,265,277,123,123,123,123],"floor_reached":16,"language":"ENG","playtime":358,"items_purged":["Shockwave","Swivel"],"score":270,"play_id":"1e5b45ed-939f-46f0-8c23-57248a3652ac","local_time":"20210113093236","daily_mods":["SealedDeck","Vintage","Diverse"],"is_ascension_mode":true,"campfire_choices":[{"data":"Body Slam","floor":6,"key":"SMITH"},{"data":"Flame Barrier","floor":13,"key":"SMITH"},{"data":"Escape Plan","floor":15,"key":"SMITH"}],"circlet_count":0,"master_deck":["AscendersBane","Flame Barrier+1","ClearTheMind","Beam Cell","TalkToTheHand+1","Hologram","Gash","Prostrate+1","Body Slam+1","Escape Plan+1"],"relics":["Burning Blood","Gambling Chip","CeramicFish","MawBank","Golden Idol","Akabeko","White Beast Statue","Ginger","Eternal Feather","Dream Catcher"],"acts_visited":["Exordium"],"potions_floor_usage":[16],"damage_taken":[{"damage":0,"enemies":"Cultist","floor":1,"turns":4},{"damage":2,"enemies":"Small Slimes","floor":4,"turns":3},{"damage":0,"enemies":"Jaw Worm","floor":5,"turns":3},{"damage":0,"enemies":"Lagavulin","floor":8,"turns":5},{"damage":18,"enemies":"Gremlin Nob","floor":10,"turns":4},{"damage":0,"enemies":"Looter","floor":11,"turns":2},{"damage":2,"enemies":"Large Slime","floor":12,"turns":7},{"damage":60,"enemies":"Slime Boss","floor":16,"turns":8}],"seed_played":"3853050755234428868","potions_obtained":[{"floor":4,"key":"PowerPotion"},{"floor":5,"key":"Ancient Potion"}],"is_trial":true,"path_per_floor":["M","$","?","M","M","R","?","E","T","E","M","M","R","$","R","B"],"character_chosen":"IRONCLAD","items_purchased":["Escape Plan"],"campfire_rested":0,"item_purchase_floors":[14],"current_hp_per_floor":[74,74,51,55,61,61,35,41,41,29,35,39,45,45,51,0,0],"gold":123,"neow_bonus":"","is_daily":false,"chose_seed":false,"campfire_upgraded":3,"win_rate":0.0,"timestamp":1610523156,"path_taken":["M","$","?","M","M","R","?","E","T","E","M","M","R","$","R","BOSS"],"items_purchased_type":["Card"],"build_version":"2020-12-22","purchased_purges":2,"victory":false,"max_hp_per_floor":[75,75,75,75,75,75,75,75,75,75,75,75,75,75,75,75,75],"relic_stats":{"Dream Catcher":0,"counters":[8,36],"Golden Idol":23,"Gambling Chip":[4],"CeramicFish":9,"Eternal Feather":12,"Ginger":[0],"MawBank":108,"obtain_stats":[{"Dream Catcher":12,"Golden Idol":7,"Gambling Chip":1,"CeramicFish":4,"Eternal Feather":11,"Ginger":10,"MawBank":5,"Burning Blood":0,"Akabeko":8,"White Beast Statue":9},{"Dream Catcher":7,"Golden Idol":3,"Gambling Chip":1,"CeramicFish":2,"Eternal Feather":6,"Ginger":5,"MawBank":3,"Burning Blood":0,"Akabeko":4,"White Beast Statue":4},{"Dream Catcher":28,"Golden Idol":10,"Gambling Chip":4,"CeramicFish":7,"Eternal Feather":21,"Ginger":19,"MawBank":10,"Burning Blood":0,"Akabeko":15,"White Beast Statue":15}],"Burning Blood":42},"card_choices":[{"not_picked":["Whirlwind","Judgement","Clothesline"],"picked":"SKIP","floor":8},{"not_picked":["Perfected Strike","JustLucky","Chill"],"picked":"SKIP","floor":10}],"player_experience":1720043,"relics_obtained":[{"floor":1,"key":"Gambling Chip"},{"floor":4,"key":"CeramicFish"},{"floor":5,"key":"MawBank"},{"floor":8,"key":"Akabeko"},{"floor":9,"key":"White Beast Statue"},{"floor":10,"key":"Ginger"},{"floor":11,"key":"Eternal Feather"},{"floor":12,"key":"Dream Catcher"}],"event_choices":[{"damage_healed":0,"gold_gain":0,"player_choice":"Entered Light","damage_taken":23,"max_hp_gain":0,"max_hp_loss":0,"event_name":"Shining Light","floor":3,"gold_loss":0,"cards_upgraded":["TalkToTheHand","Prostrate"]},{"damage_healed":0,"gold_gain":0,"player_choice":"Take Damage","damage_taken":26,"relics_obtained":["Golden Idol"],"max_hp_gain":0,"max_hp_loss":0,"event_name":"Golden Idol","floor":7,"gold_loss":0}],"is_beta":false,"boss_relics":[],"items_purged_floors":[2,14],"is_endless":false,"potions_floor_spawned":[4,5,10,11,12],"killed_by":"Slime Boss","ascension_level":20}}