{"host":"jggt5i9rbuoqvque","time":1610562115,"event":{"mods":["BaseMod","Colored Map","Minty Spire (QoL Compilation)","StSLib"],"gold_per_floor":[118,118,66,95,126,165,194,206,270,282,282],"floor_reached":10,"language":"KOR","playtime":219,"items_purged":[],"score":92,"play_id":"a69ddde1-c27e-417a-8a0a-c103dad7ca3b","local_time":"20210114032155","is_ascension_mode":true,"campfire_choices":[],"circlet_count":0,"master_deck":["Strike_R","Strike_R","Strike_R","Strike_R","Strike_R","Defend_R","Defend_R","Defend_R","Defend_R","Bash","Shrug It Off","Heavy Blade"],"relics":["Burning Blood","NeowsBlessing","Ornamental Fan","MawBank","Anchor","Nunchaku"],"acts_visited":["Exordium"],"potions_floor_usage":[],"damage_taken":[{"damage":0,"enemies":"Small Slimes","floor":1,"turns":1},{"damage":0,"enemies":"2 Louse","floor":4,"turns":1},{"damage":0,"enemies":"Cultist","floor":5,"turns":1},{"damage":61,"enemies":"3 Sentries","floor":6,"turns":15},{"damage":16,"enemies":"Blue Slaver","floor":7,"turns":4},{"damage":0,"enemies":"Gremlin Nob","floor":10,"turns":2}],"seed_played":"-5408978059223279036","potions_obtained":[{"floor":7,"key":"Energy Potion"}],"is_trial":false,"path_per_floor":["M","?","?","M","M","E","M","?","T","E"],"character_chosen":"IRONCLAD","items_purchased":[],"campfire_rested":0,"item_purchase_floors":[],"current_hp_per_floor":[78,78,78,80,80,25,15,8,8,8,8],"gold":282,"neow_bonus":"THREE_ENEMY_KILL","is_daily":false,"chose_seed":false,"campfire_upgraded":0,"win_rate":0.0,"timestamp":1610562115,"path_taken":["M","?","?","M","?","E","M","?","T","E"],"items_purchased_type":[],"build_version":"2020-12-22","purchased_purges":0,"victory":false,"max_hp_per_floor":[80,80,80,80,80,80,80,80,80,80,80],"card_choices":[{"not_picked":["Twin Strike","Flex","Iron Wave"],"picked":"SKIP","floor":1},{"not_picked":["Ghostly Armor","Sword Boomerang","Headbutt"],"picked":"SKIP","floor":4},{"not_picked":["Pommel Strike","Intimidate"],"picked":"Shrug It Off","floor":5},{"not_picked":["Fire Breathing","Berserk","Cleave"],"picked":"SKIP","floor":6},{"not_picked":["Havoc","Dual Wield"],"picked":"Heavy Blade","floor":7}],"player_experience":327190,"relics_obtained":[{"floor":6,"key":"Anchor"},{"floor":9,"key":"Nunchaku"}],"event_choices":[{"damage_healed":0,"gold_gain":0,"player_choice":"Box","damage_taken":0,"relics_obtained":["Ornamental Fan"],"max_hp_gain":0,"max_hp_loss":0,"event_name":"Big Fish","floor":2,"gold_loss":0,"cards_obtained":["Regret"]},{"damage_healed":0,"gold_gain":0,"player_choice":"Paid Gold","damage_taken":0,"relics_obtained":["MawBank"],"max_hp_gain":0,"max_hp_loss":0,"event_name":"WeMeetAgain","floor":3,"gold_loss":52},{"cards_removed":["Regret"],"damage_healed":0,"gold_gain":0,"player_choice":"Card Removal","damage_taken":7,"max_hp_gain":0,"max_hp_loss":0,"event_name":"Golden Wing","floor":8,"gold_loss":0}],"is_beta":false,"boss_relics":[],"items_purged_floors":[],"is_endless":false,"potions_floor_spawned":[7],"killed_by":"Gremlin Nob","ascension_level":7}}