{"host":"5padt50u07xd1iby","time":1610531940,"event":{"mods":["AchievementEnabler","BaseMod","Colored Map","Colored Powertips","Downfall","Hubris","Minty Spire (QoL Compilation)","Shop Mod","StSLib","SuperFastMode"],"gold_per_floor":[99,119,119,58,158,183,229,229,229,229],"floor_reached":8,"language":"ENG","playtime":1184,"items_purged":[],"score":44,"play_id":"40a9efc3-f72a-422d-ab26-ba202a931547","local_time":"20210113105900","is_ascension_mode":false,"campfire_choices":[{"data":"Guardian:CurlUp","floor":1,"key":"SMITH"}],"circlet_count":0,"master_deck":["Guardian:Strike_Guardian","Guardian:Strike_Guardian","Guardian:Strike_Guardian","Guardian:Strike_Guardian","Guardian:Defend_Guardian","Guardian:Defend_Guardian","Guardian:Defend_Guardian","Guardian:Defend_Guardian","Guardian:CurlUp+1","Guardian:TwinSlam","Guardian:SentryBeam","Guardian:Gem_Green","Guardian:Gem_Blue","Guardian:HyperBeam_Guardian","Guardian:Gem_Cyan","Guardian:ChargeUp","Guardian:Gem_Orange","Guardian:Gem_Crimson","Guardian:Recover","hubris:Greed","Guardian:Gem_Red","Jack Of All Trades","Guardian:Repulse"],"relics":["Guardian:ModeShifter","downfall:GremlinSack","Toy Ornithopter"],"acts_visited":["Exordium"],"potions_floor_usage":[],"damage_taken":[{"damage":15,"enemies":"Jaw Worm","floor":2,"turns":3},{"damage":0,"enemies":"downfall:FleeingMerchant","floor":4,"turns":4},{"damage":36,"enemies":"downfall:FleeingMerchant","floor":5,"turns":6},{"damage":2,"enemies":"Cultist","floor":6,"turns":5},{"damage":46,"enemies":"Lagavulin","floor":8,"turns":8}],"seed_played":"1505838425269578389","potions_obtained":[{"floor":2,"key":"Explosive Potion"}],"is_trial":false,"path_per_floor":["R","M","?","$","?","M","T","E"],"character_chosen":"GUARDIAN","items_purchased":["Guardian:Gem_Cyan"],"campfire_rested":0,"item_purchase_floors":[4],"current_hp_per_floor":[88,73,73,73,37,35,35,0,0,0],"gold":229,"neow_bonus":"TEN_PERCENT_HP_BONUS","is_daily":false,"chose_seed":false,"campfire_upgraded":1,"win_rate":0.0,"timestamp":1610531940,"path_taken":["R","M","?","?","?","?","T","E"],"items_purchased_type":["Card"],"build_version":"2020-12-22","purchased_purges":0,"victory":false,"max_hp_per_floor":[88,88,88,88,88,88,88,88,88,88],"card_choices":[{"not_picked":["Guardian:CrystalBeam","Guardian:Recover"],"picked":"Guardian:SentryBeam","floor":2},{"not_picked":["Guardian:RollAttack","Guardian:ChargeUp"],"picked":"Guardian:HyperBeam_Guardian","floor":4},{"not_picked":["Guardian:TemporalShield","Guardian:VentSteam"],"picked":"Guardian:ChargeUp","floor":5},{"not_picked":["Guardian:Recover","Guardian:Gem_Green"],"picked":"Guardian:Repulse","floor":6}],"player_experience":66021,"relics_obtained":[{"floor":5,"key":"downfall:GremlinSack"},{"floor":7,"key":"Toy Ornithopter"}],"event_choices":[],"is_beta":false,"boss_relics":[],"items_purged_floors":[],"is_endless":false,"potions_floor_spawned":[2],"killed_by":"Lagavulin","ascension_level":0}}