{"host":"4qkvkh7pd9qr2mca","time":1610566345,"event":{"mods":["AchievementEnabler","Act Like it!","BaseMod","Colored Map","Colored Powertips","Highlight Path","Minty Spire (QoL Compilation)","Pale of the Ancients","Permanent Neow","Quick Restart","Relic Stats","StSLib","SuperFastMode"],"gold_per_floor":[17,17,36,54,129,153,153,196,196,196,230,253,253,253,253,351,351,375,406,425,445,468,468,488,488,488,488,146,146,146,189,189,282,282,303,303,228,241,255,255,255],"floor_reached":40,"language":"ENG","playtime":1496,"items_purged":["Decay"],"score":832,"play_id":"c01010af-5a90-4014-9dc5-cbdee3851bb3","local_time":"20210113203225","is_ascension_mode":true,"campfire_choices":[{"floor":7,"key":"REST"},{"floor":10,"key":"REST"},{"floor":13,"key":"REST"},{"data":"Accuracy","floor":15,"key":"SMITH"},{"floor":23,"key":"REST"},{"floor":25,"key":"REST"},{"data":"Burst","floor":27,"key":"SMITH"},{"data":"Venomology","floor":29,"key":"SMITH"},{"data":"Finisher","floor":30,"key":"SMITH"},{"data":"Well Laid Plans","floor":32,"key":"SMITH"}],"circlet_count":0,"master_deck":["AscendersBane","Strike_G","Strike_G","Strike_G","Defend_G","Defend_G","Defend_G","Survivor","Neutralize","Slice","Blade Dance","Deadly Poison","Finisher+1","Infinite Blades","Accuracy+1","Burst+1","Cloak And Dagger+1","Heel Hook+1","Flying Knee+1","Finisher+1","Tactician","Slice+1","Venomology+1","Backflip","Escape Plan","Wraith Form v2","Well Laid Plans+1","Wraith Form v2","Terror+1","Blade Dance"],"relics":["Ring of the Snake","Golden Idol","Vajra","StrikeDummy","WingedGreaves","Astrolabe","Red Mask","Blood Vial","Orrery","Ancient Tea Set","Philosopher\u0027s Stone"],"acts_visited":["Exordium","TheCity","TheBeyond"],"potions_floor_usage":[8,16,19,24,31,31,33,33,38,39,40,40],"damage_taken":[{"damage":12,"enemies":"Jaw Worm","floor":1,"turns":8},{"damage":3,"enemies":"2 Louse","floor":3,"turns":5},{"damage":0,"enemies":"Cultist","floor":4,"turns":3},{"damage":4,"enemies":"Looter","floor":6,"turns":3},{"damage":32,"enemies":"Gremlin Nob","floor":8,"turns":4},{"damage":10,"enemies":"3 Sentries","floor":11,"turns":6},{"damage":1,"enemies":"Lots of Slimes","floor":12,"turns":4},{"damage":15,"enemies":"Slime Boss","floor":16,"turns":5},{"damage":0,"enemies":"Spheric Guardian","floor":18,"turns":2},{"damage":0,"enemies":"Masked Bandits","floor":19,"turns":2},{"damage":17,"enemies":"Shell Parasite","floor":20,"turns":4},{"damage":7,"enemies":"Snecko","floor":21,"turns":3},{"damage":7,"enemies":"Centurion and Healer","floor":22,"turns":5},{"damage":16,"enemies":"Shelled Parasite and Fungi","floor":24,"turns":3},{"damage":15,"enemies":"Book of Stabbing","floor":31,"turns":5},{"damage":27,"enemies":"Champ","floor":33,"turns":9},{"damage":2,"enemies":"Orb Walker","floor":35,"turns":4},{"damage":3,"enemies":"3 Shapes","floor":38,"turns":5},{"damage":34,"enemies":"Maw","floor":39,"turns":7},{"damage":24,"enemies":"Reptomancer","floor":40,"turns":3}],"seed_played":"5471330135323766405","potions_obtained":[{"floor":3,"key":"Swift Potion"},{"floor":6,"key":"EssenceOfSteel"},{"floor":12,"key":"SteroidPotion"},{"floor":16,"key":"DistilledChaos"},{"floor":20,"key":"BlessingOfTheForge"},{"floor":24,"key":"ColorlessPotion"},{"floor":31,"key":"GhostInAJar"},{"floor":33,"key":"FearPotion"}],"is_trial":false,"path_per_floor":["M","?","M","M","?","M","R","E","T","R","E","M","R","?","R","B",null,"M","?","M","M","M","R","M","R","T","R","$","R","R","E","R","B",null,"M","?","$","M","M","E"],"character_chosen":"THE_SILENT","items_purchased":["Orrery","Wraith Form v2"],"campfire_rested":5,"item_purchase_floors":[28,28],"current_hp_per_floor":[47,47,44,44,33,29,47,15,15,33,23,22,40,45,45,30,56,56,56,39,32,25,44,28,47,47,47,47,47,47,34,34,9,51,51,51,51,50,18,0,0],"gold":255,"neow_bonus":"REMOVE_TWO","is_daily":false,"chose_seed":false,"campfire_upgraded":5,"win_rate":0.0,"timestamp":1610566345,"path_taken":["M","?","M","M","?","M","R","E","T","R","E","?","R","?","R","BOSS","M","?","M","M","M","R","M","R","T","R","$","R","R","E","R","BOSS","M","?","$","M","?","E"],"items_purchased_type":["Relic","Card"],"build_version":"2020-12-22","purchased_purges":1,"victory":false,"max_hp_per_floor":[66,60,60,60,60,60,60,60,60,60,60,60,60,65,65,65,65,65,65,65,65,65,65,65,65,65,65,65,65,65,65,65,65,65,65,65,65,65,65,65,65],"relic_stats":{"Blood Vial":12,"counters":[20,90],"Golden Idol":120,"Astrolabe":["Cloak And Dagger","Heel Hook","Flying Knee"],"obtain_stats":[{"Blood Vial":26,"Golden Idol":2,"Astrolabe":17,"Vajra":8,"Orrery":28,"Philosopher\u0027s Stone":34,"WingedGreaves":11,"Red Mask":19,"StrikeDummy":9,"Ancient Tea Set":31,"Ring of the Snake":0},{"Blood Vial":14,"Golden Idol":1,"Astrolabe":8,"Vajra":5,"Orrery":14,"Philosopher\u0027s Stone":16,"WingedGreaves":6,"Red Mask":10,"StrikeDummy":5,"Ancient Tea Set":15,"Ring of the Snake":0},{"Blood Vial":57,"Golden Idol":8,"Astrolabe":38,"Vajra":23,"Orrery":57,"Philosopher\u0027s Stone":71,"WingedGreaves":29,"Red Mask":42,"StrikeDummy":23,"Ancient Tea Set":62,"Ring of the Snake":0}],"Ring of the Snake":[40]},"card_choices":[{"not_picked":["Poisoned Stab","Deadly Poison"],"picked":"Slice","floor":1},{"not_picked":["Distraction","Deflect"],"picked":"Masterful Stab","floor":3},{"not_picked":["Backflip","Accuracy"],"picked":"Blade Dance","floor":4},{"not_picked":["Sucker Punch","Bane"],"picked":"Deadly Poison","floor":6},{"not_picked":["Outmaneuver","Acrobatics"],"picked":"Finisher","floor":8},{"not_picked":["Flechettes","Outmaneuver"],"picked":"Infinite Blades","floor":11},{"not_picked":["Dash","Infinite Blades"],"picked":"Accuracy","floor":12},{"not_picked":["Phantasmal Killer","Bullet Time"],"picked":"Burst","floor":16},{"not_picked":["Eviscerate+1","Setup"],"picked":"Finisher+1","floor":18},{"not_picked":["Prepared","Caltrops","Outmaneuver"],"picked":"SKIP","floor":20},{"not_picked":["Caltrops","Deadly Poison"],"picked":"Tactician","floor":21},{"not_picked":["Dagger Throw","Acrobatics"],"picked":"Slice+1","floor":22},{"not_picked":["Quick Slash","Expertise","Predator"],"picked":"SKIP","floor":24},{"not_picked":["Calculated Gamble","Predator+1"],"picked":"Venomology","floor":28},{"not_picked":["Distraction","Dodge and Roll"],"picked":"Backflip","floor":28},{"not_picked":["Bouncing Flask","Skewer+1"],"picked":"Escape Plan","floor":28},{"not_picked":["Choke","Cloak And Dagger"],"picked":"Well Laid Plans","floor":31},{"not_picked":["Unload","Die Die Die"],"picked":"Wraith Form v2","floor":33},{"not_picked":["Outmaneuver","Choke","Riddle With Holes"],"picked":"SKIP","floor":35},{"not_picked":["Skewer","Acrobatics"],"picked":"Terror+1","floor":38},{"not_picked":["Outmaneuver","Acrobatics"],"picked":"Blade Dance","floor":39}],"player_experience":544562,"relics_obtained":[{"floor":8,"key":"Vajra"},{"floor":9,"key":"StrikeDummy"},{"floor":11,"key":"WingedGreaves"},{"floor":19,"key":"Red Mask"},{"floor":26,"key":"Blood Vial"},{"floor":31,"key":"Ancient Tea Set"}],"event_choices":[{"damage_healed":0,"gold_gain":0,"player_choice":"Lose Max HP","damage_taken":0,"relics_obtained":["Golden Idol"],"max_hp_gain":0,"max_hp_loss":6,"event_name":"Golden Idol","floor":2,"gold_loss":0},{"damage_healed":0,"gold_gain":75,"player_choice":"Gather Gold","damage_taken":11,"max_hp_gain":0,"max_hp_loss":0,"event_name":"World of Goop","floor":5,"gold_loss":0},{"damage_healed":0,"gold_gain":0,"player_choice":"Donut","damage_taken":0,"max_hp_gain":5,"max_hp_loss":0,"event_name":"Big Fish","floor":14,"gold_loss":0},{"damage_healed":0,"gold_gain":0,"player_choice":"Fought Bandits","damage_taken":0,"max_hp_gain":0,"max_hp_loss":0,"event_name":"Masked Bandits","floor":19,"gold_loss":0},{"damage_healed":0,"gold_gain":0,"player_choice":"Cursed","damage_taken":0,"max_hp_gain":0,"max_hp_loss":0,"event_name":"Wheel of Change","floor":36,"gold_loss":0,"cards_obtained":["Decay"]}],"is_beta":false,"boss_relics":[{"not_picked":["Ring of the Serpent","HoveringKite"],"picked":"Astrolabe"},{"not_picked":["Calling Bell","Black Star"],"picked":"Philosopher\u0027s Stone"}],"items_purged_floors":[37],"is_endless":false,"potions_floor_spawned":[3,6,12,16,20,24,31,33,38],"killed_by":"Reptomancer","ascension_level":20}}