{"host":"8d3fefv2347kqkpz","time":1610530606,"event":{"mods":["BaseMod","Colored Map","Downfall","Minty Spire (QoL Compilation)","Quick Restart","Replay The Spire","StSLib","Waifu the Spire"],"gold_per_floor":[115,65,65,85,100,100,128,128,208,229,229,244,282,65,65,189,189,213,313,52,52,70,70,89,89,112,202,238,263,263,279,279,408,408,433,454,472,144,167,167,167,167],"floor_reached":41,"language":"ZHS","playtime":2816,"items_purged":["Strike_G","Replay:Poison Smokescreen+1"],"score":423,"play_id":"1b476940-de04-43fd-8ec6-e2bfe0d7e7b8","local_time":"20210113173646","is_ascension_mode":false,"campfire_choices":[{"data":"Noxious Fumes","floor":6,"key":"SMITH"},{"floor":15,"key":"REST"},{"data":"Noxious Fumes","floor":23,"key":"SMITH"},{"data":"Adrenaline","floor":25,"key":"SMITH"},{"floor":30,"key":"REST"},{"floor":32,"key":"REST"},{"floor":40,"key":"REST"}],"circlet_count":0,"master_deck":["Strike_G","Strike_G","Strike_G","Defend_G","Defend_G","Defend_G","Defend_G","Defend_G","Survivor","Neutralize","Replay:Poison Smokescreen","Adrenaline+1","Deflect","Deadly Poison","Noxious Fumes+1","Crippling Poison","Deflect+1","Noxious Fumes+1","Footwork","Deadly Poison+1","Fluid Movement","Sucker Punch","Poison Darts+1","Outmaneuver+1","Expertise+1","Caltrops","ReplayTheSpireMod:Necrosis+1","Prepared+1","expansioncontent:QuickStudy+1","Parasite","Prepared+1"],"relics":["Ring of the Snake","Onion Ring","Potion Belt","Golden Idol","Toxic Egg 2","Regal Pillow","SacredBark","Question Card","MutagenicStrength","Centennial Puzzle","Iron Hammer","WristBlade"],"acts_visited":["Exordium","TheCity","TheBeyond"],"potions_floor_usage":[13,13,24,33,37,41],"damage_taken":[{"damage":2,"enemies":"Small Slimes","floor":1,"turns":4},{"damage":0,"enemies":"2 Louse","floor":4,"turns":2},{"damage":0,"enemies":"Jaw Worm","floor":5,"turns":2},{"damage":25,"enemies":"3 Sentries","floor":7,"turns":7},{"damage":4,"enemies":"Exordium Thugs","floor":10,"turns":5},{"damage":6,"enemies":"Gremlin Gang","floor":12,"turns":4},{"damage":1,"enemies":"Gremlin Nob","floor":13,"turns":4},{"damage":15,"enemies":"The Guardian","floor":16,"turns":8},{"damage":0,"enemies":"3 Byrds","floor":18,"turns":4},{"damage":0,"enemies":"Chosen","floor":22,"turns":6},{"damage":12,"enemies":"Snecko","floor":24,"turns":5},{"damage":20,"enemies":"Book of Stabbing","floor":28,"turns":6},{"damage":3,"enemies":"Cultist and Chosen","floor":29,"turns":6},{"damage":16,"enemies":"Chosen and Byrds","floor":31,"turns":6},{"damage":46,"enemies":"Automaton","floor":33,"turns":9},{"damage":44,"enemies":"3 Darklings","floor":35,"turns":5},{"damage":9,"enemies":"3 Shapes","floor":36,"turns":4},{"damage":20,"enemies":"Jaw Worm Horde","floor":37,"turns":5},{"damage":9,"enemies":"Writhing Mass","floor":39,"turns":7},{"damage":74,"enemies":"Transient","floor":41,"turns":5}],"seed_played":"-2597963101825243051","potions_obtained":[{"floor":1,"key":"Swift Potion"},{"floor":5,"key":"FearPotion"},{"floor":10,"key":"ColorlessPotion"},{"floor":11,"key":"Strength Potion"},{"floor":11,"key":"FairyPotion"},{"floor":11,"key":"Adrenaline Potion"},{"floor":16,"key":"Swift Potion"},{"floor":18,"key":"Death Potion"},{"floor":24,"key":"Dexterity Potion"},{"floor":31,"key":"Reflective Coating"},{"floor":33,"key":"Strength Potion"},{"floor":35,"key":"DistilledChaos"},{"floor":36,"key":"Block Potion"}],"is_trial":false,"path_per_floor":["M","?","?","M","M","R","E","?","T","M","?","M","E","$","R","B",null,"M","?","$","?","M","R","M","R","T","?","E","M","R","M","R","B",null,"M","M","M","$","M","R","M"],"character_chosen":"THE_SILENT","items_purchased":["Deadly Poison+1","Fluid Movement","Sucker Punch","Question Card","Swift Potion","expansioncontent:QuickStudy+1"],"campfire_rested":4,"item_purchase_floors":[14,14,14,20,38,38],"current_hp_per_floor":[75,75,75,75,75,75,50,50,50,46,46,40,39,39,71,56,71,71,71,71,71,71,71,59,59,59,47,27,24,60,44,71,25,71,27,18,42,42,33,69,0,0],"gold":167,"neow_bonus":"TEN_PERCENT_HP_BONUS","is_daily":false,"chose_seed":false,"campfire_upgraded":3,"win_rate":0.0,"timestamp":1610530606,"path_taken":["M","?","?","?","?","R","E","?","T","M","?","M","E","$","R","BOSS","M","?","?","?","M","R","M","R","T","?","E","?","R","M","R","BOSS","M","M","M","$","M","R","M"],"items_purchased_type":["Card","Card","Card","Relic","Potion","Card"],"build_version":"2020-12-22","purchased_purges":2,"victory":false,"max_hp_per_floor":[77,77,77,77,77,77,77,71,71,71,71,71,71,71,71,71,71,71,71,71,71,71,71,71,71,71,71,71,71,71,71,71,71,71,71,71,71,71,71,71,71,71],"card_choices":[{"not_picked":["Blade Dance","Poisoned Stab"],"picked":"Replay:Poison Smokescreen","floor":1},{"not_picked":["Blade Dance","Prepared"],"picked":"Adrenaline","floor":3},{"not_picked":["Blur","All Out Attack"],"picked":"Deflect","floor":3},{"not_picked":["Flying Knee","Fluid Movement"],"picked":"Deadly Poison","floor":4},{"not_picked":["PiercingWail","Deadly Poison"],"picked":"Noxious Fumes","floor":5},{"not_picked":["ReplayTheSpireMod:Shiv Toss","ReplayTheSpireMod:Tripwire"],"picked":"Crippling Poison","floor":7},{"not_picked":["Dodge and Roll+1","Backflip+1"],"picked":"Deflect+1","floor":10},{"not_picked":["Masterful Stab","Sneak Up+1"],"picked":"Noxious Fumes","floor":12},{"not_picked":["Dodge and Roll+1","Malaise+1"],"picked":"Footwork","floor":13},{"not_picked":["Malaise+1","Tools of the Trade"],"picked":"Poison Darts+1","floor":16},{"not_picked":["Predator","Underhanded Strike+1"],"picked":"Outmaneuver+1","floor":18},{"not_picked":["Slice","Riddle With Holes","Outmaneuver+1","Dagger Throw"],"picked":"SKIP","floor":22},{"not_picked":["Doppelganger+1","PiercingWail+1","Backstab","Backflip+1"],"picked":"SKIP","floor":24},{"not_picked":["Heel Hook+1","Acrobatics+1","PiercingWail+1"],"picked":"Expertise+1","floor":28},{"not_picked":["Hidden Blade+1","Flying Knee","Poisoned Stab"],"picked":"Caltrops","floor":29},{"not_picked":["Endless Agony","Deflect+1","Well Laid Plans"],"picked":"Replay:Poison Smokescreen+1","floor":31},{"not_picked":["Doppelganger+1","Poison Darts+1","Wraith Form v2"],"picked":"ReplayTheSpireMod:Necrosis+1","floor":33},{"not_picked":["Underhanded Strike","PiercingWail+1","Sucker Punch","Acrobatics+1"],"picked":"SKIP","floor":35},{"not_picked":["Poisoned Stab","ReplayTheSpireMod:Exploit Weakness+1","Slice+1"],"picked":"Prepared+1","floor":36},{"not_picked":["ReplayTheSpireMod:The Works+1","Replay:Poison Smokescreen+1","Quick Slash","Choke+1"],"picked":"SKIP","floor":37},{"not_picked":["Endless Agony+1","Slice+1","Deflect+1"],"picked":"Prepared+1","floor":39}],"player_experience":31898,"relics_obtained":[{"floor":3,"key":"Onion Ring"},{"floor":7,"key":"Potion Belt"},{"floor":9,"key":"Toxic Egg 2"},{"floor":13,"key":"Regal Pillow"},{"floor":26,"key":"Centennial Puzzle"},{"floor":28,"key":"Iron Hammer"}],"event_choices":[{"cards_removed":["Strike_G"],"damage_healed":0,"gold_gain":0,"player_choice":"Card Removal","damage_taken":0,"max_hp_gain":0,"max_hp_loss":0,"event_name":"The Cleric","floor":2,"gold_loss":50},{"damage_healed":0,"gold_gain":0,"player_choice":"Lose Max HP","damage_taken":0,"relics_obtained":["Golden Idol"],"max_hp_gain":0,"max_hp_loss":6,"event_name":"Golden Idol","floor":8,"gold_loss":0},{"damage_healed":0,"gold_gain":0,"player_choice":"Got Potions","damage_taken":0,"max_hp_gain":0,"max_hp_loss":0,"event_name":"Lab","floor":11,"gold_loss":0},{"damage_healed":0,"gold_gain":100,"player_choice":"Pray","damage_taken":0,"max_hp_gain":0,"max_hp_loss":0,"event_name":"Golden Shrine","floor":19,"gold_loss":0},{"damage_healed":0,"gold_gain":0,"player_choice":"Inject Mutagens","damage_taken":0,"relics_obtained":["MutagenicStrength"],"max_hp_gain":0,"max_hp_loss":0,"event_name":"Drug Dealer","floor":21,"gold_loss":0},{"damage_healed":0,"gold_gain":90,"player_choice":"GOLD ","damage_taken":12,"max_hp_gain":0,"max_hp_loss":0,"event_name":"Knowing Skull","floor":27,"potions_obtained":[],"gold_loss":0,"cards_obtained":[]}],"is_beta":false,"boss_relics":[{"not_picked":["Velvet Choker","HoveringKite"],"picked":"SacredBark"},{"not_picked":["Sozu","Coffee Dripper"],"picked":"WristBlade"}],"items_purged_floors":[14,38],"is_endless":false,"potions_floor_spawned":[1,5,10,12,16,18,24,31,33,35,36],"killed_by":"Transient","ascension_level":0}}