{"host":"Qube","time":1610513896,"event":{"mods":["AchievementEnabler","BaseMod","Colored Map","Colored Powertips","Minty Spire (QoL Compilation)","Quick Restart","Random Character Button","StSLib"],"gold_per_floor":[361,63,80,5,5,34,34,53,102,102,130,130,144,179,179,179,179],"floor_reached":16,"language":"ENG","playtime":465,"items_purged":["Injury"],"score":236,"play_id":"695f6f2b-0607-4c8e-b1aa-e6c6eebab241","local_time":"20210112205816","is_ascension_mode":true,"campfire_choices":[{"data":"Hologram","floor":7,"key":"SMITH"},{"data":"Defragment","floor":10,"key":"SMITH"},{"floor":15,"key":"REST"}],"circlet_count":0,"master_deck":["AscendersBane","Strike_B","Strike_B","Strike_B","Strike_B","Defend_B","Defend_B","Defend_B","Zap","Dualcast","Beam Cell","Gash","Leap","Hologram+1","Defragment+1","Coolheaded","Chill"],"relics":["Cracked Core","PreservedInsect","Art of War","Blood Vial","StrikeDummy","Golden Idol","Ancient Tea Set"],"acts_visited":["Exordium"],"potions_floor_usage":[6,14,16,16],"damage_taken":[{"damage":0,"enemies":"2 Louse","floor":1,"turns":3},{"damage":3,"enemies":"Small Slimes","floor":3,"turns":3},{"damage":11,"enemies":"Gremlin Nob","floor":6,"turns":3},{"damage":0,"enemies":"Cultist","floor":8,"turns":3},{"damage":25,"enemies":"Lagavulin","floor":11,"turns":5},{"damage":2,"enemies":"Looter","floor":13,"turns":3},{"damage":15,"enemies":"3 Sentries","floor":14,"turns":5},{"damage":37,"enemies":"Hexaghost","floor":16,"turns":10}],"seed_played":"2006170682236833622","potions_obtained":[{"floor":1,"key":"Dexterity Potion"},{"floor":5,"key":"DistilledChaos"},{"floor":11,"key":"Weak Potion"},{"floor":14,"key":"PowerPotion"}],"is_trial":false,"path_per_floor":["M","$","M","?","?","E","R","M","T","R","E","?","M","E","R","B"],"character_chosen":"DEFECT","items_purchased":["PreservedInsect","Gash"],"campfire_rested":1,"item_purchase_floors":[2,2],"current_hp_per_floor":[64,64,61,61,61,50,50,50,50,50,27,27,27,14,33,0,0],"gold":179,"neow_bonus":"TWO_FIFTY_GOLD","is_daily":false,"chose_seed":false,"campfire_upgraded":2,"win_rate":0.0,"timestamp":1610513896,"path_taken":["M","$","M","?","?","E","R","?","T","R","E","?","M","E","R","BOSS"],"items_purchased_type":["Relic","Card"],"build_version":"2020-12-18","purchased_purges":1,"victory":false,"max_hp_per_floor":[71,71,71,71,71,71,71,71,71,71,71,64,64,64,64,64,64],"card_choices":[{"not_picked":["Turbo","Heatsinks"],"picked":"Beam Cell","floor":1},{"not_picked":["Redo","Rip and Tear"],"picked":"Leap","floor":3},{"not_picked":["Stack","Compile Driver"],"picked":"Hologram","floor":6},{"not_picked":["Coolheaded","Force Field"],"picked":"Defragment","floor":8},{"not_picked":["Leap","Auto Shields"],"picked":"Coolheaded","floor":11},{"not_picked":["Stack","FTL"],"picked":"Chill","floor":13},{"not_picked":["Aggregate","Steam","Force Field"],"picked":"SKIP","floor":14}],"player_experience":890637,"relics_obtained":[{"floor":6,"key":"Art of War"},{"floor":9,"key":"Blood Vial"},{"floor":11,"key":"StrikeDummy"},{"floor":14,"key":"Ancient Tea Set"}],"event_choices":[{"cards_removed":["Defend_B"],"damage_healed":0,"gold_gain":0,"player_choice":"Card Removal","damage_taken":0,"max_hp_gain":0,"max_hp_loss":0,"event_name":"The Cleric","floor":4,"gold_loss":75},{"damage_healed":0,"gold_gain":0,"player_choice":"Got Potions","damage_taken":0,"max_hp_gain":0,"max_hp_loss":0,"event_name":"Lab","floor":5,"gold_loss":0},{"damage_healed":0,"gold_gain":0,"player_choice":"Lose Max HP","damage_taken":0,"relics_obtained":["Golden Idol"],"max_hp_gain":0,"max_hp_loss":7,"event_name":"Golden Idol","floor":12,"gold_loss":0}],"is_beta":true,"boss_relics":[],"items_purged_floors":[2],"is_endless":false,"potions_floor_spawned":[1,11,14],"killed_by":"Hexaghost","ascension_level":20}}