{"host":"6swbl1yqdi8v28pk","time":1610505526,"event":{"mods":["AchievementEnabler","BaseMod","Colored Map","Minty Spire (QoL Compilation)","Quick Restart"],"gold_per_floor":[112,127,127,52,72,72,104,114,196,196,208,223,223,237,237,342,342,358,35,134,146,61,61,71,71,71,71,71,81,81,9,9,105,105,115,115,131,131,144,144,178,192,192,192,208,208,218,236,236,236,236],"floor_reached":50,"language":"SPA","playtime":1953,"items_purged":["Strike_G"],"score":501,"play_id":"80597ba2-5f18-4433-a437-62da0c45e5da","local_time":"20210112203846","is_ascension_mode":false,"campfire_choices":[{"data":"Neutralize","floor":6,"key":"SMITH"},{"data":"Flying Knee","floor":10,"key":"SMITH"},{"data":"Quick Slash","floor":13,"key":"SMITH"},{"floor":15,"key":"REST"},{"data":"Catalyst","floor":23,"key":"SMITH"},{"floor":27,"key":"DIG"},{"floor":32,"key":"REST"},{"floor":40,"key":"REST"},{"floor":44,"key":"REST"},{"floor":49,"key":"REST"}],"circlet_count":0,"master_deck":["Strike_G","Strike_G","Strike_G","Defend_G","Defend_G","Defend_G","Defend_G","Defend_G","Survivor","Neutralize+1","Flying Knee+1","Catalyst+1","Acrobatics","Quick Slash+1","Deadly Poison","Bullet Time","Night Terror","Well Laid Plans","Footwork","Bouncing Flask","Bouncing Flask","Noxious Fumes","Caltrops+1","Deadly Poison","Choke+1","Parasite","Burst"],"relics":["Snecko Eye","Lizard Tail","Singing Bowl","SacredBark","Molten Egg 2","Toy Ornithopter","Kunai","Shovel","Snake Skull","HoveringKite","PreservedInsect","Torii"],"acts_visited":["Exordium","TheCity","TheBeyond"],"potions_floor_usage":[7,16,16,33,33,37,42,45,48],"damage_taken":[{"damage":0,"enemies":"Jaw Worm","floor":1,"turns":4},{"damage":0,"enemies":"Cultist","floor":2,"turns":4},{"damage":2,"enemies":"Small Slimes","floor":5,"turns":4},{"damage":13,"enemies":"Gremlin Nob","floor":7,"turns":4},{"damage":0,"enemies":"Blue Slaver","floor":8,"turns":5},{"damage":11,"enemies":"2 Fungi Beasts","floor":11,"turns":5},{"damage":0,"enemies":"Looter","floor":12,"turns":3},{"damage":6,"enemies":"Exordium Wildlife","floor":14,"turns":5},{"damage":44,"enemies":"Hexaghost","floor":16,"turns":11},{"damage":5,"enemies":"Chosen","floor":18,"turns":3},{"damage":14,"enemies":"Shell Parasite","floor":21,"turns":7},{"damage":30,"enemies":"Shelled Parasite and Fungi","floor":24,"turns":7},{"damage":21,"enemies":"Snake Plant","floor":29,"turns":5},{"damage":4,"enemies":"Champ","floor":33,"turns":3},{"damage":15,"enemies":"3 Shapes","floor":35,"turns":5},{"damage":22,"enemies":"3 Darklings","floor":37,"turns":4},{"damage":15,"enemies":"Maw","floor":39,"turns":5},{"damage":22,"enemies":"Giant Head","floor":41,"turns":4},{"damage":26,"enemies":"Jaw Worm Horde","floor":42,"turns":5},{"damage":39,"enemies":"Sphere and 2 Shapes","floor":45,"turns":4},{"damage":19,"enemies":"Maw","floor":47,"turns":5},{"damage":27,"enemies":"Writhing Mass","floor":48,"turns":4},{"damage":99,"enemies":"Awakened One","floor":50,"turns":4}],"seed_played":"-4039786573007672068","potions_obtained":[{"floor":2,"key":"Fire Potion"},{"floor":7,"key":"GamblersBrew"},{"floor":12,"key":"FearPotion"},{"floor":21,"key":"Block Potion"},{"floor":29,"key":"Regen Potion"},{"floor":35,"key":"Strength Potion"},{"floor":41,"key":"Poison Potion"},{"floor":42,"key":"AttackPotion"},{"floor":47,"key":"AttackPotion"}],"is_trial":false,"path_per_floor":["M","M","?","$","M","R","E","M","T","R","M","M","R","M","R","B",null,"M","$","?","M","?","R","M","T","T","R","$","M","?","$","R","B",null,"M","?","M","?","M","R","E","M","T","R","M","?","M","M","R","B"],"character_chosen":"THE_SILENT","items_purchased":["Footwork","Molten Egg 2","Noxious Fumes"],"campfire_rested":5,"item_purchase_floors":[19,19,31],"current_hp_per_floor":[70,70,70,70,68,68,55,55,55,55,46,46,46,40,61,17,72,67,67,67,53,53,53,25,25,25,25,25,4,4,4,26,61,76,61,61,46,46,33,55,35,16,16,40,6,70,51,29,50,0,0],"gold":236,"neow_bonus":"BOSS_RELIC","is_daily":false,"chose_seed":false,"campfire_upgraded":4,"win_rate":0.0,"timestamp":1610505526,"path_taken":["M","M","?","$","M","R","E","M","T","R","M","M","R","M","R","BOSS","M","$","?","M","?","R","M","?","T","R","$","M","?","?","R","BOSS","M","?","M","?","M","R","E","M","T","R","M","?","M","M","R","BOSS"],"items_purchased_type":["Card","Relic","Card"],"build_version":"2020-12-22","purchased_purges":1,"victory":false,"max_hp_per_floor":[70,70,70,70,70,70,70,70,70,70,72,72,72,72,72,72,72,72,72,72,72,72,72,74,74,74,74,74,74,74,74,74,76,76,76,72,74,74,76,76,78,80,80,80,80,70,70,70,70,70,70],"card_choices":[{"not_picked":["Deadly Poison","Sucker Punch"],"picked":"Flying Knee","floor":1},{"not_picked":["Cloak And Dagger","Setup"],"picked":"Catalyst","floor":2},{"not_picked":["Slice","Phantasmal Killer"],"picked":"Acrobatics","floor":5},{"not_picked":["Endless Agony","Backstab","Tactician"],"picked":"SKIP","floor":7},{"not_picked":["Backstab","Calculated Gamble"],"picked":"Quick Slash","floor":8},{"not_picked":["PiercingWail","Well Laid Plans","Outmaneuver"],"picked":"Singing Bowl","floor":11},{"not_picked":["Dodge and Roll","Acrobatics"],"picked":"Deadly Poison","floor":12},{"not_picked":["Dagger Spray","Deflect"],"picked":"Bullet Time","floor":14},{"not_picked":["Doppelganger","Wraith Form v2"],"picked":"Night Terror","floor":16},{"not_picked":["Backstab","Underhanded Strike"],"picked":"Well Laid Plans","floor":18},{"not_picked":["Slice+1","Escape Plan"],"picked":"Bouncing Flask","floor":21},{"not_picked":["Well Laid Plans","Dodge and Roll","Outmaneuver"],"picked":"Singing Bowl","floor":24},{"not_picked":["Terror","Dodge and Roll"],"picked":"Bouncing Flask","floor":29},{"not_picked":["Glass Knife+1","Doppelganger","Phantasmal Killer"],"picked":"Singing Bowl","floor":33},{"not_picked":["Heel Hook+1","Footwork"],"picked":"Caltrops+1","floor":35},{"not_picked":["Infinite Blades+1","Heel Hook+1","Poisoned Stab+1"],"picked":"Singing Bowl","floor":37},{"not_picked":["Infinite Blades","Choke+1","Expertise+1"],"picked":"Singing Bowl","floor":39},{"not_picked":["All Out Attack+1","Flying Knee+1","PiercingWail"],"picked":"Singing Bowl","floor":41},{"not_picked":["Outmaneuver","Poisoned Stab+1","Infinite Blades"],"picked":"Singing Bowl","floor":42},{"not_picked":["Dagger Throw+1","Outmaneuver+1"],"picked":"Deadly Poison","floor":45},{"not_picked":["Reflex","PiercingWail"],"picked":"Choke+1","floor":47},{"not_picked":["Dodge and Roll+1","Bane+1"],"picked":"Burst","floor":48}],"player_experience":140803,"relics_obtained":[{"floor":7,"key":"Lizard Tail"},{"floor":9,"key":"Singing Bowl"},{"floor":25,"key":"Kunai"},{"floor":26,"key":"Shovel"},{"floor":27,"key":"Snake Skull"},{"floor":41,"key":"PreservedInsect"},{"floor":43,"key":"Torii"}],"event_choices":[{"damage_healed":0,"gold_gain":0,"player_choice":"0 cards matched","damage_taken":0,"max_hp_gain":0,"max_hp_loss":0,"event_name":"Match and Keep!","floor":3,"gold_loss":0,"cards_obtained":[]},{"damage_healed":0,"gold_gain":99,"player_choice":"Stole From Cult","damage_taken":0,"max_hp_gain":0,"max_hp_loss":0,"event_name":"Nest","floor":20,"gold_loss":0},{"damage_healed":0,"gold_gain":0,"player_choice":"Obtained Relic","damage_taken":0,"relics_obtained":["Toy Ornithopter"],"max_hp_gain":0,"max_hp_loss":0,"event_name":"Addict","floor":22,"gold_loss":85},{"damage_healed":0,"gold_gain":0,"player_choice":"Ignored","damage_taken":0,"max_hp_gain":0,"max_hp_loss":0,"event_name":"Vampires","floor":30,"gold_loss":0},{"damage_healed":0,"gold_gain":0,"player_choice":"Max HP","damage_taken":0,"max_hp_gain":0,"max_hp_loss":4,"event_name":"Winding Halls","floor":36,"gold_loss":0},{"cards_removed":["Strike_G"],"damage_healed":0,"gold_gain":0,"player_choice":"Removed Attack","damage_taken":0,"max_hp_gain":0,"max_hp_loss":0,"event_name":"Falling","floor":38,"gold_loss":0},{"damage_healed":70,"gold_gain":0,"player_choice":"Heal","damage_taken":0,"max_hp_gain":0,"max_hp_loss":10,"event_name":"The Moai Head","floor":46,"gold_loss":0}],"is_beta":false,"boss_relics":[{"not_picked":["Fusion Hammer","Cursed Key"],"picked":"SacredBark"},{"not_picked":["Runic Pyramid","Sozu"],"picked":"HoveringKite"}],"items_purged_floors":[4],"is_endless":false,"potions_floor_spawned":[2,7,12,21,29,35,41,42,47],"killed_by":"Awakened One","ascension_level":0}}