{"host":"tlqi7e8l7c1qc0dn","time":1610516516,"event":{"mods":["Aspiration","BaseMod","Colored Map","Colored Powertips","Conspire","Curses Come First","Dark Map","Displayed Cursed Tome","Fox Events","Halation","Infinite Spire","Mimic Mod","Minty Spire (QoL Compilation)","Relic Sorter","Replay The Spire","Shop Mod","StSLib","Trackpad","??????REMEMod"],"gold_per_floor":[113,44,61,61,79,111,121,153,153,163,163,188,198,212,212,315,315,331,356,341,354,354,354,373,402,402,402,402,402,434,434,434],"floor_reached":31,"language":"ENG","playtime":1350,"items_purged":["Armaments"],"score":362,"play_id":"fbc61efd-424a-4267-af7b-1e7c7074b196","local_time":"20210113004156","is_ascension_mode":true,"campfire_choices":[{"floor":15.0,"key":"REST"},{"floor":23.0,"key":"REST"},{"floor":29,"key":"REST"}],"circlet_count":0,"master_deck":["Strike_R","Strike_R","Strike_R","Strike_R","Strike_R","Defend_R","Defend_R","Defend_R","Defend_R","Feed","ReplayTheSpireMod:Muscle Training","Rampage","True Grit","Shrug It Off","Disarm","Eruption","Warcry","REME_Scribble","Demon Form","Headbutt","Thunderclap+1","Armaments+1","Spot Weakness"],"relics":["REME_ComplimentaryCards","Replay:M_SmolderingBlood","conspire:BottledYoYo","Regal Pillow","ReplayTheSpireMod:Shallot","halation:Trompette","ReplayTheSpireMod:DimensionalGlitch","halation:AfternoonTea","Membership Card","Frozen Egg 2","Paper Frog","conspire:TopHat"],"acts_visited":["Exordium","TheCity"],"potions_floor_usage":[],"damage_taken":[{"damage":10.0,"enemies":"Cultist","floor":1.0,"turns":4.0},{"damage":7.0,"enemies":"2 Louse","floor":3.0,"turns":3.0},{"damage":9.0,"enemies":"Jaw Worm","floor":5.0,"turns":4.0},{"damage":45.0,"enemies":"Gremlin Nob","floor":6.0,"turns":5.0},{"damage":12.0,"enemies":"2 Fungi Beasts","floor":7.0,"turns":3.0},{"damage":29.0,"enemies":"Lagavulin","floor":8.0,"turns":6.0},{"damage":1.0,"enemies":"Red Slaver","floor":10.0,"turns":3.0},{"damage":22.0,"enemies":"3 Sentries","floor":12.0,"turns":6.0},{"damage":2.0,"enemies":"Gremlin Gang","floor":13.0,"turns":5.0},{"damage":0.0,"enemies":"Large Slime","floor":14.0,"turns":4.0},{"damage":51.0,"enemies":"Fading Forest","floor":16.0,"turns":11.0},{"damage":26.0,"enemies":"conspire:FuzzyDice","floor":18.0,"turns":7.0},{"damage":22.0,"enemies":"conspire:MimicChest","floor":19.0,"turns":5.0},{"damage":11.0,"enemies":"2 Thieves","floor":20.0,"turns":4.0},{"damage":53.0,"enemies":"3 Cultists","floor":21.0,"turns":8.0},{"damage":7.0,"enemies":"Centurion and Healer","floor":24.0,"turns":6.0},{"damage":55.0,"enemies":"Nightmare","floor":25.0,"turns":6.0},{"damage":51,"enemies":"conspire:SneckoGhost","floor":30,"turns":8},{"damage":18,"enemies":"Shelled Parasite and Fungi","floor":31,"turns":4}],"seed_played":"2254571536167919806","potions_obtained":[{"floor":3.0,"key":"Dexterity Potion"},{"floor":7.0,"key":"Toxic Potion"},{"floor":8.0,"key":"Energy Potion"},{"floor":18.0,"key":"Doom Potion"},{"floor":21.0,"key":"DuplicationPotion"},{"floor":24.0,"key":"SkillPotion"}],"is_trial":false,"path_per_floor":["M","$","M","$","M","E","M","E","T","M","?","E","M","M","R","B",null,"M","?","M","M","AVR","R","M","NM","T","?","?","R","E","M"],"character_chosen":"IRONCLAD","items_purchased":["Rampage"],"campfire_rested":3,"item_purchase_floors":[2],"current_hp_per_floor":[79,79,81,81,81,42,39,16,16,24,24,5,6,9,55,30,106,83,64,54,4,4,55,59,5,5,5,5,52,11,0,0],"gold":434,"neow_bonus":"THREE_CARDS","is_daily":false,"chose_seed":false,"campfire_upgraded":0,"win_rate":0.0,"timestamp":1610516516,"path_taken":["M","?","M","$","M","E","M","E","T","?","?","E","M","M","R","BOSS","M","?","M","?","AVR","R","?","NM","T","?","?","R","E","?"],"items_purchased_type":["Card"],"build_version":"2020-12-22","purchased_purges":1,"victory":false,"max_hp_per_floor":[83,83,86,86,89,89,92,92,92,95,95,98,101,104,104,106,106,111,116,118,123,123,123,126,128,128,108,108,108,110,110,110],"card_choices":[{"not_picked":["Replay:Undeath\u0027s Touch","Heavy Blade"],"picked":"ReplayTheSpireMod:Muscle Training","floor":1.0},{"not_picked":["Pommel Strike","Replay:Undeath\u0027s Touch","ReplayTheSpireMod:Corrosion Curse"],"picked":"SKIP","floor":3.0},{"not_picked":["ReplayTheSpireMod:Strike From Hell","ReplayReversal","Clash"],"picked":"SKIP","floor":5.0},{"not_picked":["Run Through","Anger","Clash"],"picked":"SKIP","floor":6.0},{"not_picked":["Cleave","Sword Boomerang"],"picked":"True Grit","floor":7.0},{"not_picked":["Shockwave","ReplayTheSpireMod:Strike From Hell"],"picked":"Shrug It Off","floor":8.0},{"not_picked":["Burning Pact","Dark Embrace"],"picked":"Disarm","floor":10.0},{"not_picked":["Pommel Strike","ForeignInfluence"],"picked":"Warcry","floor":12.0},{"not_picked":["Iron Wave","Sword Boomerang"],"picked":"Armaments","floor":13.0},{"not_picked":["CrushJoints","Body Slam"],"picked":"REME_Scribble","floor":14.0},{"not_picked":["REME_Fury","Corruption"],"picked":"Demon Form","floor":16.0},{"not_picked":["Abandon+1","Havoc"],"picked":"Headbutt","floor":18.0},{"not_picked":["Shrug It Off","Warcry"],"picked":"Thunderclap+1","floor":20.0},{"not_picked":["Shrug It Off","Sword Boomerang"],"picked":"Armaments+1","floor":21.0},{"not_picked":["Body Slam","Thunderclap","Rampage"],"picked":"SKIP","floor":24.0},{"not_picked":["Havoc","ReplayTheSpireMod:Stacked","Second Wind"],"picked":"SKIP","floor":25.0},{"not_picked":["Replay:Many Hands","CrushJoints+1","Iron Wave"],"picked":"SKIP","floor":30}],"player_experience":852379,"relics_obtained":[{"floor":6.0,"key":"conspire:BottledYoYo"},{"floor":8.0,"key":"Regal Pillow"},{"floor":9.0,"key":"ReplayTheSpireMod:Shallot"},{"floor":12.0,"key":"halation:Trompette"},{"floor":19.0,"key":"halation:AfternoonTea"},{"floor":25.0,"key":"Frozen Egg 2"},{"floor":26.0,"key":"Paper Frog"},{"floor":30,"key":"conspire:TopHat"}],"event_choices":[{"damage_healed":0,"gold_gain":0,"player_choice":"1 cards matched","damage_taken":0,"max_hp_gain":0,"max_hp_loss":0,"event_name":"Match and Keep!","floor":28,"gold_loss":0,"cards_obtained":["Spot Weakness"]}],"is_beta":false,"boss_relics":[{"not_picked":["ReplayTheSpireMod:Onyx Gauntlets","Tiny House"],"picked":"ReplayTheSpireMod:DimensionalGlitch"}],"items_purged_floors":[22],"is_endless":true,"potions_floor_spawned":[3,7,8,13,18,21,24],"killed_by":"Shelled Parasite and Fungi","ascension_level":1}}