{"host":"qrt7o4dq2qslzw13","time":1610546156,"event":{"mods":["AchievementEnabler","BaseMod","Colored Map","Colored Powertips","Minty Spire (QoL Compilation)","Quick Restart","StSLib","SuperFastMode"],"gold_per_floor":[12,12,23,23,40,40,40,40,40,0,0,0,23,43,43,166,166,191,106,33,53,53],"floor_reached":21,"language":"ENG","playtime":436,"items_purged":[],"score":169,"play_id":"2a16a3eb-dc09-4005-9ea0-81120148734f","local_time":"20210113085556","is_ascension_mode":false,"campfire_choices":[{"data":"Double Energy","floor":6,"key":"SMITH"},{"data":"Redo","floor":12,"key":"SMITH"},{"floor":15,"key":"REST"}],"circlet_count":0,"master_deck":["Strike_B","Strike_B","Strike_B","Strike_B","Defend_B","Defend_B","Defend_B","Defend_B","Zap","Dualcast","Panache","Reprogram","Double Energy+1","Meteor Strike","Redo+1","Injury","Capacitor","Barrage","Recycle","Fission","Glacier","Auto Shields"],"relics":["FrozenCore","Question Card","Golden Idol","Vajra","Bronze Scales"],"acts_visited":["Exordium","TheCity"],"potions_floor_usage":[],"damage_taken":[{"damage":0,"enemies":"Cultist","floor":1,"turns":3},{"damage":7,"enemies":"2 Louse","floor":3,"turns":2},{"damage":8,"enemies":"Jaw Worm","floor":5,"turns":5},{"damage":11,"enemies":"2 Fungi Beasts","floor":13,"turns":3},{"damage":9,"enemies":"Looter","floor":14,"turns":3},{"damage":46,"enemies":"Hexaghost","floor":16,"turns":8},{"damage":23,"enemies":"Spheric Guardian","floor":18,"turns":5},{"damage":24,"enemies":"Chosen","floor":21,"turns":6}],"seed_played":"1626156297645416285","potions_obtained":[{"floor":1,"key":"LiquidBronze"},{"floor":14,"key":"PotionOfCapacity"},{"floor":16,"key":"PowerPotion"}],"is_trial":false,"path_per_floor":["M","T","M","?","M","R","$","?","T","$","?","R","M","M","R","B",null,"M","?","$","M"],"character_chosen":"DEFECT","items_purchased":["Capacitor","Auto Shields"],"campfire_rested":1,"item_purchase_floors":[10,20],"current_hp_per_floor":[75,75,68,68,60,60,60,60,60,60,60,60,49,40,62,16,75,52,52,52,28,28],"gold":53,"neow_bonus":"RANDOM_COLORLESS_2","is_daily":false,"chose_seed":false,"campfire_upgraded":2,"win_rate":0.0,"timestamp":1610546156,"path_taken":["M","?","M","?","?","R","$","?","T","$","?","R","M","M","R","BOSS","M","?","$","M"],"items_purchased_type":["Card","Card"],"build_version":"2020-12-22","purchased_purges":0,"victory":false,"max_hp_per_floor":[75,75,75,75,75,75,75,75,75,75,75,75,75,75,75,75,75,75,75,75,75,75],"card_choices":[{"not_picked":["Transmutation","Violence"],"picked":"Panache","floor":0},{"not_picked":["Undo","Lockon"],"picked":"Reprogram","floor":1},{"not_picked":["Go for the Eyes","Loop","Reprogram"],"picked":"Double Energy","floor":3},{"not_picked":["FTL","Cold Snap","Beam Cell"],"picked":"Redo","floor":5},{"not_picked":["Aggregate","Beam Cell","Gash"],"picked":"Barrage","floor":13},{"not_picked":["Force Field","Gash","Skim"],"picked":"Recycle","floor":14},{"not_picked":["Echo Form","Meteor Strike","All For One"],"picked":"Fission","floor":16},{"not_picked":["Gash+1","Rebound","Streamline"],"picked":"Glacier","floor":18}],"player_experience":541448,"relics_obtained":[{"floor":2,"key":"Question Card"},{"floor":9,"key":"Vajra"}],"event_choices":[{"damage_healed":0,"gold_gain":0,"player_choice":"1 cards matched","damage_taken":0,"max_hp_gain":0,"max_hp_loss":0,"event_name":"Match and Keep!","floor":4,"gold_loss":0,"cards_obtained":["Meteor Strike"]},{"damage_healed":0,"gold_gain":0,"player_choice":"Take Wound","damage_taken":0,"relics_obtained":["Golden Idol"],"max_hp_gain":0,"max_hp_loss":0,"event_name":"Golden Idol","floor":8,"gold_loss":0,"cards_obtained":["Injury"]},{"damage_healed":0,"gold_gain":0,"player_choice":"Searched \u00270\u0027 times","damage_taken":0,"max_hp_gain":0,"max_hp_loss":0,"event_name":"Dead Adventurer","floor":11,"gold_loss":0},{"damage_healed":0,"gold_gain":0,"player_choice":"Obtained Relic","damage_taken":0,"relics_obtained":["Bronze Scales"],"max_hp_gain":0,"max_hp_loss":0,"event_name":"Addict","floor":19,"gold_loss":85}],"is_beta":false,"boss_relics":[{"not_picked":["Ectoplasm","Cursed Key"],"picked":"FrozenCore"}],"items_purged_floors":[],"is_endless":false,"potions_floor_spawned":[1,14,16,18],"killed_by":"Chosen","ascension_level":0}}