{"host":"h4lp0eeso8a0ssq0","time":1610551206,"event":{"mods":["2.2 Compatiblity","AchievementEnabler","BaseMod","CapriCore","Colored Map","Minty Spire (QoL Compilation)","StSLib","SuperFastMode"],"gold_per_floor":[119,133,152,102,102,102,136,136,159,30,53,4,4,27,27,117,117,106,306,330,330],"floor_reached":20,"language":"KOR","playtime":491,"items_purged":[],"score":284,"play_id":"4fcc16bb-6487-40da-8907-741c8648a097","local_time":"20210114002006","is_ascension_mode":true,"campfire_choices":[{"data":"Terror","floor":6.0,"key":"SMITH"},{"floor":8.0,"key":"REST"},{"data":"Skewer","floor":13.0,"key":"SMITH"},{"data":"Blur","floor":15.0,"key":"SMITH"}],"circlet_count":0,"master_deck":["AscendersBane","Strike_G","Strike_G","Strike_G","Strike_G","Defend_G","Defend_G","Defend_G","Defend_G","Defend_G","Survivor","Neutralize","Skewer+1","Reflex","Terror+1","Tactician","Backflip","Blur+1","Adrenaline","Expertise"],"relics":["Ring of the Snake","Centennial Puzzle","Golden Idol","Potion Belt","Oddly Smooth Stone","Smiling Mask","HoveringKite"],"acts_visited":["Exordium","TheCity"],"potions_floor_usage":[16,16],"damage_taken":[{"damage":3.0,"enemies":"Small Slimes","floor":1.0,"turns":4.0},{"damage":0.0,"enemies":"2 Louse","floor":2.0,"turns":4.0},{"damage":2.0,"enemies":"Jaw Worm","floor":3.0,"turns":4.0},{"damage":28.0,"enemies":"Lagavulin","floor":7.0,"turns":8.0},{"damage":20.0,"enemies":"Exordium Thugs","floor":11.0,"turns":5.0},{"damage":6,"enemies":"Hexaghost","floor":16,"turns":8},{"damage":8,"enemies":"2 Thieves","floor":18,"turns":5},{"damage":30,"enemies":"3 Byrds","floor":20,"turns":10}],"seed_played":"7414224104578212146","potions_obtained":[{"floor":1.0,"key":"Swift Potion"},{"floor":2.0,"key":"Strength Potion"},{"floor":11.0,"key":"CultistPotion"},{"floor":18,"key":"SteroidPotion"}],"is_trial":false,"path_per_floor":["M","M","M","?","?","R","E","R","T","$","M","?","R","T","R","B",null,"M","?","M"],"character_chosen":"THE_SILENT","items_purchased":["Tactician","Backflip"],"campfire_rested":1,"item_purchase_floors":[10,10],"current_hp_per_floor":[60,60,58,58,41,41,13,34,34,34,14,14,14,14,14,8,55,47,47,17,17],"gold":330,"neow_bonus":"RANDOM_COMMON_RELIC","is_daily":false,"chose_seed":false,"campfire_upgraded":3,"win_rate":0.0,"timestamp":1610551206,"path_taken":["M","M","M","?","?","R","E","R","T","$","M","?","R","?","R","BOSS","M","?","M"],"items_purchased_type":["Card","Card"],"build_version":"2020-12-22","purchased_purges":0,"victory":false,"max_hp_per_floor":[70,70,70,70,70,70,70,70,70,70,70,70,70,70,70,70,70,70,70,70,70],"card_choices":[{"not_picked":["Well Laid Plans","Underhanded Strike"],"picked":"Skewer","floor":1.0},{"not_picked":["Dash","Underhanded Strike"],"picked":"Reflex","floor":2.0},{"not_picked":["Prepared","Cloak And Dagger"],"picked":"Terror","floor":3.0},{"not_picked":["Bane","Choke","Skewer"],"picked":"SKIP","floor":7.0},{"not_picked":["Outmaneuver","Prepared"],"picked":"Blur","floor":11.0},{"not_picked":["Burst","Malaise"],"picked":"Adrenaline","floor":16},{"not_picked":["Flechettes","Outmaneuver+1"],"picked":"Expertise","floor":18}],"player_experience":154820,"relics_obtained":[{"floor":7.0,"key":"Potion Belt"},{"floor":9.0,"key":"Oddly Smooth Stone"},{"floor":14.0,"key":"Smiling Mask"}],"event_choices":[{"cards_removed":["Strike_G"],"damage_healed":0.0,"max_hp_gain":0.0,"max_hp_loss":0.0,"gold_gain":0.0,"event_name":"The Cleric","player_choice":"Card Removal","floor":4.0,"gold_loss":50.0,"damage_taken":0.0},{"damage_healed":0.0,"max_hp_gain":0.0,"max_hp_loss":0.0,"gold_gain":0.0,"event_name":"Golden Idol","player_choice":"Take Damage","floor":5.0,"gold_loss":0.0,"damage_taken":17.0,"relics_obtained":["Golden Idol"]},{"damage_healed":0.0,"max_hp_gain":0.0,"max_hp_loss":0.0,"gold_gain":0.0,"event_name":"World of Goop","player_choice":"Left Gold","floor":12.0,"gold_loss":49.0,"damage_taken":0.0},{"damage_healed":0,"gold_gain":250,"player_choice":"Bet on Owner","damage_taken":0,"max_hp_gain":0,"max_hp_loss":0,"event_name":"The Joust","floor":19,"gold_loss":50}],"is_beta":false,"boss_relics":[{"not_picked":["Busted Crown","Calling Bell"],"picked":"HoveringKite"}],"items_purged_floors":[],"is_endless":false,"potions_floor_spawned":[1,2,11,18],"killed_by":"3 Byrds","ascension_level":13}}