{"host":"74uvi6kym3vf3uk6","time":1610558517,"event":{"mods":["BaseMod","Colored Map","Colored Powertips","Dark Map","Highlight Path","Minty Spire (QoL Compilation)","Rare Cards Sparkle","StSLib","The Runesmith","The Servant 0.9.4"],"gold_per_floor":[110,130,130,19,33,33,67,85,165,178,178,195,215,215,215,319,319,330,330,330,343,343,343],"floor_reached":22,"language":"ENG","playtime":8896,"items_purged":["Runesmith:Defend_RS"],"score":213,"play_id":"45ff4a21-6229-438c-a179-6629feb096bc","local_time":"20210113112157","is_ascension_mode":false,"campfire_choices":[{"data":"Runesmith:Permafrost","floor":6,"key":"SMITH"},{"floor":11,"key":"REST"},{"floor":15,"key":"REST"}],"circlet_count":0,"master_deck":["Runesmith:Strike_RS","Runesmith:Defend_RS","Runesmith:CraftFirestone","Runesmith:Fortify","Runesmith:EarthShield","Runesmith:PoweredAnvil+1","Runesmith:Permafrost+1","Runesmith:CraftReservo","Runesmith:UnlimitedPower","Runesmith:CraftMagma","Runesmith:RuneHurl","Runesmith:RuneHurl","Runesmith:CraftIncendium","Runesmith:CraftPrismatica","Runesmith:Refine+1","Runesmith:Attraction+1","Runesmith:GoWithTheFlow+1","Runesmith:HeatExchange","Runesmith:Refine","Runesmith:ShiftingStrike","Runesmith:BackupBattery"],"relics":["Runesmith:BrokenRuby","Boot","Shovel","Pear","Astrolabe","Mango"],"acts_visited":["Exordium","TheCity"],"potions_floor_usage":[],"damage_taken":[{"damage":0,"enemies":"2 Louse","floor":1,"turns":3},{"damage":0,"enemies":"Cultist","floor":2,"turns":4},{"damage":1,"enemies":"Jaw Worm","floor":5,"turns":6},{"damage":12,"enemies":"Lagavulin","floor":7,"turns":9},{"damage":17,"enemies":"Exordium Thugs","floor":8,"turns":9},{"damage":20,"enemies":"Lots of Slimes","floor":10,"turns":5},{"damage":15,"enemies":"3 Louse","floor":12,"turns":4},{"damage":14,"enemies":"Large Slime","floor":13,"turns":3},{"damage":32,"enemies":"Slime Boss","floor":16,"turns":8},{"damage":38,"enemies":"2 Thieves","floor":18,"turns":5},{"damage":28,"enemies":"Spheric Guardian","floor":21,"turns":4},{"damage":28,"enemies":"Centurion and Healer","floor":22,"turns":2}],"seed_played":"4968336538658210669","potions_obtained":[{"floor":2,"key":"LiquidMemories"},{"floor":5,"key":"FearPotion"},{"floor":10,"key":"Energy Potion"},{"floor":21,"key":"EssenceOfSteel"}],"is_trial":false,"path_per_floor":["M","M","?","$","M","R","E","M","T","M","R","M","M","?","R","B",null,"M","?","T","M","M"],"character_chosen":"RUNESMITH_CLASS","items_purchased":["Runesmith:Permafrost"],"campfire_rested":2,"item_purchase_floors":[4],"current_hp_per_floor":[70,70,70,70,69,69,57,40,50,30,54,39,25,51,75,43,80,42,42,56,28,0,0],"gold":343,"neow_bonus":"RANDOM_COMMON_RELIC","is_daily":false,"chose_seed":false,"campfire_upgraded":1,"win_rate":0.0,"timestamp":1610558517,"path_taken":["M","M","?","?","M","R","E","M","T","?","R","M","M","?","R","BOSS","M","?","?","M","?"],"items_purchased_type":["Card"],"build_version":"2020-12-22","purchased_purges":1,"victory":false,"max_hp_per_floor":[70,70,70,70,70,70,70,70,80,80,80,80,80,80,80,80,80,80,80,94,94,94,94],"card_choices":[{"not_picked":["Runesmith:Repurpose","Runesmith:EnergizedChisel"],"picked":"Runesmith:EarthShield","floor":1},{"not_picked":["Runesmith:Superposition","Runesmith:MakeshiftArmor"],"picked":"Runesmith:PoweredAnvil","floor":2},{"not_picked":["Runesmith:Superposition","Runesmith:BackupBattery"],"picked":"Runesmith:CraftReservo","floor":5},{"not_picked":["Runesmith:EarthShield","Runesmith:CraftIncendium"],"picked":"Runesmith:UnlimitedPower","floor":7},{"not_picked":["Runesmith:CraftVitae","Runesmith:Firewall"],"picked":"Runesmith:CraftMagma","floor":8},{"not_picked":["Runesmith:EarthShield","Runesmith:Firewall"],"picked":"Runesmith:RuneHurl","floor":10},{"not_picked":["Runesmith:Repurpose","Runesmith:Overpower"],"picked":"Runesmith:RuneHurl","floor":12},{"not_picked":["Runesmith:HammerTime","Runesmith:Retool"],"picked":"Runesmith:CraftIncendium","floor":13},{"not_picked":["Runesmith:CraftIndustria","Runesmith:GrandSlam"],"picked":"Runesmith:CraftPrismatica","floor":16},{"not_picked":["Runesmith:Firewall","Runesmith:Overpower"],"picked":"Runesmith:HeatExchange","floor":18},{"not_picked":["Runesmith:Repurpose","Runesmith:UnstableHammer"],"picked":"Runesmith:BackupBattery","floor":21}],"player_experience":84198,"relics_obtained":[{"floor":7,"key":"Shovel"},{"floor":9,"key":"Pear"},{"floor":20,"key":"Mango"}],"event_choices":[{"damage_healed":0,"gold_gain":0,"player_choice":"Forge","damage_taken":0,"max_hp_gain":0,"max_hp_loss":0,"event_name":"Accursed Blacksmith","floor":3,"gold_loss":0,"cards_upgraded":["Runesmith:PoweredAnvil"]},{"damage_healed":26,"gold_gain":0,"player_choice":"Banana","damage_taken":0,"max_hp_gain":0,"max_hp_loss":0,"event_name":"Big Fish","floor":14,"gold_loss":0},{"damage_healed":0,"gold_gain":0,"cards_transformed":["Runesmith:Strike_RS","Runesmith:Defend_RS"],"player_choice":"Became Test Subject","damage_taken":0,"max_hp_gain":0,"max_hp_loss":0,"event_name":"Drug Dealer","floor":19,"gold_loss":0,"cards_obtained":["Runesmith:Refine","Runesmith:ShiftingStrike"]}],"is_beta":false,"boss_relics":[{"not_picked":["Coffee Dripper","Velvet Choker"],"picked":"Astrolabe"}],"items_purged_floors":[4],"is_endless":false,"potions_floor_spawned":[2,5,10,12,13,21],"killed_by":"Centurion and Healer","ascension_level":0}}