{"host":"guk5h31bsklpp7e4","time":1610501639,"event":{"mods":["AchievementEnabler","BaseMod","Colored Map","Colored Powertips","Highlight Path","Minty Spire (QoL Compilation)","Quick Restart"],"gold_per_floor":[110,110,125,58,8,8,34,65,129,159,206,218,265,242,254,362,374,397,409,421,444,474,486,438,467,479,518,543,555,567,592,604,712,724,753,779,791,803,803],"floor_reached":38,"language":"ENG","playtime":1813,"items_purged":[],"score":501,"play_id":"1d11b01c-13ad-416a-90f3-e151bf21e121","local_time":"20210112203359","is_ascension_mode":true,"campfire_choices":[{"data":"Juggernaut","floor":6,"key":"SMITH"},{"floor":12,"key":"REST"},{"floor":15,"key":"RECALL"},{"floor":23,"key":"REST"},{"floor":29,"key":"REST"},{"floor":32,"key":"REST"}],"circlet_count":0,"master_deck":["Defend_R","Defend_R","Defend_R","Bash","Juggernaut+1","Perfected Strike","Pommel Strike","Battle Trance","Wild Strike","Inflame","Immolate","Body Slam","Shockwave","Hemokinesis","Barricade","Shrug It Off","Writhe","RitualDagger","Spot Weakness+1","Whirlwind","Bludgeon","Immolate","Reaper","Disarm","Finesse","Pummel","Hemokinesis+1","Impervious","Sever Soul+1","Feed+1","Carnage+1","Body Slam+1","Shrug It Off+1","Decay"],"relics":["Burning Blood","MawBank","Orichalcum","Sundial","Pear","SlaversCollar","Self Forming Clay","Strawberry","Astrolabe"],"acts_visited":["Exordium","TheCity","TheBeyond"],"potions_floor_usage":[7,10,27,27,28,31,31,33,33,33,38,38],"damage_taken":[{"damage":8,"enemies":"Jaw Worm","floor":1,"turns":4},{"damage":1,"enemies":"Cultist","floor":3,"turns":3},{"damage":34,"enemies":"Lagavulin","floor":7,"turns":7},{"damage":10,"enemies":"Small Slimes","floor":8,"turns":2},{"damage":6,"enemies":"Looter","floor":10,"turns":2},{"damage":20,"enemies":"Gremlin Nob","floor":11,"turns":4},{"damage":24,"enemies":"Lagavulin","floor":13,"turns":6},{"damage":47,"enemies":"The Guardian","floor":16,"turns":9},{"damage":26,"enemies":"2 Thieves","floor":18,"turns":4},{"damage":10,"enemies":"3 Byrds","floor":21,"turns":5},{"damage":19,"enemies":"3 Cultists","floor":22,"turns":6},{"damage":36,"enemies":"Shelled Parasite and Fungi","floor":25,"turns":6},{"damage":18,"enemies":"Slavers","floor":27,"turns":2},{"damage":22,"enemies":"Chosen and Byrds","floor":28,"turns":6},{"damage":0,"enemies":"Snecko","floor":31,"turns":3},{"damage":69,"enemies":"Collector","floor":33,"turns":9},{"damage":23,"enemies":"Orb Walker","floor":35,"turns":3},{"damage":1,"enemies":"3 Shapes","floor":36,"turns":5},{"damage":87,"enemies":"Writhing Mass","floor":38,"turns":4}],"seed_played":"-5469229120221494297","potions_obtained":[{"floor":1,"key":"EssenceOfSteel"},{"floor":7,"key":"AttackPotion"},{"floor":8,"key":"GamblersBrew"},{"floor":18,"key":"Ancient Potion"},{"floor":25,"key":"PowerPotion"},{"floor":28,"key":"AttackPotion"},{"floor":31,"key":"EntropicBrew"},{"floor":33,"key":"PowerPotion"},{"floor":35,"key":"PowerPotion"}],"is_trial":false,"path_per_floor":["M","?","M","$","$","R","E","M","T","M","E","R","E","?","R","B",null,"M","?","?","M","M","R","?","M","T","E","M","R","?","M","R","B",null,"M","M","?","M"],"character_chosen":"IRONCLAD","items_purchased":["Battle Trance","Wild Strike"],"campfire_rested":4,"item_purchase_floors":[4,5],"current_hp_per_floor":[78,80,80,80,80,80,52,48,48,48,34,58,50,72,72,31,90,70,70,64,60,47,74,74,44,44,39,27,56,56,62,91,43,97,80,85,85,0,0],"gold":803,"neow_bonus":"TRANSFORM_CARD","is_daily":false,"chose_seed":false,"campfire_upgraded":1,"win_rate":0.0,"timestamp":1610501639,"path_taken":["M","?","M","?","$","R","E","M","T","?","E","R","E","?","R","BOSS","M","?","?","M","M","R","?","M","T","E","?","R","?","M","R","BOSS","M","M","?","?"],"items_purchased_type":["Card","Card"],"build_version":"2020-12-22","purchased_purges":0,"victory":false,"max_hp_per_floor":[80,80,80,80,80,80,80,80,80,80,80,80,90,90,90,90,90,90,90,90,90,90,90,90,90,90,97,97,97,97,97,97,97,97,97,97,97,97,97],"card_choices":[{"not_picked":["Combust","True Grit"],"picked":"Perfected Strike","floor":1},{"not_picked":["Shockwave","Heavy Blade"],"picked":"Pommel Strike","floor":3},{"not_picked":["Twin Strike","True Grit"],"picked":"Inflame","floor":7},{"not_picked":["Twin Strike","Cleave"],"picked":"Immolate","floor":8},{"not_picked":["Anger","Headbutt"],"picked":"Body Slam","floor":10},{"not_picked":["Dropkick","Infernal Blade"],"picked":"Shockwave","floor":11},{"not_picked":["Disarm","Body Slam"],"picked":"Hemokinesis","floor":13},{"not_picked":["Demon Form","Fiend Fire"],"picked":"Barricade","floor":16},{"not_picked":["Seeing Red","Flex"],"picked":"Shrug It Off","floor":18},{"not_picked":["Iron Wave+1","Headbutt"],"picked":"Spot Weakness+1","floor":21},{"not_picked":["Perfected Strike","Spot Weakness"],"picked":"Whirlwind","floor":22},{"not_picked":["Twin Strike","Evolve","Pommel Strike"],"picked":"SKIP","floor":25},{"not_picked":["Rage","Flex"],"picked":"Reaper","floor":27},{"not_picked":["Clash","Anger"],"picked":"Disarm","floor":28},{"not_picked":["Dropkick","Armaments"],"picked":"Hemokinesis+1","floor":31},{"not_picked":["Fiend Fire","Barricade"],"picked":"Impervious","floor":33},{"not_picked":["Clothesline+1","Headbutt"],"picked":"Body Slam+1","floor":35},{"not_picked":["Perfected Strike","Shockwave"],"picked":"Shrug It Off+1","floor":36}],"player_experience":292214,"relics_obtained":[{"floor":7,"key":"MawBank"},{"floor":9,"key":"Orichalcum"},{"floor":11,"key":"Sundial"},{"floor":13,"key":"Pear"},{"floor":27,"key":"Strawberry"}],"event_choices":[{"damage_healed":2,"gold_gain":0,"player_choice":"Full Heal","damage_taken":0,"max_hp_gain":0,"max_hp_loss":0,"event_name":"Wheel of Change","floor":2,"gold_loss":0},{"damage_healed":22,"gold_gain":0,"player_choice":"Healed","damage_taken":0,"max_hp_gain":0,"max_hp_loss":0,"event_name":"The Cleric","floor":14,"gold_loss":35},{"damage_healed":0,"gold_gain":0,"player_choice":"Opened","damage_taken":0,"relics_obtained":["Self Forming Clay"],"max_hp_gain":0,"max_hp_loss":0,"event_name":"The Mausoleum","floor":19,"gold_loss":0,"cards_obtained":["Writhe"]},{"damage_healed":0,"gold_gain":0,"player_choice":"Joined the Cult","damage_taken":6,"max_hp_gain":0,"max_hp_loss":0,"event_name":"Nest","floor":20,"gold_loss":0,"cards_obtained":["RitualDagger"]},{"damage_healed":0,"gold_gain":0,"cards_transformed":["Strike_R","Strike_R"],"player_choice":"Transformed Cards","damage_taken":0,"max_hp_gain":0,"max_hp_loss":0,"event_name":"Designer","floor":24,"gold_loss":60,"cards_obtained":["Bludgeon","Immolate"]},{"damage_healed":0,"gold_gain":0,"player_choice":"2 cards matched","damage_taken":0,"max_hp_gain":0,"max_hp_loss":0,"event_name":"Match and Keep!","floor":30,"gold_loss":0,"cards_obtained":["Finesse","Pummel"]},{"damage_healed":0,"gold_gain":0,"player_choice":"Cursed","damage_taken":0,"max_hp_gain":0,"max_hp_loss":0,"event_name":"Wheel of Change","floor":37,"gold_loss":0,"cards_obtained":["Decay"]}],"is_beta":false,"boss_relics":[{"not_picked":["Fusion Hammer","Coffee Dripper"],"picked":"SlaversCollar"},{"not_picked":["Runic Cube","Sozu"],"picked":"Astrolabe"}],"items_purged_floors":[],"is_endless":false,"potions_floor_spawned":[1,7,8,18,25,28,31,33,35],"killed_by":"Writhing Mass","ascension_level":3}}