{"host":"cmxkjr0hek4mqvmn","time":1610561753,"event":{"mods":["BaseMod","Beaked The Cultist","Better Match","Better Skull","Better Third Choice","BetterRewards","Clawfect","Colored Map","Displayed Cursed Tome","Duelist Mod","GifTheSpireLib","Hermit","Hubris","JesterMod","Mimic Mod","Minty Spire (QoL Compilation)","Quick Restart","Robot Space Explorer","StSLib","The Bladedancer","The Blue Laboratory","The Cursed","Thieving Mod","Waifu the Spire"],"gold_per_floor":[109,109,109,109,109,109,120,120,155,155,28,28,1,16,16,112,112,128,53,53,65,92,104,131,156,208,220,232,232],"floor_reached":28,"language":"ENG","playtime":1215,"items_purged":[],"score":204,"play_id":"7d494888-1c0a-43a5-8c22-db0eb0b02a49","local_time":"20210113131553","is_ascension_mode":false,"campfire_choices":[{"floor":6.0,"key":"REST"},{"data":"hermit:Misfire","floor":8.0,"key":"SMITH"},{"data":"hermit:Vantage","floor":10.0,"key":"SMITH"},{"data":"hermit:BigShot","floor":15.0,"key":"SMITH"},{"data":"hermit:EyeOfTheStorm","floor":23,"key":"SMITH"}],"circlet_count":0,"master_deck":["hermit:Strike_Hermit","hermit:Strike_Hermit+1","hermit:Strike_Hermit","hermit:Strike_Hermit","hermit:Defend_Hermit","hermit:Defend_Hermit","hermit:Defend_Hermit","hermit:Defend_Hermit+1","hermit:Snapshot","hermit:Covet","hermit:BodyArmor+1","Regret","hermit:Misfire+1","hermit:Vantage+1","hermit:Dive","hermit:Ricochet","hermit:BigShot+1","hermit:Magnum","hermit:CursedWeapon","hermit:Roughhouse+1","hermit:Gambit+1","hermit:FinalCanter+1","Shame","hermit:CursedWeapon","hermit:EyeOfTheStorm+1","hermit:CursedWeapon","hermit:Glare+1","hermit:Vantage"],"relics":["hermit:ClaspedLocket","NeowsBlessing","Akabeko","hubris:ToyBattleship","hubris:SphereOfDissonance","Dream Catcher","hubris:Towel","MawBank","hubris:Metronome","Pantograph"],"acts_visited":["Exordium","TheCity"],"potions_floor_usage":[28],"damage_taken":[{"damage":0.0,"enemies":"Cultist","floor":1.0,"turns":1.0},{"damage":0.0,"enemies":"2 Louse","floor":7.0,"turns":1.0},{"damage":0.0,"enemies":"Small Slimes","floor":9.0,"turns":2.0},{"damage":0.0,"enemies":"Small Slimes","floor":14.0,"turns":1.0},{"damage":22.0,"enemies":"Slime Boss","floor":16.0,"turns":12.0},{"damage":24.0,"enemies":"Spheric Guardian","floor":18.0,"turns":4.0},{"damage":12,"enemies":"2 Thieves","floor":22,"turns":4},{"damage":2,"enemies":"Snake Plant","floor":24,"turns":2},{"damage":8,"enemies":"Centurion and Healer","floor":25,"turns":5},{"damage":4,"enemies":"3 Cultists","floor":26,"turns":4},{"damage":27,"enemies":"Book of Stabbing","floor":28,"turns":4}],"seed_played":"-8689183310852014812","potions_obtained":[{"floor":14.0,"key":"blueLaboratory:PhilterOfMotion"},{"floor":16.0,"key":"blueLaboratory:Moonshine"},{"floor":24,"key":"blueLaboratory:RememoryPotion"}],"is_trial":false,"path_per_floor":["M","?","?","?","?","R","M","R","MIM","R","$","?","$","M","R","B",null,"M","?","?","?","M","R","M","M","MIM","?","E"],"character_chosen":"HERMIT","items_purchased":["hermit:Dive","DuplicationPotion","hermit:Ricochet"],"campfire_rested":1,"item_purchase_floors":[11,11,13],"current_hp_per_floor":[75,75,28,13,13,35,35,35,35,35,35,35,35,35,35,13,75,51,51,51,51,39,39,37,30,27,27,0,0],"gold":232,"neow_bonus":"THREE_ENEMY_KILL","is_daily":false,"chose_seed":false,"campfire_upgraded":4,"win_rate":0.0,"timestamp":1610561753,"path_taken":["M","?","?","?","?","R","M","R","MIM","R","$","?","?","?","R","BOSS","M","?","?","?","M","R","?","M","MIM","?","E"],"items_purchased_type":["Card","Potion","Card"],"build_version":"2020-12-22","purchased_purges":0,"victory":false,"max_hp_per_floor":[75,75,75,75,75,75,75,75,75,75,75,75,75,75,75,75,75,75,75,75,75,75,75,75,75,75,75,75,75],"card_choices":[{"not_picked":["hermit:Coalescence","hermit:HoleUp"],"picked":"hermit:BodyArmor","floor":1.0},{"not_picked":["hermit:ItchyTrigger","hermit:TakeCover"],"picked":"hermit:Misfire","floor":7.0},{"not_picked":["hermit:Desperado","hermit:Cheat"],"picked":"hermit:Vantage","floor":9.0},{"not_picked":["hermit:Quickdraw","hermit:BodyArmor"],"picked":"hermit:BigShot","floor":14.0},{"not_picked":["hermit:FatalDesire","hermit:HighNoon"],"picked":"hermit:Magnum","floor":16.0},{"not_picked":["hermit:Misfire+1","hermit:ShadowCloak"],"picked":"hermit:CursedWeapon","floor":18.0},{"not_picked":["hermit:Dissolve+1","hermit:OverwhelmingPower+1"],"picked":"hermit:Roughhouse+1","floor":19.0},{"not_picked":["hermit:HighNoon+1","hermit:OverwhelmingPower+1"],"picked":"hermit:Gambit+1","floor":19.0},{"not_picked":["hermit:Adapt+1","hermit:HighNoon+1"],"picked":"hermit:FinalCanter+1","floor":19.0},{"not_picked":["hermit:WideOpen","hermit:Malice"],"picked":"hermit:EyeOfTheStorm","floor":22},{"not_picked":["hermit:Vantage","hermit:CalledShot+1"],"picked":"hermit:CursedWeapon","floor":24},{"not_picked":["hermit:Cheat+1","hermit:Spite"],"picked":"hermit:Glare+1","floor":25},{"not_picked":["hermit:Feint","hermit:PistolWhip"],"picked":"hermit:Vantage","floor":26}],"player_experience":593104,"relics_obtained":[{"floor":9.0,"key":"Dream Catcher"},{"floor":26,"key":"hubris:Metronome"},{"floor":26,"key":"Pantograph"}],"event_choices":[{"damage_healed":0.0,"max_hp_gain":0.0,"max_hp_loss":0.0,"gold_gain":0.0,"event_name":"Big Fish","player_choice":"Box","floor":2.0,"gold_loss":0.0,"damage_taken":0.0,"relics_obtained":["Akabeko"],"cards_obtained":["Regret"]},{"damage_healed":0.0,"max_hp_gain":0.0,"max_hp_loss":0.0,"gold_gain":1.0,"event_name":"betterThird:BetterScrap","player_choice":"Relic Relic ","floor":3.0,"gold_loss":0.0,"damage_taken":47.0,"cards_obtained":["Flechettes"]},{"damage_healed":28.0,"max_hp_gain":0.0,"max_hp_loss":75.0,"gold_gain":0.0,"event_name":"betterThird:BetterShining","player_choice":"Upgrade","floor":4.0,"gold_loss":0.0,"damage_taken":15.0,"cards_upgraded":["hermit:Strike_Hermit","hermit:Defend_Hermit"]},{"damage_healed":0.0,"max_hp_gain":0.0,"max_hp_loss":0.0,"gold_gain":0.0,"event_name":"Upgrade Shrine","player_choice":"Upgraded","floor":5.0,"gold_loss":0.0,"damage_taken":0.0,"cards_upgraded":["hermit:BodyArmor"]},{"damage_healed":0.0,"max_hp_gain":0.0,"max_hp_loss":0.0,"gold_gain":0.0,"event_name":"betterMatch:BetterMatch","player_choice":"3","floor":19.0,"gold_loss":0.0,"damage_taken":0.0,"cards_obtained":["betterMatch:RareCard"]},{"damage_healed":0.0,"max_hp_gain":0.0,"max_hp_loss":0.0,"gold_gain":0.0,"event_name":"Addict","player_choice":"Stole Relic","floor":20.0,"gold_loss":0.0,"damage_taken":0.0,"relics_obtained":["MawBank"],"cards_obtained":["Shame"]},{"damage_healed":0.0,"max_hp_gain":0.0,"max_hp_loss":0.0,"gold_gain":0.0,"event_name":"Duplicator","player_choice":"Copied","floor":21.0,"gold_loss":0.0,"damage_taken":0.0,"cards_obtained":["hermit:CursedWeapon"]},{"damage_healed":0,"gold_gain":0,"player_choice":"Ignored","damage_taken":0,"max_hp_gain":0,"max_hp_loss":0,"event_name":"Ghosts","floor":27,"gold_loss":0}],"is_beta":false,"boss_relics":[{"not_picked":["Runic Pyramid","beaked:SacredDeck"],"picked":"hermit:ClaspedLocket"}],"items_purged_floors":[],"is_endless":false,"potions_floor_spawned":[14,16,24],"killed_by":"Book of Stabbing","ascension_level":0}}