{"host":"cjhtzh7tp54jdfyv","time":1610536799,"event":{"mods":["AchievementEnabler","BaseMod","Colored Map","Colored Powertips","Curses Come First","DeckTracker","Filter the Spire","Minty Spire (QoL Compilation)","RNG Fix","Relic Sorter","Relic Stats","StSLib","UnlockEverythingMod","ojb\u0027s Better Paths Mod","ojb\u0027s Info Mod"],"gold_per_floor":[115,133,149,74,74,100,100,135,135,165,178,191,209,109,109,183,183,203,203,223,237,256,290,308,327,327,327,327],"floor_reached":27,"language":"ENG","playtime":2111,"items_purged":["Defend_P","Defend_P"],"score":618,"play_id":"b42e9ee0-b208-4948-87bf-c333715040e9","local_time":"20210113061959","is_ascension_mode":true,"campfire_choices":[{"data":"Eruption","floor":7.0,"key":"SMITH"},{"data":"Fasting2","floor":15,"key":"SMITH"}],"circlet_count":0,"master_deck":["AscendersBane","Strike_P","Strike_P","Strike_P","Strike_P","Defend_P","Eruption+1","Vigilance","Fasting2+1","BowlingBash","CutThroughFate","Vault","DeceiveReality","LikeWater+1","Sanctity","CrushJoints"],"relics":["Velvet Choker","Oddly Smooth Stone","Tiny Chest","TeardropLocket","Pocketwatch","Black Star","Orichalcum","Akabeko","Ice Cream"],"acts_visited":["Exordium","TheCity"],"potions_floor_usage":[13,23],"damage_taken":[{"damage":3.0,"enemies":"2 Louse","floor":1.0,"turns":3.0},{"damage":2.0,"enemies":"Jaw Worm","floor":2.0,"turns":4.0},{"damage":0.0,"enemies":"Cultist","floor":3.0,"turns":3.0},{"damage":13.0,"enemies":"Lagavulin","floor":6.0,"turns":6.0},{"damage":0.0,"enemies":"3 Sentries","floor":8.0,"turns":2.0},{"damage":0.0,"enemies":"Lagavulin","floor":10.0,"turns":4.0},{"damage":0.0,"enemies":"2 Fungi Beasts","floor":11.0,"turns":1.0},{"damage":2,"enemies":"Exordium Thugs","floor":12,"turns":3},{"damage":14,"enemies":"Gremlin Gang","floor":13,"turns":2},{"damage":27,"enemies":"Hexaghost","floor":16,"turns":6},{"damage":3,"enemies":"3 Byrds","floor":18,"turns":4},{"damage":0,"enemies":"Chosen","floor":20,"turns":3},{"damage":11,"enemies":"Snake Plant","floor":21,"turns":4},{"damage":0,"enemies":"3 Cultists","floor":22,"turns":4},{"damage":32,"enemies":"Slavers","floor":23,"turns":5},{"damage":1,"enemies":"Cultist and Chosen","floor":24,"turns":3},{"damage":0,"enemies":"Centurion and Healer","floor":25,"turns":4},{"damage":10,"enemies":"Gremlin Leader","floor":27,"turns":1}],"seed_played":"-3503553448279667407","potions_obtained":[{"floor":1.0,"key":"Fruit Juice"},{"floor":3.0,"key":"BottledMiracle"},{"floor":10.0,"key":"Dexterity Potion"},{"floor":13,"key":"Fire Potion"},{"floor":16,"key":"Explosive Potion"},{"floor":18,"key":"BlessingOfTheForge"},{"floor":23,"key":"Explosive Potion"},{"floor":25,"key":"GamblersBrew"}],"is_trial":false,"path_per_floor":["M","M","M","$","?","E","R","E","T","E","M","M","M","$","R","B",null,"M","?","M","M","M","E","M","M","T","E"],"character_chosen":"WATCHER","items_purchased":[],"campfire_rested":0,"item_purchase_floors":[],"current_hp_per_floor":[58,56,56,56,56,43,43,43,43,43,43,41,32,32,32,5,56,53,53,53,42,42,10,9,9,9,0,0],"gold":327,"neow_bonus":"BOSS_RELIC","is_daily":false,"chose_seed":false,"campfire_upgraded":2,"win_rate":0.0,"timestamp":1610536799,"path_taken":["M","M","M","$","?","E","R","E","T","E","M","M","?","$","R","BOSS","M","?","M","M","M","E","?","M","T","E"],"items_purchased_type":[],"build_version":"2020-12-22","purchased_purges":2,"victory":false,"max_hp_per_floor":[68,68,68,68,68,68,68,68,68,68,68,68,73,73,73,73,73,73,73,73,73,73,73,73,73,73,73,73],"relic_stats":{"counters":[18,62],"Tiny Chest":0,"Black Star":1,"Orichalcum":[30],"obtain_stats":[{"Ice Cream":26,"Velvet Choker":0,"Oddly Smooth Stone":6,"Tiny Chest":8,"Black Star":17,"TeardropLocket":9,"PureWater":0,"Orichalcum":23,"Akabeko":23,"Pocketwatch":10},{"Ice Cream":17,"Velvet Choker":0,"Oddly Smooth Stone":4,"Tiny Chest":5,"Black Star":10,"TeardropLocket":5,"PureWater":0,"Orichalcum":15,"Akabeko":15,"Pocketwatch":6},{"Ice Cream":61,"Velvet Choker":0,"Oddly Smooth Stone":16,"Tiny Chest":18,"Black Star":34,"TeardropLocket":18,"PureWater":0,"Orichalcum":54,"Akabeko":54,"Pocketwatch":22}],"Pocketwatch":[57]},"card_choices":[{"not_picked":["Nirvana","ReachHeaven"],"picked":"Fasting2","floor":1.0},{"not_picked":["Wireheading","WaveOfTheHand"],"picked":"BowlingBash","floor":2.0},{"not_picked":["Prostrate","Consecrate"],"picked":"CutThroughFate","floor":3.0},{"not_picked":["Evaluate","BowlingBash","Weave"],"picked":"SKIP","floor":6.0},{"not_picked":["BowlingBash","EmptyBody","ReachHeaven"],"picked":"SKIP","floor":8.0},{"not_picked":["Perseverance","Omniscience","WaveOfTheHand"],"picked":"SKIP","floor":10.0},{"not_picked":["MentalFortress","Protect","PathToVictory"],"picked":"SKIP","floor":11.0},{"not_picked":["Nirvana","Indignation","Prostrate"],"picked":"SKIP","floor":12},{"not_picked":["BowlingBash","Prostrate","Evaluate"],"picked":"SKIP","floor":13},{"not_picked":["Omniscience","Judgement"],"picked":"Vault","floor":16},{"not_picked":["CutThroughFate","Nirvana","Crescendo"],"picked":"SKIP","floor":18},{"not_picked":["Pray","EmptyBody"],"picked":"LikeWater+1","floor":20},{"not_picked":["Crescendo","Perseverance","ClearTheMind"],"picked":"SKIP","floor":21},{"not_picked":["Crescendo","Perseverance","ClearTheMind"],"picked":"SKIP","floor":21},{"not_picked":["EmptyBody","PathToVictory","Crescendo"],"picked":"SKIP","floor":22},{"not_picked":["Collect","JustLucky"],"picked":"Sanctity","floor":23},{"not_picked":["Halt","ClearTheMind","Nirvana"],"picked":"SKIP","floor":24},{"not_picked":["Crescendo","SashWhip"],"picked":"CrushJoints","floor":25}],"player_experience":4494582,"relics_obtained":[{"floor":6.0,"key":"Oddly Smooth Stone"},{"floor":8.0,"key":"Tiny Chest"},{"floor":9.0,"key":"TeardropLocket"},{"floor":10.0,"key":"Pocketwatch"},{"floor":23,"key":"Orichalcum"},{"floor":23,"key":"Akabeko"},{"floor":26,"key":"Ice Cream"}],"event_choices":[{"cards_removed":["Defend_P"],"damage_healed":0.0,"max_hp_gain":0.0,"max_hp_loss":0.0,"gold_gain":0.0,"event_name":"Bonfire Elementals","player_choice":"Offered Basic","floor":5.0,"gold_loss":0.0,"damage_taken":0.0},{"damage_healed":0,"gold_gain":0,"player_choice":"Read","damage_taken":0,"max_hp_gain":0,"max_hp_loss":0,"event_name":"The Library","floor":19,"gold_loss":0,"cards_obtained":["DeceiveReality"]}],"is_beta":false,"boss_relics":[{"not_picked":["Tiny House","SacredBark"],"picked":"Black Star"}],"items_purged_floors":[4,14],"is_endless":false,"potions_floor_spawned":[1,3,10,13,16,18,20,21,23,25],"killed_by":"Gremlin Leader","ascension_level":20}}