{"host":"grli52lbdph2722t","time":1610558865,"event":{"mods":["AchievementEnabler","BaseMod","Downfall","Minty Spire (QoL Compilation)","Quick Restart","StSLib"],"gold_per_floor":[99,99,99,99,99,126,151,167,201,34,45,79,79,134,151,151,151,151],"floor_reached":16,"language":"ENG","playtime":747,"items_purged":[],"score":204,"play_id":"4adb0199-e572-42fc-85c3-2669d1c26c55","local_time":"20210113182745","is_ascension_mode":true,"campfire_choices":[{"data":"Guardian:TwinSlam","floor":1,"key":"SMITH"},{"data":"Guardian:Orbwalk","floor":13,"key":"SMITH"}],"circlet_count":0,"master_deck":["Guardian:Strike_Guardian","Guardian:Strike_Guardian","Guardian:Defend_Guardian","Guardian:Defend_Guardian","Guardian:Defend_Guardian","Guardian:CurlUp","Guardian:TwinSlam+1","Guardian:Clone","Regret","Guardian:DecasProtection","downfall:Haunted","Guardian:Repulse","Guardian:PolyBeam","Guardian:Orbwalk+1","Guardian:ConstructionForm","Guardian:GemFinder","Guardian:VentSteam","Guardian:MultiBeam"],"relics":["Guardian:ModeShifter","downfall:HeartsMalice","Matryoshka","Bottled Lightning","Guardian:StasisCodex","Guardian:DefensiveModeMoreBlock","Lee\u0027s Waffle","Vajra","Girya"],"acts_visited":["Exordium"],"potions_floor_usage":[16,16],"damage_taken":[{"damage":0,"enemies":"2 Louse","floor":2,"turns":1},{"damage":0,"enemies":"Jaw Worm","floor":5,"turns":1},{"damage":0,"enemies":"Lagavulin","floor":6,"turns":1},{"damage":7,"enemies":"Cultist","floor":8,"turns":4},{"damage":18,"enemies":"Gremlin Nob","floor":9,"turns":5},{"damage":11,"enemies":"downfall:FleeingMerchant","floor":10,"turns":4},{"damage":13,"enemies":"Large Slime","floor":11,"turns":6},{"damage":31,"enemies":"3 Sentries","floor":12,"turns":12},{"damage":26,"enemies":"3 Sentries","floor":14,"turns":9},{"damage":0,"enemies":"Lots of Slimes","floor":15,"turns":1},{"damage":22,"enemies":"downfall:Defect","floor":16,"turns":3}],"seed_played":"-5327976507657093810","potions_obtained":[{"floor":6,"key":"Strength Potion"},{"floor":9,"key":"Ancient Potion"},{"floor":12,"key":"Fruit Juice"}],"is_trial":false,"path_per_floor":["R","M","?","?","M","E","T","M","E","$","M","E","R","?","M","B"],"character_chosen":"GUARDIAN","items_purchased":["Lee\u0027s Waffle"],"campfire_rested":0,"item_purchase_floors":[10],"current_hp_per_floor":[72,72,72,72,72,72,72,65,47,87,74,43,43,17,17,0,0,0],"gold":151,"neow_bonus":"THREE_ENEMY_KILL","is_daily":false,"chose_seed":false,"campfire_upgraded":2,"win_rate":0.0,"timestamp":1610558865,"path_taken":["R","M","?","?","?","E","T","M","E","$","M","E","R","?","M","BOSS"],"items_purchased_type":["Relic"],"build_version":"2020-12-22","purchased_purges":0,"victory":false,"max_hp_per_floor":[80,80,80,80,80,80,80,80,80,87,87,87,87,87,87,92,92,92],"card_choices":[{"not_picked":["Guardian:RollAttack","Guardian:BodySlam"],"picked":"Guardian:Clone","floor":2},{"not_picked":["Guardian:BodySlam","Guardian:CrystalBeam"],"picked":"Guardian:PolyBeam","floor":5},{"not_picked":["Guardian:SentryBeam","Guardian:BronzeArmor"],"picked":"Guardian:Orbwalk","floor":6},{"not_picked":["Guardian:TimeBomb","Guardian:ChargeCore","Guardian:RefractedBeam"],"picked":"SKIP","floor":8},{"not_picked":["Guardian:ChargeUp","Guardian:Gem_Lightblue"],"picked":"Guardian:ConstructionForm","floor":9},{"not_picked":["Guardian:RollAttack","Guardian:ShieldSpikes"],"picked":"Guardian:GemFinder","floor":10},{"not_picked":["Guardian:Gem_Green","Guardian:Gem_Lightblue"],"picked":"Guardian:Gem_Cyan","floor":11},{"not_picked":["Guardian:TimeBomb","Guardian:CrystalBeam"],"picked":"Guardian:VentSteam","floor":11},{"not_picked":["Guardian:Gem_Cyan","Guardian:Gem_Green"],"picked":"Guardian:Gem_Red","floor":12},{"not_picked":["Guardian:Reroute","Guardian:VentSteam","Guardian:RollAttack"],"picked":"SKIP","floor":12},{"not_picked":["Guardian:Incinerate","Guardian:RefractedBeam"],"picked":"Guardian:MultiBeam","floor":14},{"not_picked":["Guardian:PiercingHide","Guardian:VentSteam","Guardian:ChargeCore"],"picked":"SKIP","floor":15}],"player_experience":4984786,"relics_obtained":[{"floor":6,"key":"Bottled Lightning"},{"floor":7,"key":"Guardian:StasisCodex"},{"floor":7,"key":"Guardian:DefensiveModeMoreBlock"},{"floor":12,"key":"Vajra"},{"floor":14,"key":"Girya"}],"event_choices":[{"damage_healed":0,"gold_gain":0,"player_choice":"Box","damage_taken":0,"relics_obtained":["Matryoshka"],"max_hp_gain":0,"max_hp_loss":0,"event_name":"Big Fish","floor":3,"gold_loss":0,"cards_obtained":["Regret"]}],"is_beta":false,"boss_relics":[],"items_purged_floors":[],"is_endless":false,"potions_floor_spawned":[6,9,12],"killed_by":"downfall:Defect","ascension_level":9}}