{"host":"s794kqxf2n1qz2yr","time":1610545381,"event":{"mods":["100% Spire Juice","2.2 Compatiblity","AchievementEnabler","Aspiration","BaseMod","ChefMod","Downfall","Friendly Minions","Hermit","Hyrulean Relics","Minty Spire (QoL Compilation)","Permanent Neow","StSLib","The Animator"],"gold_per_floor":[112,212,226,226,241,268,268,282,282,282,301,312,343,362,362,464,464,446,458,458,475,494,521,521,521,545,545,571,586,603,630,630,731,731,750,286,312,362,373,404,439,439,439,469,469,469,482,496,496,496],"floor_reached":51,"language":"ENG","playtime":2689,"items_purged":["champ:PerfectedStrike"],"score":1068,"play_id":"567bb1bd-6f1c-4dac-807c-6e02a2377d9f","local_time":"20210113134301","daily_mods":["SealedDeck"],"is_ascension_mode":false,"campfire_choices":[{"data":"champ:DefensiveStyle","floor":7,"key":"SMITH"},{"data":"champ:SkillfulDodge","floor":10,"key":"SMITH"},{"data":"champ:FocusedDefense","floor":15,"key":"SMITH"},{"data":"champ:SwordSigil","floor":24,"key":"SMITH"},{"data":"champ:ShieldSigil","floor":27,"key":"SMITH"},{"data":"champ:ShieldSigil","floor":32,"key":"SMITH"},{"data":"Deep Breath","floor":42,"key":"SMITH"},{"data":"Body Slam","floor":46,"key":"SMITH"},{"data":"champ:ShieldSigil","floor":49,"key":"SMITH"}],"circlet_count":0,"master_deck":["champ:SwordSigil+1","champ:Circumvent","champ:ShieldSigil+1","champ:ShieldSigil+1","champ:ShieldSigil+1","champ:Circumvent","champ:FocusedDefense+1","champ:SkillfulDodge+1","champ:DefensiveStyle+1","Deep Breath+1","Body Slam+1","champ:SwordSigil+1"],"relics":["champ:ChampionCrown","champ:GladiatorsBookOfMartialProwess","Guardian:GemstoneGun","CeramicFish","Coffee Dripper","Juzu Bracelet","Bag of Marbles","Incense Burner","aspiration:IroncladSkillbook","WingedGreaves","aspiration:HatOfInfinitePower","Bronze Scales","Girya","Mummified Hand","TungstenRod"],"acts_visited":["Exordium","TheCity","TheBeyond"],"potions_floor_usage":[35,39,41,44],"damage_taken":[{"damage":0,"enemies":"2 Louse","floor":1,"turns":3},{"damage":0,"enemies":"Cultist","floor":3,"turns":2},{"damage":0,"enemies":"Jaw Worm","floor":5,"turns":1},{"damage":0,"enemies":"Gremlin Nob","floor":6,"turns":3},{"damage":12,"enemies":"3 Louse","floor":8,"turns":3},{"damage":0,"enemies":"Blue Slaver","floor":11,"turns":2},{"damage":0,"enemies":"Red Slaver","floor":12,"turns":2},{"damage":0,"enemies":"3 Sentries","floor":13,"turns":4},{"damage":11,"enemies":"Exordium Wildlife","floor":14,"turns":3},{"damage":0,"enemies":"Slime Boss","floor":16,"turns":3},{"damage":0,"enemies":"2 Thieves","floor":18,"turns":4},{"damage":0,"enemies":"Shell Parasite","floor":19,"turns":2},{"damage":0,"enemies":"Centurion and Healer","floor":21,"turns":4},{"damage":0,"enemies":"Snake Plant","floor":22,"turns":2},{"damage":0,"enemies":"Slavers","floor":23,"turns":4},{"damage":3,"enemies":"Chosen and Byrds","floor":28,"turns":4},{"damage":0,"enemies":"Centurion and Healer","floor":29,"turns":4},{"damage":0,"enemies":"Snake Plant","floor":30,"turns":2},{"damage":0,"enemies":"Book of Stabbing","floor":31,"turns":4},{"damage":0,"enemies":"Collector","floor":33,"turns":6},{"damage":0,"enemies":"3 Darklings","floor":35,"turns":8},{"damage":0,"enemies":"3 Shapes","floor":37,"turns":7},{"damage":0,"enemies":"Mind Bloom Boss Battle","floor":38,"turns":3},{"damage":13,"enemies":"Transient","floor":39,"turns":5},{"damage":9,"enemies":"Nemesis","floor":40,"turns":4},{"damage":12,"enemies":"Reptomancer","floor":41,"turns":6},{"damage":34,"enemies":"Nemesis","floor":44,"turns":5},{"damage":0,"enemies":"Jaw Worm Horde","floor":47,"turns":2},{"damage":0,"enemies":"3 Darklings","floor":48,"turns":3},{"damage":17,"enemies":"Awakened One","floor":50,"turns":5}],"seed_played":"-34907683516538537","potions_obtained":[{"floor":1,"key":"Ancient Potion"},{"floor":3,"key":"LiquidMemories"},{"floor":6,"key":"sneckomod:MuddlingPotion"},{"floor":8,"key":"CultistPotion"},{"floor":23,"key":"DistilledChaos"},{"floor":30,"key":"Slimebound:ThreeZeroPotion"},{"floor":37,"key":"Ancient Potion"},{"floor":40,"key":"BlessingOfTheForge"},{"floor":41,"key":"Block Potion"},{"floor":44,"key":"champ:UltimateStancePotion"}],"is_trial":true,"path_per_floor":["M","?","M","$","M","E","R","M","T","R","M","M","E","M","R","B",null,"M","M","?","M","M","E","R","?","T","R","M","M","M","E","R","B",null,"M","$","M","?","M","E","E","R","T","E","?","R","M","M","R","B",null],"character_chosen":"THE_CHAMP","items_purchased":["WingedGreaves","Deep Breath","Body Slam"],"campfire_rested":0,"item_purchase_floors":[36,36,36],"current_hp_per_floor":[90,90,90,90,90,90,90,78,78,78,78,78,78,67,67,67,90,90,90,90,90,90,90,90,90,90,90,87,87,87,87,87,87,90,90,90,90,90,81,76,68,68,68,38,79,79,79,79,79,66],"gold":496,"neow_bonus":"","is_daily":false,"chose_seed":false,"campfire_upgraded":9,"win_rate":0.0,"timestamp":1610545381,"path_taken":["M","?","M","$","M","E","R","?","T","R","M","M","E","M","R","BOSS","M","?","?","M","?","E","R","?","T","R","M","M","M","E","R","BOSS","M","$","M","?","M","E","E","R","T","E","?","R","M","M","R","BOSS"],"items_purchased_type":["Relic","Card","Card"],"build_version":"2020-12-22","purchased_purges":1,"victory":true,"max_hp_per_floor":[90,90,90,90,90,90,90,90,90,90,90,90,90,90,90,90,90,90,90,90,90,90,90,90,90,90,90,90,90,90,90,90,90,90,90,90,90,90,90,90,90,90,90,90,79,79,79,79,79,79],"card_choices":[{"not_picked":["champ:AdrenalArmor","champ:BerserkersShout","champ:FanOfKnives"],"picked":"SKIP","floor":1},{"not_picked":["champ:PerfectForm","champ:Circumvent","champ:CalledShot"],"picked":"SKIP","floor":3},{"not_picked":["champ:RapidStrikes","champ:ShieldSigil","champ:FanOfKnives"],"picked":"SKIP","floor":5},{"not_picked":["champ:Haymaker","champ:Duel","champ:BringItOn"],"picked":"SKIP","floor":6},{"not_picked":["champ:RageSigil","champ:FanOfKnives","champ:Backstep"],"picked":"SKIP","floor":8},{"not_picked":["champ:FaceSlap","champ:Haymaker","champ:EnGarde"],"picked":"SKIP","floor":11},{"not_picked":["champ:EnragedBash","champ:Haymaker","champ:BerserkersShout"],"picked":"SKIP","floor":12},{"not_picked":["champ:EnGarde","champ:VampiricStrike","champ:Backstep"],"picked":"SKIP","floor":13},{"not_picked":["champ:DefensiveShout","champ:BerserkersShout","champ:FanOfKnives"],"picked":"SKIP","floor":14},{"not_picked":["champ:GutPunch","champ:BerserkersShout","champ:ShieldSigil"],"picked":"SKIP","floor":18},{"not_picked":["champ:DefensiveShout","champ:FlashCut","champ:Control"],"picked":"SKIP","floor":19},{"not_picked":["champ:FanOfKnives","champ:FlashCut","champ:GladiatorsShout+1"],"picked":"SKIP","floor":21},{"not_picked":["champ:FlashCut","champ:BerserkersShout","champ:StanceDance"],"picked":"SKIP","floor":22},{"not_picked":["champ:Devastate","champ:FaceSlap","champ:RapidStrikes"],"picked":"SKIP","floor":23},{"not_picked":["champ:Devastate","champ:FaceSlap","champ:RapidStrikes"],"picked":"SKIP","floor":23},{"not_picked":["champ:BerserkersShout","champ:FaceSlap"],"picked":"champ:PerfectedStrike","floor":28},{"not_picked":["champ:BerserkersShout+1","champ:BringItOn","champ:Backstep"],"picked":"SKIP","floor":29},{"not_picked":["champ:ArenaPreparation","champ:CrookedStrike+1","champ:Haymaker"],"picked":"SKIP","floor":30},{"not_picked":["champ:Circumvent","champ:Improvising","champ:Aggression"],"picked":"SKIP","floor":31},{"not_picked":["champ:EndlessRage+1","champ:FocusedBerserking","Battle Trance","Hemokinesis"],"picked":"SKIP","floor":35},{"not_picked":["champ:Backstep","champ:TornadoPunch","champ:ShieldSigil+1"],"picked":"champ:SwordSigil+1","floor":37},{"not_picked":["Dropkick+1","Infernal Blade","True Grit+1","Hemokinesis+1"],"picked":"SKIP","floor":39},{"not_picked":["Second Wind","Anger","champ:FocusedGladiator","champ:RisingSlash"],"picked":"SKIP","floor":40},{"not_picked":["Reckless Charge+1","True Grit","champ:Haymaker+1","Shrug It Off"],"picked":"SKIP","floor":41},{"not_picked":["Reckless Charge+1","True Grit","champ:Haymaker+1","Shrug It Off"],"picked":"SKIP","floor":41},{"not_picked":["champ:PerfectedStrike+1","champ:Haymaker+1","champ:ShieldWall+1","Headbutt+1"],"picked":"SKIP","floor":44},{"not_picked":["champ:SteelEdge","champ:EnragedBash","Spot Weakness+1","champ:GladiatorsShout+1"],"picked":"SKIP","floor":47},{"not_picked":["Havoc","champ:StanceDance","Armaments","Flex"],"picked":"SKIP","floor":48}],"player_experience":360750,"relics_obtained":[{"floor":6,"key":"champ:GladiatorsBookOfMartialProwess"},{"floor":9,"key":"Guardian:GemstoneGun"},{"floor":13,"key":"CeramicFish"},{"floor":23,"key":"Juzu Bracelet"},{"floor":26,"key":"Bag of Marbles"},{"floor":31,"key":"Incense Burner"},{"floor":38,"key":"aspiration:HatOfInfinitePower"},{"floor":40,"key":"Bronze Scales"},{"floor":41,"key":"Girya"},{"floor":43,"key":"Mummified Hand"},{"floor":44,"key":"TungstenRod"}],"event_choices":[{"damage_healed":0,"gold_gain":100,"player_choice":"Pray","damage_taken":0,"max_hp_gain":0,"max_hp_loss":0,"event_name":"Golden Shrine","floor":2,"gold_loss":0},{"cards_removed":["champ:TornadoPunch"],"damage_healed":5,"gold_gain":0,"player_choice":"Offered Common","damage_taken":0,"max_hp_gain":0,"max_hp_loss":0,"event_name":"Bonfire Elementals","floor":20,"gold_loss":0},{"cards_removed":["champ:TornadoPunch"],"damage_healed":5,"gold_gain":0,"player_choice":"Offered Special","damage_taken":0,"max_hp_gain":0,"max_hp_loss":0,"event_name":"Bonfire Elementals","floor":20,"gold_loss":0},{"damage_healed":0,"gold_gain":0,"player_choice":"Fight","damage_taken":0,"max_hp_gain":0,"max_hp_loss":0,"event_name":"MindBloom","floor":38,"gold_loss":0},{"damage_healed":79,"gold_gain":0,"player_choice":"Heal","damage_taken":0,"max_hp_gain":0,"max_hp_loss":11,"event_name":"The Moai Head","floor":45,"gold_loss":0}],"is_beta":false,"boss_relics":[{"not_picked":["Velvet Choker","Empty Cage"],"picked":"Coffee Dripper"},{"not_picked":["Sozu","Black Star"],"picked":"aspiration:IroncladSkillbook"}],"items_purged_floors":[36],"is_endless":false,"potions_floor_spawned":[1,3,6,8,14,16,22,23,30,37,40,41,44],"ascension_level":0}}