{"host":"0tyekvnd8380d52o","time":1610558904,"event":{"mods":["Arknights The Spire","BaseMod","Minty Spire (QoL Compilation)","Shop Mod","StSLib","simple"],"gold_per_floor":[118,118,43,59,79,79,79,79,131,131,156,156,156,176,176,277,277,295,195,229,144,144,144,169,169,169,169,6,26,26,39,39,135,135,149,24,42,42,42,42],"floor_reached":39,"language":"ZHS","playtime":1805,"items_purged":["ats:Fractured Body","ats:Ambush","ats:Durian"],"score":393,"play_id":"140b36f9-ed90-47e4-8001-753b976941f6","local_time":"20210114012824","daily_mods":["Shiny","Heirloom","Time Dilation","Flight"],"is_ascension_mode":false,"campfire_choices":[{"data":"ats:Rat Pack","floor":6.0,"key":"SMITH"},{"data":"ats:True Silver Slash","floor":7.0,"key":"SMITH"},{"data":"ats:Dogmatic Field","floor":8.0,"key":"SMITH"},{"data":"ats:Soul Rend","floor":10.0,"key":"SMITH"},{"data":"ats:Roar Of Ursus","floor":12.0,"key":"SMITH"},{"data":"ats:Volcano","floor":15.0,"key":"SMITH"},{"data":"ats:Calcification","floor":23.0,"key":"SMITH"},{"data":"ats:Echo Reverb","floor":25.0,"key":"SMITH"},{"data":"ats:Rat Pack","floor":30.0,"key":"SMITH"},{"data":"ats:Disruption Kick","floor":32.0,"key":"SMITH"}],"circlet_count":0,"master_deck":["ats:Soul Rend+1","ats:Rat Pack+1","ats:Nebulous Foxfire","ats:Shadow Assault","ats:Volcano+1","ats:Roar Of Ursus+1","ats:Disruption Kick+1","ats:True Silver Slash+1","ats:Echo Reverb+1","ats:Dogmatic Field+1","ats:Calcification+1","ats:Wolf Pack","ats:Demon Strength","ats:Soul Rend","ats:Rat Pack+1","ats:Red Shift"],"relics":["ats:Sanity Plus","Thread and Needle","White Beast Statue","Potion Belt","ats:Originium","Regal Pillow","CultistMask","Runic Pyramid","Red Mask","Letter Opener","Omamori","Ice Cream","Prayer Wheel"],"acts_visited":["Exordium","TheCity","TheBeyond"],"potions_floor_usage":[37],"damage_taken":[{"damage":7.0,"enemies":"Jaw Worm","floor":1.0,"turns":4.0},{"damage":8.0,"enemies":"Cultist","floor":4.0,"turns":5.0},{"damage":0.0,"enemies":"Small Slimes","floor":5.0,"turns":4.0},{"damage":74.0,"enemies":"Lagavulin","floor":11.0,"turns":14.0},{"damage":5.0,"enemies":"Exordium Thugs","floor":14.0,"turns":7.0},{"damage":57.0,"enemies":"The Guardian","floor":16.0,"turns":13.0},{"damage":13.0,"enemies":"Shell Parasite","floor":18.0,"turns":5.0},{"damage":3.0,"enemies":"Masked Bandits","floor":20.0,"turns":2.0},{"damage":31.0,"enemies":"Gremlin Leader","floor":24.0,"turns":8.0},{"damage":34.0,"enemies":"Spheric Guardian","floor":29.0,"turns":6.0},{"damage":2.0,"enemies":"Snecko","floor":31.0,"turns":5.0},{"damage":125.0,"enemies":"Champ","floor":33.0,"turns":21.0},{"damage":78.0,"enemies":"Orb Walker","floor":35.0,"turns":8.0},{"damage":0,"enemies":"3 Darklings","floor":37,"turns":2},{"damage":14,"enemies":"Spire Growth","floor":39,"turns":2}],"seed_played":"3779813139474699234","potions_obtained":[{"floor":1.0,"key":"ColorlessPotion"},{"floor":4.0,"key":"LiquidBronze"},{"floor":5.0,"key":"ColorlessPotion"},{"floor":11.0,"key":"Dexterity Potion"},{"floor":14.0,"key":"PowerPotion"},{"floor":16.0,"key":"Energy Potion"},{"floor":18.0,"key":"CultistPotion"},{"floor":20.0,"key":"SkillPotion"},{"floor":24.0,"key":"FairyPotion"},{"floor":29.0,"key":"DistilledChaos"},{"floor":33.0,"key":"Energy Potion"},{"floor":35.0,"key":"Strength Potion"},{"floor":37,"key":"EntropicBrew"}],"is_trial":true,"path_per_floor":["M","?","$","M","M","R","R","R","T","R","E","R","?","M","R","B",null,"M","$","?","?","?","R","E","R","T","T","$","M","R","M","R","B",null,"M","$","M","?","M"],"character_chosen":"DOCTOR_CLASS","items_purchased":["ats:Rat Pack"],"campfire_rested":0,"item_purchase_floors":[28],"current_hp_per_floor":[65,65,65,63,64,64,64,64,64,64,40,40,40,46,46,29,72,69,69,67,67,67,67,72,72,72,72,72,47,47,56,56,38,72,21,21,21,14,0,0],"gold":42,"neow_bonus":"","is_daily":false,"chose_seed":false,"campfire_upgraded":10,"win_rate":0.0,"timestamp":1610558904,"path_taken":["M","?","$","?","M","R","R","R","T","R","E","R","?","M","R","BOSS","M","$","?","?","?","R","E","R","T","?","$","M","R","M","R","BOSS","M","$","M","?","?"],"items_purchased_type":["Card"],"build_version":"2020-12-22","purchased_purges":3,"victory":false,"max_hp_per_floor":[72,72,72,72,72,72,72,72,72,72,72,72,72,72,72,72,72,72,72,72,72,72,72,72,72,72,72,72,72,72,72,72,72,72,72,72,72,72,72,72],"card_choices":[{"not_picked":["ats:Guardian Obelisk","ats:Leaping Hammer","ats:Shadow Raid"],"picked":"SKIP","floor":1.0},{"not_picked":["ats:Healing Strengthening","ats:Childhood Dance","ats:Curse Doll"],"picked":"SKIP","floor":4.0},{"not_picked":["ats:Assault Order","ats:Leaping Hammer","ats:Consecutive Shot Auto"],"picked":"SKIP","floor":5.0},{"not_picked":["ats:Leaping Hammer","ats:Poison Spread","ats:Childhood Dance"],"picked":"SKIP","floor":11.0},{"not_picked":["ats:Red Shift","ats:Assault Order"],"picked":"ats:Demon Strength","floor":14.0},{"not_picked":["ats:Echo Reverb","ats:Shadow Assault"],"picked":"ats:Soul Rend","floor":16.0},{"not_picked":["ats:Explosion Area Strengthen","ats:Consecutive Shot Auto","ats:Flexible Camouflage"],"picked":"SKIP","floor":18.0},{"not_picked":["ats:Thorns","ats:Hammer On+1","ats:Cat Scratch"],"picked":"SKIP","floor":24.0},{"not_picked":["ats:Childhood Dance","ats:Flexible Camouflage","ats:Sword Rain"],"picked":"SKIP","floor":29.0},{"not_picked":["ats:Apocalypse","ats:Flexible Camouflage+1","ats:Cat Scratch+1"],"picked":"SKIP","floor":29.0},{"not_picked":["ats:Powerful Strike","ats:Poison Spread"],"picked":"ats:Red Shift","floor":31.0},{"not_picked":["ats:Hook Shot+1","ats:Apocalypse","ats:Cat Scratch"],"picked":"SKIP","floor":31.0},{"not_picked":["ats:Revitalization","ats:Leaping Hammer+1","ats:Sword Rain"],"picked":"SKIP","floor":35.0},{"not_picked":["ats:Flexible Camouflage","ats:LN2 Cannon","ats:Hook Shot+1"],"picked":"SKIP","floor":35.0},{"not_picked":["ats:Demon Strength","ats:Hammer On","ats:Part Time Job"],"picked":"SKIP","floor":37},{"not_picked":["ats:Revitalization","ats:Apocalypse","ats:Composite Medical Shells+1"],"picked":"SKIP","floor":37}],"player_experience":167344,"relics_obtained":[{"floor":9.0,"key":"Potion Belt"},{"floor":11.0,"key":"ats:Originium"},{"floor":11.0,"key":"Regal Pillow"},{"floor":20.0,"key":"Red Mask"},{"floor":24.0,"key":"ats:Originium"},{"floor":24.0,"key":"Omamori"},{"floor":26.0,"key":"Ice Cream"},{"floor":27.0,"key":"Prayer Wheel"}],"event_choices":[{"damage_healed":0.0,"max_hp_gain":0.0,"max_hp_loss":0.0,"gold_gain":0.0,"event_name":"WeMeetAgain","player_choice":"Gave Potion","floor":2.0,"gold_loss":0.0,"damage_taken":0.0,"relics_obtained":["White Beast Statue"]},{"damage_healed":0.0,"max_hp_gain":0.0,"max_hp_loss":0.0,"gold_gain":0.0,"event_name":"FaceTrader","player_choice":"Trade","floor":13.0,"gold_loss":0.0,"damage_taken":0.0,"relics_obtained":["CultistMask"]},{"damage_healed":0.0,"max_hp_gain":0.0,"max_hp_loss":0.0,"gold_gain":0.0,"event_name":"Masked Bandits","player_choice":"Fought Bandits","floor":20.0,"gold_loss":0.0,"damage_taken":0.0},{"damage_healed":0.0,"max_hp_gain":0.0,"max_hp_loss":0.0,"gold_gain":0.0,"event_name":"Addict","player_choice":"Obtained Relic","floor":21.0,"gold_loss":85.0,"damage_taken":0.0,"relics_obtained":["Letter Opener"]},{"damage_healed":0.0,"max_hp_gain":0.0,"max_hp_loss":0.0,"gold_gain":0.0,"event_name":"Ghosts","player_choice":"Ignored","floor":22.0,"gold_loss":0.0,"damage_taken":0.0},{"damage_healed":0,"gold_gain":0,"player_choice":"Damaged","damage_taken":7,"max_hp_gain":0,"max_hp_loss":0,"event_name":"Wheel of Change","floor":38,"gold_loss":0}],"is_beta":false,"boss_relics":[{"not_picked":["Velvet Choker","SacredBark"],"picked":"Runic Pyramid"},{"not_picked":["Sozu","Snecko Eye"],"picked":"ats:Sanity Plus"}],"items_purged_floors":[3,19,36],"is_endless":true,"potions_floor_spawned":[1,4,5,11,14,16,18,20,24,29,31,33,35,37],"killed_by":"Spire Growth","ascension_level":0}}