{"host":"pa65g39v0cwbmgvo","time":1610522463,"event":{"mods":["2.2 Compatiblity","ATMod(°¢èªMod)","BaseMod","Better Skull","Better Third Choice","BetterRewards","Dota2Spire","Minty Spire (QoL Compilation)","Quick Restart","Replay The Spire","Spicy Shops","StSLib","SuperFastMode","¡¾ÒÅÎï¿¨ÅÆ¡¿REMEMod"],"gold_per_floor":[145,145,155,155,168,217,247,247,274,337,350,392,402,462,462,562,562,602,612,612,632,151,211,226,166,217,250,264,313,326,353,353,482,582,592,612,612,631,631,690,700,728,753,949,1009,1032,1057,1068,1068,1098,1098,1098,381,415,445],"floor_reached":56,"language":"ZHS","playtime":1470,"items_purged":["REME_CurseOfMatryoshka","Strike_P","Strike_P","Defend_P","Eruption"],"score":2356,"play_id":"d88bf34c-29eb-4386-8762-388123b3d675","local_time":"20210113152103","is_ascension_mode":true,"campfire_choices":[{"floor":8.0,"key":"RECALL"},{"data":"REME_FirmDetermination","floor":15.0,"key":"SMITH"},{"data":"Defend_P","floor":32,"key":"PURGE"},{"floor":49,"key":"REST"},{"floor":52,"key":"REST"}],"circlet_count":0,"master_deck":["Defend_P","Defend_P","Vigilance","FlurryOfBlows","REME_Flogging+1","EmptyMind+1","FollowUp","REME_FirmDetermination+1","AT_BodySlamDance","Barricade+1","FollowUp","Replay:Poison Smokescreen","Fasting2","Echo Form+1","Devotion+1","Escape Plan"],"relics":["PureWater","REME_ComplimentaryCards","AT_ATBox","ReplayTheSpireMod:CursedCoin","Dota2Spire:HandOfMidas","AT_ArcaneBoots","InkBottle","Dota2Spire:OctarineCore","Mirror","Golden Egg","ReplayTheSpireMod:Ninjato","MealTicket","PrismaticShard","ReplayFunnel","REME_HandOfSuture","Tiny Chest","Fusion Hammer","Anchor","Replay:Wax Seal","AT_EbonyIvory","Dota2Spire:Vanguard","Dota2Spire:DrumOfEndurance","Replay:Baseball","AT_Manta","Replay:Wanted Poster","StoneCalendar","Dota2Spire:BattleFury","Dota2Spire:BladeMail","Bronze Scales","AT_GuinsooRageblade","Damaru","Replay:Rubber Ducky","Yang","REME_HourglassOfDeath"],"acts_visited":["Exordium","TheCity","TheBeyond","TheEnding"],"potions_floor_usage":[55,55,55,55],"damage_taken":[{"damage":0.0,"enemies":"Cultist","floor":1.0,"turns":2.0},{"damage":0.0,"enemies":"Small Slimes","floor":3.0,"turns":1.0},{"damage":0.0,"enemies":"Jaw Worm","floor":5.0,"turns":2.0},{"damage":2.0,"enemies":"2 Fungi Beasts","floor":6.0,"turns":2.0},{"damage":2.0,"enemies":"3 Sentries","floor":7.0,"turns":4.0},{"damage":0.0,"enemies":"Gremlin Nob","floor":10.0,"turns":2.0},{"damage":0.0,"enemies":"3 Louse","floor":11.0,"turns":4.0},{"damage":0.0,"enemies":"Large Slime","floor":12.0,"turns":3.0},{"damage":1.0,"enemies":"Looter","floor":13.0,"turns":2.0},{"damage":0.0,"enemies":"Lagavulin","floor":14.0,"turns":5.0},{"damage":0.0,"enemies":"Hexaghost","floor":16.0,"turns":4.0},{"damage":0.0,"enemies":"Shell Parasite","floor":18.0,"turns":1.0},{"damage":0.0,"enemies":"Spheric Guardian","floor":19.0,"turns":2.0},{"damage":0.0,"enemies":"Snake Plant","floor":21.0,"turns":2.0},{"damage":0,"enemies":"Book of Stabbing","floor":23,"turns":2},{"damage":0,"enemies":"Snecko","floor":24,"turns":1},{"damage":0,"enemies":"Slavers","floor":27,"turns":2},{"damage":0,"enemies":"Shelled Parasite and Fungi","floor":28,"turns":1},{"damage":0,"enemies":"Snake Plant","floor":29,"turns":1},{"damage":0,"enemies":"Sentry and Sphere","floor":30,"turns":2},{"damage":0,"enemies":"Gremlin Leader","floor":31,"turns":2},{"damage":0,"enemies":"Collector","floor":33,"turns":2},{"damage":0,"enemies":"3 Shapes","floor":35,"turns":1},{"damage":0,"enemies":"Orb Walker","floor":36,"turns":1},{"damage":0,"enemies":"Spire Growth","floor":38,"turns":2},{"damage":0,"enemies":"R_Hoarder","floor":40,"turns":3},{"damage":0,"enemies":"Maw","floor":41,"turns":2},{"damage":0,"enemies":"Giant Head","floor":42,"turns":2},{"damage":0,"enemies":"R_Hoarder","floor":45,"turns":4},{"damage":0,"enemies":"Writhing Mass","floor":48,"turns":1},{"damage":0,"enemies":"Time Eater","floor":50,"turns":4},{"damage":0,"enemies":"Shield and Spear","floor":54,"turns":1},{"damage":0,"enemies":"The Heart","floor":55,"turns":4}],"seed_played":"-7440010578419022630","potions_obtained":[{"floor":1.0,"key":"ColorlessPotion"},{"floor":5.0,"key":"Strength Potion"},{"floor":10.0,"key":"SmokeBomb"},{"floor":11.0,"key":"EntropicBrew"},{"floor":12.0,"key":"Flashbang"},{"floor":21.0,"key":"Block Potion"}],"is_trial":false,"path_per_floor":["M","?","M","$","M","M","E","R","T","E","M","M","M","E","R","B",null,"M","M","?","M","$","E","M","?","T","E","M","M","M","E","R","B",null,"M","M","T","M","?","E","M","E","T","?","E","T","T","M","R","B",null,"R","$","E","B",null],"character_chosen":"WATCHER","items_purchased":["ReplayTheSpireMod:CursedCoin","Dota2Spire:HandOfMidas","AT_SpeedBoots","InkBottle","Mirror","FlurryOfBlows","Golden Egg","ReplayTheSpireMod:Ninjato","MealTicket","REME_Flogging","PrismaticShard","EmptyMind","Anchor","Replay:Wax Seal","AT_EbonyIvory","Yang","Devotion"],"campfire_rested":2,"item_purchase_floors":[0,0,0,0,0,0,0,0,0,0,0,0,22,22,22,53,53],"current_hp_per_floor":[72,72,72,72,72,70,68,68,68,68,68,68,67,67,67,67,72,72,72,72,72,72,72,72,72,72,72,72,72,72,72,72,72,72,72,72,72,72,72,72,72,72,72,72,72,72,72,72,72,72,72,72,72,72,72],"gold":445,"neow_bonus":"","is_daily":false,"chose_seed":false,"campfire_upgraded":1,"win_rate":0.0,"timestamp":1610522463,"path_taken":["M","?","?","?","M","M","E","R","T","E","M","M","M","E","R","BOSS","M","M","?","M","?","E","M","?","T","E","M","M","M","E","R","BOSS","M","M","?","M","?","E","M","E","T","?","E","?","?","?","R","BOSS","R","$","E","BOSS"],"items_purchased_type":["Relic","Relic","Relic","Relic","Relic","Card","Relic","Relic","Relic","Card","Relic","Card","Relic","Relic","Relic","Relic","Card"],"build_version":"2020-12-22","purchased_purges":5,"victory":true,"max_hp_per_floor":[72,72,72,72,72,72,72,72,72,72,72,72,72,72,72,72,72,72,72,72,72,72,72,72,72,72,72,72,72,72,72,72,72,72,72,72,72,72,72,72,72,72,72,72,72,72,72,72,72,72,72,72,72,72,72],"card_choices":[{"not_picked":["Infernal Blade","Heavy Blade","Dagger Spray"],"picked":"SKIP","floor":1.0},{"not_picked":["AT_DrawKnifeCut","AT_ThistleTea","Poisoned Stab"],"picked":"SKIP","floor":3.0},{"not_picked":["Panacea","Replay:ManipulateFuture"],"picked":"FollowUp","floor":5.0},{"not_picked":["Dagger Throw","Clothesline"],"picked":"REME_FirmDetermination","floor":6.0},{"not_picked":["Double Tap","Shrug It Off"],"picked":"AT_BodySlamDance","floor":7.0},{"not_picked":["Redo","Replay:Undeath\u0027s Touch","Armaments"],"picked":"SKIP","floor":10.0},{"not_picked":["PiercingWail","Pommel Strike","ReplayTheSpireMod:Corrosion Curse"],"picked":"SKIP","floor":11.0},{"not_picked":["Secret Technique","Scrape","ReplayTheSpireMod:Corrosion Curse"],"picked":"SKIP","floor":12.0},{"not_picked":["Blind","ClearTheMind","Turbo"],"picked":"SKIP","floor":13.0},{"not_picked":["Wireheading","Crescendo","Clash"],"picked":"SKIP","floor":14.0},{"not_picked":["Beam Cell+1","Loop","Bane"],"picked":"SKIP","floor":18.0},{"not_picked":["Backflip","Abandon"],"picked":"FollowUp","floor":19.0},{"not_picked":["Tempest+1","Replay:BluntJabs+1","Intimidate+1"],"picked":"SKIP","floor":21.0},{"not_picked":["Headbutt","AT_WindFlip","Replay:AtTheReady"],"picked":"SKIP","floor":23},{"not_picked":["AT_DiedThrough","Genetic Algorithm+1","AT_TinkerSharpsword"],"picked":"SKIP","floor":24},{"not_picked":["Rainbow","Havoc"],"picked":"Replay:Poison Smokescreen","floor":27},{"not_picked":["Deflect+1","Go for the Eyes","REME_TwoStrings"],"picked":"SKIP","floor":28},{"not_picked":["Redo","Cleave"],"picked":"Fasting2","floor":29},{"not_picked":["JustLucky","ReplayTheSpireMod:The Works+1","Flying Knee"],"picked":"SKIP","floor":30},{"not_picked":["Venomology","SashWhip+1","FearNoEvil"],"picked":"SKIP","floor":31},{"not_picked":["Omniscience","Rainbow"],"picked":"Echo Form","floor":33},{"not_picked":["BasicCrystalCard+1","Endless Agony","Run Through"],"picked":"SKIP","floor":35},{"not_picked":["Turbo","Conserve Battery+1","Replay:BluntJabs+1"],"picked":"SKIP","floor":36},{"not_picked":["Warcry+1","EmptyBody","Dagger Spray"],"picked":"SKIP","floor":38},{"not_picked":["Chrysalis","Heavy Blade+1","Replay:BluntJabs"],"picked":"SKIP","floor":40},{"not_picked":["Panic Button","EmptyFist+1","ReplayTheSpireMod:The Works+1"],"picked":"SKIP","floor":41},{"not_picked":["Fire Breathing+1","Headbutt+1","Sweeping Beam"],"picked":"SKIP","floor":42},{"not_picked":["Nirvana","REME_Compress+1","Streamline+1"],"picked":"SKIP","floor":45},{"not_picked":["AT_CelerityRune","Clash+1","REME_Compress"],"picked":"SKIP","floor":48},{"not_picked":["SashWhip+1","The Bomb"],"picked":"Escape Plan","floor":54}],"player_experience":70462,"relics_obtained":[{"floor":7.0,"key":"ReplayFunnel"},{"floor":10.0,"key":"REME_HandOfSuture"},{"floor":14.0,"key":"Tiny Chest"},{"floor":23,"key":"Dota2Spire:Vanguard"},{"floor":26,"key":"Dota2Spire:DrumOfEndurance"},{"floor":27,"key":"Replay:Baseball"},{"floor":31,"key":"AT_Manta"},{"floor":37,"key":"StoneCalendar"},{"floor":40,"key":"Dota2Spire:BattleFury"},{"floor":42,"key":"Dota2Spire:BladeMail"},{"floor":43,"key":"Bronze Scales"},{"floor":45,"key":"AT_GuinsooRageblade"},{"floor":46,"key":"Damaru"},{"floor":47,"key":"Replay:Rubber Ducky"},{"floor":54,"key":"REME_HourglassOfDeath"}],"event_choices":[{"cards_removed":["Strike_P"],"damage_healed":0.0,"max_hp_gain":0.0,"max_hp_loss":0.0,"gold_gain":0.0,"event_name":"Bonfire Elementals","player_choice":"Offered Basic","floor":2.0,"gold_loss":0.0,"damage_taken":0.0},{"cards_removed":["Strike_P"],"damage_healed":0.0,"max_hp_gain":0.0,"max_hp_loss":0.0,"gold_gain":0.0,"event_name":"betterThird:BetterWriting","player_choice":"Elegance","floor":20.0,"gold_loss":0.0,"damage_taken":0.0}],"is_beta":false,"boss_relics":[{"not_picked":["REME_LowDesire","Replay:Bronze Core"],"picked":"Fusion Hammer"},{"not_picked":["Honey Jar","Velvet Choker"],"picked":"Replay:Wanted Poster"}],"items_purged_floors":[0,0,22,53,53],"is_endless":false,"potions_floor_spawned":[1,5,10,11,12,16,19,21,24,29,31,33,41,42,48],"ascension_level":3}}