{"host":"mn5kbj4x7gv3jr0o","time":1610519413,"event":{"mods":["100% Spire Juice","2.2 Compatiblity","AchievementEnabler","Ascension Reborn","Ascension Unlocker","Aspiration","BaseMod","Better Note","CCEM","Conjunction","Conspire","Curses Come First","Downfall","HololiveMod","Hubris","Infinite Spire","Jess\u0027s Bottle","Minty Spire (QoL Compilation)","Quarter Circle Forward PUNCH!","Quick Restart","Relic Sorter","Relic Stats","Replay The Spire","Reworked Bosses","SCP261 Mod","SacredBarkPlus","Shedinja","Small Relic Pack","Spicy Shops","Spikes Relics","StSLib","Trackpad","Uncapped","Unceasing Turn Reminder","Virulent Crown","vexMod"],"gold_per_floor":[111,136,136,151,151,151,58,72,96,96,96,106,160,91,91,187,187,203,221,119,131,131,11,45,45,71,87,98,115,115,115,115,217,217,235,9,9,0,11,11,11,21,21,35,35,50,50,50],"floor_reached":47,"language":"ENG","playtime":3084,"items_purged":[],"score":549,"play_id":"ebf81056-1269-4296-ac16-99595aada578","local_time":"20210113013013","is_ascension_mode":true,"campfire_choices":[{"data":"Moonworks:LulusLuckyEgg","floor":6,"key":"SMITH"},{"data":"Moonworks:Ambush","floor":10,"key":"SMITH"},{"data":"Moonworks:CloudOfSeagulls","floor":15,"key":"SMITH"},{"data":"Moonworks:CloudOfSeagulls","floor":23,"key":"SMITH"},{"data":"Moonworks:JonathanRush","floor":25,"key":"SMITH"},{"floor":32,"key":"REST"},{"data":"Moonworks:CloudOfSeagulls","floor":45,"key":"SMITH"}],"circlet_count":0,"master_deck":["Moonworks:Strike","Moonworks:Strike","Moonworks:Strike","Moonworks:Strike","Moonworks:Defend","Moonworks:Defend","Moonworks:Defend","Moonworks:Defend","Moonworks:Ambush+1","Moonworks:LongDistanceShot","Moonworks:Dash","Moonworks:LulusLuckyEgg+1","Moonworks:BigMagnum","Moonworks:CompletionReward+1","Moonworks:CloudOfSeagulls+1","Moonworks:ShieldCounter","Moonworks:CloudOfSeagulls+1","Moonworks:JonathanRush+1","Moonworks:JonathanRush+1","Moonworks:JonathanRush+1","Shedinja:FocusSash+1","Moonworks:LulusLuckyEgg","Moonworks:LulusLuckyEgg","Moonworks:TreasureThief+1","Moonworks:CloudOfSeagulls+1","Moonworks:CrystalBarrier","Moonworks:LulusLuckyEgg","Moonworks:EvilSpyWorkPreparation","Moonworks:CompletionReward+1","Moonworks:LulusLuckyEgg+1","Moonworks:CloudOfSeagulls+1","Moonworks:LulusLuckyEgg"],"relics":["Moonworks:BrokenBomb","Moonworks:Homemark","trackpad:Compendium","hubris:Towel","trackpad:CultistFigurine","ReplayTheSpireMod:TigerMarble","Potion Belt","Whetstone","vexMod:CursedCompass","Simple Rune","Nunchaku","Black Star","MiniBlackHole","hubris:Backtick","Hololive_LightStick","CCEMRelics:TechnogenicHelmet","Red Mask","hubris:Metronome","aspiration:HatOfInfinitePower"],"acts_visited":["Exordium","TheCity","TheBeyond"],"potions_floor_usage":[7,19,24,29,33,33,47],"damage_taken":[{"damage":0,"enemies":"Cultist","floor":1,"turns":4},{"damage":3,"enemies":"Jaw Worm","floor":4,"turns":4},{"damage":5,"enemies":"Replay:BlueRogue","floor":7,"turns":7},{"damage":0,"enemies":"2 Louse","floor":8,"turns":2},{"damage":5,"enemies":"Looter","floor":12,"turns":3},{"damage":5,"enemies":"Slime Boss","floor":16,"turns":6},{"damage":0,"enemies":"Chosen","floor":18,"turns":3},{"damage":5,"enemies":"Shell Parasite","floor":19,"turns":3},{"damage":5,"enemies":"conspire:HollyBat","floor":20,"turns":6},{"damage":6,"enemies":"Snake Plant","floor":21,"turns":2},{"damage":25,"enemies":"Nightmare","floor":24,"turns":6},{"damage":0,"enemies":"Chosen and Byrds","floor":27,"turns":3},{"damage":5,"enemies":"Shelled Parasite and Fungi","floor":28,"turns":3},{"damage":5,"enemies":"Centurion and Healer","floor":29,"turns":2},{"damage":17,"enemies":"Automaton","floor":33,"turns":6},{"damage":7,"enemies":"3 Shapes","floor":35,"turns":4},{"damage":0,"enemies":"3 Darklings","floor":36,"turns":3},{"damage":0,"enemies":"Writhing Mass","floor":39,"turns":3},{"damage":0,"enemies":"Transient","floor":42,"turns":5},{"damage":17,"enemies":"Jaw Worm Horde","floor":44,"turns":4},{"damage":0,"enemies":"Maw","floor":46,"turns":5},{"damage":46,"enemies":"Nightmare","floor":47,"turns":3}],"seed_played":"6010370717174574613","potions_obtained":[{"floor":4,"key":"PowerPotion"},{"floor":8,"key":"Strength Potion"},{"floor":12,"key":"ColorlessPotion"},{"floor":18,"key":"SpeedPotion"},{"floor":19,"key":"Elixir"},{"floor":27,"key":"Weak Potion"},{"floor":28,"key":"Ancient Potion"},{"floor":29,"key":"PowerPotion"},{"floor":36,"key":"Doom Potion"},{"floor":42,"key":"ColorlessPotion"},{"floor":44,"key":"Death Potion"},{"floor":46,"key":"sneckomod:MuddlingPotion"}],"is_trial":false,"path_per_floor":["M","T","?","M","?","R","E","M","T","R","?","M","T","$","R","B",null,"M","M","M","M","?","R","NM","R","T","M","M","M","?","AVR","R","B",null,"M","M","AVR","?","M","?","T","M","T","M","R","M","NM"],"character_chosen":"THE_STARBREAKER","items_purchased":["Moonworks:CloudOfSeagulls"],"campfire_rested":1,"item_purchase_floors":[14],"current_hp_per_floor":[66,66,66,63,63,63,58,58,58,58,58,53,53,53,53,48,66,66,61,56,50,50,50,25,25,25,25,20,15,22,22,41,24,66,59,59,59,59,59,59,59,59,59,46,46,46,0,0],"gold":50,"neow_bonus":"TEN_PERCENT_HP_BONUS","is_daily":false,"chose_seed":false,"campfire_upgraded":6,"win_rate":0.0,"timestamp":1610519413,"path_taken":["M","?","?","M","?","R","E","M","T","R","?","?","?","?","R","BOSS","M","?","M","M","?","R","NM","R","T","M","M","M","?","AVR","R","BOSS","M","M","AVR","?","M","?","?","M","T","M","R","M","NM"],"items_purchased_type":["Card"],"build_version":"2020-12-22","purchased_purges":0,"victory":false,"max_hp_per_floor":[66,66,66,66,66,66,66,66,66,66,66,66,66,66,66,66,66,66,66,66,66,66,66,66,66,66,66,66,66,66,66,66,66,66,66,66,66,66,66,63,63,63,63,63,63,63,63,63],"relic_stats":{"Nunchaku":[16],"counters":[22,87],"Black Star":0,"Whetstone":["Moonworks:Strike","Moonworks:CompletionReward"],"obtain_stats":[{"Potion Belt":11,"hubris:Metronome":41,"Whetstone":13,"CCEMRelics:TechnogenicHelmet":37,"hubris:Towel":3,"Nunchaku":26,"Hololive_LightStick":34,"hubris:Backtick":34,"Moonworks:Homemark":0,"MiniBlackHole":31,"Simple Rune":24,"trackpad:Compendium":2,"ReplayTheSpireMod:TigerMarble":9,"vexMod:CursedCompass":17,"Black Star":31,"Red Mask":38,"trackpad:CultistFigurine":7,"aspiration:HatOfInfinitePower":43,"Moonworks:BrokenBomb":0},{"Potion Belt":4,"hubris:Metronome":18,"Whetstone":5,"CCEMRelics:TechnogenicHelmet":17,"hubris:Towel":1,"Nunchaku":11,"Hololive_LightStick":15,"hubris:Backtick":15,"Moonworks:Homemark":0,"MiniBlackHole":14,"Simple Rune":11,"trackpad:Compendium":1,"ReplayTheSpireMod:TigerMarble":4,"vexMod:CursedCompass":6,"Black Star":14,"Red Mask":17,"trackpad:CultistFigurine":3,"aspiration:HatOfInfinitePower":19,"Moonworks:BrokenBomb":0},{"Potion Belt":17,"hubris:Metronome":70,"Whetstone":20,"CCEMRelics:TechnogenicHelmet":67,"hubris:Towel":4,"Nunchaku":46,"Hololive_LightStick":60,"hubris:Backtick":60,"Moonworks:Homemark":0,"MiniBlackHole":54,"Simple Rune":46,"trackpad:Compendium":4,"ReplayTheSpireMod:TigerMarble":17,"vexMod:CursedCompass":26,"Black Star":54,"Red Mask":67,"trackpad:CultistFigurine":15,"aspiration:HatOfInfinitePower":75,"Moonworks:BrokenBomb":0}]},"card_choices":[{"not_picked":["Moonworks:CastOff","Moonworks:SakisCookie"],"picked":"Moonworks:Dash","floor":1},{"not_picked":["Moonworks:ImOnFire","Moonworks:ExtendedPhotonRifle"],"picked":"Moonworks:LulusLuckyEgg","floor":4},{"not_picked":["Moonworks:MeltingMemories","Moonworks:ScrambledEve"],"picked":"Moonworks:BigMagnum","floor":7},{"not_picked":["Moonworks:NicePresent","Moonworks:AngelHand"],"picked":"Moonworks:CompletionReward","floor":8},{"not_picked":["Moonworks:SakisCookie","Moonworks:Heat300Percent","Moonworks:DeployBits"],"picked":"SKIP","floor":12},{"not_picked":["Moonworks:SubspaceTunnel","Moonworks:ReflectiveShell"],"picked":"Moonworks:ShieldCounter","floor":16},{"not_picked":["Moonworks:ImmovableObject","Moonworks:EvilSpyWorkPreparation"],"picked":"Moonworks:CloudOfSeagulls","floor":18},{"not_picked":["Moonworks:EvilSpyWorkPreparation+1","Moonworks:Dinner"],"picked":"Moonworks:JonathanRush","floor":19},{"not_picked":["Moonworks:ImOnFire+1","Moonworks:StiffCrystal"],"picked":"Moonworks:JonathanRush+1","floor":20},{"not_picked":["Moonworks:MiracleRedBeanIceCream","Moonworks:BindingChains"],"picked":"Moonworks:JonathanRush+1","floor":21},{"not_picked":["Moonworks:SakisCookie+1","Moonworks:ImOnFire"],"picked":"Moonworks:LulusLuckyEgg","floor":24},{"not_picked":["Moonworks:TreasureThief","Moonworks:ShieldCounter"],"picked":"Moonworks:LulusLuckyEgg","floor":27},{"not_picked":["Moonworks:LulusLuckyEgg","Moonworks:UnpaidWork"],"picked":"Moonworks:TreasureThief+1","floor":28},{"not_picked":["Moonworks:NicePresent+1","Moonworks:SakisCookie"],"picked":"Moonworks:CloudOfSeagulls+1","floor":29},{"not_picked":["Moonworks:Wanted","Moonworks:GoAway"],"picked":"Moonworks:CrystalBarrier","floor":33},{"not_picked":["Moonworks:Assault","Moonworks:WeAreWaruda"],"picked":"Moonworks:LulusLuckyEgg","floor":35},{"not_picked":["Moonworks:DeployBits","Moonworks:BackdoorTrade"],"picked":"Moonworks:EvilSpyWorkPreparation","floor":36},{"not_picked":["Moonworks:BigMagnum","Moonworks:Wanted"],"picked":"Moonworks:CompletionReward+1","floor":39},{"not_picked":["Moonworks:SakisCookie","Moonworks:IndiscriminateFireSupport+1"],"picked":"Moonworks:LulusLuckyEgg+1","floor":42},{"not_picked":["Moonworks:Bloodlust","Moonworks:Assault+1"],"picked":"Moonworks:CloudOfSeagulls","floor":44},{"not_picked":["Moonworks:ForcedRevival+1","Moonworks:IndiscriminateFireSupport"],"picked":"Moonworks:LulusLuckyEgg","floor":46}],"player_experience":147314,"relics_obtained":[{"floor":2,"key":"trackpad:Compendium"},{"floor":7,"key":"trackpad:CultistFigurine"},{"floor":9,"key":"ReplayTheSpireMod:TigerMarble"},{"floor":13,"key":"Whetstone"},{"floor":24,"key":"Simple Rune"},{"floor":26,"key":"Nunchaku"},{"floor":41,"key":"hubris:Metronome"},{"floor":43,"key":"aspiration:HatOfInfinitePower"}],"event_choices":[{"cards_removed":["Moonworks:CompletionReward"],"damage_healed":0,"gold_gain":0,"player_choice":"Take \u0026 Give","damage_taken":0,"max_hp_gain":0,"max_hp_loss":0,"event_name":"betterNote:BetterNote","floor":22,"gold_loss":0,"cards_obtained":["Shedinja:FocusSash"]},{"damage_healed":0,"gold_gain":0,"player_choice":"Paid","damage_taken":0,"relics_obtained":["Red Mask"],"max_hp_gain":0,"max_hp_loss":0,"event_name":"Tomb of Lord Red Mask","floor":38,"gold_loss":9},{"damage_healed":0,"gold_gain":0,"player_choice":"Max HP","damage_taken":0,"max_hp_gain":0,"max_hp_loss":3,"event_name":"Winding Halls","floor":40,"gold_loss":0}],"is_beta":false,"boss_relics":[{"not_picked":["hubris:BlackHole","trackpad:Trackpad"],"picked":"vexMod:CursedCompass"},{"not_picked":["ReplayTheSpireMod:SealedPack","Ring of Chaos"],"picked":"hubris:Backtick"}],"items_purged_floors":[],"is_endless":true,"potions_floor_spawned":[4,8,12,18,19,27,28,29,36,42,44,46],"killed_by":"Nightmare","ascension_level":0}}