{"host":"1q02rw1wpi0nrsss","time":1610581263,"event":{"mods":["AchievementEnabler","BaseMod","DeckTracker","Minty Spire (QoL Compilation)","Quick Restart","Rare Cards Sparkle"],"gold_per_floor":[209,209,12,22,22,22,47,82,82,82,82],"floor_reached":10,"language":"ENG","playtime":329,"items_purged":["Strike_G+1"],"score":90,"play_id":"ebf519d8-f8cd-4b12-8028-3fb5145fde33","local_time":"20210113154103","is_ascension_mode":true,"campfire_choices":[{"data":"Predator","floor":6,"key":"SMITH"}],"circlet_count":0,"master_deck":["Strike_G","Strike_G","Strike_G","Strike_G","Defend_G","Defend_G","Defend_G","Defend_G","Defend_G","Survivor+1","Neutralize","Calculated Gamble","Poisoned Stab","Bane","PiercingWail","Predator+1"],"relics":["Ring of the Snake","Anchor","Question Card","Matryoshka"],"acts_visited":["Exordium"],"potions_floor_usage":[],"damage_taken":[{"damage":7,"enemies":"Jaw Worm","floor":1,"turns":5},{"damage":1,"enemies":"2 Louse","floor":4,"turns":3},{"damage":22,"enemies":"Gremlin Nob","floor":8,"turns":4},{"damage":15,"enemies":"3 Sentries","floor":10,"turns":4}],"seed_played":"-2220254800290563698","potions_obtained":[],"is_trial":false,"path_per_floor":["M","?","$","M","?","R","T","E","T","E"],"character_chosen":"THE_SILENT","items_purchased":["Poisoned Stab","Bane","PiercingWail"],"campfire_rested":0,"item_purchase_floors":[3,3,3],"current_hp_per_floor":[56,42,42,41,41,41,41,19,19,4,4],"gold":82,"neow_bonus":"HUNDRED_GOLD","is_daily":false,"chose_seed":false,"campfire_upgraded":1,"win_rate":0.0,"timestamp":1610581263,"path_taken":["M","?","$","M","?","R","?","E","T","E"],"items_purchased_type":["Card","Card","Card"],"build_version":"2020-12-22","purchased_purges":1,"victory":false,"max_hp_per_floor":[70,70,70,70,70,70,70,70,70,70,70],"card_choices":[{"not_picked":["Dagger Throw","Eviscerate"],"picked":"Calculated Gamble","floor":1},{"not_picked":["Sucker Punch","Deflect"],"picked":"Predator","floor":4},{"not_picked":["Finisher","Prepared","Blade Dance"],"picked":"SKIP","floor":8}],"player_experience":389544,"relics_obtained":[{"floor":7,"key":"Anchor"},{"floor":8,"key":"Question Card"},{"floor":9,"key":"Matryoshka"}],"event_choices":[{"damage_healed":0,"gold_gain":0,"player_choice":"Entered Light","damage_taken":14,"max_hp_gain":0,"max_hp_loss":0,"event_name":"Shining Light","floor":2,"gold_loss":0,"cards_upgraded":["Survivor","Strike_G"]},{"damage_healed":0,"gold_gain":0,"player_choice":"Ignored","damage_taken":0,"max_hp_gain":0,"max_hp_loss":0,"event_name":"Golden Idol","floor":5,"gold_loss":0}],"is_beta":false,"boss_relics":[],"items_purged_floors":[3],"is_endless":false,"potions_floor_spawned":[],"killed_by":"3 Sentries","ascension_level":8}}