{"host":"daa8jqyg4gqfaysm","time":1610551138,"event":{"mods":["BaseMod","Colored Powertips","Minty Spire (QoL Compilation)","StSLib"],"gold_per_floor":[111,131,145,295,370,370,390,420,456,72,72,72,90,125,125,125,125],"floor_reached":16,"language":"ENG","playtime":633,"items_purged":["Strike_G"],"score":220,"play_id":"2af1d290-c320-400b-b3fa-d627a8e25c6e","local_time":"20210113231858","is_ascension_mode":true,"campfire_choices":[{"data":"Skewer","floor":6,"key":"SMITH"},{"floor":12,"key":"REST"},{"floor":15,"key":"REST"}],"circlet_count":0,"master_deck":["AscendersBane","Strike_G+1","Strike_G","Strike_G","Strike_G","Defend_G","Defend_G","Defend_G","Defend_G+1","Defend_G","Survivor","Neutralize","Skewer+1","Dagger Spray","Doubt","Well Laid Plans","Flying Knee","Deflect","Blade Dance"],"relics":["Ring of the Snake","Oddly Smooth Stone","MawBank","Lantern","Strawberry","Bronze Scales"],"acts_visited":["Exordium"],"potions_floor_usage":[3,8,14,16],"damage_taken":[{"damage":10,"enemies":"Cultist","floor":1,"turns":5},{"damage":4,"enemies":"Small Slimes","floor":2,"turns":6},{"damage":2,"enemies":"2 Louse","floor":3,"turns":5},{"damage":3,"enemies":"2 Fungi Beasts","floor":7,"turns":4},{"damage":27,"enemies":"3 Sentries","floor":8,"turns":8},{"damage":2,"enemies":"Large Slime","floor":13,"turns":7},{"damage":6,"enemies":"Lagavulin","floor":14,"turns":8},{"damage":27,"enemies":"Slime Boss","floor":16,"turns":8}],"seed_played":"2339373198603604135","potions_obtained":[{"floor":2,"key":"Regen Potion"},{"floor":7,"key":"Explosive Potion"}],"is_trial":false,"path_per_floor":["M","M","M","?","?","R","M","E","T","$","?","R","M","E","R","B"],"character_chosen":"THE_SILENT","items_purchased":["Strawberry","PowerPotion","Deflect","Weak Potion"],"campfire_rested":2,"item_purchase_floors":[10,10,10,10],"current_hp_per_floor":[49,45,57,57,46,46,43,16,16,23,1,22,20,14,35,8,8],"gold":125,"neow_bonus":"RANDOM_COMMON_RELIC","is_daily":false,"chose_seed":false,"campfire_upgraded":1,"win_rate":0.0,"timestamp":1610551138,"path_taken":["M","?","M","?","?","R","M","E","T","$","?","R","M","E","R","BOSS"],"items_purchased_type":["Relic","Potion","Card","Potion"],"build_version":"2020-12-22","purchased_purges":1,"victory":false,"max_hp_per_floor":[66,66,66,66,66,66,66,66,66,73,73,73,73,73,73,73,73],"card_choices":[{"not_picked":["Slice","Underhanded Strike"],"picked":"Skewer","floor":1},{"not_picked":["Caltrops","Deadly Poison"],"picked":"Dagger Spray","floor":2},{"not_picked":["Riddle With Holes","Dagger Spray","Deadly Poison"],"picked":"SKIP","floor":3},{"not_picked":["Outmaneuver","Deflect"],"picked":"Well Laid Plans","floor":7},{"not_picked":["Outmaneuver","Grand Finale"],"picked":"Flying Knee","floor":8},{"not_picked":["Riddle With Holes","Slice","Poisoned Stab"],"picked":"SKIP","floor":13},{"not_picked":["Deadly Poison","Prepared"],"picked":"Blade Dance","floor":14}],"player_experience":816034,"relics_obtained":[{"floor":8,"key":"MawBank"},{"floor":9,"key":"Lantern"},{"floor":14,"key":"Bronze Scales"}],"event_choices":[{"damage_healed":0,"gold_gain":150,"player_choice":"AGREE","damage_taken":0,"max_hp_gain":0,"max_hp_loss":0,"event_name":"Liars Game","floor":4,"gold_loss":0,"cards_obtained":["Doubt"]},{"damage_healed":0,"gold_gain":75,"player_choice":"Gather Gold","damage_taken":11,"max_hp_gain":0,"max_hp_loss":0,"event_name":"World of Goop","floor":5,"gold_loss":0},{"damage_healed":0,"gold_gain":0,"player_choice":"Entered Light","damage_taken":22,"max_hp_gain":0,"max_hp_loss":0,"event_name":"Shining Light","floor":11,"gold_loss":0,"cards_upgraded":["Strike_G","Defend_G"]}],"is_beta":false,"boss_relics":[],"items_purged_floors":[10],"is_endless":false,"potions_floor_spawned":[2,7],"killed_by":"Slime Boss","ascension_level":20}}