{"host":"n4fty02wqqi95laq","time":1610507053,"event":{"mods":["BaseMod","Highlight Path","Minty Spire (QoL Compilation)","Quick Restart","Rare Cards Sparkle","StSLib"],"gold_per_floor":[110,110,125,136,186,186,197,210,210,245,259,272,347,373,373,448,448,468,196,196,196,216,216,241,261,261,286,301,334,334,348,348,421,421,433,433,9,28,28,55,55,55,82,82,196,291,291,291,291,321,321,321,321,36,69,69],"floor_reached":57,"language":"ZHS","playtime":2184,"items_purged":["Strike_P","Strike_P","Strike_P"],"score":3431,"play_id":"e3b63bc6-d17e-4248-8640-0f920f4ba019","local_time":"20210113110413","is_ascension_mode":true,"campfire_choices":[{"data":"Apotheosis","floor":6.0,"key":"SMITH"},{"data":"Pray","floor":15.0,"key":"SMITH"},{"floor":23.0,"key":"REST"},{"floor":32.0,"key":"REST"},{"floor":42.0,"key":"RECALL"},{"floor":49.0,"key":"REST"},{"floor":53.0,"key":"REST"}],"circlet_count":0,"master_deck":["AscendersBane","Strike_P","Defend_P","Defend_P","Defend_P","Eruption","Vigilance","Apotheosis+1","Establishment","WheelKick","Pray","Ragnarok","Prostrate","Vault","Adaptation","TalkToTheHand+1","Pray+1","Vault","Omniscience","Evaluate+1","Omniscience","DevaForm","Wish","Vault","Secret Technique","Deep Breath","Chrysalis","Madness","Madness","Master of Strategy"],"relics":["PureWater","TeardropLocket","White Beast Statue","Juzu Bracelet","Fusion Hammer","OrangePellets","Art of War","Mummified Hand","Potion Belt","Anchor","Enchiridion","VioletLotus","Bag of Preparation","Pantograph","Smiling Mask","Singing Bowl","Ginger","Pen Nib","Blood Vial"],"acts_visited":["Exordium","TheCity","TheBeyond","TheEnding"],"potions_floor_usage":[56,56,56,56],"damage_taken":[{"damage":0.0,"enemies":"2 Louse","floor":1.0,"turns":2.0},{"damage":0.0,"enemies":"Cultist","floor":3.0,"turns":2.0},{"damage":0.0,"enemies":"Small Slimes","floor":4.0,"turns":2.0},{"damage":0.0,"enemies":"Blue Slaver","floor":7.0,"turns":5.0},{"damage":0.0,"enemies":"2 Fungi Beasts","floor":8.0,"turns":2.0},{"damage":0.0,"enemies":"Lagavulin","floor":10.0,"turns":4.0},{"damage":14.0,"enemies":"3 Louse","floor":11.0,"turns":3.0},{"damage":8.0,"enemies":"Blue Slaver","floor":12.0,"turns":3.0},{"damage":1.0,"enemies":"Gremlin Nob","floor":14.0,"turns":3.0},{"damage":0.0,"enemies":"Slime Boss","floor":16.0,"turns":5.0},{"damage":6.0,"enemies":"Spheric Guardian","floor":18.0,"turns":3.0},{"damage":0.0,"enemies":"Chosen","floor":22.0,"turns":3.0},{"damage":29.0,"enemies":"Slavers","floor":24.0,"turns":4.0},{"damage":6.0,"enemies":"Snecko","floor":25.0,"turns":5.0},{"damage":2.0,"enemies":"Book of Stabbing","floor":27.0,"turns":3.0},{"damage":0.0,"enemies":"Chosen and Byrds","floor":28.0,"turns":4.0},{"damage":0.0,"enemies":"Gremlin Leader","floor":29.0,"turns":3.0},{"damage":0.0,"enemies":"Snake Plant","floor":31.0,"turns":3.0},{"damage":0.0,"enemies":"Collector","floor":33.0,"turns":4.0},{"damage":0.0,"enemies":"3 Darklings","floor":35.0,"turns":3.0},{"damage":0.0,"enemies":"Orb Walker","floor":38.0,"turns":2.0},{"damage":0.0,"enemies":"Reptomancer","floor":40.0,"turns":2.0},{"damage":0.0,"enemies":"2 Orb Walkers","floor":45.0,"turns":4.0},{"damage":0.0,"enemies":"Giant Head","floor":46.0,"turns":3.0},{"damage":0.0,"enemies":"Donu and Deca","floor":50.0,"turns":5.0},{"damage":6.0,"enemies":"Awakened One","floor":51.0,"turns":9.0},{"damage":7.0,"enemies":"Shield and Spear","floor":55.0,"turns":4.0},{"damage":53,"enemies":"The Heart","floor":56,"turns":6}],"seed_played":"-2001412470060938970","potions_obtained":[{"floor":7.0,"key":"PowerPotion"},{"floor":8.0,"key":"Block Potion"},{"floor":11.0,"key":"FearPotion"},{"floor":12.0,"key":"Dexterity Potion"},{"floor":14.0,"key":"SkillPotion"},{"floor":22.0,"key":"SteroidPotion"},{"floor":24.0,"key":"PowerPotion"},{"floor":27.0,"key":"AttackPotion"},{"floor":28.0,"key":"AttackPotion"},{"floor":29.0,"key":"Explosive Potion"},{"floor":31.0,"key":"DuplicationPotion"},{"floor":33.0,"key":"Block Potion"},{"floor":35.0,"key":"AttackPotion"},{"floor":38.0,"key":"DistilledChaos"},{"floor":40.0,"key":"Weak Potion"}],"is_trial":false,"path_per_floor":["M","?","M","M","?","R","M","M","T","E","M","M","?","E","R","B",null,"M","$","?","?","M","R","E","M","T","E","M","E","?","M","R","B",null,"M","?","$","M","?","E","?","R","T","?","?","E","?","?","R","B","B",null,"R","$","E","B",null],"character_chosen":"WATCHER","items_purchased":["Adaptation","OrangePellets","Bag of Preparation","DevaForm","Master of Strategy","Strength Potion"],"campfire_rested":4,"item_purchase_floors":[19,19,37,37,54,54],"current_hp_per_floor":[43,43,43,43,37,37,37,37,37,37,23,15,4,3,3,3,52,46,46,46,46,46,66,37,31,31,29,29,29,8,8,28,28,58,58,58,58,58,58,58,58,58,58,58,60,60,50,37,58,70,64,69,70,70,65,19],"gold":69,"neow_bonus":"RANDOM_COLORLESS_2","is_daily":false,"chose_seed":false,"campfire_upgraded":2,"win_rate":0.0,"timestamp":1610507053,"path_taken":["M","?","M","M","?","R","M","M","T","E","M","?","?","E","R","BOSS","M","$","?","?","M","R","E","M","T","E","M","E","?","M","R","BOSS","M","?","?","M","?","E","?","R","T","?","?","E","?","?","R","BOSS","BOSS","R","$","E","BOSS"],"items_purchased_type":["Card","Relic","Relic","Card","Card","Potion"],"build_version":"2020-12-22","purchased_purges":3,"victory":true,"max_hp_per_floor":[68,68,68,68,68,68,68,68,68,68,68,68,68,68,68,68,68,68,68,68,68,68,68,68,68,68,68,68,68,68,68,68,68,68,68,68,68,68,68,68,68,68,68,68,70,70,70,70,70,70,70,70,70,70,72,72],"card_choices":[{"not_picked":["Master of Strategy","Transmutation"],"picked":"Apotheosis","floor":0.0},{"not_picked":["Wireheading","Halt","CarveReality"],"picked":"SKIP","floor":1.0},{"not_picked":["Swivel","ThirdEye","Perseverance"],"picked":"SKIP","floor":3.0},{"not_picked":["Crescendo","EmptyBody"],"picked":"WheelKick","floor":4.0},{"not_picked":["SashWhip","ThirdEye"],"picked":"Pray","floor":7.0},{"not_picked":["Consecrate","SashWhip","FlyingSleeves"],"picked":"SKIP","floor":8.0},{"not_picked":["ClearTheMind","BowlingBash"],"picked":"Ragnarok","floor":10.0},{"not_picked":["EmptyFist","ClearTheMind","Crescendo"],"picked":"SKIP","floor":11.0},{"not_picked":["BowlingBash","WreathOfFlame"],"picked":"Pray","floor":12.0},{"not_picked":["Halt","Nirvana"],"picked":"Prostrate","floor":14.0},{"not_picked":["DeusExMachina","Blasphemy"],"picked":"Vault","floor":16.0},{"not_picked":["JustLucky+1","SashWhip","Protect"],"picked":"SKIP","floor":18.0},{"not_picked":["Swivel","WaveOfTheHand"],"picked":"TalkToTheHand+1","floor":22.0},{"not_picked":["Protect","Evaluate","Prostrate"],"picked":"SKIP","floor":24.0},{"not_picked":["Protect","BowlingBash","WheelKick"],"picked":"SKIP","floor":25.0},{"not_picked":["CarveReality","PathToVictory"],"picked":"Pray+1","floor":27.0},{"not_picked":["Wireheading","ThirdEye","Nirvana"],"picked":"SKIP","floor":28.0},{"not_picked":["SashWhip+1","FlurryOfBlows","Halt"],"picked":"SKIP","floor":29.0},{"not_picked":["SignatureMove","ReachHeaven"],"picked":"Vault","floor":31.0},{"not_picked":["Alpha","DeusExMachina"],"picked":"Omniscience","floor":33.0},{"not_picked":["PathToVictory","Consecrate"],"picked":"Evaluate+1","floor":35.0},{"not_picked":["PathToVictory+1","ThirdEye","FlurryOfBlows"],"picked":"SKIP","floor":38.0},{"not_picked":["SignatureMove","ClearTheMind+1"],"picked":"Wish","floor":40.0},{"not_picked":["PathToVictory+1","EmptyBody","Halt"],"picked":"Singing Bowl","floor":45.0},{"not_picked":["Crescendo+1","Swivel"],"picked":"Vault","floor":46.0},{"not_picked":["Dark Shackles","Finesse"],"picked":"Secret Technique","floor":47.0},{"not_picked":["Chrysalis","Panache"],"picked":"Deep Breath","floor":47.0},{"not_picked":["Panacea","Secret Weapon"],"picked":"Chrysalis","floor":47.0},{"not_picked":["Evaluate","Halt","InnerPeace"],"picked":"Singing Bowl","floor":55.0}],"player_experience":659660,"relics_obtained":[{"floor":9.0,"key":"TeardropLocket"},{"floor":10.0,"key":"White Beast Statue"},{"floor":14.0,"key":"Juzu Bracelet"},{"floor":24.0,"key":"Art of War"},{"floor":26.0,"key":"Mummified Hand"},{"floor":27.0,"key":"Potion Belt"},{"floor":29.0,"key":"Anchor"},{"floor":30.0,"key":"Enchiridion"},{"floor":40.0,"key":"Smiling Mask"},{"floor":44.0,"key":"Singing Bowl"},{"floor":45.0,"key":"Ginger"},{"floor":46.0,"key":"Pen Nib"},{"floor":55.0,"key":"Blood Vial"}],"event_choices":[{"damage_healed":0.0,"max_hp_gain":0.0,"max_hp_loss":0.0,"gold_gain":0.0,"cards_transformed":["Defend_P"],"event_name":"Living Wall","player_choice":"Change","floor":2.0,"gold_loss":0.0,"damage_taken":0.0,"cards_obtained":["Establishment"]},{"damage_healed":0.0,"max_hp_gain":0.0,"max_hp_loss":0.0,"gold_gain":50.0,"event_name":"FaceTrader","player_choice":"Touch","floor":5.0,"gold_loss":0.0,"damage_taken":6.0},{"damage_healed":0.0,"max_hp_gain":0.0,"max_hp_loss":0.0,"gold_gain":75.0,"event_name":"World of Goop","player_choice":"Gather Gold","floor":13.0,"gold_loss":0.0,"damage_taken":11.0},{"damage_healed":0.0,"max_hp_gain":0.0,"max_hp_loss":0.0,"gold_gain":0.0,"event_name":"Vampires","player_choice":"Ignored","floor":20.0,"gold_loss":0.0,"damage_taken":0.0},{"damage_healed":0.0,"max_hp_gain":0.0,"max_hp_loss":0.0,"gold_gain":0.0,"event_name":"The Mausoleum","player_choice":"Ignored","floor":21.0,"gold_loss":0.0,"damage_taken":0.0},{"damage_healed":0.0,"max_hp_gain":0.0,"max_hp_loss":0.0,"gold_gain":0.0,"event_name":"Cursed Tome","player_choice":"Obtained Book","floor":30.0,"gold_loss":0.0,"damage_taken":21.0},{"damage_healed":0.0,"max_hp_gain":0.0,"max_hp_loss":0.0,"gold_gain":0.0,"event_name":"Duplicator","player_choice":"Copied","floor":36.0,"gold_loss":0.0,"damage_taken":0.0,"cards_obtained":["Omniscience"]},{"damage_healed":0.0,"max_hp_gain":0.0,"max_hp_loss":0.0,"gold_gain":0.0,"event_name":"WeMeetAgain","player_choice":"Gave Potion","floor":39.0,"gold_loss":0.0,"damage_taken":0.0,"relics_obtained":["Pantograph"]},{"cards_removed":["Pray"],"damage_healed":0.0,"max_hp_gain":0.0,"max_hp_loss":0.0,"gold_gain":0.0,"event_name":"Falling","player_choice":"Removed Skill","floor":41.0,"gold_loss":0.0,"damage_taken":0.0},{"damage_healed":0.0,"max_hp_gain":0.0,"max_hp_loss":0.0,"gold_gain":0.0,"event_name":"Wheel of Change","player_choice":"Relic","floor":44.0,"gold_loss":0.0,"damage_taken":0.0},{"damage_healed":0.0,"max_hp_gain":0.0,"max_hp_loss":0.0,"gold_gain":0.0,"event_name":"Mysterious Sphere","player_choice":"Fight","floor":45.0,"gold_loss":0.0,"damage_taken":0.0},{"damage_healed":0.0,"max_hp_gain":0.0,"max_hp_loss":0.0,"gold_gain":0.0,"event_name":"SensoryStone","player_choice":"Memory 3","floor":47.0,"gold_loss":0.0,"damage_taken":10.0},{"damage_healed":0.0,"max_hp_gain":0.0,"max_hp_loss":0.0,"gold_gain":0.0,"event_name":"Winding Halls","player_choice":"Embrace Madness","floor":48.0,"gold_loss":0.0,"damage_taken":13.0,"cards_obtained":["Madness","Madness"]}],"is_beta":false,"boss_relics":[{"not_picked":["Tiny House","Busted Crown"],"picked":"Fusion Hammer"},{"not_picked":["Sozu","Philosopher\u0027s Stone"],"picked":"VioletLotus"}],"items_purged_floors":[19,37,54],"is_endless":false,"potions_floor_spawned":[7,8,11,12,14,16,18,22,24,25,27,28,29,31,33,35,38,40,45,46,55],"ascension_level":20}}