{"host":"p4yrwepmrl4g8pul","time":1610525332,"event":{"mods":["Act Like it!","BaseMod","BetterRewards","Colored Map","Custom Start","Gensokyo","Marisa£®ÏF”Í°°ƒß¿Ì…≥£©","Minty Spire (QoL Compilation)","Quick Restart","Rare Cards Sparkle","Reimu£®≤©¿ˆ¡È√Œ£©","Remilia£®¿Ÿ√◊¿Ú—«£©","Remove Card Discount Mod","Shop Mod","StSLib","The Jungle"],"gold_per_floor":[119,169,57,74,91,91,104,130,130,130,150,181,204,221,221,298,298,309,218,218,230,240,240,103,119,119,119,119,130,162,180,180,254,254,272,272,272,298,298,298,298,316,342,229,229,229,229,229,229,229,229],"floor_reached":52,"language":"ZHS","playtime":1560,"items_purged":["Strike_MRS","MasterSpark","Defend_MRS","Strike_MRS","Strike_MRS","Defend_MRS","Strike_MRS","Defend_MRS","Defend_MRS","AsteroidBelt","AsteroidBelt","NonDirectionalLaser","PowerUp","GravityBeat","Robbery","AsteroidBelt","NonDirectionalLaser","6A","Acceleration","Doubt","Gensokyo:AllTheWorldsEvil","Gensokyo:MedicineKit","Regret","Gensokyo:AllTheWorldsEvil","ChargeUpSpray+1","UpSweep+1","Gensokyo:GreaterSplit+1"],"score":2981,"play_id":"a83c0307-03f3-4b2d-b72f-eb57205c94b2","local_time":"20210113160852","is_ascension_mode":true,"campfire_choices":[{"data":"MilkyWay","floor":6.0,"key":"SMITH"},{"data":"MilkyWay","floor":10.0,"key":"SMITH"},{"data":"Dagger Spray","floor":15.0,"key":"SMITH"},{"floor":23.0,"key":"RECALL"},{"floor":28.0,"key":"REST"},{"floor":32.0,"key":"REST"},{"data":"Gensokyo:GreaterSplit","floor":40.0,"key":"SMITH"},{"data":"UnstableBomb","floor":47.0,"key":"SMITH"},{"floor":49.0,"key":"REST"}],"circlet_count":0,"master_deck":["AscendersBane","Finesse+1","MilkyWay+1","MilkyWay+1","Dagger Spray+1","Parasite","Parasite","UnstableBomb+1"],"relics":["MiniHakkero","Whetstone","Calipers","Bottled Lightning","Thread and Needle","HandDrill","CrazyTorch:ReiMu","TheAbacus","Shuriken","Anchor","HornCleat","Orrery","PureWhite:ReiMu","Membership Card","PrismaticShard","Boot","MagicBroom","ShroomBag","Cursed Key","Medical Kit","Letter Opener","Torii","White Beast Statue","Pandora\u0027s Box","Strawberry","Turnip","Lantern","Juzu Bracelet"],"acts_visited":["Exordium","Exordium","theJungle:Jungle"],"potions_floor_usage":[],"damage_taken":[{"damage":0.0,"enemies":"Jaw Worm","floor":1.0,"turns":1.0},{"damage":0.0,"enemies":"Cultist","floor":4.0,"turns":1.0},{"damage":0.0,"enemies":"2 Louse","floor":5.0,"turns":1.0},{"damage":0.0,"enemies":"Blue Slaver","floor":7.0,"turns":2.0},{"damage":0.0,"enemies":"Gremlin Nob","floor":8.0,"turns":2.0},{"damage":0.0,"enemies":"Gremlin Gang","floor":11.0,"turns":1.0},{"damage":0.0,"enemies":"Lagavulin","floor":12.0,"turns":2.0},{"damage":0.0,"enemies":"The Mushroom Lair","floor":13.0,"turns":1.0},{"damage":0.0,"enemies":"2 Fungi Beasts","floor":14.0,"turns":1.0},{"damage":0.0,"enemies":"Hexaghost","floor":16.0,"turns":4.0},{"damage":0.0,"enemies":"theJungle:5_Spyders","floor":18.0,"turns":2.0},{"damage":0.0,"enemies":"theJungle:GiantWrat","floor":21.0,"turns":1.0},{"damage":0.0,"enemies":"theJungle:Lyon","floor":22.0,"turns":1.0},{"damage":0.0,"enemies":"theJungle:Snecko_Cultist_And_Trap","floor":25.0,"turns":1.0},{"damage":0.0,"enemies":"theJungle:SlimyTreeVines","floor":29.0,"turns":1.0},{"damage":0.0,"enemies":"theJungle:MamaSnecko","floor":30.0,"turns":1.0},{"damage":0.0,"enemies":"theJungle:JungleHuntersEncounter","floor":31.0,"turns":1.0},{"damage":0.0,"enemies":"theJungle:FunGuy","floor":33.0,"turns":1.0},{"damage":0.0,"enemies":"Gensokyo:AncientGuardian","floor":35.0,"turns":1.0},{"damage":0.0,"enemies":"Gensokyo:3_Bats","floor":42.0,"turns":1.0},{"damage":0.0,"enemies":"Gensokyo:Yuyuko","floor":50.0,"turns":1.0},{"damage":0,"enemies":"Gensokyo:Shinki","floor":51,"turns":3}],"seed_played":"8313523976100074658","potions_obtained":[{"floor":4.0,"key":"EssenceOfSteel"},{"floor":8.0,"key":"ZuzhouPotion:ReiMu"},{"floor":11.0,"key":"GamblersBrew"},{"floor":14.0,"key":"Dexterity Potion"},{"floor":18.0,"key":"BlessingOfTheForge"},{"floor":31.0,"key":"SteroidPotion"},{"floor":33.0,"key":"Explosive Potion"},{"floor":35.0,"key":"Block Potion"},{"floor":42.0,"key":"ShroomBrew"}],"is_trial":false,"path_per_floor":["M","?","$","M","M","R","M","E","T","R","M","E","?","M","R","B",null,"M","$","?","M","M","R","$","M","T","?","R","M","E","M","R","B",null,"M","?","?","T","?","R","?","M","T","$","?","$","R","?","R","B","B",null],"character_chosen":"MARISA","items_purchased":["ChargeUpSpray","Whetstone","AsteroidBelt","Calipers","Finesse","Robbery","Bottled Lightning","Thread and Needle","Acceleration","HandDrill","CrazyTorch:ReiMu","TheAbacus","AsteroidBelt","Shuriken","Anchor","HornCleat","Orrery","PureWhite:ReiMu","Membership Card","6A","PrismaticShard","Medical Kit","Letter Opener","Juzu Bracelet","UnstableBomb"],"campfire_rested":3,"item_purchase_floors":[0,0,0,0,0,0,0,0,0,0,0,0,0,0,0,0,0,0,0,3,3,19,24,44,44],"current_hp_per_floor":[21,14,14,14,14,14,14,14,14,14,14,14,14,18,18,22,58,62,62,62,66,70,70,70,70,70,70,70,70,70,70,70,70,70,70,70,70,77,77,77,39,43,43,43,43,43,43,43,66,66,70],"gold":229,"neow_bonus":"","is_daily":false,"chose_seed":false,"campfire_upgraded":5,"win_rate":0.0,"timestamp":1610525332,"path_taken":["M","?","$","M","M","R","?","E","T","R","?","E","?","M","R","BOSS","M","$","?","?","M","R","$","M","T","?","R","M","E","M","R","BOSS","M","?","?","?","?","R","?","M","T","$","?","?","R","?","R","BOSS","BOSS"],"items_purchased_type":["Card","Relic","Card","Relic","Card","Card","Relic","Relic","Card","Relic","Relic","Relic","Card","Relic","Relic","Relic","Relic","Relic","Relic","Card","Relic","Relic","Relic","Relic","Card"],"build_version":"2020-12-22","purchased_purges":27,"victory":true,"max_hp_per_floor":[70,70,70,70,70,70,70,70,70,70,70,70,70,70,70,70,70,70,70,70,70,70,70,70,70,70,70,70,70,70,70,70,70,70,70,70,70,77,77,77,77,77,77,77,77,77,77,77,77,77,77],"card_choices":[{"not_picked":["ShootingEcho","GravityBeat"],"picked":"NonDirectionalLaser","floor":0.0},{"not_picked":["ShootingEcho","MeteoricShower"],"picked":"MilkyWay","floor":0.0},{"not_picked":["6A","WitchOfGreed"],"picked":"NonDirectionalLaser","floor":0.0},{"not_picked":["BlazingStar","EventHorizon"],"picked":"GravityBeat","floor":0.0},{"not_picked":["IllusionStar","StarBarrage"],"picked":"PowerUp","floor":0.0},{"not_picked":["EarthLightRay","PropBag"],"picked":"AsteroidBelt","floor":1.0},{"not_picked":["OrrerysSun","Anger"],"picked":"MilkyWay","floor":4.0},{"not_picked":["True Grit","JustLucky"],"picked":"Dagger Spray","floor":5.0},{"not_picked":["FollowUp","FairyDestructionRay","PathToVictory"],"picked":"SKIP","floor":7.0},{"not_picked":["Infernal Blade","OortCloud","MilkyWay"],"picked":"SKIP","floor":8.0},{"not_picked":["CrushJoints","WonderfulDomain:ReiMu","Masterful Stab"],"picked":"SKIP","floor":11.0},{"not_picked":["MeteoricShower","Carnage","Acrobatics"],"picked":"SKIP","floor":12.0},{"not_picked":["Jack Of All Trades","Protect","Armaments"],"picked":"SKIP","floor":14.0},{"not_picked":["PiercingWail","MeteoricShower","AirManeuver:ReiMu+1"],"picked":"SKIP","floor":18.0},{"not_picked":["OneTimeOff","Sucker Punch","FlurryOfBlows"],"picked":"SKIP","floor":21.0},{"not_picked":["UnderTheZenith","MagicAbsorber","Amulet:ReiMu"],"picked":"SKIP","floor":22.0},{"not_picked":["Double Energy","Streamline+1","DC"],"picked":"SKIP","floor":25.0},{"not_picked":["6A","GrandCross","Recycle"],"picked":"SKIP","floor":29.0},{"not_picked":["Cold Snap","FlyingSleeves","EndlessAdversity"],"picked":"SKIP","floor":30.0},{"not_picked":["ShootingEcho+1","Heavy Blade","FlurryOfBlows+1"],"picked":"SKIP","floor":31.0},{"not_picked":["PowerUp","FavorOfDestiny","ThirdEye"],"picked":"SKIP","floor":35.0},{"not_picked":["FollowUp+1","FlurryOfBlows","Compile Driver"],"picked":"SKIP","floor":42.0}],"player_experience":791619,"relics_obtained":[{"floor":8.0,"key":"Boot"},{"floor":12.0,"key":"MagicBroom"},{"floor":13.0,"key":"ShroomBag"},{"floor":26.0,"key":"Torii"},{"floor":30.0,"key":"White Beast Statue"},{"floor":38.0,"key":"Strawberry"},{"floor":43.0,"key":"Lantern"}],"event_choices":[{"damage_healed":0.0,"max_hp_gain":0.0,"max_hp_loss":0.0,"gold_gain":50.0,"event_name":"FaceTrader","player_choice":"Touch","floor":2.0,"gold_loss":0.0,"damage_taken":7.0},{"damage_healed":0.0,"max_hp_gain":0.0,"max_hp_loss":0.0,"gold_gain":0.0,"event_name":"Mushrooms_MRS","player_choice":"Fought Mushrooms","floor":13.0,"gold_loss":0.0,"damage_taken":0.0},{"damage_healed":0.0,"max_hp_gain":0.0,"max_hp_loss":0.0,"gold_gain":0.0,"event_name":"Accursed Blacksmith","player_choice":"Forge","floor":20.0,"gold_loss":0.0,"damage_taken":0.0,"cards_upgraded":["Finesse"]}],"is_beta":false,"boss_relics":[{"not_picked":["Velvet Choker","Black Star"],"picked":"Cursed Key"},{"not_picked":["Astrolabe","ExperimentalFamiliar"],"picked":"Pandora\u0027s Box"}],"items_purged_floors":[0,0,0,0,0,0,0,0,0,0,0,0,0,0,0,3,19,19,19,44,44,44,44,44,44,44,44],"is_endless":false,"potions_floor_spawned":[4,8,11,12,14,18,25,31,33,35,42],"ascension_level":20}}