{"host":"n264v15x7h51zqzc","time":1610552111,"event":{"mods":["AchievementEnabler","BaseMod","Colored Powertips","Googly Eyes","Infinite Spire","Minty Spire (QoL Compilation)","Replay The Spire","StSLib"],"gold_per_floor":[119,119,119,119,130,130,130,159,159,174,192,217,217,293,293,424,487,507,507,151,151,170,204,219,255,281,319,244,40,73,73,73],"floor_reached":31,"language":"ENG","playtime":1051,"items_purged":["Strike_B","Defend_B"],"score":418,"play_id":"6ae0704d-d456-415b-9786-66df2e200878","local_time":"20210113093511","is_ascension_mode":true,"campfire_choices":[{"data":"Loop","floor":6,"key":"SMITH"},{"data":"Zap","floor":15,"key":"SMITH"}],"circlet_count":0,"master_deck":["Strike_B+1","Strike_B","Strike_B+1","Defend_B","Defend_B","Defend_B","Zap+1","Dualcast","ReplayTheSpireMod:Chaos Vortex","Loop+1","BootSequence","Blizzard","White Noise","ReplayTheSpireMod:Calculation Training","Thunder Strike","Ball Lightning","Loop","Coolheaded","Self Repair","Self Repair","Force Field","Cold Snap","Echo Form","Leap","Capacitor"],"relics":["Cracked Core","Replay:Bottled Steam","infinitespire:PuzzleCube","Pear","Vajra","Golden Idol","Tiny House","Incense Burner","Medical Kit","Juzu Bracelet","Pen Nib","Tiny Chest","Smiling Mask","Orrery","StoneCalendar"],"acts_visited":["Exordium","TheCity"],"potions_floor_usage":[8,16,16,23,23,25,27],"damage_taken":[{"damage":2,"enemies":"Small Slimes","floor":1,"turns":3},{"damage":0,"enemies":"2 Louse","floor":5,"turns":2},{"damage":0,"enemies":"Lagavulin","floor":8,"turns":6},{"damage":0,"enemies":"Cultist","floor":10,"turns":3},{"damage":2,"enemies":"Blue Slaver","floor":11,"turns":4},{"damage":0,"enemies":"Replay:BlueRogue","floor":12,"turns":6},{"damage":16,"enemies":"Hexaghost","floor":16,"turns":7},{"damage":7,"enemies":"Spheric Guardian","floor":18,"turns":4},{"damage":0,"enemies":"Chosen","floor":22,"turns":5},{"damage":1,"enemies":"Replay:Snechameleon","floor":23,"turns":8},{"damage":28,"enemies":"Snake Plant","floor":24,"turns":5},{"damage":38,"enemies":"Slavers","floor":25,"turns":5},{"damage":0,"enemies":"Replay:Snechameleon","floor":27,"turns":7},{"damage":2,"enemies":"Sentry and Sphere","floor":31,"turns":2}],"seed_played":"-7271564834729558407","potions_obtained":[{"floor":1,"key":"Weak Potion"},{"floor":5,"key":"Languid Potion"},{"floor":7,"key":"Explosive Potion"},{"floor":7,"key":"SpeedPotion"},{"floor":10,"key":"Elixir"},{"floor":11,"key":"PowerPotion"},{"floor":17,"key":"PotionOfCapacity"},{"floor":18,"key":"Elixir"},{"floor":25,"key":"FearPotion"},{"floor":27,"key":"FearPotion"}],"is_trial":false,"path_per_floor":["M","?","?","?","M","R","?","E","T","M","M","E","?","T","R","B",null,"M","?","$","?","M","E","M","E","T","E","?","$","?","M"],"character_chosen":"DEFECT","items_purchased":["Loop","Coolheaded","Medical Kit","Orrery"],"campfire_rested":0,"item_purchase_floors":[20,20,20,29],"current_hp_per_floor":[78,78,78,58,58,58,58,58,68,68,66,66,66,66,66,50,95,88,88,88,88,88,87,66,35,35,39,39,39,1,0,0],"gold":73,"neow_bonus":"RANDOM_EVENT","is_daily":false,"chose_seed":false,"campfire_upgraded":2,"win_rate":0.0,"timestamp":1610552111,"path_taken":["M","?","?","?","M","R","?","E","T","?","M","E","?","?","R","BOSS","M","?","$","?","M","E","M","E","T","E","?","?","?","M"],"items_purchased_type":["Card","Card","Relic","Relic"],"build_version":"2020-12-22","purchased_purges":2,"victory":false,"max_hp_per_floor":[80,80,80,80,80,80,80,80,90,90,90,90,90,90,90,90,95,95,95,95,95,95,95,95,95,95,95,95,95,95,95,95],"card_choices":[{"not_picked":["Steam Power","Hologram","Streamline"],"picked":"SKIP","floor":1},{"not_picked":["infinitespire:Menacing","ReplayTheSpireMod:??????????????????????"],"picked":"ReplayTheSpireMod:Chaos Vortex","floor":4},{"not_picked":["Reprogram","Go for the Eyes"],"picked":"Loop","floor":5},{"not_picked":["Beam Cell","Tempest"],"picked":"BootSequence","floor":8},{"not_picked":["Sweeping Beam","Hello World"],"picked":"Blizzard","floor":10},{"not_picked":["Undo","Turbo"],"picked":"White Noise","floor":11},{"not_picked":["Auto Shields","BasicCrystalCard"],"picked":"ReplayTheSpireMod:Calculation Training","floor":12},{"not_picked":["ReplayTheSpireMod:Fabricate Wheel","All For One"],"picked":"Thunder Strike","floor":16},{"not_picked":["Compile Driver","Streamline"],"picked":"Ball Lightning","floor":17},{"not_picked":["Rip and Tear+1","Sweeping Beam+1","Steam"],"picked":"SKIP","floor":18},{"not_picked":["Turbo","Beam Cell","Barrage"],"picked":"SKIP","floor":22},{"not_picked":["Gash","Leap"],"picked":"Self Repair","floor":23},{"not_picked":["Melter","ReplayTheSpireMod:Repulse"],"picked":"Self Repair","floor":24},{"not_picked":["ReplayTheSpireMod:System Scan","Gash"],"picked":"Force Field","floor":25},{"not_picked":["Conserve Battery","Melter"],"picked":"Cold Snap","floor":27},{"not_picked":["Barrage","Rebound"],"picked":"Echo Form","floor":29},{"not_picked":["Genetic Algorithm+1","ReplayTheSpireMod:Reroute Power"],"picked":"Leap","floor":29},{"not_picked":["Barrage","Beam Cell"],"picked":"Capacitor","floor":29}],"player_experience":159323,"relics_obtained":[{"floor":2,"key":"Replay:Bottled Steam"},{"floor":8,"key":"infinitespire:PuzzleCube"},{"floor":9,"key":"Pear"},{"floor":12,"key":"Vajra"},{"floor":23,"key":"Juzu Bracelet"},{"floor":25,"key":"Pen Nib"},{"floor":26,"key":"Tiny Chest"},{"floor":27,"key":"Smiling Mask"},{"floor":30,"key":"StoneCalendar"}],"event_choices":[{"damage_healed":0,"gold_gain":0,"player_choice":"Donut","damage_taken":0,"max_hp_gain":5,"max_hp_loss":0,"event_name":"Big Fish","floor":0,"gold_loss":0},{"damage_healed":0,"gold_gain":0,"player_choice":"Got Potions","damage_taken":0,"max_hp_gain":0,"max_hp_loss":0,"event_name":"Lab","floor":7,"gold_loss":0},{"damage_healed":0,"gold_gain":0,"player_choice":"Take Wound","damage_taken":0,"relics_obtained":["Golden Idol"],"max_hp_gain":0,"max_hp_loss":0,"event_name":"Golden Idol","floor":13,"gold_loss":0,"cards_obtained":["Injury"]},{"damage_healed":0,"gold_gain":0,"player_choice":"Ignored","damage_taken":0,"max_hp_gain":0,"max_hp_loss":0,"event_name":"Ghosts","floor":21,"gold_loss":0},{"cards_removed":["Injury"],"damage_healed":0,"gold_gain":0,"player_choice":"Gave Gold","damage_taken":0,"max_hp_gain":0,"max_hp_loss":0,"event_name":"Beggar","floor":28,"gold_loss":75}],"is_beta":false,"boss_relics":[{"not_picked":["Fusion Hammer","Replay:Grab Bag"],"picked":"Tiny House"}],"items_purged_floors":[20,29],"is_endless":false,"potions_floor_spawned":[1,5,10,11,18,25,27],"killed_by":"Sentry and Sphere","ascension_level":1}}