{"host":"1c17lcvl7acx821p","time":1610542638,"event":{"mods":["AchievementEnabler","BaseMod","Colored Map","Minty Spire (QoL Compilation)","StSLib"],"gold_per_floor":[111,121,196,9,22,53,33,64,146,173,184,198,213,231,231,231,231],"floor_reached":16,"language":"ENG","playtime":947,"items_purged":[],"score":192,"play_id":"e4a59534-d16b-420e-9db6-eaf22bf7548f","local_time":"20210113145718","is_ascension_mode":true,"campfire_choices":[{"floor":15,"key":"REST"}],"circlet_count":0,"master_deck":["AscendersBane","Strike_R","Strike_R","Strike_R","Strike_R","Strike_R","Defend_R","Defend_R","Defend_R","Defend_R","Bash","Dropkick","Dropkick","True Grit","Corruption","Shrug It Off","Dropkick","Thunderclap","Feel No Pain","Ghostly Armor","Shockwave"],"relics":["Burning Blood","Incense Burner","Smiling Mask","Ornamental Fan","FossilizedHelix"],"acts_visited":["Exordium"],"potions_floor_usage":[8,8,10,12],"damage_taken":[{"damage":1,"enemies":"Cultist","floor":1,"turns":3},{"damage":7,"enemies":"Jaw Worm","floor":2,"turns":2},{"damage":8,"enemies":"2 Louse","floor":5,"turns":2},{"damage":45,"enemies":"Gremlin Nob","floor":6,"turns":5},{"damage":20,"enemies":"Lagavulin","floor":8,"turns":9},{"damage":7,"enemies":"Gremlin Nob","floor":10,"turns":4},{"damage":1,"enemies":"Red Slaver","floor":11,"turns":4},{"damage":12,"enemies":"Gremlin Gang","floor":12,"turns":6},{"damage":0,"enemies":"Blue Slaver","floor":13,"turns":5},{"damage":0,"enemies":"2 Fungi Beasts","floor":14,"turns":6},{"damage":47,"enemies":"Slime Boss","floor":16,"turns":15}],"seed_played":"-861675299639731020","potions_obtained":[{"floor":2,"key":"SpeedPotion"},{"floor":7,"key":"ElixirPotion"},{"floor":8,"key":"BlessingOfTheForge"},{"floor":10,"key":"LiquidMemories"}],"is_trial":false,"path_per_floor":["M","M","?","$","M","E","?","E","T","E","M","M","M","M","R","B"],"character_chosen":"IRONCLAD","items_purchased":["Corruption","Shrug It Off"],"campfire_rested":1,"item_purchase_floors":[4,4],"current_hp_per_floor":[77,76,65,65,63,24,24,10,10,9,14,8,14,20,44,0,0],"gold":231,"neow_bonus":"THREE_CARDS","is_daily":false,"chose_seed":false,"campfire_upgraded":0,"win_rate":0.0,"timestamp":1610542638,"path_taken":["M","?","?","$","M","E","?","E","T","E","M","M","?","M","R","BOSS"],"items_purchased_type":["Card","Card"],"build_version":"2020-12-22","purchased_purges":0,"victory":false,"max_hp_per_floor":[80,80,80,80,80,80,80,80,80,80,80,80,80,80,80,80,80],"card_choices":[{"not_picked":["Clash","Heavy Blade"],"picked":"Dropkick","floor":0},{"not_picked":["Shrug It Off","Pommel Strike"],"picked":"Dropkick","floor":1},{"not_picked":["Twin Strike","Cleave"],"picked":"True Grit","floor":2},{"not_picked":["Rampage","Clash","Anger"],"picked":"SKIP","floor":5},{"not_picked":["Clash","Rupture"],"picked":"Dropkick","floor":6},{"not_picked":["Entrench","Corruption"],"picked":"Thunderclap","floor":8},{"not_picked":["Power Through","Evolve"],"picked":"Feel No Pain","floor":10},{"not_picked":["Battle Trance","Dropkick"],"picked":"Ghostly Armor","floor":11},{"not_picked":["Cleave","Perfected Strike","Body Slam"],"picked":"SKIP","floor":12},{"not_picked":["Carnage","Evolve","Body Slam"],"picked":"SKIP","floor":13},{"not_picked":["Body Slam","Bloodletting"],"picked":"Shockwave","floor":14}],"player_experience":58860,"relics_obtained":[{"floor":6,"key":"Incense Burner"},{"floor":8,"key":"Smiling Mask"},{"floor":9,"key":"Ornamental Fan"},{"floor":10,"key":"FossilizedHelix"}],"event_choices":[{"damage_healed":0,"gold_gain":75,"player_choice":"Gather Gold","damage_taken":11,"max_hp_gain":0,"max_hp_loss":0,"event_name":"World of Goop","floor":3,"gold_loss":0},{"damage_healed":0,"gold_gain":0,"player_choice":"Bought 1 Potion","damage_taken":0,"max_hp_gain":0,"max_hp_loss":0,"event_name":"The Woman in Blue","floor":7,"gold_loss":0}],"is_beta":false,"boss_relics":[],"items_purged_floors":[],"is_endless":false,"potions_floor_spawned":[2,8,10],"killed_by":"Slime Boss","ascension_level":11}}