{"host":"2ulm0pyp8jok7fk5","time":1610515976,"event":{"mods":["Act Like it!","Arknights The Spire","BaseMod","Decade(Õı–°√˜)","Gensokyo","Koishi","Marisa£®ÏF”Í°°ƒß¿Ì…≥£©","Minty Spire (QoL Compilation)","Reimu£®≤©¿ˆ¡È√Œ£©","Remilia£®¿Ÿ√◊¿Ú—«£©","Replay The Spire","Shop Mod","Spicy Shops","StSLib","The Bug Knight","The Hierophant","The Servant 0.9.4","Waifu the Spire","Youmu£®ªÍ∆«—˝√Œ£©","Yuyuko"],"gold_per_floor":[114,114,114,137,151,191,227,227,227,12,12,12,12,28,28,28,28],"floor_reached":16,"language":"ZHS","playtime":7274,"items_purged":["ats:Strike G","ats:Strike V"],"score":108,"play_id":"cd4c8158-c076-416c-83ce-cb1e09859ee3","local_time":"20210113133256","daily_mods":["Allstar","Colorless Cards","Heirloom","Time Dilation","Flight"],"is_ascension_mode":false,"campfire_choices":[{"floor":8,"key":"REST"},{"floor":11,"key":"REST"},{"floor":15,"key":"REST"}],"circlet_count":0,"master_deck":["ats:Strike C","ats:Strike S","ats:Armor Crushing Shot","ats:Defend","ats:Defend","ats:Defend","ats:Defend","ats:Emotion Absorption","Specialist","Panache","Metamorphosis","The Bomb","Specialist+1","ats:Poison Spread","ats:Burning Ground","ats:Ignite","ats:Ignite","ats:Ignite","ats:Very Hot Blade"],"relics":["ats:Sanity","Lizard Tail","Golden Idol","ats:Originium","Snack Pack","Replay:Bottled Steam","Replay:WaspNest"],"acts_visited":["Exordium"],"potions_floor_usage":[],"damage_taken":[{"damage":11,"enemies":"2 Louse","floor":1,"turns":4},{"damage":2,"enemies":"Small Slimes","floor":4,"turns":3},{"damage":0,"enemies":"Cultist","floor":5,"turns":3},{"damage":22,"enemies":"3 Sentries","floor":6,"turns":3},{"damage":15,"enemies":"HollowMod:MossKnight","floor":7,"turns":6},{"damage":5,"enemies":"Exordium Thugs","floor":14,"turns":4},{"damage":16,"enemies":"Fading Forest","floor":16,"turns":3}],"seed_played":"-5896986649932882724","potions_obtained":[{"floor":6,"key":"Languid Potion"},{"floor":7,"key":"Venom Potion"}],"is_trial":true,"path_per_floor":["M","?","?","M","M","E","E","R","T","$","R","$","?","M","R","B"],"character_chosen":"DOCTOR_CLASS","items_purchased":["ats:Ignite"],"campfire_rested":3,"item_purchase_floors":[10],"current_hp_per_floor":[61,43,43,41,41,19,14,35,35,35,56,56,53,50,71,55,55],"gold":28,"neow_bonus":"","is_daily":false,"chose_seed":false,"campfire_upgraded":0,"win_rate":0.0,"timestamp":1610515976,"path_taken":["M","?","?","?","M","E","E","R","T","$","R","$","?","M","R","BOSS"],"items_purchased_type":["Card"],"build_version":"2020-12-22","purchased_purges":2,"victory":false,"max_hp_per_floor":[72,72,72,72,72,72,72,72,72,72,72,72,72,72,72,72,72],"card_choices":[{"not_picked":["Mind Blast","ats:Shell Defense"],"picked":"ats:Poison Spread","floor":1},{"not_picked":["ats:Song Of Battle","ats:Shadow Raid"],"picked":"ats:Burning Ground","floor":4},{"not_picked":["ats:Curse Doll","ats:Childhood Dance","ats:Overload"],"picked":"SKIP","floor":5},{"not_picked":["ats:Collapsing Strike","ats:Revitalization"],"picked":"ats:Ignite","floor":6},{"not_picked":["ats:Steam Pump","ats:Apocalypse","ats:Powerful Strike"],"picked":"SKIP","floor":7},{"not_picked":["ats:Consecutive Shot Auto","ats:Childhood Dance"],"picked":"ats:Very Hot Blade","floor":14}],"player_experience":79950,"relics_obtained":[{"floor":6,"key":"ats:Originium"},{"floor":6,"key":"Snack Pack"},{"floor":7,"key":"ats:Originium"},{"floor":7,"key":"Replay:Bottled Steam"},{"floor":9,"key":"Replay:WaspNest"}],"event_choices":[{"damage_healed":0,"gold_gain":0,"player_choice":"Take Damage","damage_taken":18,"relics_obtained":["Golden Idol"],"max_hp_gain":0,"max_hp_loss":0,"event_name":"Golden Idol","floor":2,"gold_loss":0},{"damage_healed":0,"gold_gain":0,"player_choice":"Upgraded","damage_taken":0,"max_hp_gain":0,"max_hp_loss":0,"event_name":"Upgrade Shrine","floor":3,"gold_loss":0,"cards_upgraded":["Specialist"]},{"damage_healed":0,"gold_gain":0,"player_choice":"Fled","damage_taken":3,"max_hp_gain":0,"max_hp_loss":0,"event_name":"Scrap Ooze","floor":13,"gold_loss":0}],"is_beta":false,"boss_relics":[],"items_purged_floors":[10,10],"is_endless":false,"potions_floor_spawned":[6,7],"killed_by":"Fading Forest","ascension_level":0}}