{"host":"x205naxbihvu3p76","time":1610521085,"event":{"mods":["AchievementEnabler","BaseMod","Minty Spire (QoL Compilation)","StSLib","SuperFastMode"],"gold_per_floor":[116,191,191,191,191,225,225,258,258,272,287,287,287,124,124,201,201,213,44,59,73,104,104,104],"floor_reached":23,"language":"KOR","playtime":563,"items_purged":["Strike_B"],"score":494,"play_id":"8d758b5d-6a5f-420d-8dc6-4cea2d76462d","local_time":"20210113155805","is_ascension_mode":true,"campfire_choices":[{"data":"Loop","floor":7,"key":"SMITH"},{"floor":13,"key":"DIG"},{"data":"Chaos","floor":15,"key":"SMITH"}],"circlet_count":0,"master_deck":["AscendersBane","Strike_B","Strike_B","Defend_B","Defend_B","Defend_B","Defend_B","Zap","Dualcast","Compile Driver","Static Discharge","Loop+1","Barrage","Glacier","Leap","Chaos+1","Seek","Turbo","Core Surge","Ball Lightning"],"relics":["Cracked Core","NeowsBlessing","Happy Flower","Shovel","Mummified Hand","Shuriken","Oddly Smooth Stone","Snecko Eye","ClockworkSouvenir","Red Mask"],"acts_visited":["Exordium","TheCity"],"potions_floor_usage":[21,21,21,21],"damage_taken":[{"damage":0,"enemies":"Jaw Worm","floor":1,"turns":1},{"damage":0,"enemies":"Gremlin Nob","floor":6,"turns":1},{"damage":0,"enemies":"Lagavulin","floor":8,"turns":1},{"damage":10,"enemies":"Small Slimes","floor":10,"turns":3},{"damage":0,"enemies":"2 Louse","floor":11,"turns":2},{"damage":35,"enemies":"Hexaghost","floor":16,"turns":9},{"damage":4,"enemies":"3 Byrds","floor":18,"turns":5},{"damage":1,"enemies":"Spheric Guardian","floor":20,"turns":5},{"damage":5,"enemies":"Cultist and Chosen","floor":21,"turns":5},{"damage":20,"enemies":"Masked Bandits","floor":22,"turns":4},{"damage":32,"enemies":"Book of Stabbing","floor":23,"turns":4}],"seed_played":"7564915529742781191","potions_obtained":[{"floor":1,"key":"Dexterity Potion"},{"floor":11,"key":"FearPotion"},{"floor":16,"key":"EntropicBrew"}],"is_trial":false,"path_per_floor":["M","?","?","?","?","E","R","E","T","M","M","T","R","$","R","B",null,"M","$","M","M","?","E"],"character_chosen":"DEFECT","items_purchased":["Chaos","ClockworkSouvenir"],"campfire_rested":0,"item_purchase_floors":[14,19],"current_hp_per_floor":[64,53,53,58,58,58,58,58,58,48,48,48,48,48,48,13,60,56,56,55,50,30,0,0],"gold":104,"neow_bonus":"THREE_ENEMY_KILL","is_daily":false,"chose_seed":false,"campfire_upgraded":2,"win_rate":0.0,"timestamp":1610521085,"path_taken":["M","?","?","?","?","E","R","E","T","M","M","?","R","$","R","BOSS","M","$","M","?","?","E"],"items_purchased_type":["Card","Relic"],"build_version":"2020-12-22","purchased_purges":1,"victory":false,"max_hp_per_floor":[71,71,71,76,76,76,76,76,76,76,76,76,76,76,76,76,76,76,76,76,76,76,76,76],"card_choices":[{"not_picked":["Melter","Streamline"],"picked":"Compile Driver","floor":1},{"not_picked":["Auto Shields","Conserve Battery"],"picked":"Loop","floor":6},{"not_picked":["Rebound","Melter"],"picked":"Barrage","floor":8},{"not_picked":["Redo","Rainbow"],"picked":"Glacier","floor":10},{"not_picked":["Turbo","Hologram"],"picked":"Leap","floor":11},{"not_picked":["Hyperbeam","Buffer"],"picked":"Seek","floor":16},{"not_picked":["Conserve Battery","Stack+1"],"picked":"Turbo","floor":18},{"not_picked":["Cold Snap","Hologram","Stack+1"],"picked":"SKIP","floor":20},{"not_picked":["Beam Cell","Static Discharge"],"picked":"Core Surge","floor":21},{"not_picked":["Compile Driver","Conserve Battery"],"picked":"Ball Lightning","floor":22}],"player_experience":971263,"relics_obtained":[{"floor":6,"key":"Happy Flower"},{"floor":8,"key":"Shovel"},{"floor":9,"key":"Mummified Hand"},{"floor":12,"key":"Shuriken"},{"floor":13,"key":"Oddly Smooth Stone"},{"floor":22,"key":"Red Mask"}],"event_choices":[{"damage_healed":0,"gold_gain":75,"player_choice":"Gather Gold","damage_taken":11,"max_hp_gain":0,"max_hp_loss":0,"event_name":"World of Goop","floor":2,"gold_loss":0},{"damage_healed":0,"gold_gain":0,"player_choice":"Fled","damage_taken":0,"max_hp_gain":0,"max_hp_loss":0,"event_name":"Scrap Ooze","floor":3,"gold_loss":0},{"damage_healed":0,"gold_gain":0,"player_choice":"Donut","damage_taken":0,"max_hp_gain":5,"max_hp_loss":0,"event_name":"Big Fish","floor":4,"gold_loss":0},{"damage_healed":0,"gold_gain":0,"cards_transformed":["Strike_B"],"player_choice":"Change","damage_taken":0,"max_hp_gain":0,"max_hp_loss":0,"event_name":"Living Wall","floor":5,"gold_loss":0,"cards_obtained":["Static Discharge"]},{"damage_healed":0,"gold_gain":0,"player_choice":"Fought Bandits","damage_taken":0,"max_hp_gain":0,"max_hp_loss":0,"event_name":"Masked Bandits","floor":22,"gold_loss":0}],"is_beta":false,"boss_relics":[{"not_picked":["Ectoplasm","Sozu"],"picked":"Snecko Eye"}],"items_purged_floors":[14],"is_endless":false,"potions_floor_spawned":[1,11,16,18],"killed_by":"Book of Stabbing","ascension_level":20}}