{"host":"dk10vuzdqf3wivcv","time":1610572925,"event":{"mods":["Aspiration","Astrologer","BaseMod","Colored Map","Conspire","Downfall","Friendly Minions","Hermit","Hubris","Infinite Spire","Minty Spire (QoL Compilation)","Replay The Spire","StSLib","SuperFastMode","Td1madao Mod","The Animator","The Gatherer","The Jungle"],"gold_per_floor":[111,124,124,136,136,165,165,183,183,217,217,217,227,240,267,267],"floor_reached":15,"language":"ENG","playtime":618,"items_purged":[],"score":123,"play_id":"fa90478f-2e90-41aa-8527-d869532dd02e","local_time":"20210113222205","is_ascension_mode":true,"campfire_choices":[{"floor":7,"key":"RECALL"}],"circlet_count":0,"master_deck":["Strike_B","Strike_B","Strike_B","Strike_B","Defend_B","Defend_B","Defend_B","Zap","Dualcast","Redo","BasicCrystalCard","Conserve Battery","Compile Driver","Cold Snap","Defragment","BootSequence","Ball Lightning"],"relics":["Cracked Core","aspiration:Nostalgia","Apod","Geode","White Beast Statue","infinitespire:Beetle Shell","Pen Nib"],"acts_visited":["Exordium"],"potions_floor_usage":[8,10,14,15],"damage_taken":[{"damage":1,"enemies":"conspire:RoseBush","floor":1,"turns":3},{"damage":2,"enemies":"2 Louse","floor":2,"turns":3},{"damage":6,"enemies":"Jaw Worm","floor":4,"turns":5},{"damage":13,"enemies":"Replay:BlueRogue","floor":6,"turns":8},{"damage":8,"enemies":"Looter","floor":8,"turns":3},{"damage":19,"enemies":"Gremlin Nob","floor":10,"turns":5},{"damage":4,"enemies":"2 Fungi Beasts","floor":13,"turns":3},{"damage":2,"enemies":"Exordium Wildlife","floor":14,"turns":5},{"damage":7,"enemies":"Replay:BlueRogue","floor":15,"turns":3}],"seed_played":"-8028705308733795231","potions_obtained":[{"floor":2,"key":"Dexterity Potion"},{"floor":6,"key":"ColorlessPotion"},{"floor":8,"key":"Swift Potion"},{"floor":10,"key":"Elixir"},{"floor":13,"key":"LiquidMemories"},{"floor":14,"key":"PowerPotion"},{"floor":15,"key":"conspire:TimeTravelPotion"}],"is_trial":false,"path_per_floor":["M","M","?","M","?","E","R","M","T","E","PTL","PTL","M","M","E"],"character_chosen":"DEFECT","items_purchased":[],"campfire_rested":0,"item_purchase_floors":[],"current_hp_per_floor":[74,72,72,66,66,53,53,45,45,26,26,26,22,20,13,13],"gold":267,"neow_bonus":"NOSTALGIA","is_daily":false,"chose_seed":false,"campfire_upgraded":0,"win_rate":0.0,"timestamp":1610572925,"path_taken":["M","M","?","M","?","E","R","M","T","E","PTL","PTL","M","M","E"],"items_purchased_type":[],"build_version":"2020-12-22","purchased_purges":0,"victory":false,"max_hp_per_floor":[75,75,75,75,75,75,75,75,75,75,75,75,75,75,75,75],"card_choices":[{"not_picked":["Steam","Beam Cell"],"picked":"Redo","floor":1},{"not_picked":["Hologram","Conserve Battery"],"picked":"BasicCrystalCard","floor":2},{"not_picked":["Steam","conspire:Rain"],"picked":"Conserve Battery","floor":4},{"not_picked":["Go for the Eyes","Seek"],"picked":"Compile Driver","floor":6},{"not_picked":["Go for the Eyes","Sunder"],"picked":"Cold Snap","floor":8},{"not_picked":["White Noise","Beam Cell"],"picked":"Defragment","floor":10},{"not_picked":["Beam Cell","Melter"],"picked":"BootSequence","floor":13},{"not_picked":["Barrage","Stack"],"picked":"Ball Lightning","floor":14}],"player_experience":171572,"relics_obtained":[{"floor":3,"key":"Geode"},{"floor":6,"key":"White Beast Statue"},{"floor":10,"key":"infinitespire:Beetle Shell"},{"floor":15,"key":"Pen Nib"}],"event_choices":[],"is_beta":false,"boss_relics":[],"items_purged_floors":[],"is_endless":false,"potions_floor_spawned":[2,6,8,10,13,14,15],"killed_by":"Replay:BlueRogue","ascension_level":1}}