{"host":"3oax8yz66k5njorr","time":1610548505,"event":{"mods":["AchievementEnabler","BaseMod","Colored Map","Colored Powertips","DeckTracker","Minty Spire (QoL Compilation)","Rare Cards Sparkle"],"gold_per_floor":[115,128,144,160,178,178,193,218,218,230,80,96,107,126,126,126,126],"floor_reached":16,"language":"KOR","playtime":655,"items_purged":[],"score":110,"play_id":"22d192e1-b2f6-4939-a60e-1f87e63b4ecc","local_time":"20210113233505","is_ascension_mode":false,"campfire_choices":[{"data":"Phantasmal Killer","floor":6.0,"key":"SMITH"},{"floor":15,"key":"REST"}],"circlet_count":0,"master_deck":["Strike_G","Strike_G","Strike_G","Strike_G","Strike_G","Defend_G","Defend_G","Defend_G","Defend_G","Defend_G","Survivor","Neutralize","Phantasmal Killer+1","Cloak And Dagger","Quick Slash","Dagger Spray","Riddle With Holes","PiercingWail","Masterful Stab","Backstab","Choke","Poisoned Stab","Terror"],"relics":["Ring of the Snake","Ancient Tea Set","Ninja Scroll","ClockworkSouvenir"],"acts_visited":["Exordium"],"potions_floor_usage":[16],"damage_taken":[{"damage":0.0,"enemies":"2 Louse","floor":1.0,"turns":3.0},{"damage":0.0,"enemies":"Jaw Worm","floor":2.0,"turns":5.0},{"damage":0.0,"enemies":"Small Slimes","floor":3.0,"turns":3.0},{"damage":10.0,"enemies":"3 Louse","floor":4.0,"turns":4.0},{"damage":13.0,"enemies":"Large Slime","floor":5.0,"turns":7.0},{"damage":0.0,"enemies":"Blue Slaver","floor":7.0,"turns":2.0},{"damage":31.0,"enemies":"Lagavulin","floor":8.0,"turns":6.0},{"damage":0.0,"enemies":"3 Louse","floor":10.0,"turns":2.0},{"damage":0.0,"enemies":"2 Fungi Beasts","floor":12.0,"turns":1.0},{"damage":0,"enemies":"Blue Slaver","floor":13,"turns":1},{"damage":5,"enemies":"Looter","floor":14,"turns":2},{"damage":32,"enemies":"The Guardian","floor":16,"turns":6}],"seed_played":"4518121817328665681","potions_obtained":[{"floor":2.0,"key":"Energy Potion"},{"floor":3.0,"key":"Poison Potion"},{"floor":5.0,"key":"SmokeBomb"},{"floor":12.0,"key":"Ancient Potion"},{"floor":13,"key":"BlessingOfTheForge"}],"is_trial":false,"path_per_floor":["M","M","M","M","M","R","M","E","T","M","$","M","M","M","R","B"],"character_chosen":"THE_SILENT","items_purchased":["ClockworkSouvenir"],"campfire_rested":1,"item_purchase_floors":[11],"current_hp_per_floor":[70,70,70,60,47,47,47,16,16,16,16,16,16,11,32,0,0],"gold":126,"neow_bonus":"ONE_RANDOM_RARE_CARD","is_daily":false,"chose_seed":false,"campfire_upgraded":1,"win_rate":0.0,"timestamp":1610548505,"path_taken":["M","M","M","M","M","R","M","E","T","M","$","M","M","M","R","BOSS"],"items_purchased_type":["Relic"],"build_version":"2020-12-22","purchased_purges":0,"victory":false,"max_hp_per_floor":[70,70,70,70,70,70,70,70,70,70,70,70,70,70,70,70,70],"card_choices":[{"not_picked":["Backflip","Dagger Spray"],"picked":"Cloak And Dagger","floor":1.0},{"not_picked":["Dagger Throw","PiercingWail"],"picked":"Quick Slash","floor":2.0},{"not_picked":["Noxious Fumes","Reflex"],"picked":"Dagger Spray","floor":3.0},{"not_picked":["Flying Knee","Heel Hook","Well Laid Plans"],"picked":"SKIP","floor":4.0},{"not_picked":["PiercingWail","Dodge and Roll"],"picked":"Riddle With Holes","floor":5.0},{"not_picked":["Outmaneuver","Caltrops"],"picked":"PiercingWail","floor":7.0},{"not_picked":["Reflex","Riddle With Holes"],"picked":"Masterful Stab","floor":8.0},{"not_picked":["Skewer","Flying Knee"],"picked":"Backstab","floor":10.0},{"not_picked":["Expertise","Sucker Punch"],"picked":"Choke","floor":12.0},{"not_picked":["Distraction","Acrobatics"],"picked":"Poisoned Stab","floor":13},{"not_picked":["Catalyst","Cloak And Dagger"],"picked":"Terror","floor":14}],"player_experience":44384,"relics_obtained":[{"floor":8.0,"key":"Ancient Tea Set"},{"floor":9.0,"key":"Ninja Scroll"}],"event_choices":[],"is_beta":false,"boss_relics":[],"items_purged_floors":[],"is_endless":false,"potions_floor_spawned":[2,3,5,12,13],"killed_by":"The Guardian","ascension_level":0}}