{"host":"6pgtslebjnyv5xmi","time":1610530590,"event":{"mods":["AchievementEnabler","BaseMod","Colored Map","Minty Spire (QoL Compilation)","Rare Cards Sparkle","StSLib","SuperFastMode","The Cursed","everything is the same but u backflip on backflip"],"gold_per_floor":[118,39,39,58,58,58,83,102,102,102,48,62,2,16,16,139,139,162,26,39,60,110,110,126,126,176,194,214,194,79,79,79,209,209,230,249,268,286,64,64,99,99,99],"floor_reached":42,"language":"KOR","playtime":4072,"items_purged":["Strike_G","Strike_G","Strike_G"],"score":675,"play_id":"38649591-46d0-42cc-9731-c75c885134dc","local_time":"20210113183630","is_ascension_mode":true,"campfire_choices":[{"data":"Die Die Die","floor":6,"key":"SMITH"},{"data":"Caltrops","floor":15,"key":"SMITH"},{"data":"Caltrops","floor":23,"key":"SMITH"},{"data":"After Image","floor":25,"key":"SMITH"},{"data":"Footwork","floor":32,"key":"SMITH"},{"data":"A Thousand Cuts","floor":40,"key":"SMITH"}],"circlet_count":0,"master_deck":["AscendersBane","Strike_G+1","Defend_G","Defend_G","Defend_G+1","Defend_G","Survivor","Neutralize","PiercingWail","Die Die Die+1","Caltrops+1","Blur","Caltrops+1","Caltrops+1","After Image+1","Footwork+1","PiercingWail","Skewer+1","A Thousand Cuts+1","Footwork+1","Blur","Backstab+1"],"relics":["Ring of the Snake","NeowsBlessing","Golden Idol","The Courier","Shuriken","Coffee Dripper","Happy Flower","Lee\u0027s Waffle","Empty Cage","Omamori","Regal Pillow"],"acts_visited":["Exordium","TheCity","TheBeyond"],"potions_floor_usage":[16,16,27,33,37,41],"damage_taken":[{"damage":0,"enemies":"Small Slimes","floor":1,"turns":1},{"damage":0,"enemies":"Jaw Worm","floor":4,"turns":1},{"damage":0,"enemies":"Cultist","floor":7,"turns":1},{"damage":0,"enemies":"Gremlin Gang","floor":8,"turns":1},{"damage":15,"enemies":"Exordium Wildlife","floor":12,"turns":5},{"damage":0,"enemies":"Lots of Slimes","floor":14,"turns":1},{"damage":15,"enemies":"Slime Boss","floor":16,"turns":11},{"damage":0,"enemies":"Shell Parasite","floor":18,"turns":7},{"damage":29,"enemies":"Chosen","floor":20,"turns":9},{"damage":6,"enemies":"Centurion and Healer","floor":21,"turns":24},{"damage":14,"enemies":"Cultist and Chosen","floor":24,"turns":6},{"damage":0,"enemies":"Snake Plant","floor":27,"turns":4},{"damage":4,"enemies":"Snecko","floor":28,"turns":5},{"damage":30,"enemies":"Collector","floor":33,"turns":15},{"damage":2,"enemies":"Orb Walker","floor":35,"turns":6},{"damage":9,"enemies":"3 Darklings","floor":36,"turns":6},{"damage":6,"enemies":"Sphere and 2 Shapes","floor":37,"turns":4},{"damage":32,"enemies":"4 Shapes","floor":38,"turns":8},{"damage":29,"enemies":"Nemesis","floor":41,"turns":9},{"damage":21,"enemies":"Spire Growth","floor":42,"turns":4}],"seed_played":"-9218317812328219703","potions_obtained":[{"floor":7,"key":"GamblersBrew"},{"floor":12,"key":"ColorlessPotion"},{"floor":14,"key":"Regen Potion"},{"floor":20,"key":"FairyPotion"},{"floor":24,"key":"SneckoOil"},{"floor":29,"key":"Fire Potion"},{"floor":35,"key":"SteroidPotion"},{"floor":38,"key":"Explosive Potion"}],"is_trial":false,"path_per_floor":["M","$","?","M","?","R","M","M","T","?","$","M","$","M","R","B",null,"M","$","M","M","?","R","M","R","T","M","M","?","$","?","R","B",null,"M","M","M","M","$","R","E","M"],"character_chosen":"THE_SILENT","items_purchased":["Die Die Die","Caltrops","Footwork","Lee\u0027s Waffle","Omamori"],"campfire_rested":0,"item_purchase_floors":[2,11,19,30,39],"current_hp_per_floor":[63,63,49,49,49,49,49,49,49,42,42,27,27,27,27,27,56,56,56,27,21,21,21,7,7,7,7,3,3,72,72,72,42,65,63,54,48,16,16,16,18,0,0],"gold":99,"neow_bonus":"THREE_ENEMY_KILL","is_daily":false,"chose_seed":false,"campfire_upgraded":6,"win_rate":0.0,"timestamp":1610530590,"path_taken":["M","$","?","M","?","R","M","M","T","?","$","?","?","M","R","BOSS","M","$","?","M","?","R","M","R","T","M","?","?","?","?","R","BOSS","M","M","?","M","$","R","E","M"],"items_purchased_type":["Card","Card","Card","Relic","Relic"],"build_version":"2020-12-22","purchased_purges":3,"victory":false,"max_hp_per_floor":[70,70,70,70,65,65,65,65,65,65,65,65,65,65,65,65,65,65,65,65,65,65,65,65,65,65,65,65,65,72,72,72,72,72,72,72,72,72,72,72,72,72,72],"card_choices":[{"not_picked":["Outmaneuver","Bane"],"picked":"PiercingWail","floor":1},{"not_picked":["Quick Slash","Poisoned Stab"],"picked":"Caltrops","floor":4},{"not_picked":["Underhanded Strike","Choke"],"picked":"Blur","floor":7},{"not_picked":["Eviscerate","Dagger Throw"],"picked":"Caltrops","floor":8},{"not_picked":["Dodge and Roll","Backflip","Flying Knee"],"picked":"SKIP","floor":12},{"not_picked":["Outmaneuver","Prepared","Acrobatics"],"picked":"SKIP","floor":14},{"not_picked":["Corpse Explosion","Adrenaline"],"picked":"After Image","floor":16},{"not_picked":["Outmaneuver","Finisher+1","Dagger Spray"],"picked":"SKIP","floor":18},{"not_picked":["Dagger Spray","Blade Dance"],"picked":"PiercingWail","floor":20},{"not_picked":["Blade Dance","Cloak And Dagger","Outmaneuver"],"picked":"SKIP","floor":21},{"not_picked":["Riddle With Holes","Cloak And Dagger","Deflect"],"picked":"SKIP","floor":24},{"not_picked":["Escape Plan","Leg Sweep"],"picked":"Skewer+1","floor":27},{"not_picked":["Backflip","Dagger Spray","Concentrate"],"picked":"SKIP","floor":28},{"not_picked":["Corpse Explosion","Adrenaline"],"picked":"A Thousand Cuts","floor":33},{"not_picked":["Dagger Spray","Eviscerate"],"picked":"Footwork+1","floor":35},{"not_picked":["Calculated Gamble","Dagger Throw","Caltrops"],"picked":"SKIP","floor":36},{"not_picked":["Flying Knee","Sucker Punch"],"picked":"Blur","floor":37},{"not_picked":["Setup+1","Blade Dance+1","Outmaneuver"],"picked":"SKIP","floor":38},{"not_picked":["Underhanded Strike","Catalyst"],"picked":"Backstab+1","floor":41}],"player_experience":956817,"relics_obtained":[{"floor":9,"key":"The Courier"},{"floor":26,"key":"Happy Flower"},{"floor":41,"key":"Regal Pillow"}],"event_choices":[{"damage_healed":0,"gold_gain":0,"player_choice":"Entered Light","damage_taken":14,"max_hp_gain":0,"max_hp_loss":0,"event_name":"Shining Light","floor":3,"gold_loss":0,"cards_upgraded":["Strike_G","Defend_G"]},{"damage_healed":0,"gold_gain":0,"player_choice":"Lose Max HP","damage_taken":0,"relics_obtained":["Golden Idol"],"max_hp_gain":0,"max_hp_loss":5,"event_name":"Golden Idol","floor":5,"gold_loss":0},{"damage_healed":0,"gold_gain":0,"player_choice":"Success","damage_taken":7,"relics_obtained":["Shuriken"],"max_hp_gain":0,"max_hp_loss":0,"event_name":"Scrap Ooze","floor":10,"gold_loss":0},{"damage_healed":0,"gold_gain":100,"player_choice":"Bet on Murderer","damage_taken":0,"max_hp_gain":0,"max_hp_loss":0,"event_name":"The Joust","floor":22,"gold_loss":50},{"damage_healed":0,"gold_gain":0,"player_choice":"Bought 1 Potion","damage_taken":0,"max_hp_gain":0,"max_hp_loss":0,"event_name":"The Woman in Blue","floor":29,"gold_loss":0},{"damage_healed":0,"gold_gain":0,"player_choice":"Forge","damage_taken":0,"max_hp_gain":0,"max_hp_loss":0,"event_name":"Accursed Blacksmith","floor":31,"gold_loss":0,"cards_upgraded":["Caltrops"]}],"is_beta":false,"boss_relics":[{"not_picked":["Ectoplasm","Runic Pyramid"],"picked":"Coffee Dripper"},{"not_picked":["Black Star","WristBlade"],"picked":"Empty Cage"}],"items_purged_floors":[13,19,39],"is_endless":false,"potions_floor_spawned":[7,12,14,20,24,35,36,38],"killed_by":"Spire Growth","ascension_level":12}}