{"host":"k85tjwrh7mjrrc9a","time":1610578138,"event":{"mods":["AchievementEnabler","BaseMod","Colored Powertips","Highlight Path","Minty Spire (QoL Compilation)","Rare Cards Sparkle","StSLib"],"gold_per_floor":[110,110,110,110,125,153,166,179,227,227,241,241,260,289,289,388,438,457,468,468,143,242,242,270,284,284,284,298,310,310,325,325,325,325],"floor_reached":33,"language":"ENG","playtime":1599,"items_purged":[],"score":494,"play_id":"cddd9fcf-ceba-4f26-9317-df0c9cc8fd7f","local_time":"20210113174858","is_ascension_mode":true,"campfire_choices":[{"data":"Armaments","floor":10.0,"key":"SMITH"},{"floor":15.0,"key":"REST"},{"data":"Evolve","floor":23.0,"key":"SMITH"},{"data":"Bash","floor":27.0,"key":"SMITH"},{"floor":30,"key":"REST"},{"floor":32,"key":"REST"}],"circlet_count":0,"master_deck":["AscendersBane","Strike_R+1","Strike_R+1","Strike_R+1","Strike_R+1","Defend_R+1","Defend_R+1","Defend_R+1","Defend_R+1","Bash+1","Armaments+1","Heavy Blade","Clothesline","Body Slam","Wild Strike","Pommel Strike","Pummel+1","Limit Break+1","Thunderclap","True Grit+1","Evolve+1","Cleave","Reaper"],"relics":["Burning Blood","NeowsBlessing","Potion Belt","Red Skull","Orichalcum","Toxic Egg 2","Tiny House","Singing Bowl","Letter Opener","FossilizedHelix"],"acts_visited":["Exordium","TheCity"],"potions_floor_usage":[31,33,33,33],"damage_taken":[{"damage":0.0,"enemies":"2 Louse","floor":1.0,"turns":1.0},{"damage":0.0,"enemies":"Cultist","floor":5.0,"turns":1.0},{"damage":0.0,"enemies":"3 Sentries","floor":6.0,"turns":2.0},{"damage":10.0,"enemies":"Jaw Worm","floor":7.0,"turns":4.0},{"damage":34.0,"enemies":"Exordium Wildlife","floor":8.0,"turns":8.0},{"damage":5.0,"enemies":"Blue Slaver","floor":11.0,"turns":5.0},{"damage":10.0,"enemies":"2 Fungi Beasts","floor":13.0,"turns":3.0},{"damage":19.0,"enemies":"Lagavulin","floor":14.0,"turns":7.0},{"damage":53.0,"enemies":"The Guardian","floor":16.0,"turns":11.0},{"damage":39.0,"enemies":"Shell Parasite","floor":18.0,"turns":10.0},{"damage":2.0,"enemies":"Chosen","floor":19.0,"turns":4.0},{"damage":0.0,"enemies":"Gremlin Leader","floor":24.0,"turns":6.0},{"damage":8.0,"enemies":"Snake Plant","floor":25.0,"turns":3.0},{"damage":37.0,"enemies":"Snecko","floor":28.0,"turns":8.0},{"damage":0,"enemies":"Sentry and Sphere","floor":29,"turns":4},{"damage":37,"enemies":"Shelled Parasite and Fungi","floor":31,"turns":8},{"damage":59,"enemies":"Automaton","floor":33,"turns":6}],"seed_played":"6926105842190369174","potions_obtained":[{"floor":7.0,"key":"Block Potion"},{"floor":13.0,"key":"SkillPotion"},{"floor":14.0,"key":"EssenceOfSteel"},{"floor":17.0,"key":"LiquidBronze"},{"floor":18.0,"key":"Fire Potion"},{"floor":29,"key":"Weak Potion"},{"floor":31,"key":"LiquidMemories"}],"is_trial":false,"path_per_floor":["M","?","$","T","M","E","M","M","T","R","M","$","M","E","R","B",null,"M","M","?","$","?","R","E","M","T","R","M","M","R","M","R","B"],"character_chosen":"IRONCLAD","items_purchased":["Evolve","Singing Bowl"],"campfire_rested":3,"item_purchase_floors":[21,21],"current_hp_per_floor":[78,78,78,78,80,80,76,48,48,48,49,49,45,32,56,9,67,34,38,38,38,38,38,46,46,46,46,15,21,47,32,59,0,0],"gold":325,"neow_bonus":"THREE_ENEMY_KILL","is_daily":false,"chose_seed":false,"campfire_upgraded":3,"win_rate":0.0,"timestamp":1610578138,"path_taken":["M","?","$","?","?","E","M","M","T","R","M","$","M","E","R","BOSS","M","?","?","$","?","R","E","M","T","R","M","M","R","M","R","BOSS"],"items_purchased_type":["Card","Relic"],"build_version":"2020-12-22","purchased_purges":0,"victory":false,"max_hp_per_floor":[80,80,80,80,80,80,80,80,80,80,80,80,80,80,80,80,85,85,85,85,85,85,85,87,89,89,89,89,89,89,91,91,91,91],"card_choices":[{"not_picked":["Flex","Hemokinesis"],"picked":"Armaments","floor":1.0},{"not_picked":["Armaments","Thunderclap"],"picked":"Heavy Blade","floor":5.0},{"not_picked":["Rage","Bloodletting"],"picked":"Clothesline","floor":6.0},{"not_picked":["Twin Strike","Corruption"],"picked":"Body Slam","floor":7.0},{"not_picked":["Flex","Rage"],"picked":"Wild Strike","floor":8.0},{"not_picked":["Reckless Charge","Infernal Blade"],"picked":"Pommel Strike","floor":11.0},{"not_picked":["Dark Embrace","Second Wind","Rampage"],"picked":"SKIP","floor":13.0},{"not_picked":["Heavy Blade","Warcry+1"],"picked":"Pummel","floor":14.0},{"not_picked":["Demon Form","Brutality"],"picked":"Limit Break+1","floor":16.0},{"not_picked":["Feel No Pain","Burning Pact+1"],"picked":"Thunderclap","floor":17.0},{"not_picked":["Bloodletting+1","Armaments+1","Headbutt"],"picked":"SKIP","floor":18.0},{"not_picked":["Sword Boomerang","Armaments+1"],"picked":"True Grit+1","floor":19.0},{"not_picked":["Headbutt+1","Armaments+1","Sentinel+1"],"picked":"Singing Bowl","floor":24.0},{"not_picked":["Infernal Blade+1","Rupture","Shrug It Off+1"],"picked":"Singing Bowl","floor":25.0},{"not_picked":["Fire Breathing","Anger+1"],"picked":"Cleave","floor":28.0},{"not_picked":["Flex+1","Havoc+1"],"picked":"Reaper","floor":29},{"not_picked":["Cleave","Dropkick","True Grit+1"],"picked":"Singing Bowl","floor":31}],"player_experience":191731,"relics_obtained":[{"floor":4.0,"key":"Potion Belt"},{"floor":6.0,"key":"Red Skull"},{"floor":9.0,"key":"Orichalcum"},{"floor":14.0,"key":"Toxic Egg 2"},{"floor":24.0,"key":"Letter Opener"},{"floor":26.0,"key":"FossilizedHelix"}],"event_choices":[{"cards_removed":["Strike_R"],"damage_healed":0.0,"max_hp_gain":0.0,"max_hp_loss":0.0,"gold_gain":0.0,"event_name":"Purifier","player_choice":"Purged","floor":2.0,"gold_loss":0.0,"damage_taken":0.0},{"damage_healed":0.0,"max_hp_gain":0.0,"max_hp_loss":0.0,"gold_gain":0.0,"event_name":"Back to Basics","player_choice":"Simplicity","floor":20.0,"gold_loss":0.0,"damage_taken":0.0,"cards_upgraded":["Strike_R","Strike_R","Strike_R","Strike_R","Defend_R","Defend_R","Defend_R","Defend_R"]},{"damage_healed":0.0,"max_hp_gain":0.0,"max_hp_loss":0.0,"gold_gain":99.0,"event_name":"Nest","player_choice":"Stole From Cult","floor":22.0,"gold_loss":0.0,"damage_taken":0.0}],"is_beta":false,"boss_relics":[{"not_picked":["SacredBark","Empty Cage"],"picked":"Tiny House"}],"items_purged_floors":[],"is_endless":false,"potions_floor_spawned":[7,13,14,18,29,31],"killed_by":"Automaton","ascension_level":10}}