{"host":"ao4lxi9bhtts409i","time":1610573112,"event":{"mods":["AchievementEnabler","BaseMod","Colored Map","Colored Powertips","Minty Spire (QoL Compilation)","SuperFastMode"],"gold_per_floor":[115,130,80,92,103,131,153,195,261,273,285,316,328,374,386,495,507,539,564,491,503,503],"floor_reached":21,"language":"ENG","playtime":1019,"items_purged":[],"score":211,"play_id":"39356c42-bee7-487d-bce0-0f2592916bd1","local_time":"20210113222512","is_ascension_mode":true,"campfire_choices":[{"floor":10,"key":"REST"},{"floor":15,"key":"REST"}],"circlet_count":0,"master_deck":["Strike_B","Strike_B","Strike_B","Defend_B","Defend_B","Defend_B","Defend_B","Zap","Dualcast","Storm","Ball Lightning","Coolheaded","BootSequence","Sweeping Beam","Stack","Skim","Go for the Eyes","Coolheaded","Rainbow","Tempest+1","Conserve Battery"],"relics":["Cracked Core","NeowsBlessing","MawBank","Matryoshka","Gremlin Horn","Ancient Tea Set","PreservedInsect","SlaversCollar","Regal Pillow"],"acts_visited":["Exordium","TheCity"],"potions_floor_usage":[6,8,14],"damage_taken":[{"damage":0,"enemies":"Jaw Worm","floor":1,"turns":1},{"damage":0,"enemies":"Small Slimes","floor":2,"turns":1},{"damage":0,"enemies":"2 Louse","floor":4,"turns":1},{"damage":11,"enemies":"Exordium Thugs","floor":5,"turns":5},{"damage":18,"enemies":"Lagavulin","floor":6,"turns":6},{"damage":3,"enemies":"Lots of Slimes","floor":7,"turns":2},{"damage":32,"enemies":"Gremlin Nob","floor":8,"turns":4},{"damage":0,"enemies":"2 Fungi Beasts","floor":12,"turns":2},{"damage":8,"enemies":"Lagavulin","floor":14,"turns":8},{"damage":51,"enemies":"Slime Boss","floor":16,"turns":15},{"damage":30,"enemies":"3 Byrds","floor":18,"turns":4},{"damage":19,"enemies":"Shell Parasite","floor":19,"turns":17},{"damage":33,"enemies":"Sentry and Sphere","floor":21,"turns":5}],"seed_played":"2935858190941489296","potions_obtained":[{"floor":2,"key":"PowerPotion"},{"floor":4,"key":"Ancient Potion"},{"floor":5,"key":"FairyPotion"},{"floor":12,"key":"SneckoOil"},{"floor":18,"key":"FearPotion"}],"is_trial":false,"path_per_floor":["M","M","?","M","M","E","M","E","T","R","?","M","?","E","R","B",null,"M","M","?","M"],"character_chosen":"DEFECT","items_purchased":[],"campfire_rested":2,"item_purchase_floors":[],"current_hp_per_floor":[75,75,75,75,64,46,43,11,11,33,33,33,33,25,47,18,75,45,26,26,0,0],"gold":503,"neow_bonus":"THREE_ENEMY_KILL","is_daily":false,"chose_seed":false,"campfire_upgraded":0,"win_rate":0.0,"timestamp":1610573112,"path_taken":["M","M","?","M","M","E","M","E","T","R","?","M","?","E","R","BOSS","M","M","?","M"],"items_purchased_type":[],"build_version":"2020-12-22","purchased_purges":0,"victory":false,"max_hp_per_floor":[75,75,75,75,75,75,75,75,75,75,75,75,75,75,75,75,75,75,75,75,75,75],"card_choices":[{"not_picked":["Sweeping Beam","Ball Lightning"],"picked":"Storm","floor":1},{"not_picked":["Reprogram","Undo"],"picked":"Ball Lightning","floor":2},{"not_picked":["Steam","Fusion"],"picked":"Coolheaded","floor":4},{"not_picked":["Coolheaded","Streamline"],"picked":"BootSequence","floor":5},{"not_picked":["Leap","Glacier"],"picked":"Sweeping Beam","floor":6},{"not_picked":["Go for the Eyes","Leap"],"picked":"Stack","floor":7},{"not_picked":["Barrage","Auto Shields"],"picked":"Skim","floor":8},{"not_picked":["Rebound","Leap"],"picked":"Go for the Eyes","floor":12},{"not_picked":["Heatsinks","Melter"],"picked":"Coolheaded","floor":14},{"not_picked":["Biased Cognition","Fission"],"picked":"Rainbow","floor":16},{"not_picked":["Fusion","Gash"],"picked":"Tempest+1","floor":18},{"not_picked":["Stack+1","Rebound"],"picked":"Conserve Battery","floor":19}],"player_experience":197071,"relics_obtained":[{"floor":6,"key":"MawBank"},{"floor":8,"key":"Matryoshka"},{"floor":9,"key":"Gremlin Horn"},{"floor":9,"key":"Ancient Tea Set"},{"floor":14,"key":"PreservedInsect"}],"event_choices":[{"cards_removed":["Strike_B"],"damage_healed":0,"gold_gain":0,"player_choice":"Card Removal","damage_taken":0,"max_hp_gain":0,"max_hp_loss":0,"event_name":"The Cleric","floor":3,"gold_loss":50},{"damage_healed":0,"gold_gain":0,"player_choice":"Ignored","damage_taken":0,"max_hp_gain":0,"max_hp_loss":0,"event_name":"Shining Light","floor":11,"gold_loss":0},{"damage_healed":0,"gold_gain":0,"player_choice":"Ignored","damage_taken":0,"max_hp_gain":0,"max_hp_loss":0,"event_name":"Golden Idol","floor":13,"gold_loss":0},{"damage_healed":0,"gold_gain":0,"player_choice":"Obtained Relic","damage_taken":0,"relics_obtained":["Regal Pillow"],"max_hp_gain":0,"max_hp_loss":0,"event_name":"Addict","floor":20,"gold_loss":85}],"is_beta":false,"boss_relics":[{"not_picked":["Black Star","Empty Cage"],"picked":"SlaversCollar"}],"items_purged_floors":[],"is_endless":false,"potions_floor_spawned":[2,4,5,12,18],"killed_by":"Sentry and Sphere","ascension_level":1}}