{"host":"i0avyit1s6jb1siw","time":1610530616,"event":{"mods":["BaseMod","DeckTracker","Dota2Spire","Highlight Path","Minty Spire (QoL Compilation)","Quick Restart","StSLib","SuperFastMode"],"gold_per_floor":[114,114,189,189,200,230,230,259,305,305,316,316,334,354,354,425,425,435,122,139,150,164,190,190,190,190,190,190,203,103,120,120,199,199,216,216,229,104,122,122,122],"floor_reached":40,"language":"ENG","playtime":817,"items_purged":["Strike_G","Storm of Steel","Quick Slash"],"score":886,"play_id":"ce8d61b5-ad4e-4ede-837a-b1da8f0a2f7f","local_time":"20210113103656","is_ascension_mode":true,"campfire_choices":[{"data":"Bouncing Flask","floor":7.0,"key":"SMITH"},{"data":"Neutralize","floor":12.0,"key":"SMITH"},{"data":"Deadly Poison","floor":15.0,"key":"SMITH"},{"floor":25.0,"key":"REST"},{"floor":32.0,"key":"REST"}],"circlet_count":0,"master_deck":["AscendersBane","Strike_G+1","Strike_G+1","Defend_G+1","Defend_G","Defend_G","Defend_G+1","Defend_G","Survivor","Neutralize+1","Backstab","Bouncing Flask+1","Bane+1","Deadly Poison+1","Predator+1","Adrenaline","PiercingWail+1","Crippling Poison+1","Noxious Fumes+1"],"relics":["Ring of the Snake","NeowsBlessing","Strawberry","War Paint","Nunchaku","Velvet Choker","Lee\u0027s Waffle","Potion Belt","White Beast Statue","Dota2Spire:MaskOfMadness","Dota2Spire:Bloodstone"],"acts_visited":["Exordium","TheCity","TheBeyond"],"potions_floor_usage":[40],"damage_taken":[{"damage":0.0,"enemies":"Small Slimes","floor":1.0,"turns":1.0},{"damage":0.0,"enemies":"2 Louse","floor":5.0,"turns":1.0},{"damage":0.0,"enemies":"3 Sentries","floor":6.0,"turns":1.0},{"damage":15.0,"enemies":"Lagavulin","floor":8.0,"turns":5.0},{"damage":0.0,"enemies":"Jaw Worm","floor":11.0,"turns":3.0},{"damage":0.0,"enemies":"2 Fungi Beasts","floor":13.0,"turns":3.0},{"damage":6.0,"enemies":"Red Slaver","floor":14.0,"turns":2.0},{"damage":10.0,"enemies":"The Guardian","floor":16.0,"turns":8.0},{"damage":12.0,"enemies":"3 Byrds","floor":18.0,"turns":4.0},{"damage":0.0,"enemies":"Spheric Guardian","floor":20.0,"turns":3.0},{"damage":5.0,"enemies":"3 Cultists","floor":21.0,"turns":4.0},{"damage":7.0,"enemies":"Cultist and Chosen","floor":22.0,"turns":4.0},{"damage":40.0,"enemies":"Slavers","floor":23.0,"turns":7.0},{"damage":6.0,"enemies":"Centurion and Healer","floor":29.0,"turns":5.0},{"damage":19.0,"enemies":"Shelled Parasite and Fungi","floor":31.0,"turns":5.0},{"damage":46.0,"enemies":"Automaton","floor":33.0,"turns":12.0},{"damage":12.0,"enemies":"Orb Walker","floor":35.0,"turns":4.0},{"damage":6.0,"enemies":"3 Shapes","floor":37.0,"turns":3.0},{"damage":2.0,"enemies":"Jaw Worm Horde","floor":39.0,"turns":3.0},{"damage":66,"enemies":"Nemesis","floor":40,"turns":5}],"seed_played":"-7833988960610698737","potions_obtained":[{"floor":5.0,"key":"Regen Potion"},{"floor":6.0,"key":"Dota2Spire:Clarity"},{"floor":13.0,"key":"GamblersBrew"},{"floor":14.0,"key":"Dota2Spire:HealingSalve"},{"floor":21.0,"key":"Dexterity Potion"},{"floor":22.0,"key":"EssenceOfSteel"},{"floor":29.0,"key":"Swift Potion"},{"floor":31.0,"key":"DistilledChaos"},{"floor":33.0,"key":"BlessingOfTheForge"},{"floor":35.0,"key":"SkillPotion"},{"floor":37.0,"key":"DistilledChaos"},{"floor":39.0,"key":"Regen Potion"}],"is_trial":false,"path_per_floor":["M","?","?","?","M","E","R","E","T","?","M","R","M","M","R","B",null,"M","$","M","M","M","E","?","R","T","?","?","M","$","M","R","B",null,"M","?","M","$","M","E"],"character_chosen":"THE_SILENT","items_purchased":["Lee\u0027s Waffle","Ancient Potion"],"campfire_rested":2,"item_purchase_floors":[19,19],"current_hp_per_floor":[59,59,48,28,28,35,35,35,35,35,35,35,35,29,29,37,64,52,80,80,75,68,28,28,52,52,52,52,46,46,27,51,5,61,49,49,43,43,41,0,0],"gold":122,"neow_bonus":"THREE_ENEMY_KILL","is_daily":false,"chose_seed":false,"campfire_upgraded":3,"win_rate":0.0,"timestamp":1610530616,"path_taken":["M","?","?","?","?","E","R","E","T","?","M","R","M","?","R","BOSS","M","$","M","M","?","E","?","R","T","?","?","?","$","M","R","BOSS","M","?","M","$","M","E"],"items_purchased_type":["Relic","Potion"],"build_version":"2020-12-22","purchased_purges":3,"victory":false,"max_hp_per_floor":[66,66,66,66,66,73,73,73,73,73,73,73,73,73,73,73,73,73,80,80,80,80,80,80,80,80,80,80,80,80,80,80,80,80,80,80,80,80,80,80,80],"card_choices":[{"not_picked":["Flying Knee","PiercingWail"],"picked":"Poisoned Stab","floor":1.0},{"not_picked":["Crippling Poison","Flying Knee"],"picked":"Backstab","floor":5.0},{"not_picked":["Noxious Fumes","Poisoned Stab"],"picked":"Bouncing Flask","floor":6.0},{"not_picked":["Endless Agony","Underhanded Strike"],"picked":"Bane","floor":8.0},{"not_picked":["Slice","Cloak And Dagger","Concentrate"],"picked":"SKIP","floor":11.0},{"not_picked":["Flying Knee","Storm of Steel"],"picked":"Deadly Poison","floor":13.0},{"not_picked":["Dagger Spray","Prepared"],"picked":"Predator","floor":14.0},{"not_picked":["Venomology","Glass Knife"],"picked":"Adrenaline","floor":16.0},{"not_picked":["Quick Slash","Bane","Concentrate"],"picked":"SKIP","floor":18.0},{"not_picked":["Cloak And Dagger","Bane","Underhanded Strike"],"picked":"SKIP","floor":20.0},{"not_picked":["Flying Knee","Accuracy","Endless Agony"],"picked":"SKIP","floor":21.0},{"not_picked":["Caltrops","Acrobatics"],"picked":"PiercingWail+1","floor":22.0},{"not_picked":["Terror","Dodge and Roll"],"picked":"Crippling Poison+1","floor":23.0},{"not_picked":["Choke+1","Eviscerate"],"picked":"Noxious Fumes+1","floor":29.0},{"not_picked":["Predator","Dagger Throw","Poisoned Stab"],"picked":"SKIP","floor":31.0},{"not_picked":["Eviscerate","Dagger Spray+1","Dagger Throw"],"picked":"SKIP","floor":35.0},{"not_picked":["PiercingWail","Concentrate","Deadly Poison+1"],"picked":"SKIP","floor":37.0},{"not_picked":["Tactician","Dagger Throw","Glass Knife"],"picked":"SKIP","floor":39.0}],"player_experience":2222774,"relics_obtained":[{"floor":6.0,"key":"Strawberry"},{"floor":8.0,"key":"War Paint"},{"floor":9.0,"key":"Nunchaku"},{"floor":23.0,"key":"Potion Belt"},{"floor":26.0,"key":"White Beast Statue"}],"event_choices":[{"cards_removed":["Strike_G"],"damage_healed":0.0,"max_hp_gain":0.0,"max_hp_loss":0.0,"gold_gain":0.0,"event_name":"Living Wall","player_choice":"Forget","floor":2.0,"gold_loss":0.0,"damage_taken":0.0},{"damage_healed":0.0,"max_hp_gain":0.0,"max_hp_loss":0.0,"gold_gain":75.0,"event_name":"World of Goop","player_choice":"Gather Gold","floor":3.0,"gold_loss":0.0,"damage_taken":11.0},{"damage_healed":0.0,"max_hp_gain":0.0,"max_hp_loss":0.0,"gold_gain":0.0,"event_name":"Shining Light","player_choice":"Entered Light","floor":4.0,"gold_loss":0.0,"damage_taken":20.0,"cards_upgraded":["Strike_G","Strike_G"]},{"damage_healed":0.0,"max_hp_gain":0.0,"max_hp_loss":0.0,"gold_gain":0.0,"event_name":"Upgrade Shrine","player_choice":"Upgraded","floor":10.0,"gold_loss":0.0,"damage_taken":0.0,"cards_upgraded":["Bane"]},{"damage_healed":0.0,"max_hp_gain":0.0,"max_hp_loss":0.0,"gold_gain":0.0,"cards_transformed":["Strike_G","Poisoned Stab"],"event_name":"Drug Dealer","player_choice":"Became Test Subject","floor":24.0,"gold_loss":0.0,"damage_taken":0.0,"cards_obtained":["Quick Slash","Storm of Steel"]},{"damage_healed":0.0,"max_hp_gain":0.0,"max_hp_loss":0.0,"gold_gain":0.0,"event_name":"Ghosts","player_choice":"Ignored","floor":27.0,"gold_loss":0.0,"damage_taken":0.0},{"damage_healed":0.0,"max_hp_gain":0.0,"max_hp_loss":0.0,"gold_gain":0.0,"event_name":"WeMeetAgain","player_choice":"Gave Potion","floor":28.0,"gold_loss":0.0,"damage_taken":0.0,"relics_obtained":["Dota2Spire:MaskOfMadness"]},{"damage_healed":0.0,"max_hp_gain":0.0,"max_hp_loss":0.0,"gold_gain":0.0,"event_name":"Accursed Blacksmith","player_choice":"Forge","floor":36.0,"gold_loss":0.0,"damage_taken":0.0,"cards_upgraded":["Predator"]}],"is_beta":false,"boss_relics":[{"not_picked":["Coffee Dripper","Pandora\u0027s Box"],"picked":"Velvet Choker"},{"not_picked":["Ring of the Serpent","Tiny House"],"picked":"Dota2Spire:Bloodstone"}],"items_purged_floors":[19,30,38],"is_endless":false,"potions_floor_spawned":[5,6,13,14,21,22,29,31,33,35,37,39],"killed_by":"Nemesis","ascension_level":20}}