{"host":"uv231blk40vjdojr","time":1610556707,"event":{"mods":["AchievementEnabler","BaseMod","Bestiary","Minty Spire (QoL Compilation)","Relic Stats"],"gold_per_floor":[112,112,187,187,205,243,90,90,137,160,160,185,29,64,64,193,193,193],"floor_reached":17,"language":"ENG","playtime":280,"items_purged":["Regret"],"score":188,"play_id":"d2a1b9a8-bc64-44a7-9494-7fb04b58ad2f","local_time":"20210113175147","is_ascension_mode":false,"campfire_choices":[{"data":"Eruption","floor":8,"key":"SMITH"},{"data":"Ragnarok","floor":15,"key":"SMITH"}],"circlet_count":0,"master_deck":["Strike_P","Strike_P","Strike_P","Strike_P","Defend_P","Defend_P","Defend_P","Defend_P","Eruption+1","Vigilance","EmptyFist","FlurryOfBlows","DevaForm","TalkToTheHand","Protect","Ragnarok+1","Brilliance"],"relics":["PureWater","NeowsBlessing","Golden Idol","Bag of Preparation","Dream Catcher","Strawberry","Blood Vial","CeramicFish","Sozu"],"acts_visited":["Exordium","TheCity"],"potions_floor_usage":[5],"damage_taken":[{"damage":0,"enemies":"Jaw Worm","floor":1,"turns":1},{"damage":0,"enemies":"2 Louse","floor":5,"turns":1},{"damage":0,"enemies":"Lagavulin","floor":6,"turns":1},{"damage":0,"enemies":"Small Slimes","floor":10,"turns":1},{"damage":2,"enemies":"Blue Slaver","floor":12,"turns":4},{"damage":18,"enemies":"Gremlin Nob","floor":14,"turns":4},{"damage":21,"enemies":"The Guardian","floor":16,"turns":10}],"seed_played":"492655135736816605","potions_obtained":[{"floor":5,"key":"Fruit Juice"},{"floor":10,"key":"Energy Potion"},{"floor":12,"key":"FearPotion"}],"is_trial":false,"path_per_floor":["M","?","?","?","M","E","$","R","T","M","T","M","$","E","R","B",null],"character_chosen":"WATCHER","items_purchased":["TalkToTheHand","Ragnarok"],"campfire_rested":0,"item_purchase_floors":[7,13],"current_hp_per_floor":[72,67,56,56,61,61,61,61,68,68,68,68,68,52,52,33,79,79],"gold":193,"neow_bonus":"THREE_ENEMY_KILL","is_daily":false,"chose_seed":false,"campfire_upgraded":2,"win_rate":0.0,"timestamp":1610556707,"path_taken":["M","?","?","?","M","E","?","R","T","?","?","M","$","E","R","BOSS"],"items_purchased_type":["Card","Card"],"build_version":"2020-12-22","purchased_purges":1,"victory":false,"max_hp_per_floor":[72,67,67,67,72,72,72,72,79,79,79,79,79,79,79,79,79,79],"relic_stats":{"Blood Vial":6,"Sozu":0,"Dream Catcher":0,"counters":[7,22],"Golden Idol":53,"CeramicFish":9,"Bag of Preparation":[12],"obtain_stats":[{"Blood Vial":11,"Sozu":17,"Dream Catcher":6,"NeowsBlessing":0,"Golden Idol":2,"Strawberry":9,"CeramicFish":14,"Bag of Preparation":4,"PureWater":0},{"Blood Vial":4,"Sozu":7,"Dream Catcher":3,"NeowsBlessing":0,"Golden Idol":1,"Strawberry":3,"CeramicFish":6,"Bag of Preparation":1,"PureWater":0},{"Blood Vial":4,"Sozu":22,"Dream Catcher":3,"NeowsBlessing":0,"Golden Idol":1,"Strawberry":3,"CeramicFish":12,"Bag of Preparation":1,"PureWater":0}]},"card_choices":[{"not_picked":["Crescendo","Perseverance"],"picked":"EmptyFist","floor":1},{"not_picked":["Protect","MentalFortress"],"picked":"FlurryOfBlows","floor":5},{"not_picked":["FearNoEvil","FlurryOfBlows"],"picked":"DevaForm","floor":6},{"not_picked":["InnerPeace","WreathOfFlame","CrushJoints"],"picked":"SKIP","floor":10},{"not_picked":["Prostrate","PathToVictory"],"picked":"Protect","floor":12},{"not_picked":["ThirdEye","MentalFortress","PathToVictory"],"picked":"SKIP","floor":14},{"not_picked":["Establishment","Devotion"],"picked":"Brilliance","floor":16}],"player_experience":681096,"relics_obtained":[{"floor":6,"key":"Dream Catcher"},{"floor":9,"key":"Strawberry"},{"floor":11,"key":"Blood Vial"},{"floor":14,"key":"CeramicFish"}],"event_choices":[{"damage_healed":0,"gold_gain":0,"player_choice":"Lose Max HP","damage_taken":0,"relics_obtained":["Golden Idol"],"max_hp_gain":0,"max_hp_loss":5,"event_name":"Golden Idol","floor":2,"gold_loss":0},{"damage_healed":0,"gold_gain":75,"player_choice":"Gather Gold","damage_taken":11,"max_hp_gain":0,"max_hp_loss":0,"event_name":"World of Goop","floor":3,"gold_loss":0},{"damage_healed":0,"gold_gain":0,"player_choice":"Box","damage_taken":0,"relics_obtained":["Bag of Preparation"],"max_hp_gain":0,"max_hp_loss":0,"event_name":"Big Fish","floor":4,"gold_loss":0,"cards_obtained":["Regret"]}],"is_beta":false,"boss_relics":[{"not_picked":["SacredBark","Fusion Hammer"],"picked":"Sozu"}],"items_purged_floors":[7],"is_endless":false,"potions_floor_spawned":[5,10,12],"ascension_level":0}}