{"host":"qhn6g0owdgjb77rz","time":1610531229,"event":{"mods":["BaseMod","BetterRewards","Colored Map","Minty Spire (QoL Compilation)","Relic Sorter","Replay The Spire","StSLib"],"gold_per_floor":[153,185,185,19,19,65,65,109,109,109,171,171,250,334,334,438,438,481,550,612,28,28,133,133,189,213,213,263,301,301,384,384,458,458,293,396,396,440,257,286,286,286,286,303,328,328,385,426,426,426],"floor_reached":51,"language":"ENG","playtime":3072,"items_purged":["Strike_P","Defend_P"],"score":1959,"play_id":"e367c305-6091-404f-bb42-60e2718066e8","local_time":"20210113184709","is_ascension_mode":true,"campfire_choices":[{"data":"HandOfGreed","floor":7.0,"key":"SMITH"},{"data":"PathToVictory","floor":10,"key":"SMITH"},{"data":"PathToVictory","floor":12,"key":"SMITH"},{"data":"Nirvana","floor":15,"key":"SMITH"},{"data":"PathToVictory","floor":27,"key":"SMITH"},{"data":"PathToVictory","floor":30,"key":"SMITH"},{"data":"Wireheading","floor":32,"key":"SMITH"},{"data":"Vault","floor":41,"key":"SMITH"},{"data":"ReplayUltimateDefense","floor":46,"key":"SMITH"},{"data":"Vault","floor":49,"key":"SMITH"}],"circlet_count":0,"master_deck":["AscendersBane","Defend_P","Vigilance","Nirvana+1","PathToVictory+1","Specialist","HandOfGreed+1","Replay:AtTheReady","PathToVictory+1","ThirdEye","Wireheading+1","PathToVictory+1","PathToVictory+1","Establishment","Vault+1","ThirdEye+1","ClearTheMind","Secret Weapon","ThirdEye+1","ReplayUltimateDefense+1","Flash of Steel","Replay:Bootleg Shield Generator","Perseverance","Crescendo+1","Vault+1"],"relics":["PureWater","BargainBundle","Bag of Marbles","Replay:Baseball","FossilizedHelix","Replay:Bottled Flurry","Turnip","TheAbacus","PreservedInsect","White Beast Statue","Ornamental Fan","Unceasing Top","Coffee Dripper","Happy Flower","Simple Rune","Whetstone","ReplayFunnel","BranchBurnRelic","Akabeko","Replay:Wax Seal","Kintsugi","TungstenRod","Nunchaku","Quantum Egg","Pen Nib","Garlic"],"acts_visited":["Exordium","TheCity","TheBeyond"],"potions_floor_usage":[11,16,18,20,25,28,33,36,38,50,50],"damage_taken":[{"damage":0.0,"enemies":"2 Louse","floor":1.0,"turns":4.0},{"damage":0.0,"enemies":"Jaw Worm","floor":2.0,"turns":2.0},{"damage":0.0,"enemies":"Replay:BlueRogue","floor":6.0,"turns":5.0},{"damage":0,"enemies":"Small Slimes","floor":8,"turns":3},{"damage":0,"enemies":"2 Fungi Beasts","floor":11,"turns":3},{"damage":0,"enemies":"3 Sentries","floor":14,"turns":10},{"damage":0,"enemies":"Slime Boss","floor":16,"turns":8},{"damage":0,"enemies":"Chosen","floor":18,"turns":4},{"damage":12,"enemies":"3 Byrds","floor":19,"turns":7},{"damage":9,"enemies":"Centurion and Healer","floor":20,"turns":5},{"damage":0,"enemies":"Slavers","floor":23,"turns":5},{"damage":0,"enemies":"Gremlin Leader","floor":25,"turns":6},{"damage":15,"enemies":"Replay:Snechameleon","floor":28,"turns":4},{"damage":0,"enemies":"Snake Plant","floor":29,"turns":3},{"damage":0,"enemies":"Slavers","floor":31,"turns":5},{"damage":22,"enemies":"Collector","floor":33,"turns":5},{"damage":6,"enemies":"Orb Walker","floor":35,"turns":3},{"damage":0,"enemies":"2 Orb Walkers","floor":36,"turns":5},{"damage":10,"enemies":"3 Shapes","floor":38,"turns":3},{"damage":0,"enemies":"Giant Head","floor":40,"turns":5},{"damage":12,"enemies":"Transient","floor":44,"turns":5},{"damage":38,"enemies":"Reptomancer","floor":45,"turns":4},{"damage":0,"enemies":"Giant Head","floor":47,"turns":7},{"damage":0,"enemies":"Spire Growth","floor":48,"turns":5},{"damage":0,"enemies":"Replay:Hell Engine","floor":50,"turns":7}],"seed_played":"1189335459457859807","potions_obtained":[{"floor":11,"key":"Weak Potion"},{"floor":16,"key":"ColorlessPotion"},{"floor":18,"key":"Regen Potion"},{"floor":20,"key":"Weak Potion"},{"floor":25,"key":"FearPotion"},{"floor":28,"key":"BlessingOfTheForge"},{"floor":33,"key":"EssenceOfSteel"},{"floor":35,"key":"DistilledChaos"},{"floor":36,"key":"AttackPotion"},{"floor":38,"key":"Ancient Potion"},{"floor":40,"key":"SpeedPotion"}],"is_trial":false,"path_per_floor":["M","M","?","$","$","E","R","M","T","R","M","R","T","E","R","B",null,"M","M","M","$","?","E","?","E","T","R","E","M","R","E","R","B",null,"M","?","?","M","$","E","R","?","T","M","E","R","E","M","R","B",null],"character_chosen":"WATCHER","items_purchased":["BargainBundle","Nirvana","PathToVictory","Specialist","CultistPotion","Bag of Marbles","Replay:Baseball","HandOfGreed","Replay:Bottled Flurry","Replay:AtTheReady","PowerPotion","TheAbacus","Happy Flower","Dead Branch","Secret Weapon"],"campfire_rested":0,"item_purchase_floors":[0,0,0,0,0,0,0,0,0,0,0,4,21,21,39],"current_hp_per_floor":[61,61,43,43,43,43,43,43,43,43,43,43,43,43,43,43,62,62,50,55,55,55,55,55,55,55,55,52,52,52,66,66,51,64,58,58,58,48,48,48,48,39,39,42,4,4,19,19,19,34],"gold":426,"neow_bonus":"","is_daily":false,"chose_seed":false,"campfire_upgraded":10,"win_rate":0.0,"timestamp":1610531229,"path_taken":["M","M","?","$","?","E","R","M","T","R","M","R","?","E","R","BOSS","M","M","M","$","?","E","?","E","T","R","E","M","R","E","R","BOSS","M","?","?","M","$","E","R","?","T","M","E","R","E","M","R","BOSS"],"items_purchased_type":["Relic","Card","Card","Card","Potion","Relic","Relic","Card","Relic","Card","Potion","Relic","Relic","Relic","Card"],"build_version":"2020-12-22","purchased_purges":2,"victory":true,"max_hp_per_floor":[68,68,68,68,68,68,68,68,68,68,68,68,68,68,68,68,68,68,68,68,68,68,68,68,68,68,68,68,68,68,68,68,68,68,68,68,68,68,68,68,68,68,68,68,68,68,68,68,68,68],"card_choices":[{"not_picked":["Protect","FollowUp"],"picked":"PathToVictory","floor":1.0},{"not_picked":["SignatureMove","CrushJoints"],"picked":"ThirdEye","floor":2.0},{"not_picked":["Conclude","FollowUp","CutThroughFate"],"picked":"SKIP","floor":6.0},{"not_picked":["SashWhip","CrushJoints","Fasting2"],"picked":"SKIP","floor":8},{"not_picked":["Crescendo","CarveReality","Replay:LoomingThreat"],"picked":"SKIP","floor":11},{"not_picked":["WindmillStrike","Evaluate"],"picked":"Wireheading","floor":14},{"not_picked":["Prostrate","Indignation"],"picked":"PathToVictory","floor":18},{"not_picked":["Wallop","CarveReality","EmptyFist"],"picked":"SKIP","floor":19},{"not_picked":["BowlingBash","Prostrate","Collect"],"picked":"SKIP","floor":20},{"not_picked":["SashWhip","WindmillStrike","MentalFortress"],"picked":"SKIP","floor":23},{"not_picked":["InnerPeace","SashWhip","Indignation"],"picked":"SKIP","floor":25},{"not_picked":["Consecrate","CrushJoints","Halt"],"picked":"SKIP","floor":28},{"not_picked":["Adaptation","ClearTheMind","Protect"],"picked":"SKIP","floor":29},{"not_picked":["Collect","Replay:DivineShield"],"picked":"Establishment","floor":31},{"not_picked":["DeusExMachina","Scrawl"],"picked":"Vault","floor":33},{"not_picked":["Collect","BowlingBash+1","Evaluate"],"picked":"SKIP","floor":35},{"not_picked":["WreathOfFlame+1","Pray"],"picked":"ThirdEye+1","floor":36},{"not_picked":["BowlingBash+1","MentalFortress"],"picked":"ClearTheMind","floor":38},{"not_picked":["Crescendo+1","Halt"],"picked":"ThirdEye+1","floor":40},{"not_picked":["Jack Of All Trades","Poisoned Strike"],"picked":"ReplayUltimateDefense","floor":42},{"not_picked":["ReplayTheSpireMod:Trickstab","Violence"],"picked":"Flash of Steel","floor":42},{"not_picked":["Replay:Sssssssssstrike","Replay:BasicMightCard"],"picked":"Replay:Bootleg Shield Generator","floor":42},{"not_picked":["Perseverance","BattleHymn","Replay:ManipulateFuture"],"picked":"SKIP","floor":44},{"not_picked":["BattleHymn","Replay:ManipulateFuture"],"picked":"Perseverance","floor":44},{"not_picked":["Replay:ManipulateFuture+1","WheelKick"],"picked":"Crescendo+1","floor":45},{"not_picked":["Replay:BluntJabs","DeceiveReality+1"],"picked":"Vault","floor":47},{"not_picked":["FearNoEvil","FlyingSleeves","Replay:BluntJabs"],"picked":"SKIP","floor":48}],"player_experience":465186,"relics_obtained":[{"floor":6.0,"key":"PreservedInsect"},{"floor":9,"key":"White Beast Statue"},{"floor":13,"key":"Ornamental Fan"},{"floor":14,"key":"Unceasing Top"},{"floor":23,"key":"Simple Rune"},{"floor":25,"key":"Whetstone"},{"floor":26,"key":"ReplayFunnel"},{"floor":28,"key":"Akabeko"},{"floor":31,"key":"Replay:Wax Seal"},{"floor":36,"key":"TungstenRod"},{"floor":40,"key":"Nunchaku"},{"floor":43,"key":"Quantum Egg"},{"floor":45,"key":"Pen Nib"},{"floor":47,"key":"Garlic"}],"event_choices":[{"damage_healed":0.0,"max_hp_gain":0.0,"max_hp_loss":0.0,"gold_gain":0.0,"event_name":"Scrap Ooze","player_choice":"Success","floor":3.0,"gold_loss":0.0,"damage_taken":18.0,"relics_obtained":["Turnip"]},{"damage_healed":0,"gold_gain":0,"player_choice":"Read","damage_taken":0,"max_hp_gain":0,"max_hp_loss":0,"event_name":"The Library","floor":22,"gold_loss":0,"cards_obtained":["PathToVictory"]},{"damage_healed":0,"gold_gain":0,"player_choice":"Ignored","damage_taken":0,"max_hp_gain":0,"max_hp_loss":0,"event_name":"Vampires","floor":24,"gold_loss":0},{"damage_healed":0,"gold_gain":0,"player_choice":"Fight","damage_taken":0,"max_hp_gain":0,"max_hp_loss":0,"event_name":"Mysterious Sphere","floor":36,"gold_loss":0},{"cards_removed":["Eruption"],"damage_healed":0,"gold_gain":0,"player_choice":"Removed Attack","damage_taken":0,"max_hp_gain":0,"max_hp_loss":0,"event_name":"Falling","floor":37,"gold_loss":0},{"damage_healed":0,"gold_gain":0,"player_choice":"Memory 3","damage_taken":10,"max_hp_gain":0,"max_hp_loss":0,"event_name":"SensoryStone","floor":42,"gold_loss":0}],"is_beta":false,"boss_relics":[{"not_picked":["Snecko Eye","Replay:Drink Me"],"picked":"Coffee Dripper"},{"not_picked":["Painkiller Herb","ReplayTheSpireMod:DimensionalGlitch"],"picked":"Kintsugi"}],"items_purged_floors":[0,21],"is_endless":false,"potions_floor_spawned":[6,11,14,16,18,19,20,23,25,28,29,31,33,35,36,38,40,44,45,47,48],"ascension_level":16}}