{"host":"rolltorest","time":1610512388,"event":{"mods":["BaseMod","Minty Spire (QoL Compilation)","Relic Stats","Slay the Relics Exporter","StSLib","The Bladedancer"],"gold_per_floor":[110,110,35,47,47,74,74,103,103,128,128,148,181,200,200,272,272,292,308,308,308,325,355,370,370,370],"floor_reached":25,"language":"ENG","playtime":985,"items_purged":["Decay"],"score":552,"play_id":"be142dbb-6745-4151-aa4a-0a912d5eacd0","local_time":"20210112203308","is_ascension_mode":true,"campfire_choices":[{"data":"blademaster:Breeze","floor":7,"key":"SMITH"},{"data":"blademaster:Bloodbath","floor":15,"key":"SMITH"}],"circlet_count":0,"master_deck":["AscendersBane","blademaster:Strike","blademaster:Strike","blademaster:Strike","blademaster:Strike","blademaster:Defend","blademaster:Defend","blademaster:Defend","blademaster:Defend","blademaster:RagingBlow+1","blademaster:HighVoltage","blademaster:Gust","blademaster:Breeze+1","blademaster:DragonStrike","blademaster:TraverseCut","blademaster:AncestralHealing+1","blademaster:Frontflip+1","blademaster:Slice","blademaster:Bloodbath+1","blademaster:Flash","blademaster:Safeguard+1","blademaster:Flurry+1","blademaster:Sharpen+1","blademaster:DaggerAndCloak+1","blademaster:Blockade+1"],"relics":["blademaster:DancersAmulet","NeowsBlessing","Meat on the Bone","Toy Ornithopter","Toxic Egg 2","Gremlin Horn","Question Card","Runic Pyramid","Matryoshka"],"acts_visited":["Exordium","TheCity"],"potions_floor_usage":[8,13,16,22,23],"damage_taken":[{"damage":0,"enemies":"Jaw Worm","floor":1,"turns":1},{"damage":0,"enemies":"Cultist","floor":4,"turns":1},{"damage":0,"enemies":"Lagavulin","floor":6,"turns":2},{"damage":32,"enemies":"Gremlin Nob","floor":8,"turns":4},{"damage":24,"enemies":"3 Sentries","floor":10,"turns":8},{"damage":0,"enemies":"Small Slimes","floor":12,"turns":1},{"damage":16,"enemies":"Gremlin Nob","floor":13,"turns":4},{"damage":2,"enemies":"3 Louse","floor":14,"turns":4},{"damage":37,"enemies":"The Guardian","floor":16,"turns":13},{"damage":0,"enemies":"3 Byrds","floor":18,"turns":2},{"damage":12,"enemies":"Spheric Guardian","floor":19,"turns":5},{"damage":14,"enemies":"3 Cultists","floor":22,"turns":5},{"damage":83,"enemies":"Gremlin Leader","floor":23,"turns":6},{"damage":17,"enemies":"Centurion and Healer","floor":24,"turns":6},{"damage":61,"enemies":"Book of Stabbing","floor":25,"turns":5}],"seed_played":"-4416791952248561591","potions_obtained":[{"floor":1,"key":"Strength Potion"},{"floor":6,"key":"Energy Potion"},{"floor":8,"key":"EssenceOfSteel"},{"floor":14,"key":"DuplicationPotion"},{"floor":18,"key":"Dexterity Potion"},{"floor":22,"key":"ColorlessPotion"}],"is_trial":false,"path_per_floor":["M","?","$","M","$","E","R","E","T","E","?","M","E","M","R","B",null,"M","M","?","?","M","E","M","E"],"character_chosen":"THE_BLADEMASTER","items_purchased":[],"campfire_rested":0,"item_purchase_floors":[],"current_hp_per_floor":[64,64,64,64,64,64,64,44,44,38,38,44,51,71,71,66,70,71,65,65,65,62,24,61,0,0],"gold":370,"neow_bonus":"THREE_ENEMY_KILL","is_daily":false,"chose_seed":false,"campfire_upgraded":2,"win_rate":0.0,"timestamp":1610512388,"path_taken":["M","?","$","M","?","E","R","E","T","E","?","M","E","M","R","BOSS","M","?","?","?","M","E","M","E"],"items_purchased_type":[],"build_version":"2020-12-18","purchased_purges":1,"victory":false,"max_hp_per_floor":[71,71,71,71,71,71,71,71,71,71,71,71,71,71,71,71,71,71,71,71,71,71,71,71,71,71],"relic_stats":{"Gremlin Horn":[11,12],"counters":[15,67],"Question Card":15,"obtain_stats":[{"NeowsBlessing":0,"Gremlin Horn":10,"blademaster:BonusComboPerk":6,"blademaster:BonusFuryPerk":23,"blademaster:OnAttackedChargePerk":10,"Question Card":13,"Matryoshka":23,"blademaster:StanceHealPerk":8,"blademaster:DancersAmulet":0,"blademaster:WindChargePerk":13,"Toxic Egg 2":9,"Toy Ornithopter":8,"Meat on the Bone":6,"Runic Pyramid":17},{"NeowsBlessing":0,"Gremlin Horn":5,"blademaster:BonusComboPerk":3,"blademaster:BonusFuryPerk":13,"blademaster:OnAttackedChargePerk":5,"Question Card":7,"Matryoshka":13,"blademaster:StanceHealPerk":4,"blademaster:DancersAmulet":0,"blademaster:WindChargePerk":7,"Toxic Egg 2":4,"Toy Ornithopter":4,"Meat on the Bone":3,"Runic Pyramid":9},{"NeowsBlessing":0,"Gremlin Horn":16,"blademaster:BonusComboPerk":4,"blademaster:BonusFuryPerk":56,"blademaster:OnAttackedChargePerk":16,"Question Card":21,"Matryoshka":56,"blademaster:StanceHealPerk":8,"blademaster:DancersAmulet":0,"blademaster:WindChargePerk":21,"Toxic Egg 2":8,"Toy Ornithopter":8,"Meat on the Bone":4,"Runic Pyramid":38}],"Toy Ornithopter":15,"Meat on the Bone":48},"card_choices":[{"not_picked":["blademaster:Flurry","blademaster:Discharge"],"picked":"blademaster:Gust","floor":1},{"not_picked":["blademaster:AspectOfWind","blademaster:CombatPrep"],"picked":"blademaster:Breeze","floor":4},{"not_picked":["blademaster:EyeOfTheTornado","blademaster:ThunderingOpener"],"picked":"blademaster:DragonStrike","floor":6},{"not_picked":["blademaster:BrainBloom","blademaster:Vortex"],"picked":"blademaster:TraverseCut","floor":8},{"not_picked":["blademaster:Stormstrike","blademaster:BloodyBlow"],"picked":"blademaster:AncestralHealing+1","floor":10},{"not_picked":["blademaster:Stormstrike","blademaster:AwakeningStrike"],"picked":"blademaster:Frontflip+1","floor":12},{"not_picked":["blademaster:DragonStrike","blademaster:AspectOfWind+1"],"picked":"blademaster:Slice","floor":13},{"not_picked":["blademaster:AwakeningDefend+1","blademaster:Reversal","blademaster:CombatPrep+1"],"picked":"blademaster:Bloodbath","floor":14},{"not_picked":["blademaster:HighVoltage+1","blademaster:LightningDraw","blademaster:StanceMastery"],"picked":"blademaster:Flash","floor":16},{"not_picked":["blademaster:DragonStrike+1","blademaster:Sunder","blademaster:RagingBlow"],"picked":"blademaster:Safeguard+1","floor":18},{"not_picked":["blademaster:AspectOfWind+1","blademaster:KiBarrier+1","blademaster:Safeguard+1"],"picked":"blademaster:Flurry+1","floor":19},{"not_picked":["blademaster:EyeOfTheTornado","blademaster:DancingEdge+1","blademaster:SharpBlades"],"picked":"blademaster:DaggerAndCloak+1","floor":22},{"not_picked":["blademaster:Sharpen+1","blademaster:Frenzy","blademaster:LeechingStrike","blademaster:Slice"],"picked":"SKIP","floor":23},{"not_picked":["blademaster:Safeguard+1","blademaster:Discharge+1","blademaster:CullingStrike"],"picked":"blademaster:Blockade+1","floor":24}],"player_experience":1773462,"relics_obtained":[{"floor":6,"key":"Meat on the Bone"},{"floor":6,"key":"blademaster:BonusComboPerk"},{"floor":8,"key":"Toy Ornithopter"},{"floor":8,"key":"blademaster:StanceHealPerk"},{"floor":9,"key":"Toxic Egg 2"},{"floor":10,"key":"Gremlin Horn"},{"floor":10,"key":"blademaster:OnAttackedChargePerk"},{"floor":13,"key":"Question Card"},{"floor":13,"key":"blademaster:WindChargePerk"},{"floor":23,"key":"Matryoshka"},{"floor":23,"key":"blademaster:BonusFuryPerk"}],"event_choices":[{"damage_healed":0,"gold_gain":0,"player_choice":"Cursed","damage_taken":0,"max_hp_gain":0,"max_hp_loss":0,"event_name":"Wheel of Change","floor":2,"gold_loss":0,"cards_obtained":["Decay"]},{"damage_healed":0,"gold_gain":0,"player_choice":"Upgraded","damage_taken":0,"max_hp_gain":0,"max_hp_loss":0,"event_name":"Upgrade Shrine","floor":11,"gold_loss":0,"cards_upgraded":["blademaster:RagingBlow"]},{"damage_healed":0,"gold_gain":0,"player_choice":"Read","damage_taken":0,"max_hp_gain":0,"max_hp_loss":0,"event_name":"The Library","floor":20,"gold_loss":0,"cards_obtained":["blademaster:Sharpen"]},{"damage_healed":0,"gold_gain":0,"player_choice":"Ignored","damage_taken":0,"max_hp_gain":0,"max_hp_loss":0,"event_name":"Vampires","floor":21,"gold_loss":0}],"is_beta":true,"boss_relics":[{"not_picked":["Tiny House","Astrolabe"],"picked":"Runic Pyramid"}],"items_purged_floors":[3],"is_endless":false,"potions_floor_spawned":[1,6,8,14,18,22],"killed_by":"Book of Stabbing","ascension_level":20}}