{"host":"jgyoyy5iuhtvyvtg","time":1610522196,"event":{"mods":["2.2 Compatiblity","BaseMod","Challenge The Spire","Colored Map","Conspire","Dark Map","Downfall","Hermit","Highlight Path","Infinite Spire","Lobotomy","LobotomyExtend","Minty Spire (QoL Compilation)","Quick Restart","Replay The Spire","Spikes Relics","StSLib","The Construct","The Disciple","The Jungle","Yuri Mod"],"gold_per_floor":[119,135,145,145,163,163,187,187,187,187,187,187,18,30,30,125,125,136,256,256,274,274,274,274,274,298,333,333,333,333,333],"floor_reached":30,"language":"ENG","playtime":1228,"items_purged":[],"score":259,"play_id":"015c1271-0e88-4d0e-b01d-205554942e9b","local_time":"20210112231636","is_ascension_mode":false,"campfire_choices":[{"data":"Beam Cell","floor":6,"key":"SMITH"},{"data":"Sucker Punch","floor":8,"key":"SMITH"},{"data":"Dodge and Roll","floor":10,"key":"SMITH"},{"data":"Dash","floor":12,"key":"SMITH"},{"data":"Apotheosis","floor":15,"key":"SMITH"},{"data":"Eruption","floor":23,"key":"SMITH"},{"data":"Storm of Steel","floor":25,"key":"SMITH"},{"data":"Dagger Spray","floor":29,"key":"SMITH"}],"circlet_count":0,"master_deck":["Strike_G","Strike_G","Strike_G","Strike_G","Defend_G","Defend_G","Defend_G","Defend_G","Defend_G","Sucker Punch+1","BlackSwan","Dodge and Roll+1","Leap","Beam Cell+1","Dash+1","Apotheosis+1","NakedNest","Storm of Steel+1","Acrobatics","Eruption+1","UniverseFragment","Atom Bomb","Dagger Spray+1"],"relics":["Ring of the Snake","CogitoBucket","LetterFromLob","Odd Mushroom","Snack Pack","SkinProphecy","Replay:Grab Bag","Coffee Dripper","Busted Crown","conspire:SpecialSausage","theJungle:WildStrawberry","Gaze_r","Juzu Bracelet","conspire:GiftBox","theJungle:BirthdayCakeSlice"],"acts_visited":["Exordium","Exordium"],"potions_floor_usage":[16,27,27,30],"damage_taken":[{"damage":0,"enemies":"Cultist","floor":1,"turns":3},{"damage":0,"enemies":"Jaw Worm","floor":2,"turns":6},{"damage":0,"enemies":"Small Slimes","floor":3,"turns":5},{"damage":6,"enemies":"3 Louse","floor":5,"turns":4},{"damage":28,"enemies":"The Mushroom Lair","floor":7,"turns":6},{"damage":15,"enemies":"Exordium Wildlife","floor":14,"turns":6},{"damage":4,"enemies":"Fading Forest","floor":16,"turns":11},{"damage":0,"enemies":"theJungle:MUSHROOMGANG","floor":18,"turns":6},{"damage":0,"enemies":"theJungle:Flameango_and_Byrd","floor":21,"turns":8},{"damage":9,"enemies":"Nightmare","floor":24,"turns":3},{"damage":31,"enemies":"theJungle:2_Phrogs","floor":27,"turns":6},{"damage":89,"enemies":"theJungle:2_Snecko_Cultists","floor":30,"turns":8}],"seed_played":"-615352561712548219","potions_obtained":[{"floor":2,"key":"DuplicationPotion"},{"floor":14,"key":"Explosive Potion"},{"floor":16,"key":"Cursed Concoction"},{"floor":21,"key":"sneckomod:MuddlingPotion"}],"is_trial":false,"path_per_floor":["M","M","M","?","M","R","?","R","T","R","?","R","$","M","R","B",null,"M","?","?","M","?","R","NM","R","T","E","?","R","M"],"character_chosen":"THE_SILENT","items_purchased":["Apotheosis"],"campfire_rested":0,"item_purchase_floors":[13],"current_hp_per_floor":[70,70,70,70,64,64,36,36,36,36,57,57,57,44,44,38,72,72,61,54,54,54,54,45,45,45,16,21,21,0,0],"gold":333,"neow_bonus":"","is_daily":false,"chose_seed":false,"campfire_upgraded":8,"win_rate":0.0,"timestamp":1610522196,"path_taken":["M","M","M","?","M","R","?","R","T","R","?","R","$","M","R","BOSS","M","?","?","M","?","R","NM","R","T","E","?","R","M"],"items_purchased_type":["Card"],"build_version":"2020-12-22","purchased_purges":0,"victory":false,"max_hp_per_floor":[70,70,70,70,70,70,70,70,70,70,70,70,70,70,70,72,72,74,74,81,83,83,83,85,85,85,87,92,92,96,96],"card_choices":[{"not_picked":["RedShoes","Murderer","CherryBlossoms"],"picked":"Singing Bowl","floor":1},{"not_picked":["Underhanded Strike","Deadly Poison"],"picked":"Sucker Punch","floor":1},{"not_picked":["ShyLook","VoidDream","SpiderBud"],"picked":"Singing Bowl","floor":2},{"not_picked":["DreamingCurrent","Bloodbath"],"picked":"BlackSwan","floor":2},{"not_picked":["Acrobatics","Flying Knee"],"picked":"Dodge and Roll","floor":2},{"not_picked":["Porccubus","MeatLantern"],"picked":"UniverseFragment","floor":3},{"not_picked":["Dodge and Roll","Dagger Throw","Prepared"],"picked":"SKIP","floor":3},{"not_picked":["CherryBlossoms","Variant","Bloodbath"],"picked":"Singing Bowl","floor":5},{"not_picked":["Quick Slash","Hidden Blade"],"picked":"Dash","floor":5},{"not_picked":["Bloodbath","WallGazer","LittleHelper"],"picked":"Singing Bowl","floor":7},{"not_picked":["HeroicMonk","DreamingCurrent"],"picked":"NakedNest","floor":14},{"not_picked":["Poisoned Stab","Deflect","Sneak Up"],"picked":"SKIP","floor":14},{"not_picked":["Laetitia","LaLuna","HappyTeddy"],"picked":"Singing Bowl","floor":16},{"not_picked":["Bullet Time","Grand Finale"],"picked":"Storm of Steel","floor":16},{"not_picked":["Murderer","Scarecrow","CherryBlossoms"],"picked":"Singing Bowl","floor":18},{"not_picked":[],"picked":"Acrobatics","floor":18},{"not_picked":["Murderer","FairyFestival","Laetitia"],"picked":"Singing Bowl","floor":21},{"not_picked":["Backflip"],"picked":"SKIP","floor":21},{"not_picked":["Porccubus","Variant"],"picked":"UniverseFragment","floor":27},{"not_picked":[],"picked":"Atom Bomb","floor":27},{"not_picked":[],"picked":"Dagger Spray","floor":27}],"player_experience":3205132,"relics_obtained":[{"floor":1,"key":"LetterFromLob"},{"floor":7,"key":"Odd Mushroom"},{"floor":9,"key":"Snack Pack"},{"floor":26,"key":"Juzu Bracelet"},{"floor":27,"key":"conspire:GiftBox"}],"event_choices":[{"damage_healed":0,"gold_gain":0,"player_choice":"Fought Mushrooms","damage_taken":0,"max_hp_gain":0,"max_hp_loss":0,"event_name":"Mushrooms","floor":7,"gold_loss":0},{"cards_removed":["UniverseFragment"],"damage_healed":0,"gold_gain":0,"player_choice":"Took Card","damage_taken":0,"max_hp_gain":0,"max_hp_loss":0,"event_name":"NoteForYourself","floor":22,"gold_loss":0,"cards_obtained":["Eruption"]}],"is_beta":false,"boss_relics":[{"not_picked":["Fusion Hammer","conspire:RoyalGoblet"],"picked":"Replay:Grab Bag"},{"not_picked":["Abe\u0027s Treasure","conspire:SeveredTorchhead"],"picked":"Coffee Dripper"},{"not_picked":["Velvet Choker","Painkiller Herb"],"picked":"Busted Crown"},{"not_picked":["Snecko Scales","Snecko Heart"],"picked":"conspire:SpecialSausage"}],"items_purged_floors":[],"is_endless":false,"potions_floor_spawned":[2,14,16,21,24],"killed_by":"theJungle:2_Snecko_Cultists","ascension_level":0}}