{"host":"ik8ww1p4uabx5gam","time":1610549183,"event":{"mods":["Always Whale","Aspiration","BaseMod","Beaked The Cultist","Better Third Choice","BetterRewards","Colored Map","Colored Powertips","Conspire","Energized Spire","FetchMod","GifTheSpireLib","Hubris","Infinite Spire","Ironclad Rager","Jedi Mod","Minty Spire (QoL Compilation)","Random Character Button","Replay The Spire","Shop Mod","Spicy Shops","Spikes Relics","StSLib","Stuff the Spire","The Bladedancer","The Blue Laboratory","The Dragon Tamer","The Runesmith","Wandering Minibosses","??????REMEMod"],"gold_per_floor":[157,189,225,77,93,93,126,176,227,247,285,285,285,312,312,410,410,429,127,151,166,166,166,193,245,245,245,280,280,342,394,394,563,563,658,658,658,749,835,835],"floor_reached":39,"language":"ENG","playtime":1770,"items_purged":["Strike_G","Looming Evil","ReplayTheSpireMod:Doomed"],"score":1068,"play_id":"f100469c-556d-4214-906b-d08d26812c92","local_time":"20210113084623","is_ascension_mode":true,"campfire_choices":[{"data":"Cloak And Dagger","floor":6,"key":"SMITH"},{"floor":12,"key":"REST"},{"data":"Hidden Blade","floor":23,"key":"SMITH"},{"data":"StuffTheSpire:Shiver","floor":32,"key":"SMITH"}],"circlet_count":0,"master_deck":["Strike_G","Strike_G","Strike_G","Strike_G","Defend_G","Defend_G","Defend_G","Defend_G","Defend_G","Survivor","Neutralize","HandOfGreed","Infinite Blades","REME_HeartOfCthun","Distraction+1","Backflip","StuffTheSpire:Shiver+1","Cloak And Dagger+1","Hidden Blade+1","Deflect","Cloak And Dagger+1","Blade Dance+1","Escape Plan","hubris:Greed","REME_MawOfCthun+1","Deep Breath","Crow Ritual+1","Looming Evil","Prepared+1"],"relics":["Ring of the Snake","REME_ComplimentaryCards","BicycleWheel","Mummified Hand","Akabeko","StuffTheSpire:Tea","Ring of Greed","Ring of Peace","Smiling Mask","Tiny Chest","aspiration:ChemicalBlood","Spirit Poop","StuffTheSpire:Experiment12","StuffTheSpire:Kangaroo","REME_HourglassOfDeath","aspiration:AnachronicSnailShell","hubris:Zylophone","aspiration:Nostalgia","blademaster:DancersAmulet","Anchor","Matryoshka","Omamori","Golden Egg","Potion Belt","Replay:Bandana","jedi:ghostblades","infinitespire:EvilPickle","ChewingGum","jedi:crownofsimplicity","ReplayFunnel"],"acts_visited":["Exordium","TheCity","TheBeyond"],"potions_floor_usage":[7,14,16,24,30,33,39,39,39,39,39,39,39],"damage_taken":[{"damage":2,"enemies":"Small Slimes","floor":1,"turns":5},{"damage":4,"enemies":"Cultist","floor":2,"turns":3},{"damage":0,"enemies":"Jaw Worm","floor":3,"turns":2},{"damage":0,"enemies":"Lots of Slimes","floor":5,"turns":1},{"damage":26,"enemies":"Gremlin Nob","floor":7,"turns":4},{"damage":0,"enemies":"Large Slime","floor":10,"turns":3},{"damage":0,"enemies":"Blue Slaver","floor":11,"turns":5},{"damage":6,"enemies":"3 Sentries","floor":14,"turns":3},{"damage":1,"enemies":"Slime Boss","floor":16,"turns":7},{"damage":0,"enemies":"2 Thieves","floor":18,"turns":4},{"damage":0,"enemies":"Shell Parasite","floor":21,"turns":5},{"damage":0,"enemies":"Slavers","floor":24,"turns":3},{"damage":0,"enemies":"Book of Stabbing","floor":28,"turns":3},{"damage":7,"enemies":"Nightmare","floor":30,"turns":7},{"damage":0,"enemies":"3 Cultists","floor":31,"turns":3},{"damage":0,"enemies":"Pondfish","floor":33,"turns":4},{"damage":0,"enemies":"3 Darklings","floor":35,"turns":3},{"damage":0,"enemies":"3 Shapes","floor":38,"turns":2},{"damage":0,"enemies":"infinitespire:Three Voidlings","floor":39,"turns":2},{"damage":61,"enemies":"Nightmare_Alpha","floor":39,"turns":11}],"seed_played":"4384847867363063484","potions_obtained":[{"floor":5,"key":"Fire Potion"},{"floor":7,"key":"blueLaboratory:HorrorPotion"},{"floor":14,"key":"LifebloodPotion"},{"floor":16,"key":"Strength Potion"},{"floor":18,"key":"Elixir"},{"floor":21,"key":"blueLaboratory:HorrorPotion"},{"floor":33,"key":"blueLaboratory:BlinkPotion"},{"floor":35,"key":"blueLaboratory:NinjaPotion"}],"is_trial":false,"path_per_floor":["M","M","M","$","M","R","E","?","T","M","M","R","?","E","R_BF","B",null,"M","$","?","M","AVR","R","E","T","T","?","E","T","NM","M","R","B",null,"M","?","T","M","?"],"character_chosen":"THE_SILENT","items_purchased":["BicycleWheel","Mummified Hand","Infinite Blades","REME_HeartOfCthun","Akabeko","REME_HourglassOfDeath"],"campfire_rested":1,"item_purchase_floors":[0,0,0,0,4,19],"current_hp_per_floor":[32,28,28,28,28,28,2,2,2,2,2,23,23,17,38,37,70,70,70,42,42,42,42,42,42,42,42,42,42,35,35,35,35,70,70,60,60,60,0,0],"gold":835,"neow_bonus":"","is_daily":false,"chose_seed":false,"campfire_upgraded":3,"win_rate":0.0,"timestamp":1610549183,"path_taken":["M","M","M","$","M","R","E","?","T","M","M","R","?","E","R_BF","BOSS","M","$","?","?","AVR","R","E","?","T","?","E","?","NM","M","R","BOSS","M","?","?","?","?"],"items_purchased_type":["Relic","Relic","Card","Card","Relic","Relic"],"build_version":"2020-12-22","purchased_purges":3,"victory":false,"max_hp_per_floor":[70,70,70,70,70,70,70,70,70,70,70,70,70,70,70,70,70,70,70,70,70,70,70,70,70,70,70,70,70,70,70,70,70,70,70,70,70,70,70,70],"card_choices":[{"not_picked":["Heel Hook","Poisoned Stab"],"picked":"Distraction","floor":1},{"not_picked":["Caltrops","Deflect"],"picked":"Backflip","floor":2},{"not_picked":["jedi:pocketpoison","Replay:Poison Smokescreen"],"picked":"StuffTheSpire:Shiver","floor":3},{"not_picked":["Backflip","Sucker Punch"],"picked":"Cloak And Dagger","floor":5},{"not_picked":["Deadly Poison","StuffTheSpire:Python","Flying Knee"],"picked":"SKIP","floor":7},{"not_picked":["StuffTheSpire:BumpUp","Cloak And Dagger"],"picked":"Hidden Blade","floor":10},{"not_picked":["Infinite Blades","StuffTheSpire:BumpUp","Bane"],"picked":"SKIP","floor":11},{"not_picked":["Unload","Sucker Punch"],"picked":"Deflect","floor":14},{"not_picked":["StuffTheSpire:ClusterCrunch","Outmaneuver","Backflip"],"picked":"SKIP","floor":18},{"not_picked":["StuffTheSpire:ClusterCrunch+1","hubris:SlightOfHand","Quick Slash+1"],"picked":"SKIP","floor":21},{"not_picked":["hubris:SlightOfHand","StuffTheSpire:ClusterCrunch","Unload"],"picked":"SKIP","floor":24},{"not_picked":["StuffTheSpire:Fury","Fluid Movement"],"picked":"Cloak And Dagger+1","floor":28},{"not_picked":["Calculated Gamble","Flying Knee"],"picked":"Blade Dance+1","floor":30},{"not_picked":["Dagger Throw","Leg Sweep"],"picked":"Escape Plan","floor":31},{"not_picked":["StuffTheSpire:Fury","Dodge and Roll","Hidden Blade"],"picked":"SKIP","floor":35},{"not_picked":["hubris:Ssssneak","REME_HeartOfCthun"],"picked":"REME_MawOfCthun","floor":36},{"not_picked":["StuffTheSpire:Recharge","The Bomb"],"picked":"Deep Breath","floor":36},{"not_picked":["REME_TheoryOfElimination","conspire:Banana"],"picked":"Crow Ritual","floor":36},{"not_picked":["jedi:pocketpoison","StuffTheSpire:BumpUp+1"],"picked":"Prepared+1","floor":38}],"player_experience":1028907,"relics_obtained":[{"floor":7,"key":"StuffTheSpire:Tea"},{"floor":8,"key":"Ring of Greed"},{"floor":8,"key":"Ring of Peace"},{"floor":8,"key":"Smiling Mask"},{"floor":8,"key":"Tiny Chest"},{"floor":9,"key":"aspiration:ChemicalBlood"},{"floor":14,"key":"StuffTheSpire:Experiment12"},{"floor":20,"key":"aspiration:AnachronicSnailShell"},{"floor":24,"key":"aspiration:Nostalgia"},{"floor":25,"key":"Anchor"},{"floor":26,"key":"Matryoshka"},{"floor":27,"key":"Omamori"},{"floor":28,"key":"Golden Egg"},{"floor":29,"key":"Potion Belt"},{"floor":29,"key":"Replay:Bandana"},{"floor":30,"key":"jedi:ghostblades"},{"floor":37,"key":"jedi:crownofsimplicity"},{"floor":37,"key":"ReplayFunnel"}],"event_choices":[{"cards_removed":["hubris:Sloth"],"damage_healed":0,"gold_gain":0,"player_choice":"Offered Curse","damage_taken":0,"relics_obtained":["Spirit Poop"],"max_hp_gain":0,"max_hp_loss":0,"event_name":"Bonfire Elementals","floor":13,"gold_loss":0},{"damage_healed":0,"gold_gain":0,"player_choice":"Memory 3","damage_taken":10,"max_hp_gain":0,"max_hp_loss":0,"event_name":"SensoryStone","floor":36,"gold_loss":0}],"is_beta":false,"boss_relics":[{"not_picked":["energizedSpire:SpiderWeb","conspire:SlowCooker"],"picked":"StuffTheSpire:Kangaroo"},{"not_picked":["energizedSpire:StickyHand","aspiration:MobileForge"],"picked":"ChewingGum"}],"items_purged_floors":[0,19,22],"is_endless":false,"potions_floor_spawned":[5,7,14,16,18,21,33,35,39],"killed_by":"Nightmare_Alpha","ascension_level":1}}