{"host":"dnvpprmy3abbf89m","time":1610517445,"event":{"mods":["BaseMod","Colored Map","Minty Spire (QoL Compilation)","StSLib"],"gold_per_floor":[109,129,129,129,49,49,63,63,63,83,115,115,125,136,136,237,237,254,272,103,116,116,116,96,115,142,152,152,8,20,49,49,144,144,162,179,179,82,160,160,209,209,209,224,28,42,42,54,54,54],"floor_reached":51,"language":"ENG","playtime":4578,"items_purged":["Defend_G"],"score":959,"play_id":"2ae1605f-3bfa-4f1c-aab1-eac7af38e77a","local_time":"20210113065725","is_ascension_mode":true,"campfire_choices":[{"data":"Cloak And Dagger","floor":6.0,"key":"SMITH"},{"data":"Dash","floor":8.0,"key":"SMITH"},{"data":"Noxious Fumes","floor":12.0,"key":"SMITH"},{"data":"Neutralize","floor":15.0,"key":"SMITH"},{"floor":23.0,"key":"REST"},{"data":"Footwork","floor":32.0,"key":"SMITH"},{"data":"Wraith Form v2","floor":40.0,"key":"SMITH"},{"data":"Skewer","floor":47.0,"key":"SMITH"},{"floor":49.0,"key":"REST"}],"circlet_count":0,"master_deck":["Survivor","Neutralize+1","Cloak And Dagger+1","Terror+1","Noxious Fumes+1","Dash+1","Blur+1","Prepared+1","Night Terror+1","Dodge and Roll+1","Glass Knife","Setup+1","Distraction+1","Catalyst+1","Deadly Poison+1","Cloak And Dagger+1","Footwork+1","PiercingWail+1","Blade Dance+1","Bouncing Flask+1","Wraith Form v2+1","Necronomicurse","Blur+1","Escape Plan+1","Adrenaline+1","Die Die Die","Skewer+1","Crippling Poison+1","Backflip+1","Madness+1","Madness+1","Discovery+1"],"relics":["Ring of the Snake","Toxic Egg 2","Ancient Tea Set","Astrolabe","Oddly Smooth Stone","Necronomicon","Tiny Chest","Meat on the Bone","Pandora\u0027s Box","Sundial","StoneCalendar","Pantograph","TwistedFunnel"],"acts_visited":["TheCity","TheBeyond"],"potions_floor_usage":[50],"damage_taken":[{"damage":2.0,"enemies":"2 Louse","floor":1.0,"turns":5.0},{"damage":1.0,"enemies":"Jaw Worm","floor":2.0,"turns":5.0},{"damage":5.0,"enemies":"Small Slimes","floor":7.0,"turns":4.0},{"damage":5.0,"enemies":"Gremlin Gang","floor":10.0,"turns":5.0},{"damage":2.0,"enemies":"3 Sentries","floor":11.0,"turns":9.0},{"damage":0.0,"enemies":"2 Fungi Beasts","floor":13.0,"turns":3.0},{"damage":1.0,"enemies":"Exordium Wildlife","floor":14.0,"turns":8.0},{"damage":4.0,"enemies":"The Guardian","floor":16.0,"turns":12.0},{"damage":0.0,"enemies":"Shell Parasite","floor":18.0,"turns":3.0},{"damage":10.0,"enemies":"3 Byrds","floor":19.0,"turns":5.0},{"damage":6.0,"enemies":"Snake Plant","floor":21.0,"turns":5.0},{"damage":0.0,"enemies":"Centurion and Healer","floor":25.0,"turns":5.0},{"damage":4.0,"enemies":"Snecko","floor":27.0,"turns":4.0},{"damage":0.0,"enemies":"Snake Plant","floor":30.0,"turns":3.0},{"damage":7.0,"enemies":"Book of Stabbing","floor":31.0,"turns":6.0},{"damage":20.0,"enemies":"Automaton","floor":33.0,"turns":11.0},{"damage":10.0,"enemies":"3 Darklings","floor":35.0,"turns":5.0},{"damage":14.0,"enemies":"3 Shapes","floor":36.0,"turns":3.0},{"damage":13.0,"enemies":"2 Orb Walkers","floor":41.0,"turns":5.0},{"damage":6.0,"enemies":"Sphere and 2 Shapes","floor":44.0,"turns":4.0},{"damage":0.0,"enemies":"3 Darklings","floor":46.0,"turns":4.0},{"damage":0.0,"enemies":"Jaw Worm Horde","floor":48.0,"turns":3.0},{"damage":51,"enemies":"Donu and Deca","floor":50,"turns":10}],"seed_played":"-1577561762897983256","potions_obtained":[{"floor":1.0,"key":"SteroidPotion"},{"floor":7.0,"key":"Block Potion"},{"floor":11.0,"key":"GamblersBrew"},{"floor":18.0,"key":"Fruit Juice"},{"floor":19.0,"key":"Fire Potion"},{"floor":24.0,"key":"Ancient Potion"},{"floor":27.0,"key":"PowerPotion"},{"floor":31.0,"key":"Poison Potion"},{"floor":36.0,"key":"SneckoOil"},{"floor":44.0,"key":"AttackPotion"},{"floor":48.0,"key":"FearPotion"}],"is_trial":false,"path_per_floor":["M","M","?","?","$","R","M","R","T","M","E","R","M","M","R","B",null,"M","M","$","M","?","R","?","M","T","M","?","$","M","E","R","B",null,"M","M","?","$","T","R","?","$","T","M","$","M","R","M","R","B",null],"character_chosen":"THE_SILENT","items_purchased":["Noxious Fumes","Footwork","PiercingWail+1","Tiny Chest","Discovery+1","TwistedFunnel","ColorlessPotion"],"campfire_rested":2,"item_purchase_floors":[5,20,20,29,38,45,45],"current_hp_per_floor":[61,60,47,40,40,40,35,35,35,30,28,28,28,27,27,23,53,58,48,48,42,42,62,62,62,62,58,42,42,42,35,35,27,58,48,46,37,37,37,37,36,36,36,42,42,42,42,42,62,29],"gold":54,"neow_bonus":"REMOVE_TWO","is_daily":false,"chose_seed":false,"campfire_upgraded":7,"win_rate":0.0,"timestamp":1610517445,"path_taken":["M","M","?","?","$","R","M","R","T","M","E","R","M","?","R","BOSS","M","M","$","M","?","R","?","M","T","?","?","?","?","E","R","BOSS","M","?","?","$","?","R","?","?","T","M","$","?","R","M","R","BOSS"],"items_purchased_type":["Card","Card","Card","Relic","Card","Relic","Potion"],"build_version":"2020-12-22","purchased_purges":1,"victory":true,"max_hp_per_floor":[63,63,63,63,63,63,63,63,63,63,63,63,63,63,63,63,63,68,68,68,68,68,68,68,68,68,68,68,68,68,68,68,68,68,68,68,68,68,68,68,68,68,68,68,68,68,68,68,68,68],"card_choices":[{"not_picked":["Predator","Underhanded Strike"],"picked":"Cloak And Dagger","floor":1.0},{"not_picked":["Flying Knee","Reflex"],"picked":"Terror","floor":2.0},{"not_picked":["Acrobatics","Dodge and Roll"],"picked":"Dash","floor":7.0},{"not_picked":["Poisoned Stab","Prepared+1"],"picked":"Blur+1","floor":10.0},{"not_picked":["Outmaneuver+1","Slice"],"picked":"Prepared+1","floor":11.0},{"not_picked":["Blade Dance+1","Sucker Punch"],"picked":"Night Terror+1","floor":13.0},{"not_picked":["Bane","PiercingWail+1"],"picked":"Dodge and Roll+1","floor":14.0},{"not_picked":["Unload","After Image"],"picked":"Glass Knife","floor":16.0},{"not_picked":["Finisher","Well Laid Plans+1"],"picked":"Deadly Poison+1","floor":18.0},{"not_picked":["Bane","Setup+1"],"picked":"Cloak And Dagger+1","floor":19.0},{"not_picked":["Bane+1","Sucker Punch+1"],"picked":"Blade Dance+1","floor":21.0},{"not_picked":["Flying Knee","Flechettes","Dagger Throw+1"],"picked":"SKIP","floor":25.0},{"not_picked":["Concentrate+1","Eviscerate"],"picked":"Wraith Form v2","floor":27.0},{"not_picked":["Cloak And Dagger+1","Dagger Spray+1"],"picked":"Blur+1","floor":30.0},{"not_picked":["Reflex+1","Dagger Spray"],"picked":"Escape Plan+1","floor":31.0},{"not_picked":["Unload","Venomology+1"],"picked":"Adrenaline+1","floor":33.0},{"not_picked":["Dodge and Roll+1","Dagger Throw+1"],"picked":"Backflip+1","floor":35.0},{"not_picked":["Backstab","Blade Dance+1","PiercingWail+1"],"picked":"SKIP","floor":36.0},{"not_picked":["Bane","Skewer+1","Bouncing Flask+1"],"picked":"SKIP","floor":44.0},{"not_picked":["Prepared+1","Backflip+1","Infinite Blades+1"],"picked":"SKIP","floor":46.0},{"not_picked":["Slice","Sucker Punch+1","Well Laid Plans+1"],"picked":"SKIP","floor":48.0}],"player_experience":798165,"relics_obtained":[{"floor":9.0,"key":"Toxic Egg 2"},{"floor":11.0,"key":"Ancient Tea Set"},{"floor":26.0,"key":"Oddly Smooth Stone"},{"floor":28.0,"key":"Necronomicon"},{"floor":31.0,"key":"Meat on the Bone"},{"floor":39.0,"key":"Sundial"},{"floor":41.0,"key":"StoneCalendar"},{"floor":43.0,"key":"Pantograph"}],"event_choices":[{"damage_healed":0.0,"max_hp_gain":0.0,"max_hp_loss":0.0,"gold_gain":0.0,"event_name":"Shining Light","player_choice":"Entered Light","floor":3.0,"gold_loss":0.0,"damage_taken":13.0,"cards_upgraded":["Defend_G","Terror"]},{"cards_removed":["Strike_G"],"damage_healed":0.0,"max_hp_gain":0.0,"max_hp_loss":0.0,"gold_gain":0.0,"event_name":"Golden Wing","player_choice":"Card Removal","floor":4.0,"gold_loss":0.0,"damage_taken":7.0},{"damage_healed":0.0,"max_hp_gain":0.0,"max_hp_loss":0.0,"gold_gain":0.0,"event_name":"The Library","player_choice":"Read","floor":22.0,"gold_loss":0.0,"damage_taken":0.0,"cards_obtained":["Bouncing Flask"]},{"damage_healed":0.0,"max_hp_gain":0.0,"max_hp_loss":0.0,"gold_gain":0.0,"event_name":"The Woman in Blue","player_choice":"Bought 1 Potion","floor":24.0,"gold_loss":0.0,"damage_taken":0.0},{"damage_healed":0.0,"max_hp_gain":0.0,"max_hp_loss":0.0,"gold_gain":0.0,"event_name":"Cursed Tome","player_choice":"Obtained Book","floor":28.0,"gold_loss":0.0,"damage_taken":16.0},{"damage_healed":0.0,"max_hp_gain":0.0,"max_hp_loss":0.0,"gold_gain":0.0,"event_name":"Winding Halls","player_choice":"Embrace Madness","floor":37.0,"gold_loss":0.0,"damage_taken":9.0,"cards_obtained":["Madness","Madness"]},{"damage_healed":0.0,"max_hp_gain":0.0,"max_hp_loss":0.0,"gold_gain":0.0,"event_name":"Mysterious Sphere","player_choice":"Fight","floor":41.0,"gold_loss":0.0,"damage_taken":0.0}],"is_beta":false,"boss_relics":[{"not_picked":["Runic Dome","SlaversCollar"],"picked":"Astrolabe"},{"not_picked":["Runic Pyramid","Snecko Eye"],"picked":"Pandora\u0027s Box"}],"items_purged_floors":[20],"is_endless":false,"potions_floor_spawned":[1,7,11,18,19,27,31,36,44,48],"ascension_level":9}}