{"host":"c5slkkw8hp42e20v","time":1610511524,"event":{"mods":["AchievementEnabler","BaseMod","Better Note","BetterRewards","Colored Powertips","DeckTracker","Friendly Minions","GifTheSpireLib","Hermit","Highlight Path","Minty Spire (QoL Compilation)","Quick Restart","Rare Cards Sparkle","Replay The Spire","Spicy Shops","StSLib","The Animator","The Hierophant","The Poker Player","????"],"gold_per_floor":[118,135,154,165,178,102,135,1,54,72,72,72,107,117,117,117,117],"floor_reached":16,"language":"ENG","playtime":1328,"items_purged":[],"score":172,"play_id":"1a666748-cb57-4ac7-9539-a87853f1e2c5","local_time":"20210112221844","is_ascension_mode":true,"campfire_choices":[{"floor":15,"key":"REST"}],"circlet_count":0,"master_deck":["Strike_R","Strike_R","Strike_R","Strike_R","Strike_R","Defend_R","Defend_R","Defend_R","Defend_R","Bash","Decay","Demonic Infusion+1","Deep Breath","Iron Wave","Wild Strike","Cleave","Infernal Blade","Flame Barrier","Cleave","Double Tap+1","Heavy Blade","Iron Wave","Rampage","HandOfGreed","The Bomb","Apotheosis","ReplayTheSpireMod:Limb From Limb","Uppercut","Iron Wave","Twin Strike"],"relics":["Burning Blood","Membership Card","Orichalcum","Dream Catcher","Orrery","Bag of Marbles","Guide Book","ReplayTheSpireMod:ShopPack","Pet Ghost","GremlinMask","Shovel"],"acts_visited":["Exordium"],"potions_floor_usage":[],"damage_taken":[{"damage":5,"enemies":"Cultist","floor":1,"turns":4},{"damage":9,"enemies":"2 Louse","floor":2,"turns":3},{"damage":2,"enemies":"Small Slimes","floor":3,"turns":3},{"damage":17,"enemies":"Gremlin Gang","floor":4,"turns":4},{"damage":10,"enemies":"Blue Slaver","floor":5,"turns":3},{"damage":21,"enemies":"Gremlin Nob","floor":7,"turns":5},{"damage":3,"enemies":"Exordium Wildlife","floor":10,"turns":2},{"damage":38,"enemies":"Lagavulin","floor":13,"turns":9},{"damage":8,"enemies":"2 Fungi Beasts","floor":14,"turns":4},{"damage":58,"enemies":"Fading Forest","floor":16,"turns":9}],"seed_played":"6955497785598139232","potions_obtained":[{"floor":1,"key":"BlessingOfTheForge"},{"floor":2,"key":"LiquidMemories"},{"floor":5,"key":"AttackPotion"},{"floor":14,"key":"Weak Potion"}],"is_trial":false,"path_per_floor":["M","M","M","M","M","R","E","$","T","M","?","?","E","M","R","B"],"character_chosen":"IRONCLAD","items_purchased":["Membership Card","Orichalcum","Dream Catcher","Deep Breath","Orrery","Guide Book","ReplayTheSpireMod:ShopPack"],"campfire_rested":1,"item_purchase_floors":[0,0,0,0,6,8,8],"current_hp_per_floor":[80,77,80,69,65,65,50,50,50,53,46,46,14,12,36,0,0],"gold":117,"neow_bonus":"","is_daily":false,"chose_seed":false,"campfire_upgraded":0,"win_rate":0.0,"timestamp":1610511524,"path_taken":["M","M","M","M","M","R","E","?","T","M","?","?","E","?","R","BOSS"],"items_purchased_type":["Relic","Relic","Relic","Card","Relic","Relic","Relic"],"build_version":"2020-12-22","purchased_purges":0,"victory":false,"max_hp_per_floor":[80,80,80,80,80,80,80,80,80,80,80,80,80,80,80,80,80],"card_choices":[{"not_picked":["Perfected Strike","Armaments"],"picked":"Iron Wave","floor":1},{"not_picked":["Headbutt","Flex"],"picked":"Wild Strike","floor":2},{"not_picked":["ReplayTheSpireMod:Muscle Training","Flex"],"picked":"Cleave","floor":3},{"not_picked":["Body Slam","ReplayReversal"],"picked":"Infernal Blade","floor":4},{"not_picked":["Power Through","Evolve"],"picked":"Flame Barrier","floor":5},{"not_picked":["Life Link","Dark Embrace"],"picked":"Cleave","floor":6},{"not_picked":["ReplayTheSpireMod:Strike From Hell","Headbutt"],"picked":"Double Tap","floor":6},{"not_picked":["Flex","Perfected Strike"],"picked":"Heavy Blade","floor":6},{"not_picked":["Shrug It Off","Headbutt"],"picked":"Iron Wave","floor":6},{"not_picked":["ReplayTheSpireMod:Stacked","Headbutt"],"picked":"Rampage","floor":7},{"not_picked":["Thinking Ahead","ReplayTheSpireMod:Brewmster"],"picked":"HandOfGreed","floor":8},{"not_picked":["ReplayTheSpireMod:Trickstab","ReplayTheSpireMod:Uncanny Aura"],"picked":"The Bomb","floor":8},{"not_picked":["Finesse","Forethought"],"picked":"Apotheosis","floor":8},{"not_picked":["Havoc","Perfected Strike"],"picked":"ReplayTheSpireMod:Limb From Limb","floor":10},{"not_picked":["Pummel","Havoc"],"picked":"Uppercut","floor":13},{"not_picked":["ReplayTheSpireMod:Muscle Training","Headbutt"],"picked":"Iron Wave","floor":14},{"not_picked":["Replay:Undeath\u0027s Touch","Entrench"],"picked":"Twin Strike","floor":15}],"player_experience":44465,"relics_obtained":[{"floor":7,"key":"Bag of Marbles"},{"floor":13,"key":"Shovel"}],"event_choices":[{"damage_healed":0,"gold_gain":0,"player_choice":"Success","damage_taken":7,"relics_obtained":["Pet Ghost"],"max_hp_gain":0,"max_hp_loss":0,"event_name":"Scrap Ooze","floor":11,"gold_loss":0},{"damage_healed":0,"gold_gain":0,"player_choice":"Trade","damage_taken":0,"relics_obtained":["GremlinMask"],"max_hp_gain":0,"max_hp_loss":0,"event_name":"FaceTrader","floor":12,"gold_loss":0}],"is_beta":false,"boss_relics":[],"items_purged_floors":[],"is_endless":false,"potions_floor_spawned":[1,2,5,10,14],"killed_by":"Fading Forest","ascension_level":1}}