{"host":"rjbqai8ni6dsiu37","time":1610535784,"event":{"mods":["BaseMod","CapriCore","Koishi","Minty Spire (QoL Compilation)","StSLib","The Dragon Tamer","The Immortal","The Poker Player","WarShipGirlsR/??á´Ò³R mod"],"gold_per_floor":[118,135,135,210,224,256,272,272,272,284,140,140,140,140,140,140,140,140],"floor_reached":16,"language":"KOR","playtime":979,"items_purged":[],"score":100,"play_id":"a018963a-3c37-4ab9-ac84-8c8e090e8885","local_time":"20210113200304","is_ascension_mode":false,"campfire_choices":[{"floor":8,"key":"REST"},{"data":"MokouMod:BurningDraft","floor":12,"key":"SMITH"},{"data":"MokouMod:BurningDraft","floor":15,"key":"SMITH"}],"circlet_count":0,"master_deck":["MokouMod:Strike","MokouMod:Strike","MokouMod:Strike","MokouMod:Strike","MokouMod:Strike","MokouMod:Defend","MokouMod:Defend","MokouMod:Defend","MokouMod:Defend","MokouMod:HeatSpark","MokouMod:BurningDraft+1","MokouMod:Burn","MokouMod:BurningDraft+1"],"relics":["MokouMod:PhoenixFeather","NeowsBlessing","Mummified Hand","Ornamental Fan","Juzu Bracelet","Toxic Egg 2"],"acts_visited":["Exordium"],"potions_floor_usage":[6],"damage_taken":[{"damage":0,"enemies":"Jaw Worm","floor":1,"turns":1},{"damage":0,"enemies":"2 Louse","floor":2,"turns":1},{"damage":0,"enemies":"Small Slimes","floor":5,"turns":1},{"damage":56,"enemies":"Gremlin Nob","floor":6,"turns":5},{"damage":7,"enemies":"Exordium Wildlife","floor":7,"turns":8},{"damage":2,"enemies":"2 Fungi Beasts","floor":10,"turns":3},{"damage":64,"enemies":"Slime Boss","floor":16,"turns":10}],"seed_played":"7781825823045988659","potions_obtained":[{"floor":2,"key":"FearPotion"},{"floor":7,"key":"Ancient Potion"}],"is_trial":false,"path_per_floor":["M","M","?","?","M","E","M","R","T","M","$","R","?","T","R","B"],"character_chosen":"MKU","items_purchased":["Juzu Bracelet"],"campfire_rested":1,"item_purchase_floors":[11],"current_hp_per_floor":[75,75,75,64,64,8,1,23,23,21,21,21,21,21,21,18,18,18],"gold":140,"neow_bonus":"THREE_ENEMY_KILL","is_daily":false,"chose_seed":false,"campfire_upgraded":2,"win_rate":0.0,"timestamp":1610535784,"path_taken":["M","M","?","?","M","E","M","R","T","M","$","R","?","?","R","BOSS"],"items_purchased_type":["Relic"],"build_version":"2020-12-22","purchased_purges":0,"victory":false,"max_hp_per_floor":[75,75,75,75,75,75,75,75,75,75,75,75,75,75,75,75,75,75],"card_choices":[{"not_picked":["MokouMod:EternalBurstReactor","MokouMod:IllusoryBattlefield"],"picked":"MokouMod:BurningDraft","floor":1},{"not_picked":["MokouMod:EternalBurstReactor","MokouMod:ScorchedEarth","MokouMod:BurningDraft"],"picked":"SKIP","floor":2},{"not_picked":["MokouMod:InfernalWave","MokouMod:ScorchingColumn","MokouMod:Stoke"],"picked":"SKIP","floor":5},{"not_picked":["MokouMod:Rebirth","MokouMod:CrimsonFlare"],"picked":"MokouMod:Burn","floor":6},{"not_picked":["MokouMod:Firecracker","MokouMod:FusionFlare","MokouMod:SubterraneanCore"],"picked":"SKIP","floor":7},{"not_picked":["MokouMod:Stoke","MokouMod:CrimsonArmoury"],"picked":"MokouMod:BurningDraft","floor":10}],"player_experience":176327,"relics_obtained":[{"floor":6,"key":"Mummified Hand"},{"floor":9,"key":"Ornamental Fan"},{"floor":14,"key":"Toxic Egg 2"}],"event_choices":[{"damage_healed":0,"gold_gain":0,"player_choice":"Leave","damage_taken":0,"max_hp_gain":0,"max_hp_loss":0,"event_name":"The Cleric","floor":3,"gold_loss":0},{"damage_healed":0,"gold_gain":75,"player_choice":"Gather Gold","damage_taken":11,"max_hp_gain":0,"max_hp_loss":0,"event_name":"World of Goop","floor":4,"gold_loss":0},{"damage_healed":0,"gold_gain":0,"player_choice":"Ignored","damage_taken":0,"max_hp_gain":0,"max_hp_loss":0,"event_name":"Golden Wing","floor":13,"gold_loss":0}],"is_beta":false,"boss_relics":[],"items_purged_floors":[],"is_endless":false,"potions_floor_spawned":[2,7],"killed_by":"Slime Boss","ascension_level":0}}