{"host":"fkig9nrckec4xsh0","time":1610518246,"event":{"mods":["BaseMod","Colored Map","Minty Spire (QoL Compilation)","Quick Restart","Replay The Spire","StSLib"],"gold_per_floor":[109,119,119,119,129,129,149,149,149,149,167,167,201,219,219,219,219,342,442,460,559,559,602,626,626,666,666,693,693,393,448,403,403,403,541,541,574,574,796,1129,1129,1129,1192,1192,1192,1244,764,792,853,898,898,924],"floor_reached":53,"language":"ENG","playtime":2391,"items_purged":["Injury"],"score":938,"play_id":"5840a5bf-bab3-4ba3-a1ab-1b24fbd33547","local_time":"20210113011046","is_ascension_mode":true,"campfire_choices":[{"floor":6,"key":"DIG"},{"floor":10,"key":"DIG"},{"floor":12,"key":"DIG"},{"floor":17,"key":"DIG"},{"floor":25,"key":"REST"},{"floor":27,"key":"DIG"},{"floor":29,"key":"DIG"},{"floor":34,"key":"DIG"},{"floor":42,"key":"DIG"},{"floor":44,"key":"DIG"},{"data":"Catalyst","floor":51,"key":"SMITH"}],"circlet_count":0,"master_deck":["Survivor","Neutralize","Dagger Spray","Poisoned Stab","Underhanded Strike","Poisoned Stab","Poisoned Stab","Outmaneuver","Catalyst+1","Poison Darts","Leg Sweep","Outmaneuver+1","Bane","Bouncing Flask","Acrobatics","Acrobatics","Tools of the Trade","Distraction","Bullet Time","Die Die Die","Backflip","Dodge and Roll","ReplayTheSpireMod:Necrosis","Terror","Sucker Punch","Replay:Bag of Tricks","Dodge and Roll+1","Acrobatics+1","Spreading Infection","Choke+1","Pot Of Greed+1","Pot Of Greed+1","Pot Of Greed+1","Backflip+1","Predator","Calculated Gamble+1","Backstab+1","CommonCold","Pot Of Greed+1"],"relics":["Ring of the Snake","Shovel","PreservedInsect","Pear","Pen Nib","Centennial Puzzle","Simple Rune","ReplayFunnel","Replay:Wanted Poster","Red Mask","Ginger","Replay:Bandana","Vajra","Bag of Marbles","TwistedFunnel","Juzu Bracelet","Torii","Blood Vial","ReplayTheSpireMod:Lightbulb","Replay:Grab Bag","Philosopher\u0027s Stone","Cursed Key","Pandora\u0027s Box","Durian","FossilizedHelix","Toxic Egg 2","Calipers","Eternal Feather","Grinning Jar","OrangePellets","Toy Ornithopter","Happy Flower"],"acts_visited":["Exordium","TheCity","TheBeyond"],"potions_floor_usage":[13,18,18,18,26,52,52],"damage_taken":[{"damage":3,"enemies":"Cultist","floor":1,"turns":4},{"damage":2,"enemies":"Small Slimes","floor":2,"turns":4},{"damage":0,"enemies":"2 Louse","floor":5,"turns":2},{"damage":8,"enemies":"Blue Slaver","floor":7,"turns":4},{"damage":29,"enemies":"Gremlin Gang","floor":11,"turns":4},{"damage":0,"enemies":"Gremlin Nob","floor":13,"turns":2},{"damage":0,"enemies":"3 Louse","floor":14,"turns":2},{"damage":31,"enemies":"Fading Forest","floor":18,"turns":11},{"damage":17,"enemies":"2 Thieves","floor":20,"turns":4},{"damage":38,"enemies":"Masked Bandits","floor":23,"turns":5},{"damage":6,"enemies":"Shell Parasite","floor":24,"turns":3},{"damage":9,"enemies":"Slavers","floor":26,"turns":4},{"damage":0,"enemies":"Gremlin Leader","floor":31,"turns":3},{"damage":30,"enemies":"Pondfish","floor":35,"turns":8},{"damage":13,"enemies":"3 Shapes","floor":37,"turns":3},{"damage":2,"enemies":"2 Orb Walkers","floor":43,"turns":3},{"damage":0,"enemies":"Reptomancer","floor":46,"turns":2},{"damage":0,"enemies":"3 Darklings","floor":48,"turns":2},{"damage":1,"enemies":"R_Hoarder","floor":49,"turns":3},{"damage":45,"enemies":"Replay:Hell Engine","floor":52,"turns":6}],"seed_played":"8202863700602259297","potions_obtained":[{"floor":4,"key":"Venom Potion"},{"floor":4,"key":"FearPotion"},{"floor":4,"key":"Reflective Coating"},{"floor":11,"key":"AttackPotion"},{"floor":13,"key":"Swift Potion"},{"floor":14,"key":"DuplicationPotion"},{"floor":18,"key":"LifebloodPotion"},{"floor":24,"key":"Elixir"},{"floor":26,"key":"Milkshake"},{"floor":35,"key":"GamblersBrew"},{"floor":37,"key":"BlessingOfTheForge"},{"floor":49,"key":"BlessingOfTheForge"}],"is_trial":false,"path_per_floor":["M","M","?","?","M","R","M","?","T","R","M","R","E","M","PTL","PTL","R","B",null,"M","?","?","?","M","R","E","R","T","R","$","E","$","?","R","B",null,"M","?","?","?","?","R","?","R","T","E","$","M","E","T","R","B",null],"character_chosen":"THE_SILENT","items_purchased":["TwistedFunnel","Juzu Bracelet","Acrobatics","Grinning Jar","Backflip+1","Predator","OrangePellets"],"campfire_rested":1,"item_purchase_floors":[30,30,32,47,47,47,47],"current_hp_per_floor":[67,65,65,65,65,65,57,57,67,67,38,38,38,38,38,38,38,15,80,63,63,63,25,19,43,34,34,34,34,34,34,34,34,34,6,80,67,67,67,67,67,72,72,72,72,74,74,76,77,77,85,40],"gold":924,"neow_bonus":"RANDOM_EVENT","is_daily":false,"chose_seed":false,"campfire_upgraded":1,"win_rate":0.0,"timestamp":1610518246,"path_taken":["M","?","?","?","M","R","?","?","T","R","M","R","E","M","PTL","PTL","R","BOSS","M","?","?","?","M","R","E","R","T","R","?","E","$","?","R","BOSS","M","?","?","?","?","R","?","R","T","E","$","M","E","?","R","BOSS"],"items_purchased_type":["Relic","Relic","Card","Relic","Card","Card","Relic"],"build_version":"2020-12-22","purchased_purges":1,"victory":true,"max_hp_per_floor":[70,70,70,70,70,70,70,70,80,80,80,80,80,80,80,80,80,80,80,80,80,80,80,80,80,80,80,80,80,80,80,80,80,80,80,80,80,80,80,80,80,85,85,85,85,85,85,85,85,85,85,85],"card_choices":[{"not_picked":["Dodge and Roll","Reflex"],"picked":"Dagger Spray","floor":1},{"not_picked":["Underhanded Strike","Hidden Blade"],"picked":"Poisoned Stab","floor":2},{"not_picked":["Dodge and Roll","Sneak Up"],"picked":"Underhanded Strike","floor":5},{"not_picked":["Blade Dance","Terror"],"picked":"Poisoned Stab","floor":7},{"not_picked":["Envenom","Cloak And Dagger"],"picked":"Poisoned Stab","floor":11},{"not_picked":["Sucker Punch","Escape Plan"],"picked":"Outmaneuver","floor":13},{"not_picked":["Quick Slash","Deadly Poison"],"picked":"Catalyst","floor":14},{"not_picked":["Doppelganger","Grand Finale"],"picked":"Poison Darts","floor":18},{"not_picked":["Dodge and Roll","Footwork"],"picked":"Leg Sweep","floor":20},{"not_picked":["Caltrops","Escape Plan+1"],"picked":"Outmaneuver+1","floor":23},{"not_picked":["Quick Slash","Heel Hook"],"picked":"Bane","floor":24},{"not_picked":["Deadly Poison","Tactician+1"],"picked":"Bouncing Flask","floor":26},{"not_picked":["Bullet Time","Hidden Blade"],"picked":"Acrobatics","floor":31},{"not_picked":["Malaise","Storm of Steel"],"picked":"Tools of the Trade","floor":35},{"not_picked":["Deflect+1","ReplayTheSpireMod:Shiv Toss"],"picked":"Dodge and Roll+1","floor":37},{"not_picked":["PiercingWail","Outmaneuver"],"picked":"Acrobatics+1","floor":43},{"not_picked":["Well Laid Plans+1","Deflect+1"],"picked":"Choke+1","floor":46},{"not_picked":["Deadly Poison+1","Tools of the Trade"],"picked":"Calculated Gamble+1","floor":48},{"not_picked":["Flechettes+1","ReplayTheSpireMod:Exploit Weakness+1"],"picked":"Backstab+1","floor":49}],"player_experience":306162,"relics_obtained":[{"floor":6,"key":"PreservedInsect"},{"floor":9,"key":"Pear"},{"floor":10,"key":"Pen Nib"},{"floor":12,"key":"Centennial Puzzle"},{"floor":13,"key":"Simple Rune"},{"floor":17,"key":"ReplayFunnel"},{"floor":23,"key":"Red Mask"},{"floor":26,"key":"Ginger"},{"floor":27,"key":"Replay:Bandana"},{"floor":28,"key":"Vajra"},{"floor":29,"key":"Bag of Marbles"},{"floor":31,"key":"Torii"},{"floor":33,"key":"Blood Vial"},{"floor":34,"key":"ReplayTheSpireMod:Lightbulb"},{"floor":42,"key":"Durian"},{"floor":43,"key":"FossilizedHelix"},{"floor":44,"key":"Toxic Egg 2"},{"floor":45,"key":"Calipers"},{"floor":46,"key":"Eternal Feather"},{"floor":49,"key":"Toy Ornithopter"},{"floor":50,"key":"Happy Flower"}],"event_choices":[{"damage_healed":0,"gold_gain":0,"player_choice":"Box","damage_taken":0,"relics_obtained":["Shovel"],"max_hp_gain":0,"max_hp_loss":0,"event_name":"Big Fish","floor":0,"gold_loss":0,"cards_obtained":["Regret"]},{"cards_removed":["Regret"],"damage_healed":0,"gold_gain":0,"player_choice":"Forget","damage_taken":0,"max_hp_gain":0,"max_hp_loss":0,"event_name":"Living Wall","floor":3,"gold_loss":0},{"damage_healed":0,"gold_gain":0,"player_choice":"Got Potions","damage_taken":0,"max_hp_gain":0,"max_hp_loss":0,"event_name":"Lab","floor":4,"gold_loss":0},{"damage_healed":0,"gold_gain":0,"player_choice":"Take Wound","damage_taken":0,"relics_obtained":["Golden Idol"],"max_hp_gain":0,"max_hp_loss":0,"event_name":"Golden Idol","floor":8,"gold_loss":0,"cards_obtained":["Injury"]},{"damage_healed":0,"gold_gain":99,"player_choice":"Stole From Cult","damage_taken":0,"max_hp_gain":0,"max_hp_loss":0,"event_name":"Nest","floor":21,"gold_loss":0},{"damage_healed":0,"gold_gain":0,"player_choice":"Ignored","damage_taken":0,"max_hp_gain":0,"max_hp_loss":0,"event_name":"Ghosts","floor":22,"gold_loss":0},{"damage_healed":0,"gold_gain":0,"player_choice":"Fought Bandits","damage_taken":0,"max_hp_gain":0,"max_hp_loss":0,"event_name":"Masked Bandits","floor":23,"gold_loss":0},{"damage_healed":0,"gold_gain":0,"player_choice":"Relic","damage_taken":0,"max_hp_gain":0,"max_hp_loss":0,"event_name":"Wheel of Change","floor":33,"gold_loss":0},{"damage_healed":0,"gold_gain":222,"player_choice":"Wore Mask","damage_taken":0,"max_hp_gain":0,"max_hp_loss":0,"event_name":"Tomb of Lord Red Mask","floor":39,"gold_loss":0},{"damage_healed":0,"gold_gain":333,"player_choice":"Gave Idol","damage_taken":0,"max_hp_gain":0,"max_hp_loss":0,"event_name":"The Moai Head","floor":40,"relics_lost":["Golden Idol"],"gold_loss":0},{"cards_removed":["Skewer"],"damage_healed":0,"gold_gain":0,"player_choice":"Removed Attack","damage_taken":0,"max_hp_gain":0,"max_hp_loss":0,"event_name":"Falling","floor":41,"gold_loss":0},{"damage_healed":0,"gold_gain":0,"player_choice":"Fight","damage_taken":0,"max_hp_gain":0,"max_hp_loss":0,"event_name":"Mysterious Sphere","floor":43,"gold_loss":0}],"is_beta":false,"boss_relics":[{"not_picked":["Replay:Drink Me","Sozu"],"picked":"Replay:Wanted Poster"},{"not_picked":["Abe\u0027s Treasure","Painkiller Herb"],"picked":"Replay:Grab Bag"},{"not_picked":["Fusion Hammer","Replay:Bronze Core"],"picked":"Philosopher\u0027s Stone"},{"not_picked":["Velvet Choker","ReplayTheSpireMod:DimensionalGlitch"],"picked":"Cursed Key"},{"not_picked":["SacredBark","Ring of Chaos"],"picked":"Pandora\u0027s Box"}],"items_purged_floors":[47],"is_endless":false,"potions_floor_spawned":[7,11,13,14,18,24,26,35,37,49],"ascension_level":3}}