{"host":"qie2g20yrau14p9p","time":1610516012,"event":{"mods":["BaseMod","Downfall","Minty Spire (QoL Compilation)","Replay The Spire","StSLib","The Cursed","The Necromancer","The Runesmith"],"gold_per_floor":[111,111,130,130,130,155,155,23,74,74,92,92,92,15,15,140,140,161,179,205,54,164,203,203,203,203],"floor_reached":25,"playtime":1225,"items_purged":[],"score":307,"play_id":"757d590d-4f6b-45a7-9ecb-f7eb6424e2a9","local_time":"20210112233332","is_ascension_mode":false,"campfire_choices":[{"data":"Runesmith:CraftFirestone","floor":7,"key":"SMITH"},{"data":"Runesmith:Firestorm","floor":10,"key":"SMITH"},{"data":"Mind Blast","floor":12,"key":"SMITH"},{"floor":15,"key":"REST"},{"floor":24,"key":"REST"}],"circlet_count":0,"master_deck":["Runesmith:Strike_RS","Runesmith:Strike_RS","Runesmith:Strike_RS","Runesmith:Strike_RS","Runesmith:Defend_RS","Runesmith:Defend_RS","Runesmith:Defend_RS","Runesmith:Defend_RS","Runesmith:CraftFirestone+1","Runesmith:Fortify","Runesmith:CraftIncendium+1","Runesmith:HeatedChisel","Injury","Runesmith:HeatExchange","Runesmith:Firestorm+1","Mind Blast+1","Runesmith:GoWithTheFlow","Runesmith:LithiumIon","Runesmith:CraftPrismatica","Writhe","Clumsy","Replay:UnknownCurse","Runesmith:Grindstone","Runesmith:EarthShield+1","ReplayTheSpireMod:Splinters","Runesmith:OneForEveryone","Runesmith:CraftMagma","Runesmith:CraftObretio","Runesmith:RunicBlueprint+1"],"relics":["Runesmith:BrokenRuby","NeowsBlessing","Golden Idol","Runesmith:EmergencyProvisions","Replay:Ancient Bell","Runesmith:MiniCore","Replay:Bottled Eggs","Thread and Needle","ReplayTheSpireMod:TigerMarble","Medical Kit","Simple Rune"],"acts_visited":["Exordium","TheCity"],"potions_floor_usage":[11,16,16,18,23],"damage_taken":[{"damage":0,"enemies":"2 Louse","floor":1,"turns":1},{"damage":0,"enemies":"Small Slimes","floor":3,"turns":1},{"damage":0,"enemies":"Jaw Worm","floor":6,"turns":1},{"damage":0,"enemies":"Blue Slaver","floor":11,"turns":3},{"damage":35,"enemies":"Hexaghost","floor":16,"turns":8},{"damage":16,"enemies":"Shell Parasite","floor":18,"turns":5},{"damage":28,"enemies":"Chosen","floor":19,"turns":6},{"damage":38,"enemies":"Slavers","floor":23,"turns":5},{"damage":155,"enemies":"3 Cultists","floor":25,"turns":4}],"seed_played":"4789404611828675886","potions_obtained":[{"floor":3,"key":"Block Potion"},{"floor":6,"key":"BlessingOfTheForge"},{"floor":11,"key":"AttackPotion"},{"floor":16,"key":"Elixir"},{"floor":19,"key":"Regen Potion"}],"is_trial":false,"path_per_floor":["M","?","M","?","?","M","R","$","T","R","M","R","?","$","R","B",null,"M","M","T","$","?","E","R","M"],"character_chosen":"RUNESMITH_CLASS","items_purchased":["Runesmith:Firestorm","Mind Blast","Runesmith:LithiumIon","Medical Kit"],"campfire_rested":2,"item_purchase_floors":[8,8,14,21],"current_hp_per_floor":[70,75,75,75,75,75,75,75,75,75,75,75,60,60,75,40,75,59,31,31,31,31,7,29,0,0],"gold":203,"neow_bonus":"THREE_ENEMY_KILL","is_daily":false,"chose_seed":false,"campfire_upgraded":3,"win_rate":0.0,"timestamp":1610516012,"path_taken":["M","?","M","?","?","M","R","?","T","R","M","R","?","?","R","BOSS","M","M","?","$","?","E","R","?"],"items_purchased_type":["Card","Card","Card","Relic"],"build_version":"2020-12-13","purchased_purges":0,"victory":false,"max_hp_per_floor":[70,75,75,75,75,75,75,75,75,75,75,75,75,75,75,75,75,75,75,75,75,75,75,75,75,75],"card_choices":[{"not_picked":["Runesmith:Grindstone","Runesmith:Malloc"],"picked":"Runesmith:CraftIncendium","floor":1},{"not_picked":["Runesmith:UnstableHammer","Runesmith:StaticCage"],"picked":"Runesmith:HeatedChisel","floor":3},{"not_picked":["Runesmith:Grindstone","Runesmith:UnstableHammer"],"picked":"Runesmith:HeatExchange","floor":6},{"not_picked":["Runesmith:FieryHammer","Runesmith:HammerThrow"],"picked":"Runesmith:GoWithTheFlow","floor":11},{"not_picked":["Runesmith:CreatorForm","Runesmith:GenerateForcefield"],"picked":"Runesmith:CraftPrismatica","floor":16},{"not_picked":["Overencumbered","Delirium"],"picked":"Writhe","floor":17},{"not_picked":["ReplayTheSpireMod:Splinters","Voices"],"picked":"Clumsy","floor":17},{"not_picked":["Regret","Languid"],"picked":"Replay:UnknownCurse","floor":17},{"not_picked":["Runesmith:Prism","Runesmith:GoWithTheFlow"],"picked":"Runesmith:Grindstone","floor":18},{"not_picked":["Runesmith:HammerAndChisel","Runesmith:ShiftingStrike"],"picked":"Runesmith:EarthShield+1","floor":19},{"not_picked":["Runesmith:RuneHurl+1","Runesmith:CraftIncendium"],"picked":"Runesmith:OneForEveryone","floor":22},{"not_picked":["Runesmith:Retool","Runesmith:ElementalConversion"],"picked":"Runesmith:CraftMagma","floor":22},{"not_picked":["Runesmith:CraftMagma","Runesmith:Retool"],"picked":"Runesmith:CraftObretio","floor":22},{"not_picked":["Runesmith:CraftProtectio+1","Runesmith:MetallurgicalResearch"],"picked":"Runesmith:RunicBlueprint+1","floor":23}],"player_experience":20160,"relics_obtained":[{"floor":9,"key":"Runesmith:EmergencyProvisions"},{"floor":20,"key":"ReplayTheSpireMod:TigerMarble"},{"floor":23,"key":"Simple Rune"}],"event_choices":[{"damage_healed":0,"gold_gain":0,"player_choice":"Donut","damage_taken":0,"max_hp_gain":5,"max_hp_loss":0,"event_name":"Big Fish","floor":2,"gold_loss":0},{"damage_healed":0,"gold_gain":0,"player_choice":"Take Wound","damage_taken":0,"relics_obtained":["Golden Idol"],"max_hp_gain":0,"max_hp_loss":0,"event_name":"Golden Idol","floor":4,"gold_loss":0,"cards_obtained":["Injury"]},{"damage_healed":0,"gold_gain":0,"player_choice":"Entered Light","damage_taken":15,"max_hp_gain":0,"max_hp_loss":0,"event_name":"Shining Light","floor":13,"gold_loss":0,"cards_upgraded":["Runesmith:Defend_RS","Runesmith:Defend_RS"]}],"is_beta":false,"boss_relics":[{"not_picked":["ReplayTheSpireMod:DimensionalGlitch","Replay:Grab Bag"],"picked":"Replay:Ancient Bell"},{"not_picked":["Replay:Bandana","Runesmith:AutoHammer"],"picked":"Runesmith:MiniCore"},{"not_picked":["Snack Pack","Mirror"],"picked":"Replay:Bottled Eggs"},{"not_picked":["Replay:Kaleidoscope","Counterbalance"],"picked":"Thread and Needle"}],"items_purged_floors":[],"is_endless":false,"potions_floor_spawned":[3,6,11,16,19],"killed_by":"3 Cultists","ascension_level":0}}