{"host":"lmshf3swj20gmdor","time":1610581952,"event":{"mods":["2.2 Compatiblity","Aspiration","BaseMod","Conspire","Downfall","Googly Eyes","Hubris","Mad Scientist","Minty Spire (QoL Compilation)","Replay The Spire","Spikes Relics","StSLib","Synergy Search","The Construct"],"gold_per_floor":[113,126,126,140,152,183,201,253,253,253,253],"floor_reached":10,"language":"ENG","playtime":349,"items_purged":[],"score":105,"play_id":"b045e896-e501-4418-84a0-e3d028ce7e25","local_time":"20210113235232","is_ascension_mode":true,"campfire_choices":[],"circlet_count":0,"master_deck":["AscendersBane","Strike_B+1","Strike_B","Strike_B","Strike_B","Defend_B","Defend_B","Defend_B+1","Defend_B","Zap+1","Dualcast","Barrage","Conserve Battery","Streamline","Genetic Algorithm","Chill"],"relics":["Cracked Core","NeowsBlessing","Guardian:PocketSentry","Simple Rune","Darkstone Periapt"],"acts_visited":["Exordium"],"potions_floor_usage":[],"damage_taken":[{"damage":0,"enemies":"Small Slimes","floor":1,"turns":1},{"damage":0,"enemies":"Cultist","floor":2,"turns":1},{"damage":0,"enemies":"2 Louse","floor":4,"turns":1},{"damage":5,"enemies":"Looter","floor":5,"turns":3},{"damage":52,"enemies":"3 Sentries","floor":6,"turns":9},{"damage":0,"enemies":"Gremlin Gang","floor":7,"turns":4},{"damage":13,"enemies":"Lagavulin","floor":10,"turns":4}],"seed_played":"-841232987393865539","potions_obtained":[{"floor":1,"key":"sneckomod:MuddlingPotion"},{"floor":2,"key":"DistilledChaos"},{"floor":4,"key":"LifebloodPotion"}],"is_trial":false,"path_per_floor":["M","M","?","M","M","E","M","T","T","E"],"character_chosen":"DEFECT","items_purchased":[],"campfire_rested":0,"item_purchase_floors":[],"current_hp_per_floor":[68,68,68,68,63,11,11,11,11,0,0],"gold":253,"neow_bonus":"THREE_ENEMY_KILL","is_daily":false,"chose_seed":false,"campfire_upgraded":0,"win_rate":0.0,"timestamp":1610581952,"path_taken":["M","M","?","?","M","E","M","?","T","E"],"items_purchased_type":[],"build_version":"2020-12-22","purchased_purges":0,"victory":false,"max_hp_per_floor":[75,75,75,75,75,75,75,75,75,75,75],"card_choices":[{"not_picked":["Reinforced Body","Sweeping Beam"],"picked":"Barrage","floor":1},{"not_picked":["ReplayTheSpireMod:Repulse","Sweeping Beam","ReplayTheSpireMod:Reroute Power"],"picked":"SKIP","floor":2},{"not_picked":["Reprogram","Compile Driver"],"picked":"Conserve Battery","floor":4},{"not_picked":["Time Bomb","RefreshScreen"],"picked":"Streamline","floor":5},{"not_picked":["Undo","Rebound"],"picked":"Genetic Algorithm","floor":6},{"not_picked":["Cold Snap","Streamline"],"picked":"Chill","floor":7}],"player_experience":870496,"relics_obtained":[{"floor":6,"key":"Guardian:PocketSentry"},{"floor":8,"key":"Simple Rune"},{"floor":9,"key":"Darkstone Periapt"}],"event_choices":[{"damage_healed":0,"gold_gain":0,"player_choice":"Upgraded","damage_taken":0,"max_hp_gain":0,"max_hp_loss":0,"event_name":"Upgrade Shrine","floor":3,"gold_loss":0,"cards_upgraded":["Zap"]}],"is_beta":false,"boss_relics":[],"items_purged_floors":[],"is_endless":false,"potions_floor_spawned":[1,2,4,7],"killed_by":"Lagavulin","ascension_level":10}}