{"host":"50per11302020","time":1610579910,"event":{"mods":["AchievementEnabler","BaseMod","Colored Map","Minty Spire (QoL Compilation)","Relic Stats","StSLib"],"gold_per_floor":[13,13,33,49,60,91,91,91,91],"floor_reached":8,"language":"ENG","playtime":441,"items_purged":[],"score":113,"play_id":"c4e0a1a8-d0a1-4cd1-8684-6d24c54240e4","local_time":"20210113151830","is_ascension_mode":true,"campfire_choices":[{"floor":7.0,"key":"REST"}],"circlet_count":0,"master_deck":["AscendersBane","Strike_G","Strike_G","Strike_G","Strike_G","Defend_G","Defend_G","Defend_G","Defend_G","Defend_G","Survivor","Neutralize","Eviscerate","Dash","Poisoned Stab","Prepared"],"relics":["Ring of the Snake","Torii","FossilizedHelix"],"acts_visited":["Exordium"],"potions_floor_usage":[],"damage_taken":[{"damage":2.0,"enemies":"2 Louse","floor":1.0,"turns":3.0},{"damage":1.0,"enemies":"Jaw Worm","floor":3.0,"turns":3.0},{"damage":0.0,"enemies":"Cultist","floor":4.0,"turns":3.0},{"damage":1.0,"enemies":"Exordium Thugs","floor":5.0,"turns":4.0},{"damage":38.0,"enemies":"Gremlin Nob","floor":6.0,"turns":5.0},{"damage":36,"enemies":"Lagavulin","floor":8,"turns":8}],"seed_played":"61399556477004526","potions_obtained":[{"floor":1.0,"key":"Explosive Potion"}],"is_trial":false,"path_per_floor":["M","?","M","M","M","E","R","E"],"character_chosen":"THE_SILENT","items_purchased":[],"campfire_rested":1,"item_purchase_floors":[],"current_hp_per_floor":[57,57,56,56,55,17,36,0,0],"gold":91,"neow_bonus":"ONE_RARE_RELIC","is_daily":false,"chose_seed":false,"campfire_upgraded":0,"win_rate":0.0,"timestamp":1610579910,"path_taken":["M","?","M","M","M","E","R","E"],"items_purchased_type":[],"build_version":"2020-12-18","purchased_purges":0,"victory":false,"max_hp_per_floor":[66,66,66,66,66,66,66,66,66],"relic_stats":{"Torii":10,"counters":[6,26],"obtain_stats":[{"Torii":0,"FossilizedHelix":6,"Ring of the Snake":0},{"Torii":0,"FossilizedHelix":5,"Ring of the Snake":0},{"Torii":0,"FossilizedHelix":18,"Ring of the Snake":0}],"Ring of the Snake":[12]},"card_choices":[{"not_picked":["Acrobatics","PiercingWail"],"picked":"Eviscerate","floor":1.0},{"not_picked":["Slice","Reflex","Expertise"],"picked":"SKIP","floor":3.0},{"not_picked":["Setup","Slice"],"picked":"Poisoned Stab","floor":4.0},{"not_picked":["Distraction","Bane","Slice"],"picked":"SKIP","floor":5.0},{"not_picked":["Escape Plan","Choke"],"picked":"Prepared","floor":6.0}],"player_experience":197042,"relics_obtained":[{"floor":6.0,"key":"FossilizedHelix"}],"event_choices":[{"damage_healed":0.0,"max_hp_gain":0.0,"max_hp_loss":0.0,"gold_gain":0.0,"cards_transformed":["Strike_G"],"event_name":"Living Wall","player_choice":"Change","floor":2.0,"gold_loss":0.0,"damage_taken":0.0,"cards_obtained":["Dash"]}],"is_beta":true,"boss_relics":[],"items_purged_floors":[],"is_endless":false,"potions_floor_spawned":[1],"killed_by":"Lagavulin","ascension_level":19}}