{"host":"pgqkv8mh62pnrbci","time":1610540123,"event":{"mods":["2.2 Compatiblity","AchievementEnabler","BaseMod","Custom Start","DeckTracker","Minty Spire (QoL Compilation)","Replay The Spire","StSLib","SuperFastMode","¡¼?Úª?ø«¡½REMEMod"],"gold_per_floor":[118,43,57,67,67,67,67,67,67,85,134,154,165,181,181,194,194,267,267,280,105,120,133,133,133,158,170,170,220,239,273,273,62,62,135,135,147,147,161,180,192,204,238,238,261,261,261,261,261,293,293,293,293,293,83,111,111,111],"floor_reached":57,"language":"KOR","playtime":1748,"items_purged":["Strike_G","Strike_G"],"score":1601,"play_id":"e099387e-3902-447d-8133-49c3cf788979","local_time":"20210113211523","is_ascension_mode":true,"campfire_choices":[{"data":"REME_Flogging","floor":6.0,"key":"SMITH"},{"data":"Neutralize","floor":9.0,"key":"SMITH"},{"data":"Poisoned Stab","floor":15.0,"key":"SMITH"},{"data":"Acrobatics","floor":17.0,"key":"SMITH"},{"data":"After Image","floor":25.0,"key":"SMITH"},{"data":"Tools of the Trade","floor":32.0,"key":"SMITH"},{"data":"Apotheosis","floor":34.0,"key":"SMITH"},{"floor":46.0,"key":"RECALL"},{"floor":49.0,"key":"REST"},{"floor":51.0,"key":"REST"},{"floor":54.0,"key":"REST"}],"circlet_count":0,"master_deck":["AscendersBane","Strike_G","Defend_G","Defend_G+1","Defend_G+1","Defend_G","Survivor","Neutralize+1","REME_Flogging+1","Poisoned Stab+1","Acrobatics+1","ReplayTheSpireMod:Speed Training","Backstab","After Image+1","Cloak And Dagger+1","Blade Dance","Reflex","Blade Dance","Glass Knife","Blade Dance","Tools of the Trade+1","Apotheosis+1","Adrenaline","Tactician+1","PiercingWail","Tactician","ReplayTheSpireMod:Shiv Toss+1","Phantasmal Killer","Madness","Madness","REME_GreenPollution+1","Finisher"],"relics":["Ring of the Snake","REME_ComplimentaryCards","Boot","SacredBark","MutagenicStrength","Akabeko","ReplayTheSpireMod:TigerMarble","Ornamental Fan","Fusion Hammer","Blue Candle","Mummified Hand","Paper Crane","REME_PuzzleBoxRelic"],"acts_visited":["Exordium","TheCity","TheBeyond","TheEnding"],"potions_floor_usage":[],"damage_taken":[{"damage":0.0,"enemies":"2 Louse","floor":1.0,"turns":2.0},{"damage":0.0,"enemies":"Small Slimes","floor":3.0,"turns":3.0},{"damage":0.0,"enemies":"Cultist","floor":4.0,"turns":3.0},{"damage":6.0,"enemies":"Red Slaver","floor":10.0,"turns":3.0},{"damage":0.0,"enemies":"Blue Slaver","floor":12.0,"turns":2.0},{"damage":6.0,"enemies":"Exordium Wildlife","floor":13.0,"turns":3.0},{"damage":10.0,"enemies":"3 Louse","floor":14.0,"turns":3.0},{"damage":0.0,"enemies":"Large Slime","floor":16.0,"turns":2.0},{"damage":0.0,"enemies":"Hexaghost","floor":18.0,"turns":6.0},{"damage":0.0,"enemies":"2 Thieves","floor":20.0,"turns":3.0},{"damage":0.0,"enemies":"Chosen","floor":22.0,"turns":2.0},{"damage":0.0,"enemies":"3 Cultists","floor":23.0,"turns":3.0},{"damage":11.0,"enemies":"Slavers","floor":26.0,"turns":3.0},{"damage":0.0,"enemies":"Sentry and Sphere","floor":27.0,"turns":3.0},{"damage":3.0,"enemies":"Centurion and Healer","floor":30.0,"turns":3.0},{"damage":0.0,"enemies":"Replay:Snechameleon","floor":31.0,"turns":2.0},{"damage":8.0,"enemies":"Collector","floor":35.0,"turns":5.0},{"damage":0.0,"enemies":"3 Shapes","floor":37.0,"turns":2.0},{"damage":0.0,"enemies":"Orb Walker","floor":39.0,"turns":2.0},{"damage":3.0,"enemies":"4 Shapes","floor":40.0,"turns":4.0},{"damage":0.0,"enemies":"Sphere and 2 Shapes","floor":41.0,"turns":2.0},{"damage":0.0,"enemies":"Spire Growth","floor":42.0,"turns":3.0},{"damage":0.0,"enemies":"Giant Head","floor":43.0,"turns":5.0},{"damage":29.0,"enemies":"Nemesis","floor":50.0,"turns":5.0},{"damage":55.0,"enemies":"Time Eater","floor":52.0,"turns":10.0},{"damage":54.0,"enemies":"Shield and Spear","floor":56.0,"turns":5.0},{"damage":6,"enemies":"The Heart","floor":57,"turns":2}],"seed_played":"1728557038304891903","potions_obtained":[{"floor":1.0,"key":"REME_GoldPotion"},{"floor":10.0,"key":"Reflective Coating"},{"floor":13.0,"key":"FearPotion"},{"floor":16.0,"key":"SteroidPotion"},{"floor":22.0,"key":"Reflective Coating"},{"floor":27.0,"key":"ColorlessPotion"},{"floor":30.0,"key":"ColorlessPotion"},{"floor":35.0,"key":"Adrenaline Potion"},{"floor":38.0,"key":"CunningPotion"},{"floor":40.0,"key":"LifebloodPotion"},{"floor":41.0,"key":"REME_GoldPotion"},{"floor":43.0,"key":"Regen Potion"}],"is_trial":false,"path_per_floor":["M","?","M","M","?","R","PTL","PTL","R","M","T","M","M","M","R","M","R","B",null,"M","$","M","M","?","R","E","M","T","?","M","E","R","$","R","B",null,"M","?","M","M","M","M","E","?","T","R","T","?","R","E","R","B",null,"R","$","E","B"],"character_chosen":"THE_SILENT","items_purchased":["Blade Dance","Reflex","Apotheosis","Strength Potion","Energy Potion"],"campfire_rested":3,"item_purchase_floors":[21,21,33,55,55],"current_hp_per_floor":[59,59,59,59,41,41,41,41,41,35,35,35,29,19,19,19,19,19,50,50,50,50,50,50,50,39,39,39,39,36,36,36,36,36,28,52,52,52,52,49,49,49,49,49,49,49,49,38,56,46,60,5,46,60,60,6,0,0],"gold":111,"neow_bonus":"REMOVE_TWO","is_daily":false,"chose_seed":false,"campfire_upgraded":7,"win_rate":0.0,"timestamp":1610540123,"path_taken":["M","?","M","M","?","R","PTL","PTL","R","M","T","M","M","M","R","M","R","BOSS","M","$","M","M","?","R","E","M","T","?","M","E","R","$","R","BOSS","M","?","M","M","?","M","E","?","T","R","?","?","R","E","R","BOSS","R","$","E","BOSS"],"items_purchased_type":["Card","Card","Card","Potion","Potion"],"build_version":"2020-12-22","purchased_purges":2,"victory":false,"max_hp_per_floor":[60,60,60,60,60,60,60,60,60,60,60,60,60,60,60,60,60,60,60,60,60,60,60,60,60,60,60,60,60,60,60,60,60,60,60,60,60,60,60,60,60,60,60,60,60,60,60,60,60,60,60,60,60,60,60,60,60,60],"card_choices":[{"not_picked":["Deflect","Quick Slash"],"picked":"Poisoned Stab","floor":1.0},{"not_picked":["Outmaneuver","Quick Slash","Prepared"],"picked":"SKIP","floor":3.0},{"not_picked":["Prepared","Deadly Poison","Sucker Punch"],"picked":"SKIP","floor":4.0},{"not_picked":["Underhanded Strike","Catalyst"],"picked":"Acrobatics","floor":10.0},{"not_picked":["Underhanded Strike","Heel Hook"],"picked":"ReplayTheSpireMod:Speed Training","floor":12.0},{"not_picked":["Backflip","Prepared","Dagger Throw"],"picked":"SKIP","floor":13.0},{"not_picked":["Quick Slash","Deadly Poison"],"picked":"Backstab","floor":14.0},{"not_picked":["Dagger Throw","Dagger Spray"],"picked":"Escape Plan","floor":16.0},{"not_picked":["Tools of the Trade","ReplayTheSpireMod:Necrosis"],"picked":"After Image","floor":18.0},{"not_picked":["All Out Attack","Prepared"],"picked":"Cloak And Dagger+1","floor":20.0},{"not_picked":["Deadly Poison","Prepared"],"picked":"Blade Dance","floor":22.0},{"not_picked":["Catalyst","Bane","Deadly Poison"],"picked":"SKIP","floor":23.0},{"not_picked":["Eviscerate","Caltrops"],"picked":"Glass Knife","floor":26.0},{"not_picked":["Flying Knee","Dagger Spray"],"picked":"Blade Dance","floor":27.0},{"not_picked":["Eviscerate","Acrobatics","Backflip"],"picked":"SKIP","floor":30.0},{"not_picked":["Blade Dance","Hidden Blade"],"picked":"Tools of the Trade","floor":31.0},{"not_picked":["Glass Knife","Envenom"],"picked":"Adrenaline","floor":35.0},{"not_picked":["Caltrops","Calculated Gamble+1"],"picked":"Tactician+1","floor":37.0},{"not_picked":["Acrobatics","Hidden Blade"],"picked":"PiercingWail","floor":39.0},{"not_picked":["REME_ShadowStrike","Outmaneuver"],"picked":"Tactician","floor":40.0},{"not_picked":["Leg Sweep","Sucker Punch"],"picked":"ReplayTheSpireMod:Shiv Toss+1","floor":41.0},{"not_picked":["Underhanded Strike","Dodge and Roll+1","Acrobatics+1"],"picked":"SKIP","floor":42.0},{"not_picked":["Backflip","Slice"],"picked":"Phantasmal Killer","floor":43.0},{"not_picked":["Quick Slash","Flying Knee+1"],"picked":"REME_GreenPollution+1","floor":50.0},{"not_picked":["REME_ShadowStrike","Flying Knee+1"],"picked":"Finisher","floor":56.0}],"player_experience":624364,"relics_obtained":[{"floor":11.0,"key":"Boot"},{"floor":26.0,"key":"Akabeko"},{"floor":28.0,"key":"ReplayTheSpireMod:TigerMarble"},{"floor":31.0,"key":"Ornamental Fan"},{"floor":43.0,"key":"Blue Candle"},{"floor":47.0,"key":"Mummified Hand"},{"floor":50.0,"key":"Paper Crane"},{"floor":56.0,"key":"REME_PuzzleBoxRelic"}],"event_choices":[{"cards_removed":["Strike_G"],"damage_healed":0.0,"max_hp_gain":0.0,"max_hp_loss":0.0,"gold_gain":0.0,"event_name":"The Cleric","player_choice":"Card Removal","floor":2.0,"gold_loss":75.0,"damage_taken":0.0},{"damage_healed":0.0,"max_hp_gain":0.0,"max_hp_loss":0.0,"gold_gain":0.0,"event_name":"Shining Light","player_choice":"Entered Light","floor":5.0,"gold_loss":0.0,"damage_taken":18.0,"cards_upgraded":["Defend_G","Defend_G"]},{"damage_healed":0.0,"max_hp_gain":0.0,"max_hp_loss":0.0,"gold_gain":0.0,"event_name":"Drug Dealer","player_choice":"Inject Mutagens","floor":24.0,"gold_loss":0.0,"damage_taken":0.0,"relics_obtained":["MutagenicStrength"]},{"damage_healed":0.0,"max_hp_gain":0.0,"max_hp_loss":0.0,"gold_gain":50.0,"event_name":"Golden Shrine","player_choice":"Pray","floor":29.0,"gold_loss":0.0,"damage_taken":0.0},{"damage_healed":0.0,"max_hp_gain":0.0,"max_hp_loss":0.0,"gold_gain":0.0,"event_name":"Lab","player_choice":"Got Potions","floor":38.0,"gold_loss":0.0,"damage_taken":0.0},{"cards_removed":["Escape Plan"],"damage_healed":0.0,"max_hp_gain":0.0,"max_hp_loss":0.0,"gold_gain":0.0,"event_name":"Falling","player_choice":"Removed Skill","floor":44.0,"gold_loss":0.0,"damage_taken":0.0},{"damage_healed":0.0,"max_hp_gain":0.0,"max_hp_loss":0.0,"gold_gain":0.0,"event_name":"Winding Halls","player_choice":"Embrace Madness","floor":48.0,"gold_loss":0.0,"damage_taken":11.0,"cards_obtained":["Madness","Madness"]}],"is_beta":false,"boss_relics":[{"not_picked":["REME_DuelDisc","REME_ChargedStone"],"picked":"SacredBark"},{"not_picked":["Snecko Eye","SlaversCollar"],"picked":"Fusion Hammer"}],"items_purged_floors":[21,55],"is_endless":false,"potions_floor_spawned":[1,10,13,16,22,27,30,35,39,40,41,43],"killed_by":"The Heart","ascension_level":19}}