{"host":"bux1pdxjwq4dkad9","time":1610499083,"event":{"mods":["Act Like it!","BaseMod","Colored Map","Minty Spire (QoL Compilation)","Quick Restart","Spicy Shops","StSLib","SuperFastMode","°æ“≈ŒÔMod°øºÚµ•”Œœ∑","ƒßΩ‰"],"gold_per_floor":[115,40,56,56,31,58,77,103,103,103,3,3,30,48,48,152,152,171,171,171,182,27,54,81,115,141,176,188,210,222,222],"floor_reached":30,"language":"ZHS","playtime":1835,"items_purged":["RingOfDestiny:Defend_IH","RingOfDestiny:Strike_IH"],"score":604,"play_id":"f5747799-c2fb-4da1-aba5-1d55ee73a6ba","local_time":"20210113085123","is_ascension_mode":false,"campfire_choices":[{"data":"RingOfDestiny:HolyAssault2","floor":10.0,"key":"SMITH"},{"data":"RingOfDestiny:AngelTalisman2","floor":15.0,"key":"SMITH"}],"circlet_count":0,"master_deck":["Madness","Madness","Madness","Madness","Madness","Madness","Madness","Madness+1","Madness+1","Madness","Madness","Madness+1","Madness","Finesse","Madness","Madness+1","Madness","Madness","Madness","Madness","Madness","Madness+1"],"relics":["RingOfDestiny:TwinWings","ImprovedEquipment","Tiny Chest","CaptainsWheel","Kunai","Letter Opener","Black Star","TheAbacus","Potion Belt","Bottled Tornado","Oddly Smooth Stone","The Courier","Singing Bowl","Regal Pillow","MawBank","Pear"],"acts_visited":["Exordium","TheCity"],"potions_floor_usage":[],"damage_taken":[{"damage":0.0,"enemies":"Jaw Worm","floor":1.0,"turns":2.0},{"damage":0.0,"enemies":"Small Slimes","floor":3.0,"turns":3.0},{"damage":0.0,"enemies":"3 Sentries","floor":6.0,"turns":3.0},{"damage":0.0,"enemies":"Cultist","floor":7.0,"turns":1.0},{"damage":0.0,"enemies":"Lagavulin","floor":8.0,"turns":2.0},{"damage":0.0,"enemies":"Gremlin Nob","floor":13.0,"turns":1.0},{"damage":0.0,"enemies":"Looter","floor":14.0,"turns":1.0},{"damage":0.0,"enemies":"Slime Boss","floor":16.0,"turns":1.0},{"damage":0.0,"enemies":"Chosen","floor":18.0,"turns":1.0},{"damage":0.0,"enemies":"Shell Parasite","floor":21.0,"turns":1.0},{"damage":0.0,"enemies":"Book of Stabbing","floor":23.0,"turns":2.0},{"damage":0.0,"enemies":"Gremlin Leader","floor":25.0,"turns":2.0},{"damage":0.0,"enemies":"Slavers","floor":27.0,"turns":1.0},{"damage":0.0,"enemies":"Snecko","floor":29.0,"turns":1.0},{"damage":0,"enemies":"Cultist and Chosen","floor":30,"turns":1}],"seed_played":"-6989858643285593442","potions_obtained":[{"floor":1.0,"key":"Strength Potion"},{"floor":6.0,"key":"AttackPotion"},{"floor":8.0,"key":"SpeedPotion"}],"is_trial":false,"path_per_floor":["M","$","M","?","$","E","M","E","T","R","$","?","E","M","R","B",null,"M","?","T","M","$","E","T","E","T","E","?","M","M"],"character_chosen":"Inherit","items_purchased":["RingOfDestiny:HolyInterweaving2","TheAbacus"],"campfire_rested":0,"item_purchase_floors":[5,22],"current_hp_per_floor":[100,100,101,81,81,82,83,84,84,84,84,84,85,86,86,87,107,108,108,108,109,109,110,110,111,111,122,96,101,101,101],"gold":222,"neow_bonus":"TEN_PERCENT_HP_BONUS","is_daily":false,"chose_seed":false,"campfire_upgraded":2,"win_rate":0.0,"timestamp":1610499083,"path_taken":["M","$","M","?","$","E","M","E","T","R","?","?","E","M","R","BOSS","M","?","?","M","$","E","?","E","T","E","?","M","?"],"items_purchased_type":["Undefined","Relic"],"build_version":"2020-12-22","purchased_purges":2,"victory":false,"max_hp_per_floor":[100,100,101,101,101,102,103,104,104,104,104,104,105,106,106,107,107,108,108,108,109,109,110,110,111,111,122,127,129,129,129],"card_choices":[{"not_picked":["RingOfDestiny:HolyInterweaving2","RingOfDestiny:FireOfJustice2"],"picked":"RingOfDestiny:HonourJudgement2","floor":1.0},{"not_picked":["RingOfDestiny:BathingInGrace2","RingOfDestiny:HolyShock2","RingOfDestiny:WeakenStrike2"],"picked":"SKIP","floor":3.0},{"not_picked":["RingOfDestiny:HonourJudgement2","RingOfDestiny:WeakenStrike2"],"picked":"RingOfDestiny:Tsudere2","floor":6.0},{"not_picked":["RingOfDestiny:AngelTalisman2","RingOfDestiny:SwordShield2"],"picked":"RingOfDestiny:HolyAssault2","floor":7.0},{"not_picked":["RingOfDestiny:HolyInterweaving2","RingOfDestiny:ExposeAndCriticize2","RingOfDestiny:HolyJustice2"],"picked":"SKIP","floor":8.0},{"not_picked":["RingOfDestiny:HolyPressure2","RingOfDestiny:SheathOfLight2"],"picked":"RingOfDestiny:Resuscitation2","floor":13.0},{"not_picked":["RingOfDestiny:HolyStrike2","RingOfDestiny:HolyShock2"],"picked":"RingOfDestiny:AngelTalisman2","floor":14.0},{"not_picked":["RingOfDestiny:DivinePenalty2","RingOfDestiny:FinalJudgement2"],"picked":"RingOfDestiny:HolyPouring2","floor":16.0},{"not_picked":["RingOfDestiny:HolyShock2+1","RingOfDestiny:HonourJudgement2","RingOfDestiny:ExpiateSin2+2"],"picked":"SKIP","floor":18.0},{"not_picked":["RingOfDestiny:PureHeart2+1","RingOfDestiny:HolyInterweaving2"],"picked":"RingOfDestiny:AngelTalisman2","floor":21.0},{"not_picked":["RingOfDestiny:PureHeart2","RingOfDestiny:HolyGift2+1"],"picked":"RingOfDestiny:AmuletHeart2","floor":23.0},{"not_picked":["RingOfDestiny:HolyStrike2","RingOfDestiny:HolyJustice2+1"],"picked":"RingOfDestiny:JusticeWarning2","floor":25.0},{"not_picked":["RingOfDestiny:AmuletHeart2","RingOfDestiny:HolyPressure2"],"picked":"RingOfDestiny:HolyStorm2+1","floor":27.0},{"not_picked":["RingOfDestiny:HonourJudgement+1","RingOfDestiny:FairJudgement","RingOfDestiny:ShimmerBarrier"],"picked":"Singing Bowl","floor":29.0}],"player_experience":2431182,"relics_obtained":[{"floor":6.0,"key":"Tiny Chest"},{"floor":8.0,"key":"CaptainsWheel"},{"floor":9.0,"key":"Kunai"},{"floor":13.0,"key":"Letter Opener"},{"floor":23.0,"key":"Potion Belt"},{"floor":23.0,"key":"Bottled Tornado"},{"floor":24.0,"key":"Oddly Smooth Stone"},{"floor":25.0,"key":"The Courier"},{"floor":25.0,"key":"Singing Bowl"},{"floor":26.0,"key":"Regal Pillow"},{"floor":27.0,"key":"MawBank"},{"floor":27.0,"key":"Pear"}],"event_choices":[{"damage_healed":0.0,"max_hp_gain":0.0,"max_hp_loss":0.0,"gold_gain":0.0,"event_name":"Shining Light","player_choice":"Entered Light","floor":4.0,"gold_loss":0.0,"damage_taken":20.0,"cards_upgraded":["RingOfDestiny:ProtectionOfLight","RingOfDestiny:HonourJudgement2"]},{"damage_healed":0.0,"max_hp_gain":0.0,"max_hp_loss":0.0,"gold_gain":0.0,"event_name":"Match and Keep!","player_choice":"2 cards matched","floor":12.0,"gold_loss":0.0,"damage_taken":0.0,"cards_obtained":["RingOfDestiny:Tsudere2","Finesse"]},{"damage_healed":0.0,"max_hp_gain":0.0,"max_hp_loss":0.0,"gold_gain":0.0,"event_name":"The Library","player_choice":"Read","floor":19.0,"gold_loss":0.0,"damage_taken":0.0,"cards_obtained":["RingOfDestiny:AngelTalisman2"]},{"damage_healed":0.0,"max_hp_gain":5.0,"max_hp_loss":0.0,"gold_gain":0.0,"event_name":"Forgotten Altar","player_choice":"Shed Blood","floor":28.0,"gold_loss":0.0,"damage_taken":31.0}],"is_beta":false,"boss_relics":[{"not_picked":["Fusion Hammer","Philosopher\u0027s Stone"],"picked":"Black Star"}],"items_purged_floors":[2,11],"is_endless":false,"potions_floor_spawned":[1,6,8,18],"killed_by":"Cultist and Chosen","ascension_level":0}}