{"host":"22s5scuj7mu87reg","time":1610575853,"event":{"mods":["BaseMod","Colored Powertips","Dota2Spire","Downfall","Duelist Mod","GungeonMod","Halation","Hubris","Koishi","KomeijiMod","Minty Spire (QoL Compilation)","Replay The Spire","StSLib","SuperFastMode","The Jungle","The Mystic","The Necromancer","Wandering Minibosses"],"gold_per_floor":[142,160,175,187,200,231,231,245,270,300,316,316,316,316,316,316,316],"floor_reached":16,"language":"POL","playtime":895,"items_purged":[],"score":164,"play_id":"9dc03aaa-111e-485f-bb50-3f3def567522","local_time":"20210113231053","daily_mods":["Draft","Blue Cards","downfall:Hexed"],"is_ascension_mode":false,"campfire_choices":[{"floor":7,"key":"REST"},{"floor":15,"key":"REST"}],"circlet_count":0,"master_deck":["theDuelist:CastleWalls","theDuelist:Sparks","theDuelist:FlyingSaucer","theDuelist:ToonKingdom","theDuelist:ToonAncientGear","theDuelist:ToonBarrelDragon","theDuelist:ToonWorld","theDuelist:CastleWalls","theDuelist:Sparks","theDuelist:ToonAncientGear","theDuelist:BlueEyesToon","theDuelist:ToonSummonedSkull","theDuelist:ToonAncientGear","theDuelist:RedEyesToon","theDuelist:FlyingSaucer","theDuelist:ToonRollback","theDuelist:Sparks","theDuelist:TributeDoomed","theDuelist:ToonMermaid","theDuelist:MangaRyuRan","theDuelist:ShadowToon+1","theDuelist:ToonMask","theDuelist:ToonMermaid","theDuelist:ToonAncientGear","theDuelist:RedEyesToon","theDuelist:ToonMaskedSorcerer","theDuelist:AncientGearFist","theDuelist:FlyingSaucer","theDuelist:ShadowToon","theDuelist:CheerfulCoffin","theDuelist:GracefulCharity"],"relics":["theDuelist:MillenniumPuzzle","theDuelist:CardPoolRelic","theDuelist:CardPoolBasicRelic","Velvet Choker","MealTicket","Dota2Spire:Vanguard","hubris:Reverence","ThirstyCross"],"acts_visited":["Exordium"],"potions_floor_usage":[10,16,16,16],"damage_taken":[{"damage":4,"enemies":"2 Louse","floor":1,"turns":3},{"damage":3,"enemies":"Small Slimes","floor":2,"turns":3},{"damage":8,"enemies":"Cultist","floor":3,"turns":3},{"damage":15,"enemies":"2 Fungi Beasts","floor":4,"turns":3},{"damage":24,"enemies":"Large Slime","floor":5,"turns":6},{"damage":29,"enemies":"3 Sentries","floor":6,"turns":6},{"damage":17,"enemies":"Lots of Slimes","floor":8,"turns":3},{"damage":6,"enemies":"Gremlin Nob","floor":10,"turns":4},{"damage":4,"enemies":"Blue Slaver","floor":11,"turns":3},{"damage":51,"enemies":"Fading Forest","floor":16,"turns":10}],"seed_played":"-1440364906079415719","potions_obtained":[{"floor":2,"key":"AttackPotion"},{"floor":3,"key":"DemoMod:LeadSkinPotion"},{"floor":8,"key":"Swift Potion"},{"floor":10,"key":"theDuelist:BottledKuriboh"}],"is_trial":true,"path_per_floor":["M","M","M","M","M","E","R","M","T","E","M","?","?","?","R","B"],"character_chosen":"THE_DUELIST","items_purchased":[],"campfire_rested":2,"item_purchase_floors":[],"current_hp_per_floor":[79,76,72,57,33,4,28,15,15,9,5,5,5,5,29,0,0],"gold":316,"neow_bonus":"","is_daily":false,"chose_seed":true,"campfire_upgraded":0,"win_rate":0.0,"timestamp":1610575853,"path_taken":["M","?","M","M","M","E","R","M","T","E","M","?","?","?","R","BOSS"],"items_purchased_type":[],"build_version":"2020-12-13","purchased_purges":0,"victory":false,"max_hp_per_floor":[80,80,80,80,80,80,80,80,80,80,80,80,80,80,80,80,80],"card_choices":[{"not_picked":["theDuelist:CheerfulCoffin","theDuelist:ToonBarrelDragon"],"picked":"theDuelist:BlueEyesToon","floor":0},{"not_picked":["theDuelist:SpellShatteringArrow","theDuelist:RedEyesToon"],"picked":"theDuelist:ToonAncientGear","floor":0},{"not_picked":["theDuelist:ToonGoblin","theDuelist:CheerfulCoffin"],"picked":"theDuelist:ToonMask","floor":0},{"not_picked":["theDuelist:MangaRyuRan","theDuelist:ToonBriefcase"],"picked":"theDuelist:FlyingSaucer","floor":0},{"not_picked":["theDuelist:ToonMaskedSorcerer","theDuelist:CheerfulCoffin"],"picked":"theDuelist:TributeDoomed","floor":0},{"not_picked":["theDuelist:RedEyesToon","theDuelist:MangaRyuRan"],"picked":"theDuelist:ToonBarrelDragon","floor":0},{"not_picked":["theDuelist:ToonAncientGear","theDuelist:ToonBarrelDragon"],"picked":"theDuelist:ToonKingdom","floor":0},{"not_picked":["theDuelist:MangaRyuRan","theDuelist:FlyingSaucer"],"picked":"theDuelist:ToonMaskedSorcerer","floor":0},{"not_picked":["theDuelist:ToonMagic","theDuelist:ToonSummonedSkull"],"picked":"theDuelist:ToonAncientGear","floor":0},{"not_picked":["theDuelist:MangaRyuRan","theDuelist:GiantTrunade"],"picked":"theDuelist:FlyingSaucer","floor":0},{"not_picked":["theDuelist:GiantTrunade","theDuelist:MangaRyuRan"],"picked":"theDuelist:ToonAncientGear","floor":0},{"not_picked":["theDuelist:SpellShatteringArrow","theDuelist:MangaRyuRan"],"picked":"theDuelist:RedEyesToon","floor":0},{"not_picked":["theDuelist:MangaRyuRan","theDuelist:ToonBarrelDragon"],"picked":"theDuelist:ToonMermaid","floor":0},{"not_picked":["theDuelist:ToonDarkMagician","theDuelist:ToonSummonedSkull"],"picked":"theDuelist:ShadowToon","floor":0},{"not_picked":["theDuelist:ToonMaskedSorcerer","theDuelist:ToonCannonSoldier"],"picked":"theDuelist:ToonRollback","floor":0},{"not_picked":["theDuelist:FlyingSaucer","theDuelist:ToonTable","theDuelist:ToonKingdom"],"picked":"SKIP","floor":1},{"not_picked":["theDuelist:ToonBarrelDragon","theDuelist:ToonMermaid","theDuelist:FlyingSaucer"],"picked":"SKIP","floor":2},{"not_picked":["theDuelist:ToonMask","theDuelist:SpellShatteringArrow"],"picked":"theDuelist:RedEyesToon","floor":3},{"not_picked":["theDuelist:FlyingSaucer","theDuelist:ToonDefense"],"picked":"theDuelist:AncientGearFist","floor":4},{"not_picked":["theDuelist:AncientGearFist","theDuelist:CheerfulCoffin"],"picked":"theDuelist:FlyingSaucer","floor":5},{"not_picked":["theDuelist:AncientGearFist","theDuelist:ToonDarkMagicianGirl"],"picked":"theDuelist:ShadowToon","floor":6},{"not_picked":["theDuelist:MangaRyuRan","theDuelist:BlueEyesToon"],"picked":"theDuelist:CheerfulCoffin","floor":8},{"not_picked":["theDuelist:ToonTable","theDuelist:RedEyesToon","theDuelist:TributeDoomed"],"picked":"SKIP","floor":10},{"not_picked":["theDuelist:TrapHole","theDuelist:ToonMermaid"],"picked":"theDuelist:GracefulCharity","floor":11}],"player_experience":106623,"relics_obtained":[{"floor":6,"key":"MealTicket"},{"floor":9,"key":"Dota2Spire:Vanguard"},{"floor":10,"key":"hubris:Reverence"}],"event_choices":[{"damage_healed":0,"gold_gain":0,"player_choice":"Ignored","damage_taken":0,"max_hp_gain":0,"max_hp_loss":0,"event_name":"Shining Light","floor":14,"gold_loss":0}],"is_beta":false,"boss_relics":[],"items_purged_floors":[],"is_endless":false,"potions_floor_spawned":[2,3,8,10,11],"killed_by":"Fading Forest","ascension_level":0}}