{"host":"i0nufhl6g9ryeroh","time":1610543411,"event":{"mods":["2.2 Compatiblity","Act Like it!","Aspiration","Bard","BaseMod","ChefMod","Conspire","Dark Map","Downfall","Elementarium","Fox Events","Friendly Minions","GifTheSpireLib","Gremlin Mod","Halation","Hallownest","Hermit","Hubris","Infinite Spire","Jedi Mod","Jorbs\u0027s Wanderer Trilogy","Lobotomy","LobotomyExtend","Minty Spire (QoL Compilation)","Pale of the Ancients","Potionbrewer","QueenMod","Relic Stats","Replay The Spire","Robot Space Explorer","SIMod","Shop Mod","StSLib","Strawberry Spire","Stuff the Spire","The Blackbeard","The Blue Laboratory","The Bug Knight","The Construct","The Cursed","The Disciple","The Dragon Tamer","The Gatherer","The Hayseed","The Judge","The Jungle","The Marked","The Runesmith","The Sage","The Servant 0.9.4","The Showman","TheArtist","TheBandit","TheVacant","Thieving Mod","Useless Jewels Mod","Wandering Minibosses"],"gold_per_floor":[366,102,102,52,52,52,52,82,82,101,120,68,68,68,85,101,101,101,101],"floor_reached":18,"language":"RUS","playtime":1263,"items_purged":["bard:Strike"],"score":110,"play_id":"1ef66821-569c-40dd-b5dc-0ff0c510fb22","local_time":"20210113161011","is_ascension_mode":false,"campfire_choices":[{"data":"bard:LifeDrain","floor":17,"key":"SMITH"}],"circlet_count":0,"master_deck":["bard:Strike","bard:Strike","bard:Strike","bard:Defend","bard:Defend","bard:Defend","bard:Defend","bard:Inspire","bard:Accelerando+1","bard:FirstStrike+1","conspire:SpireCoStock","bard:Riposte","bard:HideousLaughter","bard:Flourish","bard:Flourish","bard:LifeDrain+1"],"relics":["bard:PitchPipe","bard:BagPipes","LetterFromLob","potionbrewer:Torch","Moonlight_r","MagicBullet_r","LaetitiaHeart","StuffTheSpire:Mouthbags","RedMistMask","Mirror"],"acts_visited":["Hallownest:Greenpath"],"potions_floor_usage":[18,18,18],"damage_taken":[{"damage":0,"enemies":"Hallownest:monsterHuskWarrior","floor":1,"turns":4},{"damage":8,"enemies":"Hallownest:eliteVengeflyKing","floor":8,"turns":6},{"damage":0,"enemies":"2_ Uuma","floor":10,"turns":1},{"damage":0,"enemies":"Hallownest:2_MossCreeps","floor":11,"turns":2},{"damage":8,"enemies":"Hallownest:Guard_and_Warrior","floor":15,"turns":2},{"damage":0,"enemies":"Hallownest:monsterFoolEater","floor":16,"turns":2},{"damage":41,"enemies":"Hallownest:BossHornet","floor":18,"turns":5}],"seed_played":"6945316716621147558","potions_obtained":[{"floor":1,"key":"Fire Potion"},{"floor":8,"key":"ColorlessPotion"},{"floor":10,"key":"blueLaboratory:LouseDecoction"}],"is_trial":false,"path_per_floor":["M","$","?","?","$","E","?","E","T","M","M","$","PTL","PTL","M","M","R","B"],"character_chosen":"BARD","items_purchased":["bard:FirstStrike","potionbrewer:Torch","bard:Flourish"],"campfire_rested":0,"item_purchase_floors":[2,2,12],"current_hp_per_floor":[63,63,39,39,39,39,29,21,21,21,21,21,21,21,13,13,13,0,0],"gold":101,"neow_bonus":"TWO_FIFTY_GOLD","is_daily":false,"chose_seed":false,"campfire_upgraded":1,"win_rate":0.0,"timestamp":1610543411,"path_taken":["M","$","?","?","$","E","?","E","T","?","M","$","PTL","PTL","M","M","R","BOSS"],"items_purchased_type":["Card","Relic","Card"],"build_version":"2020-12-22","purchased_purges":1,"victory":false,"max_hp_per_floor":[63,63,55,55,55,55,55,55,55,55,55,55,55,55,55,55,55,55,55],"relic_stats":{"counters":[7,21],"obtain_stats":[{"potionbrewer:Torch":2,"bard:BagPipes":0,"Moonlight_r":3,"bard:PitchPipe":0,"MagicBullet_r":3,"LaetitiaHeart":6,"StuffTheSpire:Mouthbags":8,"RedMistMask":8,"LetterFromLob":1,"Mirror":9},{"potionbrewer:Torch":1,"bard:BagPipes":0,"Moonlight_r":1,"bard:PitchPipe":0,"MagicBullet_r":1,"LaetitiaHeart":1,"StuffTheSpire:Mouthbags":2,"RedMistMask":2,"LetterFromLob":1,"Mirror":2},{"potionbrewer:Torch":4,"bard:BagPipes":0,"Moonlight_r":4,"bard:PitchPipe":0,"MagicBullet_r":4,"LaetitiaHeart":4,"StuffTheSpire:Mouthbags":10,"RedMistMask":10,"LetterFromLob":4,"Mirror":10}]},"card_choices":[{"not_picked":["bard:GlyphOfWarding","bard:BucklerBash"],"picked":"bard:Accelerando","floor":1},{"not_picked":["bard:Thunderwave","bard:LingeringEcho"],"picked":"bard:HideousLaughter","floor":8},{"not_picked":["bard:CuttingWords","bard:Gamble","bard:Thunderwave"],"picked":"SKIP","floor":10},{"not_picked":["bard:InspiringSong","bard:LingeringEcho","bard:ViciousMockery"],"picked":"SKIP","floor":11},{"not_picked":["bard:CuttingWords","bard:ViciousMockery","bard:MantleOfInspiration"],"picked":"SKIP","floor":15},{"not_picked":["bard:Thunderwave","bard:Aphasia"],"picked":"bard:LifeDrain","floor":16}],"player_experience":471345,"relics_obtained":[{"floor":1,"key":"LetterFromLob"},{"floor":8,"key":"StuffTheSpire:Mouthbags"},{"floor":8,"key":"RedMistMask"},{"floor":9,"key":"Mirror"}],"event_choices":[{"damage_healed":0,"gold_gain":0,"player_choice":"Invest 1","damage_taken":0,"max_hp_gain":0,"max_hp_loss":0,"event_name":"conspire:Investor","floor":4,"gold_loss":0}],"is_beta":false,"boss_relics":[],"items_purged_floors":[2],"is_endless":false,"potions_floor_spawned":[1,8,10],"killed_by":"Hallownest:BossHornet","ascension_level":0}}