{"host":"oigynbtg272c19pw","time":1610562272,"event":{"mods":["BaseMod","Colored Map","Minty Spire (QoL Compilation)","Relic Stats","StSLib"],"gold_per_floor":[116,134,153,165,185,185,212,212,239,266,279,279,279,292,292,364,364,382,399,314,66,66,66,96,116,116,116,116],"floor_reached":27,"playtime":1025,"items_purged":["Strike_P"],"score":590,"play_id":"9645373d-3c84-4a93-b2d6-ecf4c7dd62ab","local_time":"20210113192432","is_ascension_mode":true,"campfire_choices":[{"data":"Worship","floor":6.0,"key":"SMITH"},{"data":"Meditate","floor":8.0,"key":"SMITH"},{"floor":15.0,"key":"REST"},{"data":"TalkToTheHand","floor":23.0,"key":"SMITH"}],"circlet_count":0,"master_deck":["AscendersBane","Strike_P","Strike_P","Strike_P","Defend_P","Defend_P","Defend_P","Defend_P","Eruption","Vigilance","FlurryOfBlows","FlurryOfBlows","Worship+1","Meditate+1","Tantrum","Brilliance","TalkToTheHand+1","Pray","EmptyFist","DeusExMachina","LikeWater","LikeWater+1","Consecrate","Crippling Poison"],"relics":["PureWater","Potion Belt","Vajra","Smiling Mask","Omamori","Strawberry","Coffee Dripper","Mercury Hourglass","PrismaticShard","Bird Faced Urn","Meat on the Bone"],"acts_visited":["Exordium","TheCity"],"potions_floor_usage":[],"damage_taken":[{"damage":3.0,"enemies":"Small Slimes","floor":1.0,"turns":3.0},{"damage":0.0,"enemies":"2 Louse","floor":2.0,"turns":3.0},{"damage":4.0,"enemies":"Jaw Worm","floor":3.0,"turns":5.0},{"damage":6.0,"enemies":"Large Slime","floor":4.0,"turns":4.0},{"damage":19.0,"enemies":"Exordium Wildlife","floor":5.0,"turns":5.0},{"damage":7.0,"enemies":"Lagavulin","floor":7.0,"turns":5.0},{"damage":0.0,"enemies":"Gremlin Nob","floor":10.0,"turns":2.0},{"damage":8.0,"enemies":"Exordium Thugs","floor":11.0,"turns":3.0},{"damage":1.0,"enemies":"2 Fungi Beasts","floor":14.0,"turns":2.0},{"damage":29.0,"enemies":"The Guardian","floor":16.0,"turns":9.0},{"damage":17.0,"enemies":"Shell Parasite","floor":18.0,"turns":3.0},{"damage":10.0,"enemies":"Chosen","floor":19.0,"turns":4.0},{"damage":36.0,"enemies":"Slavers","floor":24.0,"turns":5.0},{"damage":9.0,"enemies":"Sentry and Sphere","floor":25.0,"turns":4.0},{"damage":50,"enemies":"Colosseum Slavers","floor":27,"turns":3}],"seed_played":"-1485807171837911165","potions_obtained":[{"floor":2.0,"key":"FairyPotion"},{"floor":5.0,"key":"SpeedPotion"},{"floor":10.0,"key":"Energy Potion"},{"floor":14.0,"key":"SteroidPotion"},{"floor":19.0,"key":"SpeedPotion"},{"floor":24.0,"key":"Ancient Potion"}],"is_trial":false,"path_per_floor":["M","M","M","M","M","R","E","R","T","E","M","?","?","M","R","B",null,"M","M","?","$","?","R","E","M","T","?"],"character_chosen":"WATCHER","items_purchased":["PrismaticShard","Consecrate"],"campfire_rested":1,"item_purchase_floors":[21,21],"current_hp_per_floor":[58,58,54,48,29,29,22,22,22,22,14,3,10,9,31,2,57,40,30,30,30,45,45,9,2,2,0,0],"gold":116,"neow_bonus":"RANDOM_COMMON_RELIC","is_daily":false,"chose_seed":false,"campfire_upgraded":3,"win_rate":0.0,"timestamp":1610562272,"path_taken":["M","M","M","M","M","R","E","R","T","E","M","?","?","M","R","BOSS","M","M","?","$","?","R","E","M","T","?"],"items_purchased_type":["Relic","Card"],"build_version":"2020-12-13","purchased_purges":1,"victory":false,"max_hp_per_floor":[68,68,68,68,68,68,68,68,68,68,68,68,75,75,75,75,75,75,75,75,75,75,75,75,75,75,75,75],"relic_stats":{"counters":[15,59],"Bird Faced Urn":[6],"Smiling Mask":25,"obtain_stats":[{"Potion Belt":0,"Strawberry":13,"Bird Faced Urn":24,"Vajra":7,"Omamori":10,"Coffee Dripper":17,"PureWater":0,"Smiling Mask":9,"PrismaticShard":21,"Mercury Hourglass":20,"Meat on the Bone":26},{"Potion Belt":0,"Strawberry":8,"Bird Faced Urn":13,"Vajra":6,"Omamori":7,"Coffee Dripper":10,"PureWater":0,"Smiling Mask":6,"PrismaticShard":12,"Mercury Hourglass":12,"Meat on the Bone":14},{"Potion Belt":0,"Strawberry":30,"Bird Faced Urn":52,"Vajra":25,"Omamori":27,"Coffee Dripper":41,"PureWater":0,"Smiling Mask":25,"PrismaticShard":48,"Mercury Hourglass":48,"Meat on the Bone":56}],"Mercury Hourglass":[50],"Meat on the Bone":0},"card_choices":[{"not_picked":["JustLucky","ClearTheMind"],"picked":"FlurryOfBlows","floor":1.0},{"not_picked":["Prostrate","Evaluate"],"picked":"FlurryOfBlows","floor":2.0},{"not_picked":["FlurryOfBlows","FollowUp"],"picked":"Worship","floor":3.0},{"not_picked":["ClearTheMind","FlyingSleeves"],"picked":"Meditate","floor":4.0},{"not_picked":["Vengeance","SandsOfTime"],"picked":"Tantrum","floor":5.0},{"not_picked":["Fasting2","SashWhip"],"picked":"Brilliance","floor":7.0},{"not_picked":["FollowUp","PathToVictory"],"picked":"TalkToTheHand","floor":10.0},{"not_picked":["FlyingSleeves","ClearTheMind"],"picked":"Pray","floor":11.0},{"not_picked":["BowlingBash","FlurryOfBlows"],"picked":"EmptyFist","floor":14.0},{"not_picked":["Judgement","Blasphemy"],"picked":"DeusExMachina","floor":16.0},{"not_picked":["ReachHeaven","BowlingBash"],"picked":"LikeWater","floor":18.0},{"not_picked":["BowlingBash","FollowUp+1"],"picked":"LikeWater+1","floor":19.0},{"not_picked":["Pommel Strike","Thunderclap","Sucker Punch"],"picked":"SKIP","floor":24.0},{"not_picked":["Shrug It Off","Outmaneuver"],"picked":"Crippling Poison","floor":25.0}],"player_experience":1380664,"relics_obtained":[{"floor":7.0,"key":"Vajra"},{"floor":9.0,"key":"Smiling Mask"},{"floor":10.0,"key":"Omamori"},{"floor":24.0,"key":"Bird Faced Urn"},{"floor":26.0,"key":"Meat on the Bone"}],"event_choices":[{"damage_healed":0.0,"max_hp_gain":0.0,"max_hp_loss":0.0,"gold_gain":0.0,"event_name":"Scrap Ooze","player_choice":"Fled","floor":12.0,"gold_loss":0.0,"damage_taken":11.0},{"damage_healed":0.0,"max_hp_gain":0.0,"max_hp_loss":0.0,"gold_gain":0.0,"event_name":"Dead Adventurer","player_choice":"Searched \u00271\u0027 times","floor":13.0,"gold_loss":0.0,"damage_taken":0.0,"relics_obtained":["Strawberry"]},{"damage_healed":0.0,"max_hp_gain":0.0,"max_hp_loss":0.0,"gold_gain":0.0,"event_name":"Addict","player_choice":"Obtained Relic","floor":20.0,"gold_loss":85.0,"damage_taken":0.0,"relics_obtained":["Mercury Hourglass"]},{"damage_healed":15.0,"max_hp_gain":0.0,"max_hp_loss":0.0,"gold_gain":0.0,"event_name":"The Library","player_choice":"Heal","floor":22.0,"gold_loss":0.0,"damage_taken":0.0},{"damage_healed":0,"gold_gain":0,"player_choice":"Fight","damage_taken":0,"max_hp_gain":0,"max_hp_loss":0,"event_name":"Colosseum","floor":27,"gold_loss":0}],"is_beta":false,"boss_relics":[{"not_picked":["Runic Pyramid","Empty Cage"],"picked":"Coffee Dripper"}],"items_purged_floors":[21],"is_endless":false,"potions_floor_spawned":[2,5,10,14,19,24],"killed_by":"Colosseum Slavers","ascension_level":20}}