{"host":"gk336il5jfnqajsw","time":1610571156,"event":{"mods":["2.2 Compatiblity","AchievementEnabler","BaseMod","Colored Powertips","Downfall","Minty Spire (QoL Compilation)","Relic Stats","StSLib"],"gold_per_floor":[119,132,148,148,160,160,176,203,203,203,203,67,94,107,107,203,203,215,226,226,236,251,251,251],"floor_reached":23,"language":"ENG","playtime":857,"items_purged":["Defend_P"],"score":230,"play_id":"dc6af3e3-1d90-4886-a642-98b51fcaa4be","local_time":"20210113135236","is_ascension_mode":false,"campfire_choices":[{"data":"Eruption","floor":6,"key":"SMITH"},{"floor":11,"key":"REST"},{"floor":15,"key":"REST"}],"circlet_count":0,"master_deck":["Strike_P","Strike_P","Strike_P+1","Strike_P","Defend_P","Defend_P","Defend_P","Eruption+1","Vigilance","Dramatic Entrance","EmptyFist+1","Halt","ThirdEye","ThirdEye","SashWhip","CutThroughFate","Crescendo","Brilliance","FollowUp+1","Ragnarok","FlyingSleeves+1"],"relics":["PureWater","PreservedInsect","The Courier","Singing Bowl","Gambling Chip","Philosopher\u0027s Stone"],"acts_visited":["Exordium","TheCity"],"potions_floor_usage":[5,8,16,21,22],"damage_taken":[{"damage":0,"enemies":"Cultist","floor":1,"turns":4},{"damage":1,"enemies":"Jaw Worm","floor":2,"turns":3},{"damage":0,"enemies":"2 Louse","floor":3,"turns":2},{"damage":0,"enemies":"2 Fungi Beasts","floor":5,"turns":2},{"damage":0,"enemies":"Exordium Wildlife","floor":7,"turns":2},{"damage":26,"enemies":"Gremlin Nob","floor":8,"turns":3},{"damage":0,"enemies":"Lagavulin","floor":13,"turns":4},{"damage":0,"enemies":"Blue Slaver","floor":14,"turns":2},{"damage":7,"enemies":"Slime Boss","floor":16,"turns":7},{"damage":0,"enemies":"Chosen","floor":18,"turns":3},{"damage":0,"enemies":"Spheric Guardian","floor":19,"turns":1},{"damage":13,"enemies":"Snecko","floor":21,"turns":4},{"damage":35,"enemies":"Snake Plant","floor":22,"turns":3},{"damage":39,"enemies":"Slavers","floor":23,"turns":2}],"seed_played":"-5600557548214381683","potions_obtained":[{"floor":1,"key":"hexamod:EctoCoolerPotion"},{"floor":3,"key":"Fruit Juice"},{"floor":8,"key":"LiquidBronze"},{"floor":14,"key":"ColorlessPotion"},{"floor":18,"key":"Swift Potion"}],"is_trial":false,"path_per_floor":["M","M","M","?","M","R","M","E","T","T","R","$","E","M","R","B",null,"M","M","?","M","M","E"],"character_chosen":"WATCHER","items_purchased":["CutThroughFate","Crescendo"],"campfire_rested":2,"item_purchase_floors":[12,12],"current_hp_per_floor":[72,71,71,57,62,62,62,36,36,36,59,59,61,63,81,74,81,81,83,83,70,35,0,0],"gold":251,"neow_bonus":"RANDOM_COLORLESS","is_daily":false,"chose_seed":false,"campfire_upgraded":1,"win_rate":0.0,"timestamp":1610571156,"path_taken":["M","M","M","?","M","R","M","E","T","?","R","$","E","M","R","BOSS","M","M","?","M","M","E"],"items_purchased_type":["Card","Card"],"build_version":"2020-12-22","purchased_purges":1,"victory":false,"max_hp_per_floor":[72,72,72,72,77,77,77,77,77,77,77,77,79,81,81,81,81,81,83,83,83,83,83,83],"relic_stats":{"Singing Bowl":6,"counters":[14,42],"Gambling Chip":[10],"PreservedInsect":68,"obtain_stats":[{"Singing Bowl":10,"Gambling Chip":13,"Philosopher\u0027s Stone":17,"PreservedInsect":8,"The Courier":9,"PureWater":0},{"Singing Bowl":6,"Gambling Chip":7,"Philosopher\u0027s Stone":9,"PreservedInsect":6,"The Courier":6,"PureWater":0},{"Singing Bowl":16,"Gambling Chip":20,"Philosopher\u0027s Stone":29,"PreservedInsect":16,"The Courier":16,"PureWater":0}]},"card_choices":[{"not_picked":["expansioncontent:LastStand","expansioncontent:PolyBeam"],"picked":"Dramatic Entrance","floor":0},{"not_picked":["Indignation","PathToVictory"],"picked":"EmptyFist","floor":1},{"not_picked":["WaveOfTheHand","Vengeance"],"picked":"Halt","floor":2},{"not_picked":["Tantrum","FlyingSleeves"],"picked":"ThirdEye","floor":3},{"not_picked":["EmptyBody","Sanctity"],"picked":"ThirdEye","floor":5},{"not_picked":["WreathOfFlame","Collect","WindmillStrike"],"picked":"SKIP","floor":7},{"not_picked":["Vengeance","EmptyBody"],"picked":"SashWhip","floor":8},{"not_picked":["Evaluate","Worship","CrushJoints"],"picked":"Singing Bowl","floor":13},{"not_picked":["WindmillStrike","Halt","EmptyBody"],"picked":"Singing Bowl","floor":14},{"not_picked":["Wish","SpiritShield"],"picked":"Brilliance","floor":16},{"not_picked":["ThirdEye+1","Nirvana+1"],"picked":"FollowUp","floor":18},{"not_picked":["Crescendo","CrushJoints","PathToVictory"],"picked":"Singing Bowl","floor":19},{"not_picked":["DeceiveReality","Crescendo"],"picked":"Ragnarok","floor":21},{"not_picked":["Conclude","Adaptation"],"picked":"FlyingSleeves+1","floor":22}],"player_experience":549625,"relics_obtained":[{"floor":8,"key":"PreservedInsect"},{"floor":9,"key":"The Courier"},{"floor":10,"key":"Singing Bowl"},{"floor":13,"key":"Gambling Chip"}],"event_choices":[{"damage_healed":0,"gold_gain":0,"player_choice":"Entered Light","damage_taken":14,"max_hp_gain":0,"max_hp_loss":0,"event_name":"Shining Light","floor":4,"gold_loss":0,"cards_upgraded":["EmptyFist","Strike_P"]},{"damage_healed":0,"gold_gain":0,"player_choice":"Forge","damage_taken":0,"max_hp_gain":0,"max_hp_loss":0,"event_name":"Accursed Blacksmith","floor":20,"gold_loss":0,"cards_upgraded":["FollowUp"]}],"is_beta":false,"boss_relics":[{"not_picked":["Empty Cage","Sozu"],"picked":"Philosopher\u0027s Stone"}],"items_purged_floors":[12],"is_endless":false,"potions_floor_spawned":[1,3,8,14,18],"killed_by":"Slavers","ascension_level":0}}