{"host":"oje6be5eir840l9r","time":1610530002,"event":{"mods":["2.2 Compatiblity","AchievementEnabler","Alarm Clock","BaseMod","Colored Map","DeckTracker","Highlight Path","Minty Spire (QoL Compilation)","Random Character Button","Rare Cards Sparkle"],"gold_per_floor":[109,109,64,64,110,136,154,172,172,172,182,182,196,212,212,314,314,328,340,340,360,360,375,375,86,141,155,168,168,178,189,189,286,286,301,151,151,151,251,251,251],"floor_reached":40,"language":"POL","playtime":2902,"items_purged":[],"score":390,"play_id":"6c5a138f-2699-4fce-a3bc-af97691d7955","local_time":"20210113102642","is_ascension_mode":false,"campfire_choices":[{"data":"Eruption","floor":10.0,"key":"SMITH"},{"data":"Wallop","floor":12.0,"key":"SMITH"},{"data":"DeceiveReality","floor":15.0,"key":"SMITH"},{"data":"ClearTheMind","floor":24.0,"key":"SMITH"},{"data":"Protect","floor":32.0,"key":"SMITH"}],"circlet_count":0,"master_deck":["Strike_P","Strike_P","Strike_P+1","Strike_P","Defend_P","Defend_P","Defend_P","Defend_P","Eruption+1","Vigilance+1","DeceiveReality+1","PathToVictory","EmptyBody","Wallop+1","Halt","Indignation","PathToVictory","PathToVictory","Judgement","EmptyBody+1","ClearTheMind+1","Protect+1","FlurryOfBlows","Consecrate","ThirdEye+1","ThirdEye","ConjureBlade","SandsOfTime","DeceiveReality","LikeWater","Madness","Madness"],"relics":["Coffee Dripper","Bronze Scales","Mummified Hand","Philosopher\u0027s Stone","Nloth\u0027s Gift","Mango","PreservedInsect","Cursed Key"],"acts_visited":["TheCity","TheBeyond"],"potions_floor_usage":[],"damage_taken":[{"damage":8.0,"enemies":"2 Louse","floor":1.0,"turns":2.0},{"damage":36.0,"enemies":"3 Sentries","floor":6.0,"turns":16.0},{"damage":0.0,"enemies":"Jaw Worm","floor":7.0,"turns":3.0},{"damage":0.0,"enemies":"Cultist","floor":8.0,"turns":3.0},{"damage":0.0,"enemies":"Exordium Thugs","floor":11.0,"turns":3.0},{"damage":0.0,"enemies":"Red Slaver","floor":13.0,"turns":1.0},{"damage":0.0,"enemies":"2 Fungi Beasts","floor":14.0,"turns":3.0},{"damage":1.0,"enemies":"The Guardian","floor":16.0,"turns":8.0},{"damage":9.0,"enemies":"Spheric Guardian","floor":18.0,"turns":4.0},{"damage":7.0,"enemies":"2 Thieves","floor":19.0,"turns":4.0},{"damage":13.0,"enemies":"Centurion and Healer","floor":21.0,"turns":5.0},{"damage":0.0,"enemies":"Snake Plant","floor":23.0,"turns":3.0},{"damage":18.0,"enemies":"3 Cultists","floor":27.0,"turns":6.0},{"damage":1.0,"enemies":"Snecko","floor":28.0,"turns":4.0},{"damage":0.0,"enemies":"Centurion and Healer","floor":30.0,"turns":4.0},{"damage":3.0,"enemies":"Snake Plant","floor":31.0,"turns":5.0},{"damage":15.0,"enemies":"Collector","floor":33.0,"turns":14.0},{"damage":0.0,"enemies":"Orb Walker","floor":35.0,"turns":4.0},{"damage":92,"enemies":"Reptomancer","floor":40,"turns":3}],"seed_played":"-3866372125968837563","potions_obtained":[{"floor":6.0,"key":"BlessingOfTheForge"},{"floor":11.0,"key":"AttackPotion"},{"floor":14.0,"key":"Dexterity Potion"},{"floor":18.0,"key":"Swift Potion"},{"floor":21.0,"key":"Explosive Potion"},{"floor":22.0,"key":"SpeedPotion"},{"floor":22.0,"key":"Dexterity Potion"},{"floor":30.0,"key":"Block Potion"}],"is_trial":false,"path_per_floor":["M","?","$","?","T","E","M","M","T","R","M","R","M","M","R","B",null,"M","M","?","M","?","M","R","$","T","M","M","?","M","M","R","B",null,"M","$","?","?","?","E"],"character_chosen":"WATCHER","items_purchased":["PathToVictory","Mango","DeceiveReality","LikeWater"],"campfire_rested":0,"item_purchase_floors":[3,25,36,36],"current_hp_per_floor":[64,64,64,50,50,14,14,14,14,14,14,14,14,14,14,13,72,63,56,56,43,43,43,43,57,57,39,38,38,38,35,35,20,86,86,86,86,75,75,0,0],"gold":251,"neow_bonus":"BOSS_RELIC","is_daily":false,"chose_seed":false,"campfire_upgraded":5,"win_rate":0.0,"timestamp":1610530002,"path_taken":["M","?","$","?","?","E","?","M","T","R","M","R","M","M","R","BOSS","M","M","?","?","?","?","R","$","T","M","M","?","M","M","R","BOSS","M","$","?","?","?","E"],"items_purchased_type":["Card","Relic","Card","Card"],"build_version":"2020-12-22","purchased_purges":0,"victory":false,"max_hp_per_floor":[72,72,72,72,72,72,72,72,72,72,72,72,72,72,72,72,72,72,72,72,72,72,72,72,86,86,86,86,86,86,86,86,86,86,86,86,86,86,86,86,86],"card_choices":[{"not_picked":["Consecrate","CrushJoints"],"picked":"DeceiveReality","floor":1.0},{"not_picked":["Perseverance","EmptyMind"],"picked":"EmptyBody","floor":6.0},{"not_picked":["WaveOfTheHand","Consecrate"],"picked":"Wallop","floor":7.0},{"not_picked":["Establishment","ThirdEye"],"picked":"Halt","floor":8.0},{"not_picked":["Halt","CutThroughFate"],"picked":"Indignation","floor":11.0},{"not_picked":["Vengeance","Evaluate"],"picked":"PathToVictory","floor":13.0},{"not_picked":["Protect","LikeWater"],"picked":"PathToVictory","floor":14.0},{"not_picked":["Vault","Scrawl"],"picked":"Judgement","floor":16.0},{"not_picked":["SashWhip+1","InnerPeace"],"picked":"EmptyBody+1","floor":18.0},{"not_picked":["Evaluate","BowlingBash"],"picked":"ClearTheMind","floor":19.0},{"not_picked":["FollowUp+1","Weave"],"picked":"Protect","floor":21.0},{"not_picked":["CrushJoints+1","JustLucky","EmptyFist"],"picked":"SKIP","floor":23.0},{"not_picked":["ClearTheMind","Brilliance"],"picked":"FlurryOfBlows","floor":27.0},{"not_picked":["EmptyFist","WreathOfFlame+1"],"picked":"Consecrate","floor":28.0},{"not_picked":["Brilliance","DevaForm"],"picked":"ThirdEye+1","floor":30.0},{"not_picked":["Meditate","CutThroughFate"],"picked":"ThirdEye","floor":31.0},{"not_picked":["DevaForm","Brilliance"],"picked":"ConjureBlade","floor":33.0},{"not_picked":["EmptyBody","Protect+1"],"picked":"SandsOfTime","floor":35}],"player_experience":24087,"relics_obtained":[{"floor":5.0,"key":"Dream Catcher"},{"floor":6.0,"key":"Bronze Scales"},{"floor":9.0,"key":"Mummified Hand"},{"floor":26.0,"key":"PreservedInsect"}],"event_choices":[{"damage_healed":0.0,"max_hp_gain":0.0,"max_hp_loss":0.0,"gold_gain":0.0,"event_name":"Golden Wing","player_choice":"Ignored","floor":2.0,"gold_loss":0.0,"damage_taken":0.0},{"damage_healed":0.0,"max_hp_gain":0.0,"max_hp_loss":0.0,"gold_gain":0.0,"event_name":"Shining Light","player_choice":"Entered Light","floor":4.0,"gold_loss":0.0,"damage_taken":14.0,"cards_upgraded":["Strike_P","Vigilance"]},{"damage_healed":0.0,"max_hp_gain":0.0,"max_hp_loss":0.0,"gold_gain":0.0,"event_name":"N\u0027loth","player_choice":"Traded Relic","floor":20.0,"relics_lost":["Dream Catcher"],"gold_loss":0.0,"damage_taken":0.0,"relics_obtained":["Nloth\u0027s Gift"]},{"damage_healed":0.0,"max_hp_gain":0.0,"max_hp_loss":0.0,"gold_gain":0.0,"event_name":"Lab","player_choice":"Got Potions","floor":22.0,"gold_loss":0.0,"damage_taken":0.0},{"damage_healed":0.0,"max_hp_gain":0.0,"max_hp_loss":0.0,"gold_gain":0.0,"event_name":"Purifier","player_choice":"Ignored","floor":29.0,"gold_loss":0.0,"damage_taken":0.0},{"damage_healed":0,"gold_gain":0,"player_choice":"Ignored","damage_taken":0,"max_hp_gain":0,"max_hp_loss":0,"event_name":"Tomb of Lord Red Mask","floor":37,"gold_loss":0},{"damage_healed":0,"gold_gain":0,"player_choice":"Embrace Madness","damage_taken":11,"max_hp_gain":0,"max_hp_loss":0,"event_name":"Winding Halls","floor":38,"gold_loss":0,"cards_obtained":["Madness","Madness"]},{"damage_healed":0,"gold_gain":100,"player_choice":"Pray","damage_taken":0,"max_hp_gain":0,"max_hp_loss":0,"event_name":"Golden Shrine","floor":39,"gold_loss":0}],"is_beta":false,"boss_relics":[{"not_picked":["Ectoplasm","SacredBark"],"picked":"Philosopher\u0027s Stone"},{"not_picked":["Snecko Eye","Calling Bell"],"picked":"Cursed Key"}],"items_purged_floors":[],"is_endless":false,"potions_floor_spawned":[6,11,14,18,19,21,28,30],"killed_by":"Reptomancer","ascension_level":0}}