{"host":"7erghha4zaoybdup","time":1610529065,"event":{"mods":["2.2 Compatiblity","AchievementEnabler","Act Like it!","Astrologer","BaseMod","CapriCore","Colored Powertips","Conspire","Downfall","Friendly Minions","Gensokyo","GifTheSpireLib","Glutton Mod","Hermit","Hubris","Infinite Spire","Jorbs\u0027s Wanderer Trilogy","Lobotomy","LobotomyExtend","MarisaÅiñ∂âJÅ@ñÇóùçπÅj","Minty Spire (QoL Compilation)","Quick Restart","Random Character Button","ReimuÅiîé??öÎÅj","Shade Mod","Somnambulant","StSLib","The Administrix","The Alterego","The Bug Knight","The Cursed","The Disciple","The Fake Hero","The Immortal","The Judge","The Marked","The Necromancer","The Poker Player","The Wild Card","Wandering Minibosses","Yakumo Yukari mod","Yuyuko","Åy?ï®?îvÅzREMEMod"],"gold_per_floor":[113,138,138,155,6,41,41,52,75,2,37,54,72,83,83,184,184,184,184,184,42,52,52,70,117,117,142,142,142,142,142,142,142,142],"floor_reached":33,"language":"ENG","playtime":2493,"items_purged":[],"score":296,"play_id":"f7c8da2e-af79-4366-9d9e-e4794d567aac","local_time":"20210113031105","is_ascension_mode":false,"campfire_choices":[{"floor":7.0,"key":"REST"},{"floor":15.0,"key":"REST"},{"data":"DoubleSpark","floor":15.0,"key":"SMITH"},{"floor":23.0,"key":"REST"},{"data":"CollectingQuirk","floor":23.0,"key":"SMITH"},{"floor":28,"key":"REST"},{"data":"StarDustReverie","floor":28,"key":"SMITH"},{"floor":32,"key":"REST"},{"data":"PropBag","floor":32,"key":"SMITH"}],"circlet_count":0,"master_deck":["Strike_MRS+1","Strike_MRS+1","Strike_MRS+1","Strike_MRS+1","Defend_MRS","Defend_MRS","Defend_MRS","MasterSpark+1","UpSweep","StarDustReverie+1","DoubleSpark+1","SprinkleStarSeal","MachineGunSpark","DarkSpark","CollectingQuirk+1","PulseMagic+1","WitchOfGreed","DoubleSpark","PropBag+1"],"relics":["MiniHakkero","REME_ComplimentaryCards","LetterFromLob","Lantern","Blood Vial","hubris:ToyBattleship","MealTicket","infinitespire:Magic Flask","conspire:SpecialSausage","Gensokyo:MosesMiracle","Juzu Bracelet","REME_CardOfGreed","Happy Flower","conspire:DecoderRing","Pen Nib","Gremlin Horn","Ornamental Fan"],"acts_visited":["Exordium","Gensokyo:Gensokyo"],"potions_floor_usage":[25,25],"damage_taken":[{"damage":0.0,"enemies":"Gensokyo:3_Fairies","floor":1.0,"turns":3.0},{"damage":6.0,"enemies":"Gensokyo:Gryphon","floor":4.0,"turns":3.0},{"damage":11.0,"enemies":"Gensokyo:Aya","floor":6.0,"turns":3.0},{"damage":0.0,"enemies":"Gensokyo:2_Kodama","floor":8.0,"turns":2.0},{"damage":7.0,"enemies":"Gensokyo:Mamizou","floor":11.0,"turns":7.0},{"damage":7.0,"enemies":"Gensokyo:2_Rabbits","floor":12.0,"turns":3.0},{"damage":11.0,"enemies":"Gensokyo:5_Fairies","floor":13.0,"turns":5.0},{"damage":6.0,"enemies":"Gensokyo:Python_and_Kodama","floor":14.0,"turns":3.0},{"damage":33.0,"enemies":"Gensokyo:Reimu","floor":16.0,"turns":9.0},{"damage":0.0,"enemies":"Gensokyo:2_Gloops","floor":22.0,"turns":2.0},{"damage":0.0,"enemies":"Gensokyo:Chomper","floor":24.0,"turns":2.0},{"damage":36,"enemies":"Gensokyo:Koishi","floor":25,"turns":5},{"damage":96,"enemies":"Gensokyo:Eternal_Rivals","floor":33,"turns":6}],"seed_played":"5330751708127930314","potions_obtained":[{"floor":1.0,"key":"SkillPotion"},{"floor":6.0,"key":"champ:CounterPotion"},{"floor":11.0,"key":"FearPotion"},{"floor":13.0,"key":"Block Potion"},{"floor":25,"key":"GrandPatriotsElixir:ReiMu"},{"floor":25,"key":"Strength Potion"}],"is_trial":false,"path_per_floor":["M","T","?","M","$","E","R","M","T","COS","E","M","M","M","R","B",null,"M","?","?","COS","M","R","M","E","T","T","R","?","?","?","R","B"],"character_chosen":"MARISA","items_purchased":["Blood Vial"],"campfire_rested":5,"item_purchase_floors":[5],"current_hp_per_floor":[75,75,53,47,47,38,60,62,62,62,57,52,43,39,61,30,75,35,35,35,35,37,64,66,32,32,32,59,59,59,59,86,0,0],"gold":142,"neow_bonus":"ONE_RANDOM_RARE_CARD","is_daily":false,"chose_seed":false,"campfire_upgraded":4,"win_rate":0.0,"timestamp":1610529065,"path_taken":["M","?","?","M","$","E","R","M","T","COS","E","M","?","M","R","BOSS","M","?","?","COS","M","R","M","E","T","?","R","?","?","?","R","BOSS"],"items_purchased_type":["Relic"],"build_version":"2020-12-22","purchased_purges":0,"victory":false,"max_hp_per_floor":[75,75,75,75,75,75,75,75,75,75,75,75,75,75,75,75,75,97,97,90,90,90,90,90,90,90,90,90,90,90,90,90,90,90],"card_choices":[{"not_picked":["DC","AsteroidBelt","NonDirectionalLaser"],"picked":"SKIP","floor":1.0},{"not_picked":["AlicesGift","MagicChant","GravityBeat"],"picked":"SKIP","floor":4.0},{"not_picked":["IllusionStar","GalacticHalo"],"picked":"DoubleSpark","floor":6.0},{"not_picked":["DoubleSpark","GravityBeat"],"picked":"SprinkleStarSeal","floor":8.0},{"not_picked":["GravityBeat","Acceleration","GalacticHalo"],"picked":"SKIP","floor":11.0},{"not_picked":["GrandCross","StarBarrage"],"picked":"MachineGunSpark","floor":12.0},{"not_picked":["GalacticHalo","PowerUp","LuminesStrike"],"picked":"SKIP","floor":13.0},{"not_picked":["EventHorizon","DeepEcoloBomb"],"picked":"DarkSpark","floor":14.0},{"not_picked":["AbsoluteMagnitude","BlazingStar"],"picked":"CollectingQuirk","floor":16.0},{"not_picked":["DragonMeteor+1","GravityBeat"],"picked":"PulseMagic+1","floor":22.0},{"not_picked":["Robbery+1","StarBarrage"],"picked":"WitchOfGreed","floor":24.0},{"not_picked":["MagicAbsorber","GrandCross","SprinkleStarSeal"],"picked":"SKIP","floor":25}],"player_experience":276083,"relics_obtained":[{"floor":1.0,"key":"LetterFromLob"},{"floor":2.0,"key":"Lantern"},{"floor":6.0,"key":"hubris:ToyBattleship"},{"floor":9.0,"key":"Potion Belt"},{"floor":11.0,"key":"MealTicket"},{"floor":25,"key":"Gensokyo:MosesMiracle"},{"floor":25,"key":"Happy Flower"},{"floor":26,"key":"conspire:DecoderRing"},{"floor":27,"key":"Pen Nib"}],"event_choices":[],"is_beta":false,"boss_relics":[{"not_picked":["hubris:BlackHole","Busted Crown"],"picked":"conspire:SpecialSausage"}],"items_purged_floors":[],"is_endless":false,"potions_floor_spawned":[1,6,11,13,25],"killed_by":"Gensokyo:Eternal_Rivals","ascension_level":0}}