{"host":"xt3o4iokwksypl90","time":1610578687,"event":{"mods":["AchievementEnabler","BaseMod","Googly Eyes","Highlight Path","Minty Spire (QoL Compilation)","Permanent Neow"],"gold_per_floor":[119,129,143,143,156,156,181,181,205,240,240,240,240,253,253,351,351,366,391,421,421,421,448,448,475,475,400,63,79,95,127,127,127,127],"floor_reached":33,"language":"ENG","playtime":1842,"items_purged":[],"score":502,"play_id":"92e41e7a-6c2b-4276-ad20-3b6225049d50","local_time":"20210113235807","is_ascension_mode":true,"campfire_choices":[{"data":"Iron Wave","floor":6,"key":"SMITH"},{"data":"Fiend Fire","floor":13,"key":"SMITH"},{"data":"Spot Weakness","floor":15,"key":"SMITH"},{"data":"Demon Form","floor":24,"key":"SMITH"},{"data":"Flame Barrier","floor":32,"key":"SMITH"}],"circlet_count":0,"master_deck":["Strike_R","Strike_R","Defend_R","Defend_R","Defend_R","Defend_R","Bash","Iron Wave+1","Headbutt","Seeing Red","Clash","Cleave","Fiend Fire+1","Spot Weakness+1","Demon Form+1","Battle Trance","Heavy Blade+1","Apotheosis","Ghostly Armor","Flame Barrier+1"],"relics":["Burning Blood","PreservedInsect","Juzu Bracelet","Akabeko","Bag of Marbles","Snecko Eye","Anchor","Red Mask","MutagenicStrength","Toy Ornithopter","White Beast Statue","StrikeDummy","Lantern","Matryoshka"],"acts_visited":["Exordium","TheCity"],"potions_floor_usage":[10,10,16,16,16,20,29,33,33],"damage_taken":[{"damage":9,"enemies":"2 Louse","floor":1,"turns":4},{"damage":5,"enemies":"Small Slimes","floor":2,"turns":3},{"damage":0,"enemies":"Cultist","floor":3,"turns":3},{"damage":12,"enemies":"Large Slime","floor":5,"turns":4},{"damage":18,"enemies":"3 Sentries","floor":7,"turns":6},{"damage":0,"enemies":"Gremlin Nob","floor":10,"turns":2},{"damage":0,"enemies":"Looter","floor":14,"turns":1},{"damage":68,"enemies":"The Guardian","floor":16,"turns":9},{"damage":5,"enemies":"2 Thieves","floor":18,"turns":3},{"damage":0,"enemies":"Masked Bandits","floor":20,"turns":3},{"damage":0,"enemies":"Book of Stabbing","floor":23,"turns":1},{"damage":0,"enemies":"Gremlin Leader","floor":25,"turns":2},{"damage":0,"enemies":"Chosen","floor":29,"turns":1},{"damage":0,"enemies":"Snake Plant","floor":30,"turns":2},{"damage":19,"enemies":"Book of Stabbing","floor":31,"turns":5},{"damage":98,"enemies":"Automaton","floor":33,"turns":8}],"seed_played":"-6190914604774825867","potions_obtained":[{"floor":0,"key":"EntropicBrew"},{"floor":0,"key":"GamblersBrew"},{"floor":0,"key":"Dexterity Potion"},{"floor":2,"key":"SteroidPotion"},{"floor":7,"key":"SkillPotion"},{"floor":10,"key":"Fruit Juice"},{"floor":16,"key":"Ancient Potion"},{"floor":20,"key":"FearPotion"},{"floor":29,"key":"Dexterity Potion"},{"floor":30,"key":"BloodPotion"}],"is_trial":false,"path_per_floor":["M","M","M","?","M","R","E","?","T","E","?","?","R","M","R","B",null,"M","T","?","?","?","E","R","E","T","?","$","M","M","E","R","B"],"character_chosen":"IRONCLAD","items_purchased":["Lantern","Apotheosis"],"campfire_rested":0,"item_purchase_floors":[28,28],"current_hp_per_floor":[69,70,76,73,67,67,55,60,60,71,64,64,64,70,70,8,70,71,71,77,77,77,83,83,89,89,89,89,90,90,77,77,7,7],"gold":127,"neow_bonus":"THREE_SMALL_POTIONS","is_daily":false,"chose_seed":false,"campfire_upgraded":5,"win_rate":0.0,"timestamp":1610578687,"path_taken":["M","M","M","?","M","R","E","?","T","E","?","?","R","M","R","BOSS","M","?","?","?","?","E","R","E","T","?","$","M","M","E","R","BOSS"],"items_purchased_type":["Relic","Card"],"build_version":"2020-12-22","purchased_purges":0,"victory":false,"max_hp_per_floor":[80,80,80,80,80,80,80,85,85,90,90,90,90,90,90,90,90,90,90,90,90,90,90,90,90,90,90,90,90,90,90,90,90,90],"card_choices":[{"not_picked":["Warcry","Inflame"],"picked":"Iron Wave","floor":1},{"not_picked":["Clothesline","Anger"],"picked":"Headbutt","floor":2},{"not_picked":["Evolve","Intimidate"],"picked":"Seeing Red","floor":3},{"not_picked":["Wild Strike","Reckless Charge"],"picked":"Clash","floor":5},{"not_picked":["Burning Pact","Combust"],"picked":"Cleave","floor":7},{"not_picked":["Blood for Blood","Feel No Pain"],"picked":"Fiend Fire","floor":10},{"not_picked":["Sever Soul","Cleave"],"picked":"Spot Weakness","floor":14},{"not_picked":["Juggernaut","Double Tap"],"picked":"Demon Form","floor":16},{"not_picked":["Pommel Strike","Sever Soul"],"picked":"Battle Trance","floor":18},{"not_picked":["Perfected Strike","Wild Strike","Offering"],"picked":"SKIP","floor":23},{"not_picked":["Flex","Battle Trance"],"picked":"Heavy Blade+1","floor":25},{"not_picked":["Wild Strike","Headbutt"],"picked":"Ghostly Armor","floor":29},{"not_picked":["True Grit","Thunderclap","Power Through"],"picked":"SKIP","floor":30},{"not_picked":["Pommel Strike+1","Anger+1"],"picked":"Flame Barrier","floor":31}],"player_experience":304738,"relics_obtained":[{"floor":7,"key":"Juzu Bracelet"},{"floor":9,"key":"Akabeko"},{"floor":10,"key":"Bag of Marbles"},{"floor":19,"key":"Anchor"},{"floor":20,"key":"Red Mask"},{"floor":23,"key":"Toy Ornithopter"},{"floor":25,"key":"White Beast Statue"},{"floor":26,"key":"StrikeDummy"},{"floor":31,"key":"Matryoshka"}],"event_choices":[{"damage_healed":0,"gold_gain":0,"player_choice":"Success","damage_taken":3,"relics_obtained":["PreservedInsect"],"max_hp_gain":0,"max_hp_loss":0,"event_name":"Scrap Ooze","floor":4,"gold_loss":0},{"damage_healed":0,"gold_gain":0,"player_choice":"Donut","damage_taken":0,"max_hp_gain":5,"max_hp_loss":0,"event_name":"Big Fish","floor":8,"gold_loss":0},{"cards_removed":["Strike_R"],"damage_healed":0,"gold_gain":0,"player_choice":"Card Removal","damage_taken":7,"max_hp_gain":0,"max_hp_loss":0,"event_name":"Golden Wing","floor":11,"gold_loss":0},{"cards_removed":["Strike_R"],"damage_healed":0,"gold_gain":0,"player_choice":"Purged","damage_taken":0,"max_hp_gain":0,"max_hp_loss":0,"event_name":"Purifier","floor":12,"gold_loss":0},{"damage_healed":0,"gold_gain":0,"player_choice":"Fought Bandits","damage_taken":0,"max_hp_gain":0,"max_hp_loss":0,"event_name":"Masked Bandits","floor":20,"gold_loss":0},{"damage_healed":0,"gold_gain":0,"player_choice":"Ignored","damage_taken":0,"max_hp_gain":0,"max_hp_loss":0,"event_name":"Vampires","floor":21,"gold_loss":0},{"damage_healed":0,"gold_gain":0,"player_choice":"Inject Mutagens","damage_taken":0,"relics_obtained":["MutagenicStrength"],"max_hp_gain":0,"max_hp_loss":0,"event_name":"Drug Dealer","floor":22,"gold_loss":0},{"cards_removed":["Strike_R"],"damage_healed":0,"gold_gain":0,"player_choice":"Gave Gold","damage_taken":0,"max_hp_gain":0,"max_hp_loss":0,"event_name":"Beggar","floor":27,"gold_loss":75}],"is_beta":false,"boss_relics":[{"not_picked":["Fusion Hammer","Black Blood"],"picked":"Snecko Eye"}],"items_purged_floors":[],"is_endless":false,"potions_floor_spawned":[2,3,7,10,16,20,25,29,30,31],"killed_by":"Automaton","ascension_level":6}}