{"host":"l2dnabsh5e0fsksb","time":1610511894,"event":{"mods":["2.2 Compatiblity","BaseMod","Downfall","Minty Spire (QoL Compilation)","Quick Restart","StSLib"],"gold_per_floor":[99,99,99,99,99,99,168,618,618,618,618],"floor_reached":9,"language":"ENG","playtime":56,"items_purged":[],"score":172,"play_id":"db8bdfe0-a41e-413a-9c47-f9ac6f9f957e","local_time":"20210113145454","is_ascension_mode":true,"campfire_choices":[{"floor":1.0,"key":"RECALL"}],"circlet_count":0,"master_deck":["AscendersBane","champ:Strike+1","champ:Strike","champ:Strike","champ:Strike","champ:Defend+1","champ:Defend+1","champ:Defend","champ:Defend","champ:Execute","champ:Taunt","champ:FanOfKnives","Regret","champ:BerserkersShout","champ:AdrenalArmor","Slimebound:Icky","Slimebound:Icky","Slimebound:Icky"],"relics":["champ:ChampionCrown","downfall:HeartsMalice","Letter Opener"],"acts_visited":["Exordium"],"potions_floor_usage":[],"damage_taken":[{"damage":0.0,"enemies":"2 Louse","floor":2.0,"turns":1.0},{"damage":0.0,"enemies":"Small Slimes","floor":5.0,"turns":1.0},{"damage":0.0,"enemies":"Cultist","floor":6.0,"turns":1.0},{"damage":0,"enemies":"Gremlin Nob","floor":9,"turns":1}],"seed_played":"-4023903143273093882","potions_obtained":[{"floor":4.0,"key":"PowerPotion"},{"floor":4.0,"key":"DuplicationPotion"}],"is_trial":false,"path_per_floor":["R","M","?","?","M","M","T","?","E"],"character_chosen":"THE_CHAMP","items_purchased":[],"campfire_rested":0,"item_purchase_floors":[],"current_hp_per_floor":[81,81,81,81,81,81,81,81,81,81,81],"gold":618,"neow_bonus":"THREE_ENEMY_KILL","is_daily":false,"chose_seed":false,"campfire_upgraded":0,"win_rate":0.0,"timestamp":1610511894,"path_taken":["R","M","?","?","M","?","T","?","E"],"items_purchased_type":[],"build_version":"2020-12-22","purchased_purges":0,"victory":false,"max_hp_per_floor":[90,90,90,90,90,90,90,90,90,90,90],"card_choices":[{"not_picked":["champ:AdrenalArmor","champ:GladiatorsShout"],"picked":"champ:FanOfKnives","floor":2.0},{"not_picked":["champ:ShieldSigil","champ:GutPunch"],"picked":"champ:BerserkersShout","floor":5.0},{"not_picked":["champ:GladiatorsShout","champ:Haymaker"],"picked":"champ:AdrenalArmor","floor":6.0}],"player_experience":1779167,"relics_obtained":[{"floor":7.0,"key":"Letter Opener"}],"event_choices":[{"damage_healed":0.0,"max_hp_gain":0.0,"max_hp_loss":0.0,"gold_gain":0.0,"event_name":"Lab","player_choice":"Got Potions","floor":4.0,"gold_loss":0.0,"damage_taken":0.0}],"is_beta":false,"boss_relics":[],"items_purged_floors":[],"is_endless":false,"potions_floor_spawned":[],"killed_by":"Gremlin Nob","ascension_level":12}}