{"host":"61xbmbtf5zrn7rzc","time":1610581809,"event":{"mods":["BaseMod","Challenge The Spire","Hubris","Infinite Spire","Minty Spire (QoL Compilation)","Replay The Spire","StSLib","SuperFastMode"],"gold_per_floor":[116,131,142,155,155,155,190,190,217,246,265,112,112,130,130,226,226,239,239,239,255,273,300,300,300],"floor_reached":24,"language":"ENG","playtime":916,"items_purged":["Strike_R"],"score":251,"play_id":"e5fccd3c-3398-4327-a6a2-943f92fbd814","local_time":"20210113185009","is_ascension_mode":true,"campfire_choices":[{"data":"Clothesline","floor":6,"key":"SMITH"},{"floor":8,"key":"REST"},{"data":"Sadistic Nature","floor":13,"key":"SMITH"},{"floor":15,"key":"REST"}],"circlet_count":0,"master_deck":["Strike_R","Strike_R","Strike_R","Strike_R","Defend_R+1","Defend_R","Defend_R","Defend_R+1","Bash","Strike_R","hubris:Defend_Merchant","Sadistic Nature+1","Clothesline+1","Dropkick","Uppercut+1","Thunderclap","Replay:Undeath\u0027s Touch","Inflame","Limit Break","Sadistic Nature+1"],"relics":["Burning Blood","infinitespire:Satchel","War Paint","Art of War","Sozu","ReplayFunnel"],"acts_visited":["Exordium","TheCity"],"potions_floor_usage":[7,16,16],"damage_taken":[{"damage":13,"enemies":"Jaw Worm","floor":1,"turns":4},{"damage":1,"enemies":"Cultist","floor":2,"turns":4},{"damage":12,"enemies":"Small Slimes","floor":3,"turns":4},{"damage":27,"enemies":"2 Fungi Beasts","floor":4,"turns":4},{"damage":29,"enemies":"3 Sentries","floor":7,"turns":7},{"damage":28,"enemies":"Gremlin Nob","floor":10,"turns":5},{"damage":6,"enemies":"3 Louse","floor":11,"turns":3},{"damage":1,"enemies":"Blue Slaver","floor":14,"turns":3},{"damage":5,"enemies":"The Guardian","floor":16,"turns":8},{"damage":15,"enemies":"3 Byrds","floor":18,"turns":5},{"damage":16,"enemies":"Spheric Guardian","floor":21,"turns":4},{"damage":10,"enemies":"Shelled Parasite and Fungi","floor":22,"turns":3},{"damage":27,"enemies":"Gremlin Leader","floor":23,"turns":5},{"damage":37,"enemies":"Snake Plant","floor":24,"turns":2}],"seed_played":"-1009445750402324833","potions_obtained":[{"floor":1,"key":"DistilledChaos"},{"floor":4,"key":"FearPotion"},{"floor":11,"key":"Swift Potion"}],"is_trial":false,"path_per_floor":["M","M","M","M","?","R","E","R","T","E","M","$","R","M","R","B",null,"M","?","?","M","M","E","M"],"character_chosen":"IRONCLAD","items_purchased":["Inflame"],"campfire_rested":2,"item_purchase_floors":[12],"current_hp_per_floor":[73,78,72,51,51,51,28,52,52,30,30,30,30,35,59,60,80,71,71,71,61,57,36,0,0],"gold":300,"neow_bonus":"RANDOM_COLORLESS_2","is_daily":false,"chose_seed":false,"campfire_upgraded":2,"win_rate":0.0,"timestamp":1610581809,"path_taken":["M","M","M","M","?","R","E","R","T","E","?","$","R","M","R","BOSS","M","?","?","M","?","E","M"],"items_purchased_type":["Card"],"build_version":"2020-12-22","purchased_purges":1,"victory":false,"max_hp_per_floor":[80,80,80,80,80,80,80,80,80,80,80,80,80,80,80,80,80,80,80,80,80,80,80,80,80],"card_choices":[{"not_picked":["Panache","Mayhem"],"picked":"Sadistic Nature","floor":0},{"not_picked":["Abandon","Infernal Blade","Body Slam"],"picked":"SKIP","floor":1},{"not_picked":["Inflame","Cleave"],"picked":"Clothesline","floor":2},{"not_picked":["Anger","Perfected Strike"],"picked":"Dropkick","floor":3},{"not_picked":["Flex","Hemogenesis"],"picked":"Uppercut","floor":4},{"not_picked":["Cleave","Havoc"],"picked":"Thunderclap","floor":7},{"not_picked":["Dark Embrace","True Grit","Blood for Blood"],"picked":"SKIP","floor":10},{"not_picked":["Sword Boomerang","hubris:ReadiedAction"],"picked":"Replay:Undeath\u0027s Touch","floor":11},{"not_picked":["Thunderclap","Reckless Charge","Replay:Undeath\u0027s Touch"],"picked":"SKIP","floor":14},{"not_picked":["Reaper","Juggernaut"],"picked":"Limit Break","floor":16},{"not_picked":["Carnage","Warcry+1","Perfected Strike"],"picked":"SKIP","floor":18},{"not_picked":["Reckless Charge","Bloodletting","Flex"],"picked":"SKIP","floor":21},{"not_picked":["Havoc","ReplayTheSpireMod:Limb From Limb","Seeing Red"],"picked":"SKIP","floor":22},{"not_picked":["Eclipse","Twin Strike","Rampage"],"picked":"SKIP","floor":23}],"player_experience":106105,"relics_obtained":[{"floor":7,"key":"infinitespire:Satchel"},{"floor":9,"key":"War Paint"},{"floor":10,"key":"Art of War"},{"floor":23,"key":"ReplayFunnel"}],"event_choices":[{"damage_healed":0,"gold_gain":0,"player_choice":"Upgraded","damage_taken":0,"max_hp_gain":0,"max_hp_loss":0,"event_name":"Upgrade Shrine","floor":5,"gold_loss":0,"cards_upgraded":["Uppercut"]},{"damage_healed":0,"gold_gain":0,"player_choice":"Copied","damage_taken":0,"max_hp_gain":0,"max_hp_loss":0,"event_name":"Duplicator","floor":20,"gold_loss":0,"cards_obtained":["Sadistic Nature"]}],"is_beta":false,"boss_relics":[{"not_picked":["Runic Cube","Philosopher\u0027s Stone"],"picked":"Sozu"}],"items_purged_floors":[12],"is_endless":false,"potions_floor_spawned":[1,4,11,18],"killed_by":"Snake Plant","ascension_level":2}}