{"host":"zk71suw73lg2r165","time":1610498674,"event":{"mods":["BaseMod","Colored Map","Minty Spire (QoL Compilation)","Permanent Neow","Relic Stats","StSLib"],"gold_per_floor":[116,116,66,79,92,92,92,122,174,208,208,219,369,382,382,461,461,478,478,76,1,1,1,17,28,75,75,101,15,15,31,31],"floor_reached":31,"language":"ENG","playtime":1067,"items_purged":["Doubt"],"score":626,"play_id":"9239b07f-2cd0-4a73-939d-fa080427c099","local_time":"20210112194434","is_ascension_mode":true,"campfire_choices":[{"data":"Defragment","floor":6.0,"key":"SMITH"},{"data":"Rainbow","floor":11.0,"key":"SMITH"},{"floor":15.0,"key":"REST"},{"data":"Hologram","floor":23.0,"key":"SMITH"},{"data":"Ghostly","floor":30,"key":"SMITH"}],"circlet_count":0,"master_deck":["AscendersBane","Strike_B+1","Strike_B+1","Strike_B+1","Defend_B+1","Defend_B+1","Defend_B+1","Defend_B+1","Zap","Dualcast","Seek","Defragment+1","Compile Driver","Steam","Lockon","Rainbow+1","Cold Snap","Sweeping Beam","Echo Form","Sunder+1","Capacitor","Hologram+1","Ghostly","Ghostly","Ghostly+1","Fusion","Storm+1","Genetic Algorithm"],"relics":["Cracked Core","DataDisk","Orichalcum","PreservedInsect","Juzu Bracelet","Snecko Eye","Membership Card","Letter Opener","Lantern","Blue Candle","OrangePellets"],"acts_visited":["Exordium","TheCity"],"potions_floor_usage":[24,28],"damage_taken":[{"damage":1.0,"enemies":"Cultist","floor":1.0,"turns":3.0},{"damage":0.0,"enemies":"2 Louse","floor":4.0,"turns":2.0},{"damage":0.0,"enemies":"Small Slimes","floor":5.0,"turns":2.0},{"damage":20.0,"enemies":"Lagavulin","floor":8.0,"turns":6.0},{"damage":0.0,"enemies":"Gremlin Nob","floor":10.0,"turns":2.0},{"damage":5.0,"enemies":"Looter","floor":12.0,"turns":3.0},{"damage":0.0,"enemies":"Large Slime","floor":14.0,"turns":4.0},{"damage":11.0,"enemies":"Hexaghost","floor":16.0,"turns":7.0},{"damage":5.0,"enemies":"Chosen","floor":18.0,"turns":4.0},{"damage":12,"enemies":"3 Byrds","floor":24,"turns":2},{"damage":7,"enemies":"Snake Plant","floor":25,"turns":4},{"damage":0,"enemies":"Gremlin Leader","floor":28,"turns":5},{"damage":0,"enemies":"3 Cultists","floor":31,"turns":5}],"seed_played":"-741634478924214287","potions_obtained":[{"floor":5.0,"key":"DistilledChaos"},{"floor":8.0,"key":"SteroidPotion"},{"floor":10.0,"key":"EssenceOfDarkness"},{"floor":18.0,"key":"PowerPotion"}],"is_trial":false,"path_per_floor":["M","?","?","M","M","R","?","E","T","E","R","M","?","M","R","B",null,"M","?","$","?","?","R","M","M","T","?","E","$","R","M"],"character_chosen":"DEFECT","items_purchased":["Membership Card","Capacitor","Letter Opener","Hologram","OrangePellets"],"campfire_rested":1,"item_purchase_floors":[20,20,20,20,29],"current_hp_per_floor":[63,68,68,68,68,68,45,25,25,25,25,20,20,20,42,31,65,60,60,60,60,38,38,26,19,19,19,19,19,19,19,19],"gold":31,"neow_bonus":"ONE_RANDOM_RARE_CARD","is_daily":false,"chose_seed":false,"campfire_upgraded":4,"win_rate":0.0,"timestamp":1610498674,"path_taken":["M","?","?","M","?","R","?","E","T","E","R","M","?","M","R","BOSS","M","?","$","?","?","R","M","M","T","?","E","?","R","M"],"items_purchased_type":["Relic","Card","Relic","Card","Relic"],"build_version":"2020-12-22","purchased_purges":1,"victory":false,"max_hp_per_floor":[71,76,76,76,76,76,76,76,76,76,76,76,76,76,76,76,76,76,76,76,76,38,38,38,38,38,38,38,38,38,38,38],"relic_stats":{"OrangePellets":[1],"counters":[13,49],"Blue Candle":[0],"Snecko Eye":[34,19,34,29],"PreservedInsect":70,"Juzu Bracelet":0,"Letter Opener":[40],"Orichalcum":[84],"obtain_stats":[{"OrangePellets":29,"DataDisk":3,"Lantern":26,"Blue Candle":28,"Snecko Eye":17,"PreservedInsect":9,"Juzu Bracelet":10,"Membership Card":20,"Letter Opener":20,"Orichalcum":8,"Cracked Core":0},{"OrangePellets":12,"DataDisk":1,"Lantern":11,"Blue Candle":12,"Snecko Eye":8,"PreservedInsect":4,"Juzu Bracelet":5,"Membership Card":9,"Letter Opener":9,"Orichalcum":4,"Cracked Core":0},{"OrangePellets":44,"DataDisk":3,"Lantern":39,"Blue Candle":44,"Snecko Eye":29,"PreservedInsect":13,"Juzu Bracelet":15,"Membership Card":33,"Letter Opener":33,"Orichalcum":13,"Cracked Core":0}]},"card_choices":[{"not_picked":["Turbo","Redo"],"picked":"Defragment","floor":1.0},{"not_picked":["Melter","Fusion"],"picked":"Compile Driver","floor":4.0},{"not_picked":["Rebound","Barrage"],"picked":"Steam","floor":5.0},{"not_picked":["Fusion","Leap"],"picked":"Lockon","floor":8.0},{"not_picked":["Stack","Leap"],"picked":"Rainbow","floor":10.0},{"not_picked":["Barrage","Fusion"],"picked":"Cold Snap","floor":12.0},{"not_picked":["Streamline","Beam Cell"],"picked":"Sweeping Beam","floor":14.0},{"not_picked":["Machine Learning","Rainbow"],"picked":"Echo Form","floor":16.0},{"not_picked":["Steam Power+1","Turbo"],"picked":"Sunder+1","floor":18.0},{"not_picked":["Leap","FTL","Redo"],"picked":"SKIP","floor":24},{"not_picked":["Streamline","Force Field","Lockon+1"],"picked":"SKIP","floor":25},{"not_picked":["Streamline","Gash"],"picked":"Storm+1","floor":28},{"not_picked":["Force Field","Amplify"],"picked":"Genetic Algorithm","floor":31}],"player_experience":1338682,"relics_obtained":[{"floor":8.0,"key":"Orichalcum"},{"floor":9.0,"key":"PreservedInsect"},{"floor":10.0,"key":"Juzu Bracelet"},{"floor":26,"key":"Lantern"},{"floor":28,"key":"Blue Candle"}],"event_choices":[{"damage_healed":0.0,"max_hp_gain":5.0,"max_hp_loss":0.0,"gold_gain":0.0,"event_name":"Big Fish","player_choice":"Donut","floor":2.0,"gold_loss":0.0,"damage_taken":0.0},{"damage_healed":0.0,"max_hp_gain":0.0,"max_hp_loss":0.0,"gold_gain":0.0,"event_name":"WeMeetAgain","player_choice":"Paid Gold","floor":3.0,"gold_loss":50.0,"damage_taken":0.0,"relics_obtained":["DataDisk"]},{"damage_healed":0.0,"max_hp_gain":0.0,"max_hp_loss":0.0,"gold_gain":0.0,"event_name":"Shining Light","player_choice":"Entered Light","floor":7.0,"gold_loss":0.0,"damage_taken":23.0,"cards_upgraded":["Defend_B","Defend_B"]},{"damage_healed":0.0,"max_hp_gain":0.0,"max_hp_loss":0.0,"gold_gain":150.0,"event_name":"Liars Game","player_choice":"AGREE","floor":13.0,"gold_loss":0.0,"damage_taken":0.0,"cards_obtained":["Doubt"]},{"damage_healed":0.0,"max_hp_gain":0.0,"max_hp_loss":0.0,"gold_gain":0.0,"event_name":"Back to Basics","player_choice":"Simplicity","floor":19.0,"gold_loss":0.0,"damage_taken":0.0,"cards_upgraded":["Strike_B","Strike_B","Strike_B","Strike_B","Defend_B","Defend_B"]},{"cards_removed":["Strike_B"],"damage_healed":0.0,"max_hp_gain":0.0,"max_hp_loss":0.0,"gold_gain":0.0,"event_name":"Beggar","player_choice":"Gave Gold","floor":21.0,"gold_loss":75.0,"damage_taken":0.0},{"damage_healed":0.0,"max_hp_gain":0.0,"max_hp_loss":38.0,"gold_gain":0.0,"event_name":"Ghosts","player_choice":"Became a Ghost","floor":22.0,"gold_loss":0.0,"damage_taken":0.0,"cards_obtained":["Ghostly","Ghostly","Ghostly"]},{"damage_healed":0,"gold_gain":0,"player_choice":"Read","damage_taken":0,"max_hp_gain":0,"max_hp_loss":0,"event_name":"The Library","floor":27,"gold_loss":0,"cards_obtained":["Fusion"]}],"is_beta":false,"boss_relics":[{"not_picked":["FrozenCore","Ectoplasm"],"picked":"Snecko Eye"}],"items_purged_floors":[20],"is_endless":false,"potions_floor_spawned":[5,8,10,18],"killed_by":"3 Cultists","ascension_level":20}}