{"host":"jmdwsiegw2vwqzt1","time":1610499304,"event":{"mods":["2.2 Compatiblity","AchievementEnabler","BaseMod","Better Third Choice","Better Vampires","Colored Powertips","Custom Start","Dio Mod","Downfall","Hermit","Highlight Path","Jorbs\u0027s Wanderer Trilogy","Marisa????????","Minty Spire (QoL Compilation)","Permanent Neow","Quick Restart","Rare Cards Sparkle","Relic Stats","Spicy Shops","StSLib","SuperFastMode","The Bug Knight","The Cursed","The Disciple","The Hierophant","The Necromancer","The Servant 0.9.4","slay the spire mod where everything is the same but ironclad has a cowboy hat"],"gold_per_floor":[99,110,110,285,297,23,23,8,27,41,41,51,51,65,85,189,189,114,114,130,143,74,74,74,13,13,13,0,17,17,34,46,143,143,68,86,86,100,116,116,116,116,116,116],"floor_reached":42,"language":"ENG","playtime":1674,"items_purged":["Doubt"],"score":415,"play_id":"aa854d91-1624-413c-bf24-07d4d462715a","local_time":"20210112195504","is_ascension_mode":false,"campfire_choices":[{"floor":1,"key":"RECALL"},{"data":"Slimebound:Grow","floor":13,"key":"SMITH"},{"floor":18,"key":"REST"},{"floor":26,"key":"REST"},{"floor":30,"key":"REST"},{"floor":35,"key":"REST"}],"circlet_count":0,"master_deck":["Slimebound:Strike_Slimebound","Slimebound:Strike_Slimebound","Slimebound:Tackle","Slimebound:Defend_Slimebound","Slimebound:Defend_Slimebound","Slimebound:Defend_Slimebound","Slimebound:Defend_Slimebound","Slimebound:Split","Slimebound:CorrosiveSpit","Slimebound:SlimeSpikes","Slimebound:SamplingLick","Slimebound:SplitLeeching","Slimebound:Grow+1","Slimebound:SamplingLick","Slimebound:Nibble","Slimebound:SelfFormingGoo","Slimebound:SelfFormingGoo","Slimebound:Schlurp+1","Slimebound:SlimeSpikes","Slimebound:SplitLeeching","Slimebound:SamplingLick+1","Slimebound:SplitLeeching","Slimebound:ProtectTheBoss+1","Slimebound:SplitMire","Slimebound:HauntingLick","Slimebound:WasteNot","Slimebound:SlimeSpikes","Slimebound:AcidTongue+1","Slimebound:Repurpose+1"],"relics":["Slimebound:AbsorbEndCombatUpgraded","Ancient Tea Set","Strange Spoon","Singing Bowl","Happy Flower","Fusion Hammer","downfall:HeartBlessingRed","HollowMod:LifeEnderRelic","downfall:HeartBlessingBlue","Slimebound:SlimedTailRelic"],"acts_visited":["Exordium","TheCity","TheBeyond"],"potions_floor_usage":[16,39,42,42,42],"damage_taken":[{"damage":7,"enemies":"Cultist","floor":2,"turns":3},{"damage":4,"enemies":"Small Slimes","floor":5,"turns":3},{"damage":12,"enemies":"downfall:FleeingMerchant","floor":6,"turns":4},{"damage":14,"enemies":"downfall:FleeingMerchant","floor":8,"turns":4},{"damage":8,"enemies":"2 Louse","floor":9,"turns":2},{"damage":21,"enemies":"Exordium Thugs","floor":10,"turns":5},{"damage":19,"enemies":"Lots of Slimes","floor":12,"turns":5},{"damage":12,"enemies":"2 Fungi Beasts","floor":14,"turns":4},{"damage":8,"enemies":"Exordium Thugs","floor":15,"turns":4},{"damage":57,"enemies":"downfall:Defect","floor":16,"turns":9},{"damage":12,"enemies":"Shell Parasite","floor":20,"turns":6},{"damage":25,"enemies":"Centurion and Healer","floor":21,"turns":6},{"damage":22,"enemies":"downfall:FleeingMerchant","floor":22,"turns":4},{"damage":21,"enemies":"downfall:FleeingMerchant","floor":25,"turns":4},{"damage":35,"enemies":"downfall:FleeingMerchant","floor":28,"turns":4},{"damage":25,"enemies":"Shelled Parasite and Fungi","floor":29,"turns":5},{"damage":34,"enemies":"3 Cultists","floor":31,"turns":7},{"damage":16,"enemies":"Snecko","floor":32,"turns":5},{"damage":90,"enemies":"downfall:Silent","floor":33,"turns":10},{"damage":24,"enemies":"3 Shapes","floor":36,"turns":6},{"damage":19,"enemies":"Orb Walker","floor":38,"turns":4},{"damage":30,"enemies":"Transient","floor":39,"turns":5},{"damage":111,"enemies":"Reptomancer","floor":42,"turns":4}],"seed_played":"7415355846271271039","potions_obtained":[{"floor":9,"key":"SpeedPotion"},{"floor":10,"key":"Energy Potion"},{"floor":12,"key":"EssenceOfSteel"},{"floor":29,"key":"Explosive Potion"},{"floor":31,"key":"LiquidMemories"},{"floor":32,"key":"CultistPotion"},{"floor":33,"key":"Slimebound:ThreeZeroPotion"},{"floor":39,"key":"Strength Potion"}],"is_trial":false,"path_per_floor":["R","M","?","?","M","$","T","$","M","M","?","M","R","M","M","B",null,"R","?","M","M","$","?","T","$","R","T","$","M","R","M","M","B",null,"R","M","?","M","M","?","T","E"],"character_chosen":"SLIMEBOUND","items_purchased":["Strange Spoon","Slimebound:Grow","Slimebound:SplitLeeching","Slimebound:SplitLeeching"],"campfire_rested":4,"item_purchase_floors":[6,6,22,25],"current_hp_per_floor":[60,60,65,65,65,61,61,63,61,60,57,52,52,58,66,35,73,73,73,71,66,60,60,60,55,75,75,58,53,75,67,73,21,77,87,87,87,84,87,87,87,0,0,0],"gold":116,"neow_bonus":"RANDOM_COMMON_RELIC","is_daily":false,"chose_seed":false,"campfire_upgraded":1,"win_rate":0.0,"timestamp":1610499304,"path_taken":["R","M","?","?","M","$","T","$","M","M","?","M","R","?","M","BOSS","R","?","?","M","$","?","T","?","R","?","$","?","R","M","M","BOSS","R","M","?","?","?","?","T","E"],"items_purchased_type":["Relic","Card","Card","Card"],"build_version":"2020-12-22","purchased_purges":1,"victory":false,"max_hp_per_floor":[60,60,65,65,65,65,65,67,67,69,69,69,69,71,73,73,73,73,73,73,75,75,75,75,75,75,75,75,75,75,75,77,77,77,87,87,87,87,87,87,87,87,87,87],"relic_stats":{"Strange Spoon":[126],"Singing Bowl":12,"Happy Flower":[30],"counters":[23,112],"obtain_stats":[{"Strange Spoon":6,"HollowMod:LifeEnderRelic":24,"Singing Bowl":7,"Happy Flower":11,"downfall:HeartBlessingRed":18,"downfall:HeartBlessingBlue":35,"Fusion Hammer":17,"Slimebound:AbsorbEndCombat":0,"Ancient Tea Set":0,"Slimebound:AbsorbEndCombatUpgraded":34,"Slimebound:SlimedTailRelic":41},{"Strange Spoon":3,"HollowMod:LifeEnderRelic":13,"Singing Bowl":3,"Happy Flower":6,"downfall:HeartBlessingRed":10,"downfall:HeartBlessingBlue":19,"Fusion Hammer":10,"Slimebound:AbsorbEndCombat":0,"Ancient Tea Set":0,"Slimebound:AbsorbEndCombatUpgraded":19,"Slimebound:SlimedTailRelic":22},{"Strange Spoon":10,"HollowMod:LifeEnderRelic":58,"Singing Bowl":10,"Happy Flower":21,"downfall:HeartBlessingRed":42,"downfall:HeartBlessingBlue":93,"Fusion Hammer":42,"Slimebound:AbsorbEndCombat":0,"Ancient Tea Set":0,"Slimebound:AbsorbEndCombatUpgraded":93,"Slimebound:SlimedTailRelic":108}]},"card_choices":[{"not_picked":["Slimebound:Schlurp","Slimebound:ViciousTackle"],"picked":"Slimebound:SlimeSpikes","floor":2},{"not_picked":["Slimebound:SlimeSpikes","Slimebound:SplitMire"],"picked":"Slimebound:SamplingLick","floor":5},{"not_picked":["Slimebound:ComboTackle","Slimebound:Replication"],"picked":"Slimebound:SplitLeeching","floor":6},{"not_picked":["Slimebound:BestDefense","Slimebound:GrowthPunch","Slimebound:DouseInSlime"],"picked":"Singing Bowl","floor":8},{"not_picked":["Slimebound:SplitBruiser","Slimebound:ComboTackle"],"picked":"Slimebound:SamplingLick","floor":9},{"not_picked":["Slimebound:SplitMire","Slimebound:ComboTackle","Slimebound:ViciousTackle"],"picked":"Singing Bowl","floor":10},{"not_picked":["Slimebound:LeechEnergy","Slimebound:ItLooksTasty"],"picked":"Slimebound:Nibble","floor":12},{"not_picked":["Slimebound:ComboTackle","Slimebound:FormOfPuddle","Slimebound:FinishingTackle"],"picked":"Singing Bowl","floor":14},{"not_picked":["Slimebound:Equalize","Slimebound:SplitMire","Slimebound:RainOfGoop"],"picked":"Singing Bowl","floor":15},{"not_picked":["Slimebound:MassRepurpose","Slimebound:DuplicatedForm"],"picked":"Slimebound:SelfFormingGoo","floor":16},{"not_picked":["Slimebound:ViciousTackle","Slimebound:RollThrough+1"],"picked":"Slimebound:Schlurp+1","floor":20},{"not_picked":["Slimebound:FinishingTackle","Slimebound:FlameTackle+1","Slimebound:RollThrough"],"picked":"Singing Bowl","floor":21},{"not_picked":["Slimebound:DuplicatedForm","Slimebound:Schlurp"],"picked":"Slimebound:SlimeSpikes","floor":22},{"not_picked":["Slimebound:RallyTheTroops","Slimebound:SplitAcid+1"],"picked":"Slimebound:SamplingLick+1","floor":25},{"not_picked":["Slimebound:Equalize","Slimebound:SlimeSlap"],"picked":"Slimebound:ProtectTheBoss+1","floor":28},{"not_picked":["Slimebound:SpikyOuterGoop","Slimebound:GoopSpray"],"picked":"Slimebound:SplitMire","floor":29},{"not_picked":["Slimebound:ComboTackle+1","Slimebound:SplitMire"],"picked":"Slimebound:HauntingLick","floor":31},{"not_picked":["Slimebound:LeechEnergy+1","Slimebound:GoopSpray","Slimebound:Schlurp"],"picked":"Singing Bowl","floor":32},{"not_picked":["Slimebound:PrepareCrush","Slimebound:SlimeSlap"],"picked":"Slimebound:WasteNot","floor":33},{"not_picked":["Slimebound:AcidTongue+1","Slimebound:ViciousTackle"],"picked":"Slimebound:SlimeSpikes","floor":36},{"not_picked":["Slimebound:GoopSpray+1","Slimebound:ForwardTackle+1"],"picked":"Slimebound:AcidTongue+1","floor":38},{"not_picked":["Slimebound:ViciousTackle+1","Slimebound:ComboTackle"],"picked":"Slimebound:Repurpose+1","floor":39}],"player_experience":324589,"relics_obtained":[{"floor":7,"key":"Singing Bowl"},{"floor":24,"key":"HollowMod:LifeEnderRelic"},{"floor":41,"key":"Slimebound:SlimedTailRelic"}],"event_choices":[{"damage_healed":0,"gold_gain":0,"player_choice":"Donut","damage_taken":0,"max_hp_gain":5,"max_hp_loss":0,"event_name":"Big Fish","floor":3,"gold_loss":0},{"damage_healed":0,"gold_gain":0,"player_choice":"Success","damage_taken":3,"relics_obtained":["Happy Flower"],"max_hp_gain":0,"max_hp_loss":0,"event_name":"Scrap Ooze","floor":11,"gold_loss":0},{"damage_healed":0,"gold_gain":0,"player_choice":"Copied","damage_taken":0,"max_hp_gain":0,"max_hp_loss":0,"event_name":"Duplicator","floor":19,"gold_loss":0,"cards_obtained":["Slimebound:SelfFormingGoo"]},{"damage_healed":0,"gold_gain":0,"player_choice":"Ignored","damage_taken":0,"max_hp_gain":0,"max_hp_loss":0,"event_name":"NoteForYourself","floor":23,"gold_loss":0},{"damage_healed":0,"gold_gain":0,"player_choice":"Got Potions","damage_taken":0,"max_hp_gain":0,"max_hp_loss":0,"event_name":"Lab","floor":37,"gold_loss":0},{"cards_removed":["Slimebound:Strike_Slimebound"],"damage_healed":0,"gold_gain":0,"player_choice":"Removed Attack","damage_taken":0,"max_hp_gain":0,"max_hp_loss":0,"event_name":"Falling","floor":40,"gold_loss":0}],"is_beta":false,"boss_relics":[{"not_picked":["Tiny House","Runic Dome"],"picked":"Fusion Hammer"},{"not_picked":["Calling Bell","Slimebound:TarBlob"],"picked":"Slimebound:AbsorbEndCombatUpgraded"}],"items_purged_floors":[6],"is_endless":false,"potions_floor_spawned":[9,10,12,15,29,31,32,33,39],"killed_by":"Reptomancer","ascension_level":0}}