{"host":"qd0djjbxud4lzzbr","time":1610529209,"event":{"mods":["AchievementEnabler","BaseMod","Bestiary","Minty Spire (QoL Compilation)","StSLib","UnlockEverythingMod"],"gold_per_floor":[115,290,290,63,63,63,63,63,63,63,13,13,13,38,38,169,169,193,16,16,37,68,68,18,18,18,18,43,43,43,43,43,171,171,191,554,612,289,289,289,289,289,339,355,392,737,443,469,469,571,571,571],"floor_reached":51,"language":"ZHS","playtime":1012,"items_purged":["Doubt"],"score":986,"play_id":"759863e5-2cbe-4ebd-9ae7-f055f2014797","local_time":"20210113171329","daily_mods":["SealedDeck","Vintage","Heirloom","Time Dilation","Flight"],"is_ascension_mode":true,"campfire_choices":[{"floor":6,"key":"DIG"},{"floor":8,"key":"DIG"},{"floor":10,"key":"DIG"},{"floor":12,"key":"DIG"},{"floor":15,"key":"DIG"},{"data":"Limit Break","floor":23,"key":"SMITH"},{"data":"Inflame","floor":25,"key":"SMITH"},{"data":"Heavy Blade","floor":27,"key":"SMITH"},{"data":"Heavy Blade","floor":29,"key":"SMITH"},{"data":"Pummel","floor":30,"key":"SMITH"},{"data":"Pummel","floor":32,"key":"SMITH"},{"data":"Feed","floor":40,"key":"SMITH"},{"floor":41,"key":"DIG"},{"floor":42,"key":"DIG"},{"data":"Thunderclap","floor":49,"key":"SMITH"}],"circlet_count":0,"master_deck":["Pummel+1","Heavy Blade+1","Pummel+1","Heavy Blade+1","Cleave","Thunderclap+1","Shrug It Off","Warcry+1","Shrug It Off+1","Limit Break+1","Inflame+1","Feed+1","Flash of Steel"],"relics":["Burning Blood","Shovel","Lantern","Brimstone","Self Forming Clay","Orichalcum","Centennial Puzzle","Gremlin Horn","Torii","Ancient Tea Set","Pear","MealTicket","Blue Candle","SacredBark","Regal Pillow","Membership Card","Potion Belt","Red Mask","Matryoshka","Bird Faced Urn","Busted Crown","War Paint","Old Coin","Magic Flower","Oddly Smooth Stone","Paper Frog","Cauldron","Juzu Bracelet","CeramicFish","Nunchaku","Vajra","MawBank","Omamori","Bag of Preparation","Mango","Sling","Boot","Bronze Scales","Coffee Dripper"],"acts_visited":["Exordium","TheCity","TheBeyond","Exordium"],"potions_floor_usage":[16,33],"damage_taken":[{"damage":0,"enemies":"2 Louse","floor":1,"turns":2},{"damage":0,"enemies":"Small Slimes","floor":14,"turns":1},{"damage":13,"enemies":"The Guardian","floor":16,"turns":5},{"damage":0,"enemies":"3 Byrds","floor":18,"turns":3},{"damage":6,"enemies":"2 Thieves","floor":21,"turns":2},{"damage":1,"enemies":"Masked Bandits","floor":22,"turns":2},{"damage":0,"enemies":"Shelled Parasite and Fungi","floor":28,"turns":1},{"damage":6,"enemies":"Champ","floor":33,"turns":2},{"damage":6,"enemies":"3 Shapes","floor":35,"turns":1},{"damage":0,"enemies":"Mind Bloom Boss Battle","floor":36,"turns":2},{"damage":0,"enemies":"2 Orb Walkers","floor":37,"turns":2},{"damage":0,"enemies":"Orb Walker","floor":44,"turns":1},{"damage":0,"enemies":"Sphere and 2 Shapes","floor":45,"turns":1},{"damage":28,"enemies":"Donu and Deca","floor":50,"turns":3}],"seed_played":"8018764447984296664","potions_obtained":[{"floor":14,"key":"DuplicationPotion"},{"floor":22,"key":"CultistPotion"},{"floor":28,"key":"DuplicationPotion"},{"floor":33,"key":"DuplicationPotion"},{"floor":36,"key":"BloodPotion"},{"floor":38,"key":"Ancient Potion"},{"floor":38,"key":"Block Potion"}],"is_trial":true,"path_per_floor":["M","?","?","$","?","R","$","R","T","R","?","R","T","M","R","B",null,"M","$","?","M","?","R","?","R","T","R","M","R","R","?","R","B",null,"M","?","?","$","?","R","R","R","T","M","M","?","$","T","R","B",null],"character_chosen":"IRONCLAD","items_purchased":["Brimstone","Membership Card","Inflame","Oddly Smooth Stone","Paper Frog","Cauldron","Flash of Steel","Bag of Preparation","Mango","Sling"],"campfire_rested":0,"item_purchase_floors":[4,19,19,38,38,38,38,47,47,47],"current_hp_per_floor":[80,80,60,60,60,60,60,60,60,60,60,60,70,76,76,69,90,90,90,90,90,90,90,90,90,90,90,90,90,90,90,90,90,90,90,90,93,93,93,93,93,93,93,93,97,97,111,111,111,98,115,115],"gold":571,"neow_bonus":"","is_daily":false,"chose_seed":false,"campfire_upgraded":8,"win_rate":0.0,"timestamp":1610529209,"path_taken":["M","?","?","$","?","R","?","R","T","R","?","R","?","?","R","BOSS","M","?","?","M","?","R","?","R","T","R","?","R","R","?","R","BOSS","M","?","?","$","?","R","R","R","T","M","M","?","$","?","R","BOSS"],"items_purchased_type":["Relic","Relic","Card","Relic","Relic","Relic","Card","Relic","Relic","Relic"],"build_version":"2020-12-22","purchased_purges":1,"victory":false,"max_hp_per_floor":[80,80,80,80,80,80,80,80,80,80,80,80,90,90,90,90,90,90,90,90,90,90,90,90,90,90,90,90,90,90,90,90,90,90,90,90,93,93,93,93,93,93,93,93,97,97,111,111,111,115,115,115],"card_choices":[{"not_picked":["Impervious","Bludgeon"],"picked":"Limit Break","floor":16},{"not_picked":["Entrench","Headbutt+1"],"picked":"Seeing Red","floor":22},{"not_picked":["Reaper","Double Tap"],"picked":"Feed","floor":33}],"player_experience":54376,"relics_obtained":[{"floor":1,"key":"Lantern"},{"floor":6,"key":"Orichalcum"},{"floor":8,"key":"Centennial Puzzle"},{"floor":9,"key":"Gremlin Horn"},{"floor":10,"key":"Torii"},{"floor":12,"key":"Ancient Tea Set"},{"floor":13,"key":"Pear"},{"floor":14,"key":"MealTicket"},{"floor":15,"key":"Blue Candle"},{"floor":18,"key":"Regal Pillow"},{"floor":21,"key":"Potion Belt"},{"floor":22,"key":"Red Mask"},{"floor":26,"key":"Matryoshka"},{"floor":28,"key":"Bird Faced Urn"},{"floor":35,"key":"War Paint"},{"floor":36,"key":"Old Coin"},{"floor":37,"key":"Magic Flower"},{"floor":41,"key":"Juzu Bracelet"},{"floor":42,"key":"CeramicFish"},{"floor":43,"key":"Nunchaku"},{"floor":43,"key":"Vajra"},{"floor":44,"key":"MawBank"},{"floor":45,"key":"Omamori"},{"floor":48,"key":"Boot"},{"floor":48,"key":"Bronze Scales"}],"event_choices":[{"damage_healed":0,"gold_gain":175,"player_choice":"AGREE","damage_taken":0,"max_hp_gain":0,"max_hp_loss":0,"event_name":"Liars Game","floor":2,"gold_loss":0,"cards_obtained":["Doubt"]},{"damage_healed":0,"gold_gain":0,"player_choice":"Take Damage","damage_taken":20,"relics_obtained":["Golden Idol"],"max_hp_gain":0,"max_hp_loss":0,"event_name":"Golden Idol","floor":3,"gold_loss":0},{"damage_healed":0,"gold_gain":0,"player_choice":"Box","damage_taken":0,"relics_obtained":["Self Forming Clay"],"max_hp_gain":0,"max_hp_loss":0,"event_name":"Big Fish","floor":5,"gold_loss":0,"cards_obtained":["Regret"]},{"cards_removed":["Regret"],"damage_healed":0,"gold_gain":0,"player_choice":"Card Removal","damage_taken":0,"max_hp_gain":0,"max_hp_loss":0,"event_name":"The Cleric","floor":11,"gold_loss":50},{"damage_healed":0,"gold_gain":0,"player_choice":"Ignored","damage_taken":0,"max_hp_gain":0,"max_hp_loss":0,"event_name":"Vampires","floor":20,"gold_loss":0},{"damage_healed":0,"gold_gain":0,"player_choice":"Fought Bandits","damage_taken":0,"max_hp_gain":0,"max_hp_loss":0,"event_name":"Masked Bandits","floor":22,"gold_loss":0},{"damage_healed":0,"gold_gain":0,"player_choice":"Bet on Owner","damage_taken":0,"max_hp_gain":0,"max_hp_loss":0,"event_name":"The Joust","floor":24,"gold_loss":50},{"cards_removed":["Disarm"],"damage_healed":0,"gold_gain":0,"player_choice":"Elegance","damage_taken":0,"max_hp_gain":0,"max_hp_loss":0,"event_name":"Back to Basics","floor":31,"gold_loss":0},{"damage_healed":0,"gold_gain":0,"player_choice":"Fight","damage_taken":0,"max_hp_gain":0,"max_hp_loss":0,"event_name":"MindBloom","floor":36,"gold_loss":0},{"damage_healed":0,"gold_gain":0,"player_choice":"Fight","damage_taken":0,"max_hp_gain":0,"max_hp_loss":0,"event_name":"Mysterious Sphere","floor":37,"gold_loss":0},{"cards_removed":["Seeing Red"],"damage_healed":0,"gold_gain":0,"player_choice":"Removed Skill","damage_taken":0,"max_hp_gain":0,"max_hp_loss":0,"event_name":"Falling","floor":39,"gold_loss":0},{"damage_healed":0,"gold_gain":333,"player_choice":"Gave Idol","damage_taken":0,"max_hp_gain":0,"max_hp_loss":0,"event_name":"The Moai Head","floor":46,"relics_lost":["Golden Idol"],"gold_loss":0}],"is_beta":false,"boss_relics":[{"not_picked":["Runic Pyramid","Astrolabe"],"picked":"SacredBark"},{"not_picked":["Black Star","Fusion Hammer"],"picked":"Busted Crown"},{"not_picked":["Tiny House","Mark of Pain"],"picked":"Coffee Dripper"}],"items_purged_floors":[4],"is_endless":true,"potions_floor_spawned":[14,22,28,33,36,45,50],"ascension_level":1}}