{"host":"v1m5rkjj38qutr02","time":1610538310,"event":{"mods":["Act Like it!","BaseMod","Challenge The Spire","Conspire","Gensokyo","GungeonMod","Hallownest","Minty Spire (QoL Compilation)","Replay The Spire","StSLib","The Bug Knight","Youmu£®ªÍ∆«—˝√Œ£©"],"gold_per_floor":[600,216,246,274,306,306,226,140,169,199,229,229,192,47,73,106,139,174],"floor_reached":19,"language":"ZHS","playtime":1274,"items_purged":["Strike_B"],"score":430,"play_id":"159c501f-ed4e-4c00-92bc-35b3cd5d4bdf","local_time":"20210113194510","daily_mods":["challengethespire:Silver Difficulty","challengethespire:Elite Rush","Uncertain Future"],"is_ascension_mode":true,"campfire_choices":[],"circlet_count":0,"master_deck":["AscendersBane","Strike_B","Defend_B+1","Defend_B+1","Defend_B+1","Defend_B+1","Zap","Dualcast","Coolheaded+1","Redo","Hello World","All For One","Hello World","Hologram","Skim","Defragment","Turbo","Loop","Bandage Up","Echo Form","ReplaySort","Capacitor","Heatsinks","Double Energy","Creative AI","Double Energy","Defragment"],"relics":["Cracked Core","Black Star","Sling","PreservedInsect","MealTicket","BargainBundle","Cables","Gremlin Food","DemoMod:SerJunkan","Bird Faced Urn","DemoMod:OrangeGuonStone","DemoMod:Bottle","ReplayFunnel","Sozu","Blood Vial","Lantern","Geode","Replay:Bottled Eggs","Letter Opener","conspire:Dentures","Empty Cage","Orichalcum","DemoMod:Junk","DemoMod:DecoyRelic","Bag of Preparation","DataDisk","Mirror","Akabeko"],"acts_visited":["Exordium"],"potions_floor_usage":[],"damage_taken":[{"damage":21.0,"enemies":"3 Sentries","floor":3.0,"turns":6.0},{"damage":7.0,"enemies":"Gremlin Nob","floor":4.0,"turns":3.0},{"damage":18.0,"enemies":"Lagavulin","floor":5.0,"turns":4.0},{"damage":13.0,"enemies":"Book of Stabbing","floor":9.0,"turns":5.0},{"damage":19.0,"enemies":"Gremlin Leader","floor":10.0,"turns":7.0},{"damage":24.0,"enemies":"Slavers","floor":11.0,"turns":5.0},{"damage":12.0,"enemies":"Nemesis","floor":15.0,"turns":5.0},{"damage":9,"enemies":"Giant Head","floor":16,"turns":7},{"damage":0,"enemies":"Nemesis","floor":17,"turns":9},{"damage":81,"enemies":"Shield and Spear","floor":18,"turns":8}],"seed_played":"-8167628626514782287","potions_obtained":[{"floor":3.0,"key":"Explosive Potion"}],"is_trial":true,"path_per_floor":["$","$","E","E","E","T","$","$","E","E","E","T","$","$","E","E","E","E",null],"character_chosen":"DEFECT","items_purchased":["MealTicket","BargainBundle","Elixir","Milkshake","FearPotion","Coolheaded+1","Redo","Hello World","All For One","Cables","Hello World","Hologram","Loop","Bandage Up","Heatsinks","Orichalcum"],"campfire_rested":0,"item_purchase_floors":[1,1,1,1,1,1,1,1,1,2,2,2,7,8,13,14],"current_hp_per_floor":[68,75,54,47,33,33,48,63,62,59,49,49,64,75,65,66,75,22],"gold":174,"neow_bonus":"","is_daily":false,"chose_seed":false,"campfire_upgraded":0,"win_rate":0.0,"timestamp":1610538310,"path_taken":["$","$","E","E","E","T","$","$","E","E","E","T","$","$","E","E","E","E"],"items_purchased_type":["Relic","Relic","Potion","Potion","Potion","Card","Card","Card","Card","Relic","Card","Card","Card","Card","Card","Relic"],"build_version":"2020-12-22","purchased_purges":1,"victory":true,"max_hp_per_floor":[75,75,75,75,75,75,75,75,75,75,75,75,75,75,75,75,75,75],"card_choices":[],"player_experience":406781,"relics_obtained":[{"floor":3.0,"key":"Gremlin Food"},{"floor":3.0,"key":"DemoMod:SerJunkan"},{"floor":4.0,"key":"Bird Faced Urn"},{"floor":4.0,"key":"DemoMod:OrangeGuonStone"},{"floor":5.0,"key":"DemoMod:Bottle"},{"floor":5.0,"key":"ReplayFunnel"},{"floor":9.0,"key":"Blood Vial"},{"floor":9.0,"key":"Lantern"},{"floor":10.0,"key":"Geode"},{"floor":10.0,"key":"Replay:Bottled Eggs"},{"floor":11.0,"key":"Letter Opener"},{"floor":11.0,"key":"conspire:Dentures"},{"floor":15.0,"key":"DemoMod:Junk"},{"floor":15.0,"key":"DemoMod:DecoyRelic"},{"floor":16,"key":"Bag of Preparation"},{"floor":16,"key":"DemoMod:Junk"},{"floor":17,"key":"DataDisk"},{"floor":17,"key":"DemoMod:Junk"},{"floor":18,"key":"Mirror"},{"floor":18,"key":"Akabeko"}],"event_choices":[],"is_beta":false,"boss_relics":[{"not_picked":["Replay:Bronze Core","SacredBark"],"picked":"Sozu"},{"not_picked":["Kintsugi","Runic Dome"],"picked":"Empty Cage"}],"items_purged_floors":[1],"is_endless":false,"potions_floor_spawned":[3,9,11,16,17,18],"ascension_level":10}}