{"host":"xsuxkwaivmtd234a","time":1610561334,"event":{"mods":["BaseMod","Colored Map","Filter the Spire","Minty Spire (QoL Compilation)","Relic Stats","StSLib"],"gold_per_floor":[119,65,77,77,29,29,55,73,98,133,133,161,137,149,149,254,254,268,268,268,367,41,69,69,69,69,69,98,108,138,155,155,258,258,277,277,293,305,323,353,371,397,397,397,413,441,458,474,474,474,474,474,3,31,31],"floor_reached":56,"language":"ENG","playtime":8606,"items_purged":[],"score":1472,"play_id":"8530aa94-df85-4f80-b1d6-238bcbbace34","local_time":"20210113130854","is_ascension_mode":true,"campfire_choices":[{"data":"Deadly Poison","floor":6.0,"key":"SMITH"},{"data":"Catalyst","floor":15.0,"key":"SMITH"},{"floor":25.0,"key":"REST"},{"floor":27.0,"key":"RECALL"},{"floor":32.0,"key":"REST"},{"floor":44,"key":"REST"},{"floor":49,"key":"REST"},{"floor":52,"key":"REST"}],"circlet_count":0,"master_deck":["Strike_G+1","Strike_G+1","Strike_G+1","Strike_G+1","Defend_G+1","Defend_G+1","Defend_G+1","Defend_G+1","Defend_G+1","Survivor","Neutralize","Catalyst+1","Dagger Spray","Dagger Throw+1","Deadly Poison+1","Glass Knife","Dash+1","Deadly Poison","Venomology","Blur","Crippling Poison","Terror","Well Laid Plans","Backflip","Bouncing Flask","Backflip+1","Bullet Time","CurseOfTheBell","Riddle With Holes+1","Predator+1","PiercingWail+1","Footwork","Acrobatics+1","After Image","Apotheosis+1","Caltrops","Outmaneuver+1","Tactician+1"],"relics":["Snecko Eye","Oddly Smooth Stone","Nunchaku","Gambling Chip","Meat on the Bone","Sundial","Fusion Hammer","ClockworkSouvenir","Dead Branch","Mummified Hand","Matryoshka","Whetstone","Calling Bell","Ancient Tea Set","Mercury Hourglass","Turnip","Juzu Bracelet","Unceasing Top","Lantern","Toxic Egg 2","Bag of Marbles","Vajra"],"acts_visited":["Exordium","TheCity","TheBeyond","TheEnding"],"potions_floor_usage":[37,38,39,40,40,40,45,46,47,48,50,50,50,55,55,55],"damage_taken":[{"damage":0.0,"enemies":"Small Slimes","floor":1.0,"turns":5.0},{"damage":0.0,"enemies":"2 Louse","floor":3.0,"turns":4.0},{"damage":12.0,"enemies":"Gremlin Nob","floor":7.0,"turns":3.0},{"damage":5.0,"enemies":"Jaw Worm","floor":8.0,"turns":3.0},{"damage":7.0,"enemies":"Lagavulin","floor":10.0,"turns":6.0},{"damage":3.0,"enemies":"3 Sentries","floor":12.0,"turns":9.0},{"damage":2.0,"enemies":"Large Slime","floor":14.0,"turns":3.0},{"damage":5.0,"enemies":"Slime Boss","floor":16.0,"turns":7.0},{"damage":0.0,"enemies":"Chosen","floor":18.0,"turns":4.0},{"damage":0.0,"enemies":"Slavers","floor":23.0,"turns":8.0},{"damage":0.0,"enemies":"Book of Stabbing","floor":28.0,"turns":4.0},{"damage":0.0,"enemies":"Spheric Guardian","floor":29.0,"turns":3.0},{"damage":0.0,"enemies":"Slavers","floor":30.0,"turns":4.0},{"damage":0.0,"enemies":"Snecko","floor":31.0,"turns":3.0},{"damage":23.0,"enemies":"Automaton","floor":33.0,"turns":9.0},{"damage":6,"enemies":"3 Shapes","floor":35,"turns":3},{"damage":3,"enemies":"Orb Walker","floor":37,"turns":3},{"damage":0,"enemies":"3 Darklings","floor":38,"turns":3},{"damage":2,"enemies":"Writhing Mass","floor":39,"turns":4},{"damage":0,"enemies":"Nemesis","floor":40,"turns":3},{"damage":2,"enemies":"Spire Growth","floor":41,"turns":4},{"damage":11,"enemies":"Reptomancer","floor":42,"turns":6},{"damage":0,"enemies":"Sphere and 2 Shapes","floor":45,"turns":3},{"damage":16,"enemies":"Nemesis","floor":46,"turns":3},{"damage":0,"enemies":"Maw","floor":47,"turns":4},{"damage":0,"enemies":"4 Shapes","floor":48,"turns":4},{"damage":47,"enemies":"Awakened One","floor":50,"turns":11},{"damage":0,"enemies":"Shield and Spear","floor":54,"turns":4},{"damage":50,"enemies":"The Heart","floor":55,"turns":9}],"seed_played":"8579639121629803594","potions_obtained":[{"floor":1.0,"key":"AttackPotion"},{"floor":12.0,"key":"PowerPotion"},{"floor":14.0,"key":"Energy Potion"},{"floor":31.0,"key":"Block Potion"},{"floor":33.0,"key":"ColorlessPotion"},{"floor":37,"key":"DuplicationPotion"},{"floor":38,"key":"ColorlessPotion"},{"floor":42,"key":"Energy Potion"},{"floor":47,"key":"SteroidPotion"},{"floor":48,"key":"SkillPotion"}],"is_trial":false,"path_per_floor":["M","$","M","?","$","R","E","M","T","E","?","E","?","M","R","B",null,"M","?","?","?","$","E","$","R","T","R","E","M","E","M","R","B",null,"M","?","M","M","M","E","M","E","T","R","M","E","M","M","R","B",null,"R","$","E","B",null],"character_chosen":"THE_SILENT","items_purchased":["Dagger Spray","Deadly Poison","ClockworkSouvenir","Crippling Poison","Terror","Well Laid Plans","Apotheosis+1","Caltrops","Bag of Marbles","Outmaneuver+1"],"campfire_rested":5,"item_purchase_floors":[2,5,22,22,22,22,53,53,53,53],"current_hp_per_floor":[70,70,70,63,63,63,51,46,46,39,21,30,30,40,40,47,70,70,70,57,57,57,57,57,75,75,75,75,75,75,75,75,52,75,69,69,66,66,64,64,62,51,51,73,73,57,57,57,75,40,75,75,75,75,37],"gold":31,"neow_bonus":"BOSS_RELIC","is_daily":false,"chose_seed":false,"campfire_upgraded":2,"win_rate":0.0,"timestamp":1610561334,"path_taken":["M","$","M","?","$","R","E","M","T","E","?","E","?","M","R","BOSS","M","?","?","?","$","E","?","R","T","R","E","M","E","M","R","BOSS","M","?","M","M","M","E","M","E","T","R","M","E","M","M","R","BOSS","R","$","E","BOSS"],"items_purchased_type":["Card","Card","Relic","Card","Card","Card","Card","Card","Relic","Card"],"build_version":"2020-12-22","purchased_purges":0,"victory":true,"max_hp_per_floor":[70,70,70,70,70,70,70,70,70,70,70,70,70,70,70,70,70,70,70,75,75,75,75,75,75,75,75,75,75,75,75,75,75,75,75,75,75,75,75,75,75,75,75,75,75,75,75,75,75,75,75,75,75,75,75],"relic_stats":{"counters":[29,138],"Dead Branch":[91],"Juzu Bracelet":0,"Whetstone":["Dash","Dagger Throw"],"Mercury Hourglass":[258],"Nunchaku":[25],"Sundial":[16],"Mummified Hand":[37],"Gambling Chip":[101],"Snecko Eye":[299,287,282,291],"Turnip":[10],"obtain_stats":[{"Lantern":43,"Dead Branch":23,"Oddly Smooth Stone":7,"Vajra":54,"Juzu Bracelet":40,"Whetstone":30,"Ancient Tea Set":34,"ClockworkSouvenir":22,"Mercury Hourglass":34,"Calling Bell":34,"Nunchaku":9,"Matryoshka":28,"Sundial":12,"Mummified Hand":26,"Gambling Chip":10,"Snecko Eye":0,"Fusion Hammer":17,"Turnip":34,"Bag of Marbles":53,"Toxic Egg 2":46,"Unceasing Top":42,"Ring of the Snake":0,"Meat on the Bone":11},{"Lantern":22,"Dead Branch":10,"Oddly Smooth Stone":3,"Vajra":28,"Juzu Bracelet":20,"Whetstone":13,"Ancient Tea Set":15,"ClockworkSouvenir":9,"Mercury Hourglass":15,"Calling Bell":15,"Nunchaku":4,"Matryoshka":11,"Sundial":6,"Mummified Hand":10,"Gambling Chip":5,"Snecko Eye":0,"Fusion Hammer":8,"Turnip":15,"Bag of Marbles":27,"Toxic Egg 2":24,"Unceasing Top":22,"Ring of the Snake":0,"Meat on the Bone":5},{"Lantern":100,"Dead Branch":52,"Oddly Smooth Stone":12,"Vajra":129,"Juzu Bracelet":91,"Whetstone":63,"Ancient Tea Set":75,"ClockworkSouvenir":44,"Mercury Hourglass":75,"Calling Bell":75,"Nunchaku":15,"Matryoshka":56,"Sundial":30,"Mummified Hand":52,"Gambling Chip":21,"Snecko Eye":0,"Fusion Hammer":40,"Turnip":75,"Bag of Marbles":125,"Toxic Egg 2":106,"Unceasing Top":100,"Ring of the Snake":0,"Meat on the Bone":21}],"Unceasing Top":[10],"Meat on the Bone":60},"card_choices":[{"not_picked":["Acrobatics","Outmaneuver"],"picked":"Catalyst","floor":1.0},{"not_picked":["Terror","Deflect"],"picked":"Dagger Throw","floor":3.0},{"not_picked":["Eviscerate","Terror"],"picked":"Glass Knife","floor":7.0},{"not_picked":["Dagger Throw","Poisoned Stab","Dagger Spray"],"picked":"SKIP","floor":8.0},{"not_picked":["Flechettes","Riddle With Holes"],"picked":"Dash","floor":10.0},{"not_picked":["Bane","Prepared","Poisoned Stab"],"picked":"SKIP","floor":12.0},{"not_picked":["Leg Sweep","Slice"],"picked":"Deadly Poison","floor":14.0},{"not_picked":["A Thousand Cuts","Phantasmal Killer"],"picked":"Venomology","floor":16.0},{"not_picked":["Quick Slash","Flying Knee"],"picked":"Blur","floor":18.0},{"not_picked":["Deadly Poison","Prepared+1"],"picked":"Backflip","floor":23.0},{"not_picked":["Poisoned Stab","Backstab"],"picked":"Bouncing Flask","floor":28.0},{"not_picked":["Infinite Blades","Eviscerate"],"picked":"Backflip+1","floor":29.0},{"not_picked":["Poisoned Stab","Underhanded Strike+1","All Out Attack+1"],"picked":"SKIP","floor":30.0},{"not_picked":["Slice","Deflect+1","Bane"],"picked":"SKIP","floor":31.0},{"not_picked":["Die Die Die","Phantasmal Killer"],"picked":"Bullet Time","floor":33.0},{"not_picked":["Caltrops","Flechettes"],"picked":"Riddle With Holes+1","floor":35},{"not_picked":["Underhanded Strike","Sucker Punch+1","Slice"],"picked":"SKIP","floor":37},{"not_picked":["Bane+1","Deflect"],"picked":"Predator+1","floor":38},{"not_picked":["Blade Dance","Accuracy","Concentrate"],"picked":"SKIP","floor":39},{"not_picked":["Dagger Throw+1","Accuracy+1"],"picked":"PiercingWail+1","floor":40},{"not_picked":["Cloak And Dagger+1","Deflect","Terror+1"],"picked":"SKIP","floor":41},{"not_picked":["Crippling Poison","Reflex+1","Tools of the Trade"],"picked":"SKIP","floor":42},{"not_picked":["Crippling Poison+1","Outmaneuver"],"picked":"Footwork","floor":45},{"not_picked":["Slice","Concentrate+1"],"picked":"Acrobatics+1","floor":46},{"not_picked":["Flying Knee","Quick Slash+1","Outmaneuver+1"],"picked":"SKIP","floor":47},{"not_picked":["Setup+1","Prepared+1"],"picked":"After Image","floor":48},{"not_picked":["Quick Slash+1","A Thousand Cuts"],"picked":"Tactician+1","floor":54}],"player_experience":1161000,"relics_obtained":[{"floor":7.0,"key":"Oddly Smooth Stone"},{"floor":9.0,"key":"Nunchaku"},{"floor":10.0,"key":"Gambling Chip"},{"floor":12.0,"key":"Sundial"},{"floor":23.0,"key":"Dead Branch"},{"floor":26.0,"key":"Mummified Hand"},{"floor":28.0,"key":"Matryoshka"},{"floor":30.0,"key":"Whetstone"},{"floor":34.0,"key":"Ancient Tea Set"},{"floor":34.0,"key":"Mercury Hourglass"},{"floor":34.0,"key":"Turnip"},{"floor":40,"key":"Juzu Bracelet"},{"floor":42,"key":"Unceasing Top"},{"floor":43,"key":"Lantern"},{"floor":46,"key":"Toxic Egg 2"},{"floor":54,"key":"Vajra"}],"event_choices":[{"cards_removed":["Strike_G"],"damage_healed":0.0,"max_hp_gain":0.0,"max_hp_loss":0.0,"gold_gain":0.0,"event_name":"Golden Wing","player_choice":"Card Removal","floor":4.0,"gold_loss":0.0,"damage_taken":7.0},{"damage_healed":0.0,"max_hp_gain":0.0,"max_hp_loss":0.0,"gold_gain":0.0,"event_name":"Scrap Ooze","player_choice":"Success","floor":11.0,"gold_loss":0.0,"damage_taken":18.0,"relics_obtained":["Meat on the Bone"]},{"damage_healed":0.0,"max_hp_gain":0.0,"max_hp_loss":0.0,"gold_gain":0.0,"event_name":"World of Goop","player_choice":"Left Gold","floor":13.0,"gold_loss":24.0,"damage_taken":0.0},{"damage_healed":0.0,"max_hp_gain":0.0,"max_hp_loss":0.0,"gold_gain":0.0,"event_name":"Back to Basics","player_choice":"Simplicity","floor":19.0,"gold_loss":0.0,"damage_taken":0.0,"cards_upgraded":["Strike_G","Strike_G","Strike_G","Strike_G","Defend_G","Defend_G","Defend_G","Defend_G","Defend_G"]},{"damage_healed":0.0,"max_hp_gain":5.0,"max_hp_loss":0.0,"gold_gain":0.0,"event_name":"Forgotten Altar","player_choice":"Shed Blood","floor":20.0,"gold_loss":0.0,"damage_taken":18.0},{"damage_healed":0.0,"max_hp_gain":0.0,"max_hp_loss":0.0,"gold_gain":99.0,"event_name":"Nest","player_choice":"Stole From Cult","floor":21.0,"gold_loss":0.0,"damage_taken":0.0},{"damage_healed":0,"gold_gain":0,"player_choice":"Ignored","damage_taken":0,"max_hp_gain":0,"max_hp_loss":0,"event_name":"SecretPortal","floor":36,"gold_loss":0}],"is_beta":false,"boss_relics":[{"not_picked":["Philosopher\u0027s Stone","Busted Crown"],"picked":"Fusion Hammer"},{"not_picked":["Empty Cage","SlaversCollar"],"picked":"Calling Bell"}],"items_purged_floors":[],"is_endless":false,"potions_floor_spawned":[1,12,14,23,31,33,37,38,42,46,47,48],"ascension_level":1}}