{"host":"2zw05eexjythz74b","time":1610496537,"event":{"mods":["AchievementEnabler","BaseMod","Better Altar","Colored Map","Minty Spire (QoL Compilation)","StSLib","everything is the same but u backflip on backflip"],"gold_per_floor":[114,184,199,199,199,199,225,225,225,253,0,20,36,54,54,54,54],"floor_reached":16,"language":"ENG","playtime":848,"items_purged":[],"score":121,"play_id":"5b92680a-8e8a-4244-8617-db80b9223738","local_time":"20210112180857","is_ascension_mode":true,"campfire_choices":[{"data":"Panacea","floor":6,"key":"SMITH"},{"floor":8,"key":"REST"},{"floor":15,"key":"REST"}],"circlet_count":0,"master_deck":["Strike_R","Strike_R+1","Strike_R","Strike_R+1","Strike_R","Defend_R","Defend_R","Defend_R","Defend_R","Bash+1","Body Slam","Ghostly Armor","Panacea+1","Pummel","Rampage","Feel No Pain","Sever Soul","Hemokinesis","Flame Barrier","Flex"],"relics":["Burning Blood","Gremlin Horn","InkBottle","Incense Burner","Dream Catcher"],"acts_visited":["Exordium"],"potions_floor_usage":[7,14,16],"damage_taken":[{"damage":0,"enemies":"2 Louse","floor":1,"turns":3},{"damage":7,"enemies":"Small Slimes","floor":3,"turns":4},{"damage":43,"enemies":"3 Sentries","floor":7,"turns":11},{"damage":44,"enemies":"Lagavulin","floor":10,"turns":6},{"damage":6,"enemies":"Cultist","floor":12,"turns":3},{"damage":11,"enemies":"Exordium Thugs","floor":13,"turns":5},{"damage":1,"enemies":"Exordium Wildlife","floor":14,"turns":6},{"damage":37,"enemies":"The Guardian","floor":16,"turns":11}],"seed_played":"1058085364259903931","potions_obtained":[{"floor":3,"key":"Energy Potion"},{"floor":13,"key":"SkillPotion"},{"floor":14,"key":"ColorlessPotion"}],"is_trial":false,"path_per_floor":["M","?","M","?","?","R","E","R","T","E","$","M","M","M","R","B"],"character_chosen":"IRONCLAD","items_purchased":["Feel No Pain","Sever Soul","Dream Catcher"],"campfire_rested":2,"item_purchase_floors":[11,11,11],"current_hp_per_floor":[80,80,79,63,63,63,26,50,50,12,12,12,7,12,36,0,0],"gold":54,"neow_bonus":"UPGRADE_CARD","is_daily":false,"chose_seed":false,"campfire_upgraded":1,"win_rate":0.0,"timestamp":1610496537,"path_taken":["M","?","M","?","?","R","E","R","T","E","$","M","M","M","R","BOSS"],"items_purchased_type":["Card","Card","Relic"],"build_version":"2020-12-22","purchased_purges":0,"victory":false,"max_hp_per_floor":[80,80,80,80,80,80,80,80,80,80,80,80,80,80,80,80,80],"card_choices":[{"not_picked":["Evolve","Headbutt"],"picked":"Body Slam","floor":1},{"not_picked":["Shrug It Off","Body Slam"],"picked":"Ghostly Armor","floor":3},{"not_picked":["Heavy Blade","Warcry"],"picked":"Pummel","floor":7},{"not_picked":["Burning Pact","Battle Trance"],"picked":"Rampage","floor":10},{"not_picked":["Twin Strike","Clash"],"picked":"Hemokinesis","floor":12},{"not_picked":["Rampage","Iron Wave"],"picked":"Flame Barrier","floor":13},{"not_picked":["Corruption","Pommel Strike","Clothesline"],"picked":"SKIP","floor":14},{"not_picked":["Uppercut","Heavy Blade"],"picked":"Flex","floor":15}],"player_experience":214406,"relics_obtained":[{"floor":7,"key":"Gremlin Horn"},{"floor":9,"key":"InkBottle"},{"floor":10,"key":"Incense Burner"}],"event_choices":[{"damage_healed":0,"gold_gain":70,"player_choice":"Gained Gold","damage_taken":0,"max_hp_gain":0,"max_hp_loss":0,"event_name":"Golden Wing","floor":2,"gold_loss":0},{"damage_healed":0,"gold_gain":0,"player_choice":"Entered Light","damage_taken":16,"max_hp_gain":0,"max_hp_loss":0,"event_name":"Shining Light","floor":4,"gold_loss":0,"cards_upgraded":["Strike_R","Strike_R"]},{"damage_healed":0,"gold_gain":0,"player_choice":"1 cards matched","damage_taken":0,"max_hp_gain":0,"max_hp_loss":0,"event_name":"Match and Keep!","floor":5,"gold_loss":0,"cards_obtained":["Panacea"]}],"is_beta":false,"boss_relics":[],"items_purged_floors":[],"is_endless":false,"potions_floor_spawned":[3,13,14],"killed_by":"The Guardian","ascension_level":2}}