{"host":"a0paspe0zwqgzttz","time":1610576892,"event":{"mods":["AchievementEnabler","Act Like it!","BaseMod","BetterRewards","Colored Powertips","Conspire","Downfall","GifTheSpireLib","Hermit","Highlight Path","Lobotomy","Mad Scientist","Marisa????????","Minty Spire (QoL Compilation)","Quick Restart","Replay The Spire","Robot Space Explorer","Shop Mod","StSLib","SuperFastMode","The Bug Knight","The Construct","The Cursed","The Hierophant","The Jungle","The Mystic","The Necromancer","The Runesmith","The Senshi","The Servant 0.9.4"],"gold_per_floor":[114,114,289,349,364,394,394,41,41,41,71,71,71,131,131,231,231,246,261,321,90,5,5,5],"floor_reached":23,"language":"ENG","playtime":1147,"items_purged":[],"score":249,"play_id":"f4b620d0-5e15-4160-87ea-1b95411f40ba","local_time":"20210113172812","daily_mods":["Heirloom","downfall:Jewelcrafting","Elite Swarm"],"is_ascension_mode":false,"campfire_choices":[{"floor":10,"key":"REST"}],"circlet_count":0,"master_deck":["theSenshi:SailorKick","theSenshi:SailorKick","theSenshi:SailorKick","theSenshi:SailorKick","theSenshi:SailorBlock","theSenshi:SailorBlock","theSenshi:SailorBlock","theSenshi:SailorBlock","theSenshi:RoseThrow","theSenshi:MoonPrismPowerMakeUp","Guardian:ExploitGems","Guardian:ExploitGems","theSenshi:TuxedoSmokingBomber","Delirium","Doubt","theSenshi:MoonTwilightFlash","theSenshi:RainbowMoonHeartAche","theSenshi:JupitersPower","theSenshi:SteeledNerves+1","theSenshi:TallSilhouette","theSenshi:SilverCrystal","theSenshi:SailorV","Guardian:Gem_Crimson","Guardian:Gem_Cyan","theSenshi:FatedKiss","theSenshi:PlutosSolemnity","theSenshi:MoonTiaraMagic+1","theSenshi:SailorStarHealerAssists","theSenshi:MoonCrisisMakeUp"],"relics":["theSenshi:TransformationBroochRelic","Guardian:PickAxe","Mango","Ring of Searing","ReplayTheSpireMod:Ring of Challenge","Replay:Baseball","theSenshi:TransformationPenRelic","Iron Hammer","Pen Nib","theSenshi:SuperSailorFukuRelic","Sozu","Lantern","Bag of Preparation"],"acts_visited":["Exordium","TheCity"],"potions_floor_usage":[16,16,16],"damage_taken":[{"damage":5,"enemies":"Jaw Worm","floor":1,"turns":5},{"damage":22,"enemies":"2 Louse","floor":4,"turns":4},{"damage":4,"enemies":"Small Slimes","floor":5,"turns":3},{"damage":45,"enemies":"3 Sentries","floor":6,"turns":9},{"damage":8,"enemies":"HollowMod:MossKnight","floor":11,"turns":5},{"damage":6,"enemies":"Looter","floor":14,"turns":3},{"damage":0,"enemies":"Hexaghost","floor":16,"turns":6},{"damage":37,"enemies":"3 Byrds","floor":18,"turns":8},{"damage":0,"enemies":"Sentry and Sphere","floor":19,"turns":3},{"damage":48,"enemies":"Snake Plant","floor":20,"turns":7},{"damage":5,"enemies":"HollowMod:Nosk","floor":23,"turns":2}],"seed_played":"-4624312993155624390","potions_obtained":[{"floor":4,"key":"CultistPotion"},{"floor":5,"key":"SpeedPotion"},{"floor":11,"key":"Block Potion"}],"is_trial":false,"path_per_floor":["M","?","?","M","M","E","R","$","T","R","E","T","$","M","R","B",null,"M","M","M","$","?","E"],"character_chosen":"THE_SENSHI","items_purchased":["theSenshi:TransformationPenRelic","theSenshi:SteeledNerves+1","theSenshi:TallSilhouette","Lantern","theSenshi:MoonCrisisMakeUp"],"campfire_rested":1,"item_purchase_floors":[8,8,8,21,21],"current_hp_per_floor":[84,84,84,62,58,13,13,13,13,39,31,31,31,25,25,25,89,52,52,4,4,4,0,0],"gold":5,"neow_bonus":"","is_daily":true,"chose_seed":false,"campfire_upgraded":0,"win_rate":0.0,"timestamp":1610576892,"path_taken":["M","?","?","M","M","E","R","?","T","R","E","?","?","M","R","BOSS","M","M","M","$","?","E"],"items_purchased_type":["Relic","Card","Card","Card","Card"],"build_version":"2020-12-22","purchased_purges":0,"victory":false,"max_hp_per_floor":[89,89,89,89,89,89,89,89,89,89,89,89,89,89,89,89,89,89,89,89,89,89,89,89],"card_choices":[{"not_picked":["theSenshi:MoonPunch","theSenshi:SailorMercuryAssists"],"picked":"theSenshi:TuxedoSmokingBomber","floor":1},{"not_picked":["theSenshi:NeptunesGrace","theSenshi:VenusGlamour"],"picked":"theSenshi:MoonTwilightFlash","floor":4},{"not_picked":["theSenshi:MoonKick","theSenshi:MoonTiaraMagic"],"picked":"theSenshi:RainbowMoonHeartAche","floor":5},{"not_picked":["theSenshi:GlimpseOfThePast","theSenshi:WarriorOfTheMoon"],"picked":"theSenshi:JupitersPower","floor":6},{"not_picked":["theSenshi:IWillPunishYou","theSenshi:SailorPlutoAssists"],"picked":"theSenshi:SilverCrystal","floor":11},{"not_picked":["theSenshi:RainbowMoonHeartAche","theSenshi:SailorMercuryAssists"],"picked":"theSenshi:SailorV","floor":14},{"not_picked":["theSenshi:WarriorOfTheMoon","theSenshi:IWillPunishYou"],"picked":"theSenshi:FatedKiss","floor":16},{"not_picked":["theSenshi:MoonPrincessHalation","theSenshi:OdangoHead"],"picked":"theSenshi:PlutosSolemnity","floor":18},{"not_picked":["theSenshi:OdangoHead+1","theSenshi:SupersonicWaves"],"picked":"theSenshi:MoonTiaraMagic+1","floor":19},{"not_picked":["theSenshi:SailorMarsAssists","theSenshi:SailorV"],"picked":"theSenshi:SailorStarHealerAssists","floor":20}],"player_experience":496886,"relics_obtained":[{"floor":2,"key":"Ring of Searing"},{"floor":2,"key":"ReplayTheSpireMod:Ring of Challenge"},{"floor":6,"key":"Replay:Baseball"},{"floor":9,"key":"Iron Hammer"},{"floor":11,"key":"Pen Nib"},{"floor":12,"key":"theSenshi:SuperSailorFukuRelic"}],"event_choices":[{"damage_healed":0,"gold_gain":175,"player_choice":"AGREE","damage_taken":0,"max_hp_gain":0,"max_hp_loss":0,"event_name":"Liars Game","floor":3,"gold_loss":0,"cards_obtained":["Doubt"]},{"damage_healed":0,"gold_gain":0,"player_choice":"Obtained Relic","damage_taken":0,"relics_obtained":["Bag of Preparation"],"max_hp_gain":0,"max_hp_loss":0,"event_name":"Addict","floor":22,"gold_loss":85}],"is_beta":false,"boss_relics":[{"not_picked":["Kintsugi","Velvet Choker"],"picked":"Sozu"}],"items_purged_floors":[],"is_endless":false,"potions_floor_spawned":[4,5,11,20],"killed_by":"HollowMod:Nosk","ascension_level":0}}