{"host":"Kid Ruckus","time":1610574487,"event":{"mods":["BaseMod","Colored Map","Filter the Spire","Hermit","Minty Spire (QoL Compilation)","Permanent Neow","Quick Restart","StSLib","The Jungle"],"gold_per_floor":[116,116,66,66,241,272,272,284,284,284,296,321,321,338,338,441,441,457,457,474,573,592,652,652,652,652],"floor_reached":25,"language":"ENG","playtime":1596,"items_purged":[],"score":254,"play_id":"6a8a0bd9-39fa-46c8-8e13-319bcd182dde","local_time":"20210113164807","is_ascension_mode":false,"campfire_choices":[{"data":"hermit:Covet","floor":7,"key":"SMITH"},{"data":"hermit:Dive","floor":10,"key":"SMITH"},{"data":"hermit:Determination","floor":13,"key":"SMITH"},{"data":"hermit:GoldenBullet","floor":15,"key":"SMITH"}],"circlet_count":0,"master_deck":["hermit:Strike_Hermit+1","hermit:Strike_Hermit+1","hermit:Defend_Hermit","hermit:Defend_Hermit","hermit:Snapshot","hermit:Covet+1","hermit:Dive+1","Doubt","hermit:Enervate","hermit:Dive+1","hermit:Virtue","hermit:Determination+1","hermit:GoldenBullet+1","hermit:HeroicBravado","hermit:ShadowCloak+1","hermit:Showdown+1","hermit:Grudge+1","hermit:Coalescence+1","hermit:Snipe+1","Ghostly","Ghostly","Ghostly","Ghostly","Ghostly"],"relics":["hermit:Momento","Whetstone","Centennial Puzzle","Pen Nib","Oddly Smooth Stone","Juzu Bracelet","Astrolabe","Nilry\u0027s Codex","Regal Pillow"],"acts_visited":["Exordium","TheCity"],"potions_floor_usage":[12],"damage_taken":[{"damage":1,"enemies":"Jaw Worm","floor":1,"turns":5},{"damage":16,"enemies":"3 Sentries","floor":6,"turns":9},{"damage":0,"enemies":"2 Louse","floor":8,"turns":1},{"damage":0,"enemies":"Small Slimes","floor":11,"turns":4},{"damage":21,"enemies":"Gremlin Nob","floor":12,"turns":5},{"damage":0,"enemies":"Looter","floor":14,"turns":4},{"damage":8,"enemies":"Slime Boss","floor":16,"turns":14},{"damage":21,"enemies":"2 Thieves","floor":18,"turns":4},{"damage":2,"enemies":"Spheric Guardian","floor":20,"turns":6},{"damage":4,"enemies":"Chosen and Byrds","floor":22,"turns":5},{"damage":19,"enemies":"Book of Stabbing","floor":23,"turns":5},{"damage":19,"enemies":"Slavers","floor":25,"turns":1}],"seed_played":"-5427514143297280564","potions_obtained":[{"floor":8,"key":"SteroidPotion"},{"floor":11,"key":"EssenceOfSteel"},{"floor":12,"key":"Swift Potion"},{"floor":16,"key":"SpeedPotion"},{"floor":22,"key":"Ancient Potion"}],"is_trial":false,"path_per_floor":["M","?","?","?","?","E","R","M","T","R","M","E","R","M","R","B",null,"M","?","M","?","M","E","?","E"],"character_chosen":"HERMIT","items_purchased":[],"campfire_rested":0,"item_purchase_floors":[],"current_hp_per_floor":[74,74,74,67,67,51,51,51,51,51,51,30,30,30,30,22,75,54,38,36,36,32,13,13,0,0],"gold":652,"neow_bonus":"RANDOM_COMMON_RELIC","is_daily":false,"chose_seed":false,"campfire_upgraded":4,"win_rate":0.0,"timestamp":1610574487,"path_taken":["M","?","?","?","?","E","R","M","T","R","M","E","R","M","R","BOSS","M","?","M","?","M","E","?","E"],"items_purchased_type":[],"build_version":"2020-12-18","purchased_purges":0,"victory":false,"max_hp_per_floor":[75,75,75,75,75,75,75,75,75,75,75,75,75,75,75,75,75,75,75,75,75,75,75,37,37,37],"card_choices":[{"not_picked":["hermit:LowProfile","hermit:HighCaliber"],"picked":"hermit:Dive","floor":1},{"not_picked":["hermit:ItchyTrigger","hermit:Shortfuse"],"picked":"hermit:Enervate","floor":6},{"not_picked":["hermit:HoleUp","hermit:BodyArmor"],"picked":"hermit:Dive","floor":8},{"not_picked":["hermit:Coalescence","hermit:SprayPray"],"picked":"hermit:Virtue","floor":11},{"not_picked":["hermit:Shortfuse","hermit:Dive"],"picked":"hermit:Determination","floor":12},{"not_picked":["hermit:Desperado","hermit:LoneWolf"],"picked":"hermit:GoldenBullet","floor":14},{"not_picked":["hermit:EternalForm","hermit:Purgatory"],"picked":"hermit:HeroicBravado","floor":16},{"not_picked":["hermit:Cheat","hermit:CalledShot+1","hermit:Glare"],"picked":"SKIP","floor":18},{"not_picked":["hermit:Showdown","hermit:Glare","hermit:Determination+1"],"picked":"SKIP","floor":20},{"not_picked":["hermit:Midnight","hermit:Misfire+1"],"picked":"hermit:Coalescence+1","floor":22},{"not_picked":["hermit:EyeOfTheStorm","hermit:HighCaliber"],"picked":"hermit:Snipe+1","floor":23}],"player_experience":691279,"relics_obtained":[{"floor":6,"key":"Pen Nib"},{"floor":9,"key":"Oddly Smooth Stone"},{"floor":12,"key":"Juzu Bracelet"},{"floor":19,"key":"Nilry\u0027s Codex"},{"floor":23,"key":"Regal Pillow"}],"event_choices":[{"damage_healed":0,"gold_gain":0,"player_choice":"Grow","damage_taken":0,"max_hp_gain":0,"max_hp_loss":0,"event_name":"Living Wall","floor":2,"gold_loss":0,"cards_upgraded":["hermit:Dive"]},{"cards_removed":["hermit:Strike_Hermit"],"damage_healed":0,"gold_gain":0,"player_choice":"Card Removal","damage_taken":0,"max_hp_gain":0,"max_hp_loss":0,"event_name":"The Cleric","floor":3,"gold_loss":50},{"damage_healed":0,"gold_gain":0,"player_choice":"Success","damage_taken":7,"relics_obtained":["Centennial Puzzle"],"max_hp_gain":0,"max_hp_loss":0,"event_name":"Scrap Ooze","floor":4,"gold_loss":0},{"damage_healed":0,"gold_gain":175,"player_choice":"AGREE","damage_taken":0,"max_hp_gain":0,"max_hp_loss":0,"event_name":"Liars Game","floor":5,"gold_loss":0,"cards_obtained":["Doubt"]},{"damage_healed":0,"gold_gain":0,"player_choice":"Obtained Book","damage_taken":16,"max_hp_gain":0,"max_hp_loss":0,"event_name":"Cursed Tome","floor":19,"gold_loss":0},{"damage_healed":0,"gold_gain":99,"player_choice":"Stole From Cult","damage_taken":0,"max_hp_gain":0,"max_hp_loss":0,"event_name":"Nest","floor":21,"gold_loss":0},{"damage_healed":0,"gold_gain":0,"player_choice":"Became a Ghost","damage_taken":0,"max_hp_gain":0,"max_hp_loss":38,"event_name":"Ghosts","floor":24,"gold_loss":0,"cards_obtained":["Ghostly","Ghostly","Ghostly","Ghostly","Ghostly"]}],"is_beta":true,"boss_relics":[{"not_picked":["Calling Bell","Runic Pyramid"],"picked":"Astrolabe"}],"items_purged_floors":[],"is_endless":false,"potions_floor_spawned":[8,11,12,16,18,22],"killed_by":"Slavers","ascension_level":0}}