{"host":"6jrnojxwearbrjzo","time":1610576075,"event":{"mods":["BaseMod","Colored Map","Conspire","Highlight Path","Minty Spire (QoL Compilation)","MostiFishMod","Quick Restart","Random Character Button","Shop Mod","Spicy Shops","StSLib","TestMod","The Construct","The Servant 0.9.4","Yuyuko","vexMod","篝火指南"],"gold_per_floor":[116,116,181,231,243,19,53,63,63,63,6,39,50,100,100,199,199,214,264,314,364,59,88,88,113,113,183,183,201,230,126,126,230,230,249,328,389,439,75,107,157,157,180,200,230,246,246,259,259,259],"floor_reached":51,"language":"ZHS","playtime":1572,"items_purged":["Pain"],"score":1078,"play_id":"e6752901-d8b3-43b5-9b97-053b9e0aa4db","local_time":"20210114061435","is_ascension_mode":true,"campfire_choices":[{"floor":10,"key":"REST"},{"data":"Zap","floor":15,"key":"SMITH"},{"data":"Aggregate","floor":24,"key":"SMITH"},{"data":"Heatsinks","floor":28,"key":"SMITH"},{"floor":32,"key":"RECALL"},{"data":"Dualcast","floor":42,"key":"SMITH"},{"floor":47,"key":"REST"},{"data":"Bite","floor":49,"key":"SMITH"}],"circlet_count":0,"master_deck":["conspire:GhostlyDefend","conspire:GhostlyDefend","conspire:GhostlyDefend","conspire:GhostlyDefend","Zap+1","Dualcast+1","MostiFishMod:GatherIntelligence+1","Loop+1","MostiFishMod:GoodWordForIt+1","MostiFishMod:Prepare+1","Storm+1","Reboot+1","Aggregate+1","Bite","Bite","Bite","Bite","Bite+1","Fission+1","Heatsinks+1","MostiFishMod:ActiveDefenseSystem+1","MostiFishMod:ReadyAimFire+1","Force Field+1","MostiFishMod:TalkingToTheRain+1","MostiFishMod:BrokenBlackCloak+1","Creative AI+1","Amplify+1","Self Repair+1"],"relics":["Cracked Core","testmod-TestBox","ChiXiaoBlade","testmod-AscensionHeart","testmod-EqualTreatment","SynthV:TestCard","SsserpentHead","BrkXgEgg","Anchor","The Courier","Centennial Puzzle","conspire:Boomerang","ShadowXiaoBlade","Vajra","Ancient Tea Set","testmod-Justice","Orichalcum","Question Card","Oddly Smooth Stone","xbg","Lantern","MawBank","vexMod:PaidLearning","Mummified Hand","Juzu Bracelet","Cables","Boot","Darkstone Periapt"],"acts_visited":["Exordium","TheCity","TheBeyond"],"potions_floor_usage":[7,33,33],"damage_taken":[{"damage":3,"enemies":"Small Slimes","floor":1,"turns":2},{"damage":5,"enemies":"Cultist","floor":3,"turns":3},{"damage":12,"enemies":"2 Louse","floor":5,"turns":2},{"damage":19,"enemies":"3 Sentries","floor":7,"turns":5},{"damage":8,"enemies":"Blue Slaver","floor":8,"turns":4},{"damage":28,"enemies":"Lagavulin","floor":12,"turns":6},{"damage":2,"enemies":"2 Fungi Beasts","floor":13,"turns":2},{"damage":26,"enemies":"Hexaghost","floor":16,"turns":6},{"damage":0,"enemies":"Chosen","floor":18,"turns":2},{"damage":0,"enemies":"Gremlin Leader","floor":23,"turns":3},{"damage":0,"enemies":"Slavers","floor":25,"turns":2},{"damage":12,"enemies":"2 Thieves","floor":27,"turns":2},{"damage":2,"enemies":"Cultist and Chosen","floor":29,"turns":2},{"damage":0,"enemies":"Gremlin Leader","floor":30,"turns":2},{"damage":17,"enemies":"conspire:MysteriousRune","floor":33,"turns":3},{"damage":0,"enemies":"3 Shapes","floor":35,"turns":1},{"damage":27,"enemies":"conspire:MimicChest","floor":36,"turns":4},{"damage":0,"enemies":"Orb Walker","floor":37,"turns":2},{"damage":3,"enemies":"Reptomancer","floor":40,"turns":3},{"damage":0,"enemies":"Sphere and 2 Shapes","floor":44,"turns":1},{"damage":0,"enemies":"Giant Head","floor":45,"turns":2},{"damage":0,"enemies":"Writhing Mass","floor":46,"turns":2},{"damage":0,"enemies":"Transient","floor":48,"turns":3},{"damage":8,"enemies":"Awakened One","floor":50,"turns":3}],"seed_played":"-6601452586437269244","potions_obtained":[{"floor":1,"key":"Strength Potion"},{"floor":25,"key":"CultistPotion"},{"floor":27,"key":"FocusPotion"},{"floor":35,"key":"Strength Potion"},{"floor":44,"key":"Swift Potion"},{"floor":48,"key":"EssenceOfDarkness"}],"is_trial":false,"path_per_floor":["M","?","M","?","M","R","E","M","T","R","$","E","M","?","R","B",null,"M","?","?","?","$","E","R","E","T","M","R","M","E","$","R","B",null,"M","?","M","?","$","E","?","R","T","M","E","M","R","M","R","B",null],"character_chosen":"DEFECT","items_purchased":["BrkXgEgg","Centennial Puzzle","Vajra","Heatsinks","Ancient Tea Set","MostiFishMod:BrokenBlackCloak+1","vexMod:PaidLearning","Mummified Hand","Juzu Bracelet"],"campfire_rested":2,"item_purchase_floors":[6,11,22,22,22,31,39,39,39],"current_hp_per_floor":[72,72,67,67,55,55,36,28,28,50,50,22,20,45,45,19,75,75,52,52,52,52,52,52,52,52,40,40,44,52,52,52,35,52,52,27,27,27,27,36,36,36,36,36,40,42,52,52,52,52],"gold":259,"neow_bonus":"ONE_RARE_RELIC","is_daily":false,"chose_seed":false,"campfire_upgraded":5,"win_rate":0.0,"timestamp":1610576075,"path_taken":["M","?","?","?","M","R","E","M","T","R","$","E","M","?","R","BOSS","M","?","?","?","$","E","R","E","T","?","R","M","E","?","R","BOSS","M","?","?","?","$","E","?","R","T","M","E","M","R","M","R","BOSS"],"items_purchased_type":["Relic","Relic","Relic","Card","Relic","Card","Relic","Relic","Relic"],"build_version":"2020-12-22","purchased_purges":1,"victory":true,"max_hp_per_floor":[75,75,75,75,75,75,75,75,75,75,75,75,75,75,75,75,75,75,52,52,52,52,52,52,52,52,52,52,52,52,52,52,52,52,52,52,52,52,52,52,52,52,52,52,52,52,52,52,52,52],"card_choices":[{"not_picked":["Hologram","Reprogram"],"picked":"MostiFishMod:GatherIntelligence","floor":1},{"not_picked":["Compile Driver","Sweeping Beam","Beam Cell","Stack","MostiFishMod:GatherIntelligence"],"picked":"SKIP","floor":3},{"not_picked":["Force Field","Capacitor","Leap","BootSequence"],"picked":"Loop","floor":5},{"not_picked":["MostiFishMod:Exploitation","Multi-Cast","MostiFishMod:Hijack","Echo Form"],"picked":"MostiFishMod:GoodWordForIt+1","floor":7},{"not_picked":["Ball Lightning","Force Field","Streamline","Leap","Scrape"],"picked":"SKIP","floor":8},{"not_picked":["Amplify","Creative AI","Amplify","MostiFishMod:DawningShadow"],"picked":"MostiFishMod:Prepare","floor":12},{"not_picked":["Compile Driver","Scrape","Hello World","Coolheaded"],"picked":"Storm","floor":13},{"not_picked":["Creative AI+1","Amplify+1","Thunder Strike+1","MostiFishMod:TalkingToTheRain+1"],"picked":"Reboot+1","floor":16},{"not_picked":["Stack","Conserve Battery","Go for the Eyes","MostiFishMod:PushDownKick"],"picked":"Aggregate","floor":18},{"not_picked":["MostiFishMod:DawningShadow","MostiFishMod:SeaWaves+1","MostiFishMod:SeaWaves","MostiFishMod:Tomorrow"],"picked":"MostiFishMod:ActiveDefenseSystem","floor":23},{"not_picked":["MostiFishMod:Prepare","All For One","MostiFishMod:SeaWaves","Creative AI"],"picked":"MostiFishMod:ReadyAimFire","floor":25},{"not_picked":["Recycle","MostiFishMod:PushDownKick","Steam","Reprogram","Hello World","MostiFishMod:Impulse+1"],"picked":"SKIP","floor":27},{"not_picked":["Gash","Coolheaded+1","Sweeping Beam+1","Compile Driver","Rebound"],"picked":"Force Field+1","floor":29},{"not_picked":["MostiFishMod:ActiveDefenseSystem","MostiFishMod:Overload","MostiFishMod:StarOceanB","MostiFishMod:Distribution","All For One"],"picked":"MostiFishMod:TalkingToTheRain+1","floor":30},{"not_picked":["MostiFishMod:Hijack+1","MostiFishMod:Overload+1","MostiFishMod:StarOceanB+1","All For One+1","Seek+1"],"picked":"Creative AI+1","floor":33},{"not_picked":["Gash","Static Discharge+1","conspire:Rain+1","Lockon","Beam Cell","Chill"],"picked":"SKIP","floor":35},{"not_picked":["Capacitor+1","Beam Cell","Sweeping Beam","Turbo","Leap+1","Ball Lightning+1"],"picked":"SKIP","floor":37},{"not_picked":["MostiFishMod:StarOceanB","MostiFishMod:Tomorrow","Thunder Strike+1","MostiFishMod:Culaccino","MostiFishMod:DeathFromBelow"],"picked":"Amplify","floor":40},{"not_picked":["Steam Power+1","Hologram+1","MostiFishMod:PushDownKick+1","Storm+1","MostiFishMod:ActiveDefenseSystem+1","Static Discharge"],"picked":"SKIP","floor":44},{"not_picked":["MostiFishMod:TalkingToTheRain","Hyperbeam","Creative AI","Seek","MostiFishMod:IceShield","MostiFishMod:IntelligentEquipment+1"],"picked":"SKIP","floor":45},{"not_picked":["Genetic Algorithm","Go for the Eyes","Glacier+1","Streamline+1","Static Discharge+1","conspire:SharedLibrary"],"picked":"SKIP","floor":46},{"not_picked":["Sweeping Beam","Go for the Eyes+1","Rebound+1","Ball Lightning","Steam+1"],"picked":"Self Repair+1","floor":48}],"player_experience":78744,"relics_obtained":[{"floor":1,"key":"SynthV:TestCard"},{"floor":7,"key":"Anchor"},{"floor":9,"key":"The Courier"},{"floor":12,"key":"conspire:Boomerang"},{"floor":23,"key":"testmod-Justice"},{"floor":25,"key":"Orichalcum"},{"floor":26,"key":"Question Card"},{"floor":30,"key":"Oddly Smooth Stone"},{"floor":36,"key":"Lantern"},{"floor":40,"key":"Cables"},{"floor":43,"key":"Boot"},{"floor":45,"key":"Darkstone Periapt"}],"event_choices":[{"damage_healed":0,"gold_gain":0,"player_choice":"Trade","damage_taken":0,"relics_obtained":["SsserpentHead"],"max_hp_gain":0,"max_hp_loss":0,"event_name":"FaceTrader","floor":2,"gold_loss":0},{"damage_healed":0,"gold_gain":0,"player_choice":"Agree","damage_taken":0,"max_hp_gain":0,"max_hp_loss":0,"event_name":"conspire:LoneGhost","floor":4,"gold_loss":0},{"damage_healed":25,"gold_gain":0,"player_choice":"Banana","damage_taken":0,"max_hp_gain":0,"max_hp_loss":0,"event_name":"Big Fish","floor":14,"gold_loss":0},{"damage_healed":0,"gold_gain":0,"player_choice":"Became a vampire","damage_taken":0,"max_hp_gain":0,"max_hp_loss":23,"event_name":"Vampires","floor":19,"gold_loss":0,"cards_obtained":["Bite","Bite","Bite","Bite","Bite"]},{"damage_healed":0,"gold_gain":0,"player_choice":"Leave","damage_taken":0,"max_hp_gain":0,"max_hp_loss":0,"event_name":"conspire:Investor","floor":20,"gold_loss":0},{"damage_healed":0,"gold_gain":0,"player_choice":"1 cards matched","damage_taken":0,"max_hp_gain":0,"max_hp_loss":0,"event_name":"Match and Keep!","floor":21,"gold_loss":0,"cards_obtained":["Fission"]},{"damage_healed":0,"gold_gain":0,"player_choice":"Swap Relic","damage_taken":0,"relics_obtained":["MawBank"],"max_hp_gain":0,"max_hp_loss":0,"event_name":"给自己的盒子","floor":38,"relics_lost":["DaveBox"],"gold_loss":0},{"damage_healed":0,"gold_gain":0,"player_choice":"Upgraded","damage_taken":0,"max_hp_gain":0,"max_hp_loss":0,"event_name":"Upgrade Shrine","floor":41,"gold_loss":0,"cards_upgraded":["MostiFishMod:GatherIntelligence"]}],"is_beta":false,"boss_relics":[{"not_picked":["Coffee Dripper","testmod-Fanaticism"],"picked":"ShadowXiaoBlade"},{"not_picked":["HereWithMe","Empty Cage"],"picked":"xbg"}],"items_purged_floors":[6],"is_endless":false,"potions_floor_spawned":[1,5,7,25,27,35,44,48],"ascension_level":2}}