{"host":"1hzg86ju9fvxh562","time":1610552104,"event":{"mods":["AchievementEnabler","Act Like it!","AlwaysNeverKeys","BaseMod","Bestiary","Better Altar","Better Match","Better Note","Better Sensory Stone","Better Skull","Better Third Choice","Colored Map","Colored Powertips","Curses Come First","Displayed Cursed Tome","Filter the Spire","Highlight Path","Keyboard Shortcuts","Minty Spire (QoL Compilation)","Rare Cards Sparkle","Relic Sorter","Relic Stats","Spicy Shops","StSLib","everything is the same but u backflip on backflip","slay the spire mod where everything is the same but ironclad has a cowboy hat"],"gold_per_floor":[111,36,48,48,59,104,104,104,104,104,119,138,138,167,167,266,316,334,334,354,354,430,430,355,375,399,412,438,438],"floor_reached":28,"language":"ENG","playtime":1032,"items_purged":["Eruption"],"score":323,"play_id":"8589e976-fd6d-42fe-bc35-ed4ab25d6066","local_time":"20210113133504","is_ascension_mode":false,"campfire_choices":[{"floor":15,"key":"DIG"},{"floor":23,"key":"DIG"}],"circlet_count":0,"master_deck":["Vigilance+1","Meditate","ForeignInfluence","DeceiveReality","Tantrum+1","Tantrum","Prostrate","Conclude+1","EmptyFist","EmptyFist","Alpha","Ragnarok","Conclude+1"],"relics":["Pandora\u0027s Box","Darkstone Periapt","Blue Candle","Strawberry","Mango","Shovel","Bag of Preparation","Tiny House","Ornamental Fan","Shuriken","Incense Burner","PreservedInsect","Omamori"],"acts_visited":["Exordium","TheCity"],"potions_floor_usage":[6,14,16],"damage_taken":[{"damage":0.0,"enemies":"Small Slimes","floor":1.0,"turns":2.0},{"damage":0,"enemies":"2 Louse","floor":3,"turns":2},{"damage":0,"enemies":"Cultist","floor":5,"turns":2},{"damage":0,"enemies":"Gremlin Nob","floor":6,"turns":2},{"damage":0,"enemies":"3 Louse","floor":11,"turns":2},{"damage":0,"enemies":"Large Slime","floor":12,"turns":3},{"damage":5,"enemies":"3 Sentries","floor":14,"turns":3},{"damage":10,"enemies":"Hexaghost","floor":16,"turns":7},{"damage":6,"enemies":"Chosen","floor":18,"turns":3},{"damage":0,"enemies":"Spheric Guardian","floor":20,"turns":2},{"damage":0,"enemies":"Centurion and Healer","floor":25,"turns":3},{"damage":42,"enemies":"Snake Plant","floor":27,"turns":3},{"damage":12,"enemies":"Slavers","floor":28,"turns":2}],"seed_played":"-4231628276579866368","potions_obtained":[{"floor":1.0,"key":"DistilledChaos"},{"floor":5,"key":"ColorlessPotion"},{"floor":12,"key":"Block Potion"},{"floor":14,"key":"Swift Potion"},{"floor":17,"key":"Block Potion"},{"floor":27,"key":"EssenceOfSteel"},{"floor":28,"key":"Explosive Potion"}],"is_trial":false,"path_per_floor":["M","$","M","?","M","E","?","?","T","?","M","M","?","E","R","B",null,"M","?","M","?","T","R","?","M","T","M","E"],"character_chosen":"WATCHER","items_purchased":[],"campfire_rested":0,"item_purchase_floors":[],"current_hp_per_floor":[72,72,72,72,72,72,77,62,62,62,62,62,35,30,30,20,103,97,97,97,97,97,97,97,97,97,55,43,43],"gold":438,"neow_bonus":"BOSS_RELIC","is_daily":false,"chose_seed":false,"campfire_upgraded":0,"win_rate":0.0,"timestamp":1610552104,"path_taken":["M","$","M","?","M","E","?","?","T","?","M","?","?","E","R","BOSS","M","?","M","?","?","R","?","M","T","?","E"],"items_purchased_type":[],"build_version":"2020-12-22","purchased_purges":1,"victory":false,"max_hp_per_floor":[72,72,72,72,72,72,77,77,77,77,77,77,98,98,98,98,103,103,103,103,103,103,103,103,103,103,103,103,103],"relic_stats":{"Darkstone Periapt":0,"Shovel":2,"counters":[13,36],"Ornamental Fan":[8],"Shuriken":[2],"Blue Candle":[0],"Pandora\u0027s Box":["Meditate","ForeignInfluence","DeceiveReality","Tantrum","Crescendo","Tantrum","Prostrate","Meditate"],"PreservedInsect":39,"Bag of Preparation":[12],"obtain_stats":[{"Darkstone Periapt":6,"Tiny House":17,"Blue Candle":9,"Mango":13,"PreservedInsect":26,"Bag of Preparation":15,"Incense Burner":23,"Omamori":28,"Shovel":14,"Ornamental Fan":19,"Shuriken":22,"Strawberry":13,"Pandora\u0027s Box":0,"PureWater":0},{"Darkstone Periapt":4,"Tiny House":8,"Blue Candle":4,"Mango":6,"PreservedInsect":11,"Bag of Preparation":7,"Incense Burner":10,"Omamori":13,"Shovel":7,"Ornamental Fan":9,"Shuriken":10,"Strawberry":6,"Pandora\u0027s Box":0,"PureWater":0},{"Darkstone Periapt":8,"Tiny House":23,"Blue Candle":8,"Mango":13,"PreservedInsect":31,"Bag of Preparation":16,"Incense Burner":28,"Omamori":36,"Shovel":16,"Ornamental Fan":26,"Shuriken":28,"Strawberry":13,"Pandora\u0027s Box":0,"PureWater":0}]},"card_choices":[{"not_picked":["Evaluate","JustLucky"],"picked":"Conclude","floor":1.0},{"not_picked":["ConjureBlade","Prostrate"],"picked":"EmptyFist","floor":3},{"not_picked":["EmptyBody","FlurryOfBlows","FlyingSleeves"],"picked":"SKIP","floor":5},{"not_picked":["Worship","EmptyBody"],"picked":"EmptyFist","floor":6},{"not_picked":["PathToVictory","JustLucky","Weave"],"picked":"SKIP","floor":11},{"not_picked":["ThirdEye","Evaluate","PathToVictory"],"picked":"SKIP","floor":12},{"not_picked":["WheelKick","PathToVictory","Meditate"],"picked":"SKIP","floor":14},{"not_picked":["Devotion","Establishment"],"picked":"Ragnarok","floor":16},{"not_picked":["Protect","ThirdEye+1","SashWhip"],"picked":"SKIP","floor":18},{"not_picked":["SashWhip","BowlingBash+1","EmptyFist"],"picked":"SKIP","floor":20},{"not_picked":["WindmillStrike","CrushJoints+1","EmptyMind"],"picked":"SKIP","floor":25},{"not_picked":["EmptyBody","MasterReality","ThirdEye"],"picked":"SKIP","floor":27}],"player_experience":463503,"relics_obtained":[{"floor":6,"key":"Darkstone Periapt"},{"floor":9,"key":"Blue Candle"},{"floor":14,"key":"Shovel"},{"floor":15,"key":"Bag of Preparation"},{"floor":22,"key":"Shuriken"},{"floor":23,"key":"Incense Burner"},{"floor":26,"key":"PreservedInsect"},{"floor":28,"key":"Omamori"}],"event_choices":[{"damage_healed":0,"gold_gain":0,"player_choice":"Ignored","damage_taken":48,"max_hp_gain":0,"max_hp_loss":0,"event_name":"betterThird:BetterSerpent","floor":4,"gold_loss":0},{"damage_healed":0,"gold_gain":0,"player_choice":"Donut","damage_taken":0,"max_hp_gain":5,"max_hp_loss":0,"event_name":"Big Fish","floor":7,"gold_loss":0},{"damage_healed":77,"gold_gain":0,"player_choice":"Upgrade","damage_taken":15,"max_hp_gain":0,"max_hp_loss":77,"event_name":"betterThird:BetterShining","floor":8,"gold_loss":0,"cards_upgraded":["Conclude","Vigilance"]},{"damage_healed":0,"gold_gain":0,"cards_transformed":["Meditate"],"player_choice":"Transformed","damage_taken":0,"max_hp_gain":0,"max_hp_loss":0,"event_name":"Transmorgrifier","floor":10,"gold_loss":0,"cards_obtained":["Alpha"]},{"damage_healed":0,"gold_gain":1,"player_choice":"Relic Relic ","damage_taken":48,"max_hp_gain":0,"max_hp_loss":0,"event_name":"betterThird:BetterScrap","floor":13,"gold_loss":0,"cards_obtained":["Heel Hook"]},{"cards_removed":["Crescendo"],"damage_healed":0,"gold_gain":0,"player_choice":"Gave Card","damage_taken":0,"relics_obtained":["Ornamental Fan"],"max_hp_gain":0,"max_hp_loss":0,"event_name":"WeMeetAgain","floor":19,"gold_loss":0},{"damage_healed":0,"gold_gain":0,"player_choice":"Copied","damage_taken":0,"max_hp_gain":0,"max_hp_loss":0,"event_name":"Duplicator","floor":21,"gold_loss":0,"cards_obtained":["Conclude"]},{"damage_healed":0,"gold_gain":0,"player_choice":"3","damage_taken":0,"max_hp_gain":0,"max_hp_loss":0,"event_name":"betterMatch:BetterMatch","floor":24,"gold_loss":0,"cards_obtained":[]}],"is_beta":false,"boss_relics":[{"not_picked":["SacredBark","Black Star"],"picked":"Tiny House"}],"items_purged_floors":[2],"is_endless":false,"potions_floor_spawned":[1,5,12,14,27,28],"killed_by":"Slavers","ascension_level":0}}