{"host":"wha9hktbkslqvblg","time":1610513182,"event":{"mods":["BaseMod","Colored Map","Minty Spire (QoL Compilation)","Relic Stats","SuperFastMode","everything is the same but u backflip on backflip"],"gold_per_floor":[112,112,60,70,70,100,100,100,100,100,118,152,26,26,26,26,26],"floor_reached":16,"language":"KOR","playtime":273,"items_purged":["Strike_B"],"score":262,"play_id":"8c67dd46-2db9-4b76-b070-90aa36a902f6","local_time":"20210113134622","is_ascension_mode":true,"campfire_choices":[{"data":"Consume","floor":7,"key":"SMITH"},{"data":"Zap","floor":10,"key":"SMITH"},{"data":"Chaos","floor":15,"key":"SMITH"}],"circlet_count":0,"master_deck":["AscendersBane","Strike_B","Defend_B+1","Defend_B","Defend_B","Defend_B+1","Zap+1","Dualcast","Barrage","Cold Snap","Consume+1","Ball Lightning","Chill","Chaos+1","Hologram"],"relics":["Cracked Core","NeowsBlessing","Toy Ornithopter","Blood Vial","Prayer Wheel"],"acts_visited":["Exordium"],"potions_floor_usage":[11,12,12],"damage_taken":[{"damage":0,"enemies":"Cultist","floor":1,"turns":1},{"damage":0,"enemies":"Jaw Worm","floor":4,"turns":1},{"damage":0,"enemies":"Gremlin Nob","floor":6,"turns":1},{"damage":0,"enemies":"2 Louse","floor":11,"turns":2},{"damage":5,"enemies":"3 Sentries","floor":12,"turns":4},{"damage":60,"enemies":"Hexaghost","floor":16,"turns":11}],"seed_played":"6803690429801257611","potions_obtained":[{"floor":4,"key":"Fruit Juice"},{"floor":6,"key":"Explosive Potion"},{"floor":11,"key":"Energy Potion"}],"is_trial":false,"path_per_floor":["M","?","$","M","?","E","R","?","T","R","M","E","$","?","R","B"],"character_chosen":"DEFECT","items_purchased":["Cold Snap","Hologram"],"campfire_rested":0,"item_purchase_floors":[3,13],"current_hp_per_floor":[64,57,57,57,57,57,57,57,57,57,69,76,76,53,53,0,0],"gold":26,"neow_bonus":"THREE_ENEMY_KILL","is_daily":false,"chose_seed":false,"campfire_upgraded":3,"win_rate":0.0,"timestamp":1610513182,"path_taken":["M","?","?","M","?","E","R","?","T","R","?","E","$","?","R","BOSS"],"items_purchased_type":["Card","Card"],"build_version":"2020-12-22","purchased_purges":1,"victory":false,"max_hp_per_floor":[71,71,71,71,71,71,71,71,71,71,76,76,76,76,76,76,76],"relic_stats":{"Blood Vial":6,"counters":[6,20],"Prayer Wheel":0,"obtain_stats":[{"Blood Vial":9,"NeowsBlessing":0,"Prayer Wheel":12,"Cracked Core":0,"Toy Ornithopter":6},{"Blood Vial":3,"NeowsBlessing":0,"Prayer Wheel":5,"Cracked Core":0,"Toy Ornithopter":3},{"Blood Vial":3,"NeowsBlessing":0,"Prayer Wheel":9,"Cracked Core":0,"Toy Ornithopter":3}],"Toy Ornithopter":15},"card_choices":[{"not_picked":["Fusion","Rebound"],"picked":"Barrage","floor":1},{"not_picked":["Gash","Coolheaded"],"picked":"Consume","floor":4},{"not_picked":["Buffer","BootSequence"],"picked":"Ball Lightning","floor":6},{"not_picked":["Sunder","Self Repair"],"picked":"Chill","floor":11},{"not_picked":["Beam Cell","Fusion"],"picked":"Chaos","floor":12}],"player_experience":967744,"relics_obtained":[{"floor":6,"key":"Toy Ornithopter"},{"floor":9,"key":"Blood Vial"},{"floor":12,"key":"Prayer Wheel"}],"event_choices":[{"cards_removed":["Strike_B"],"damage_healed":0,"gold_gain":0,"player_choice":"Card Removal","damage_taken":7,"max_hp_gain":0,"max_hp_loss":0,"event_name":"Golden Wing","floor":2,"gold_loss":0},{"damage_healed":0,"gold_gain":0,"player_choice":"Ignored","damage_taken":0,"max_hp_gain":0,"max_hp_loss":0,"event_name":"Liars Game","floor":5,"gold_loss":0},{"cards_removed":["Strike_B"],"damage_healed":0,"gold_gain":0,"player_choice":"Offered Basic","damage_taken":0,"max_hp_gain":0,"max_hp_loss":0,"event_name":"Bonfire Elementals","floor":8,"gold_loss":0},{"damage_healed":0,"gold_gain":0,"player_choice":"Entered Light","damage_taken":23,"max_hp_gain":0,"max_hp_loss":0,"event_name":"Shining Light","floor":14,"gold_loss":0,"cards_upgraded":["Defend_B","Defend_B"]}],"is_beta":false,"boss_relics":[],"items_purged_floors":[13],"is_endless":false,"potions_floor_spawned":[4,6,11],"killed_by":"Hexaghost","ascension_level":20}}