{"host":"22s5scuj7mu87reg","time":1610563650,"event":{"mods":["BaseMod","Colored Powertips","Dota2Spire","Downfall","Duelist Mod","GungeonMod","Halation","Hubris","Koishi","KomeijiMod","Minty Spire (QoL Compilation)","Replay The Spire","StSLib","SuperFastMode","The Jungle","The Mystic","The Necromancer","Wandering Minibosses"],"gold_per_floor":[111,125,50,67,82,117,128,128,128,140,150,150,168,168,168,168,168],"floor_reached":16,"language":"POL","playtime":851,"items_purged":["Defend_G"],"score":106,"play_id":"f8dd4894-7593-4ec8-9c21-3b8f70679eb0","local_time":"20210113194730","is_ascension_mode":false,"campfire_choices":[{"floor":12,"key":"REST"},{"floor":15,"key":"REST"}],"circlet_count":0,"master_deck":["Strike_G","Strike_G","Strike_G","Strike_G","Strike_G","Defend_G","Defend_G","Defend_G","Defend_G","Defend_G","Survivor","Neutralize","Tactician","Backflip","Poisoned Stab","Flechettes","Venomology","Tactician","Glass Knife","PiercingWail","Corpse Explosion","Outmaneuver"],"relics":["halation:SimulatedSpire","Lantern","halation:WeightlessCrab","halation:PinkSoulGem"],"acts_visited":["Exordium"],"potions_floor_usage":[6,6,10,11,13,16,16,16,16],"damage_taken":[{"damage":0,"enemies":"Small Slimes","floor":1,"turns":5},{"damage":0,"enemies":"Cultist","floor":2,"turns":3},{"damage":9,"enemies":"2 Louse","floor":4,"turns":3},{"damage":6,"enemies":"Looter","floor":5,"turns":4},{"damage":22,"enemies":"Gremlin Nob","floor":6,"turns":6},{"damage":10,"enemies":"Blue Slaver","floor":7,"turns":6},{"damage":5,"enemies":"2 Fungi Beasts","floor":10,"turns":5},{"damage":12,"enemies":"3 Louse","floor":11,"turns":3},{"damage":18,"enemies":"Exordium Thugs","floor":13,"turns":5},{"damage":30,"enemies":"The Guardian","floor":16,"turns":7}],"seed_played":"-7345140756635686412","potions_obtained":[{"floor":5,"key":"CunningPotion"}],"is_trial":false,"path_per_floor":["M","M","$","M","M","E","M","?","T","M","M","R","M","?","R","B"],"character_chosen":"THE_SILENT","items_purchased":[],"campfire_rested":2,"item_purchase_floors":[],"current_hp_per_floor":[70,70,70,61,55,33,23,23,23,18,6,27,9,9,30,0,0],"gold":168,"neow_bonus":"SIMULATED_SPIRE","is_daily":false,"chose_seed":false,"campfire_upgraded":0,"win_rate":0.0,"timestamp":1610563650,"path_taken":["M","M","$","M","M","E","M","?","T","M","?","R","M","?","R","BOSS"],"items_purchased_type":[],"build_version":"2020-12-13","purchased_purges":1,"victory":false,"max_hp_per_floor":[70,70,70,70,70,70,70,70,70,70,70,70,70,70,70,70,70],"card_choices":[{"not_picked":["Acrobatics","Deflect"],"picked":"Tactician","floor":1},{"not_picked":["Underhanded Strike","Acrobatics"],"picked":"Backflip","floor":2},{"not_picked":["Dagger Spray","Cloak And Dagger"],"picked":"Poisoned Stab","floor":4},{"not_picked":["Sneak Up","Slice"],"picked":"Flechettes","floor":5},{"not_picked":["Blade Dance","ReplayTheSpireMod:The Works"],"picked":"Venomology","floor":6},{"not_picked":["Underhanded Strike","Cloak And Dagger","hubris:Sniper"],"picked":"SKIP","floor":6},{"not_picked":["Masterful Stab","Hidden Blade"],"picked":"Tactician","floor":7},{"not_picked":["Underhanded Strike","Sucker Punch"],"picked":"PiercingWail","floor":10},{"not_picked":["Quick Slash","hubris:SlightOfHand"],"picked":"Corpse Explosion","floor":11},{"not_picked":["Infinite Blades","Distraction","Prepared"],"picked":"SKIP","floor":11},{"not_picked":["Draining Mist","Cloak And Dagger"],"picked":"Outmaneuver","floor":13}],"player_experience":97700,"relics_obtained":[{"floor":6,"key":"Lantern"},{"floor":9,"key":"halation:WeightlessCrab"}],"event_choices":[{"damage_healed":0,"gold_gain":0,"cards_transformed":["Strike_G"],"player_choice":"Transformed","damage_taken":0,"max_hp_gain":0,"max_hp_loss":0,"event_name":"Transmorgrifier","floor":8,"gold_loss":0,"cards_obtained":["Glass Knife"]}],"is_beta":false,"boss_relics":[],"items_purged_floors":[3],"is_endless":false,"potions_floor_spawned":[5,10,11,13],"killed_by":"The Guardian","ascension_level":0}}