{"host":"8yg5xi2a6w9qkgsw","time":1610570648,"event":{"mods":["AchievementEnabler","BaseMod","Block Reminder","Colored Powertips","Minty Spire (QoL Compilation)","MonsterHotkey","Random Character Button","Relic Stats"],"gold_per_floor":[162,179,197,177,190,190,224,244,244,271,271,297,297,317,317,390,390,407,322,337,357,374,374,292,292,317,348,32,32,42,56,56,56,56],"floor_reached":33,"language":"ENG","playtime":4150,"items_purged":[],"score":488,"play_id":"4a76954c-d6a4-47e9-9e6c-894dfc5ece34","local_time":"20210113214408","is_ascension_mode":true,"campfire_choices":[{"data":"Sunder","floor":6.0,"key":"SMITH"},{"floor":13,"key":"REST"},{"data":"Zap","floor":15,"key":"SMITH"},{"data":"Turbo","floor":23,"key":"SMITH"},{"data":"Aggregate","floor":25,"key":"SMITH"},{"data":"Rainbow","floor":29,"key":"SMITH"},{"data":"Redo","floor":32,"key":"SMITH"}],"circlet_count":0,"master_deck":["AscendersBane","Strike_B+1","Defend_B","Defend_B","Defend_B","Defend_B","Zap+1","Dualcast","Sweeping Beam","Aggregate+1","Ball Lightning","Compile Driver","Sunder+1","Beam Cell+1","All For One+1","Go for the Eyes+1","Cold Snap+1","Machine Learning","Fusion+1","Auto Shields+1","Compile Driver+1","Turbo+1","White Noise+1","FTL+1","Rainbow+1","Compile Driver+1","Hologram","Cold Snap+1","Redo+1"],"relics":["Tiny House","Molten Egg 2","Ornamental Fan","Potion Belt","Lantern","Astrolabe","White Beast Statue","Art of War","Pantograph"],"acts_visited":["Exordium","TheCity"],"potions_floor_usage":[7,10,16,16,21,33,33,33,33],"damage_taken":[{"damage":1.0,"enemies":"Cultist","floor":1.0,"turns":4.0},{"damage":5.0,"enemies":"Small Slimes","floor":2.0,"turns":4.0},{"damage":12.0,"enemies":"Jaw Worm","floor":3.0,"turns":2.0},{"damage":8.0,"enemies":"Gremlin Gang","floor":5.0,"turns":3.0},{"damage":13,"enemies":"Gremlin Nob","floor":7,"turns":3},{"damage":9,"enemies":"Red Slaver","floor":8,"turns":2},{"damage":11,"enemies":"Lagavulin","floor":10,"turns":4},{"damage":1,"enemies":"2 Fungi Beasts","floor":14,"turns":2},{"damage":26,"enemies":"The Guardian","floor":16,"turns":12},{"damage":0,"enemies":"Chosen","floor":18,"turns":3},{"damage":2,"enemies":"Spheric Guardian","floor":20,"turns":3},{"damage":7,"enemies":"Shelled Parasite and Fungi","floor":21,"turns":4},{"damage":14,"enemies":"Centurion and Healer","floor":22,"turns":4},{"damage":5,"enemies":"Book of Stabbing","floor":27,"turns":4},{"damage":0,"enemies":"Snecko","floor":30,"turns":2},{"damage":3,"enemies":"Cultist and Chosen","floor":31,"turns":4},{"damage":58,"enemies":"Collector","floor":33,"turns":7}],"seed_played":"8581314920914132954","potions_obtained":[{"floor":0.0,"key":"Strength Potion"},{"floor":4.0,"key":"PowerPotion"},{"floor":7,"key":"Dexterity Potion"},{"floor":10,"key":"ColorlessPotion"},{"floor":18,"key":"ColorlessPotion"},{"floor":20,"key":"Swift Potion"},{"floor":21,"key":"DuplicationPotion"},{"floor":22,"key":"Block Potion"},{"floor":27,"key":"Regen Potion"},{"floor":30,"key":"FocusPotion"},{"floor":31,"key":"Fruit Juice"}],"is_trial":false,"path_per_floor":["M","M","M","?","M","R","E","M","T","E","?","T","R","M","R","B",null,"M","?","M","M","M","R","$","R","T","E","$","R","M","M","R","B"],"character_chosen":"DEFECT","items_purchased":["FTL+1","Pantograph","Compile Driver+1","Hologram"],"campfire_rested":1,"item_purchase_floors":[24,28,28,28],"current_hp_per_floor":[68,63,51,51,43,43,30,21,21,10,10,10,32,31,31,5,58,58,58,56,49,35,35,35,35,35,30,30,30,30,27,27,0,0],"gold":56,"neow_bonus":"BOSS_RELIC","is_daily":false,"chose_seed":false,"campfire_upgraded":6,"win_rate":0.0,"timestamp":1610570648,"path_taken":["M","?","M","?","M","R","E","?","T","E","?","?","R","?","R","BOSS","M","?","M","M","M","R","$","R","T","E","$","R","M","M","R","BOSS"],"items_purchased_type":["Card","Relic","Card","Card"],"build_version":"2020-12-22","purchased_purges":0,"victory":false,"max_hp_per_floor":[76,76,76,76,76,76,76,76,76,76,76,76,76,76,76,76,76,76,76,76,76,76,76,76,76,76,76,76,76,76,76,76,81,81],"relic_stats":{"counters":[17,67],"Ornamental Fan":[116],"Astrolabe":["Fusion","Auto Shields","Compile Driver"],"Pantograph":25,"Art of War":[1],"obtain_stats":[{"Potion Belt":10,"Lantern":12,"Tiny House":0,"Ornamental Fan":9,"Astrolabe":17,"Pantograph":28,"Molten Egg 2":7,"Art of War":27,"Cracked Core":0,"White Beast Statue":19},{"Potion Belt":7,"Lantern":7,"Tiny House":0,"Ornamental Fan":6,"Astrolabe":9,"Pantograph":14,"Molten Egg 2":5,"Art of War":14,"Cracked Core":0,"White Beast Statue":10},{"Potion Belt":22,"Lantern":22,"Tiny House":0,"Ornamental Fan":18,"Astrolabe":36,"Pantograph":54,"Molten Egg 2":16,"Art of War":54,"Cracked Core":0,"White Beast Statue":39}]},"card_choices":[{"not_picked":["Gash","Coolheaded"],"picked":"Sweeping Beam","floor":0.0},{"not_picked":["Self Repair","Streamline"],"picked":"Aggregate","floor":1.0},{"not_picked":["Redo","Barrage"],"picked":"Ball Lightning","floor":2.0},{"not_picked":["Go for the Eyes","Barrage"],"picked":"Compile Driver","floor":3.0},{"not_picked":["BootSequence","Leap"],"picked":"Sunder","floor":5.0},{"not_picked":["Leap","Lockon+1"],"picked":"Beam Cell+1","floor":7},{"not_picked":["Auto Shields","Hologram"],"picked":"All For One+1","floor":8},{"not_picked":["Gash+1","Self Repair"],"picked":"Go for the Eyes+1","floor":10},{"not_picked":["Compile Driver+1","Stack"],"picked":"Cold Snap+1","floor":14},{"not_picked":["All For One+1","Creative AI"],"picked":"Machine Learning","floor":16},{"not_picked":["Beam Cell+1","Ball Lightning+1","Heatsinks"],"picked":"SKIP","floor":18},{"not_picked":["Rebound+1","Double Energy"],"picked":"Turbo","floor":20},{"not_picked":["Gash+1","BootSequence"],"picked":"White Noise+1","floor":21},{"not_picked":["Barrage+1","Rebound+1","Go for the Eyes+1"],"picked":"SKIP","floor":22},{"not_picked":["Barrage+1","Ball Lightning+1"],"picked":"Rainbow","floor":27},{"not_picked":["Ball Lightning+1","Genetic Algorithm"],"picked":"Cold Snap+1","floor":30},{"not_picked":["Hologram","Streamline+1"],"picked":"Redo","floor":31}],"player_experience":1458451,"relics_obtained":[{"floor":7,"key":"Molten Egg 2"},{"floor":9,"key":"Ornamental Fan"},{"floor":10,"key":"Potion Belt"},{"floor":12,"key":"Lantern"},{"floor":27,"key":"Art of War"}],"event_choices":[{"damage_healed":0.0,"max_hp_gain":0.0,"max_hp_loss":0.0,"gold_gain":0.0,"event_name":"The Woman in Blue","player_choice":"Bought 1 Potion","floor":4.0,"gold_loss":0.0,"damage_taken":0.0},{"damage_healed":0,"gold_gain":0,"player_choice":"Ignored","damage_taken":0,"max_hp_gain":0,"max_hp_loss":0,"event_name":"Shining Light","floor":11,"gold_loss":0},{"damage_healed":0,"gold_gain":0,"player_choice":"Obtained Relic","damage_taken":0,"relics_obtained":["White Beast Statue"],"max_hp_gain":0,"max_hp_loss":0,"event_name":"Addict","floor":19,"gold_loss":85}],"is_beta":false,"boss_relics":[{"not_picked":["SacredBark","Fusion Hammer"],"picked":"Astrolabe"}],"items_purged_floors":[],"is_endless":false,"potions_floor_spawned":[7,8,10,18,20,21,22,27,30,31],"killed_by":"Collector","ascension_level":15}}