{"host":"l15sdf2mmi0nobpi","time":1610543478,"event":{"mods":["BaseMod","Highlight Path","Minty Spire (QoL Compilation)","Quick Restart","StSLib","TestMod","【功能Mod】Neow奖励"],"gold_per_floor":[118,132,532,457,37,71,84,96,96,96,96,126,144,178,178,255,255,265,280,280,205,222,249,249,265,320,349,249,266,299,313,313,390,390,410,0,0,0,25,25,54,65,65,98,98,98,98,131,131,131,131,131,131,26,56,56],"floor_reached":57,"language":"ZHS","playtime":2096,"items_purged":["Strike_R","Strike_R","Strike_R"],"score":3407,"play_id":"6c49cffb-b402-4add-bf61-1e3ba1bacdad","local_time":"20210113211118","is_ascension_mode":true,"campfire_choices":[{"data":"Body Slam","floor":11.0,"key":"SMITH"},{"floor":15.0,"key":"DIG"},{"data":"Armaments","floor":24.0,"key":"SMITH"},{"floor":32,"key":"DIG"},{"floor":40,"key":"RECALL"},{"floor":46,"key":"DIG"},{"floor":49,"key":"DIG"},{"floor":53,"key":"DIG"}],"circlet_count":0,"master_deck":["AscendersBane","Strike_R","Defend_R","Defend_R","Defend_R","Defend_R","Feel No Pain","Body Slam+1","Impervious","Feel No Pain","Juggernaut","Armaments+1","Battle Trance","Shrug It Off","Rage+1","Corruption","Disarm","testmod-AdversityCounterattack","Bloodletting","Decay"],"relics":["Burning Blood","testmod-LifeArmor","NeowsBlessing","Chemical X","Bag of Preparation","testmod-Justice","testmod-Nyarlathotep","Shovel","Gambling Chip","PreservedInsect","testmod-AssaultLearning","Dream Catcher","Anchor","Vajra","testmod-ArcanaOfDestiny","Meat on the Bone","testmod-NegativeEmotionEnhancer","Sundial","CaptainsWheel","White Beast Statue","Strawberry","Gremlin Horn","Bottled Lightning","Shuriken","testmod-ObsoleteBoomerang"],"acts_visited":["Exordium","TheCity","TheBeyond","TheEnding"],"potions_floor_usage":[],"damage_taken":[{"damage":0.0,"enemies":"Cultist","floor":1.0,"turns":1.0},{"damage":0.0,"enemies":"Small Slimes","floor":2.0,"turns":1.0},{"damage":0.0,"enemies":"Lagavulin","floor":6.0,"turns":1.0},{"damage":14.0,"enemies":"Jaw Worm","floor":7.0,"turns":4.0},{"damage":43.0,"enemies":"Large Slime","floor":8.0,"turns":8.0},{"damage":11.0,"enemies":"Gremlin Nob","floor":12.0,"turns":4.0},{"damage":0.0,"enemies":"Exordium Wildlife","floor":13.0,"turns":4.0},{"damage":9.0,"enemies":"Lagavulin","floor":14.0,"turns":10.0},{"damage":4.0,"enemies":"Slime Boss","floor":16.0,"turns":18.0},{"damage":1.0,"enemies":"Spheric Guardian","floor":18.0,"turns":5.0},{"damage":0.0,"enemies":"Chosen","floor":19.0,"turns":3.0},{"damage":6.0,"enemies":"Centurion and Healer","floor":22.0,"turns":6.0},{"damage":4.0,"enemies":"Slavers","floor":23.0,"turns":4.0},{"damage":0.0,"enemies":"Chosen and Byrds","floor":25.0,"turns":6.0},{"damage":0.0,"enemies":"Gremlin Leader","floor":27.0,"turns":4.0},{"damage":0.0,"enemies":"Snake Plant","floor":29.0,"turns":3.0},{"damage":0,"enemies":"Book of Stabbing","floor":30,"turns":4},{"damage":0,"enemies":"Cultist and Chosen","floor":31,"turns":5},{"damage":0,"enemies":"Collector","floor":33,"turns":5},{"damage":0,"enemies":"3 Shapes","floor":35,"turns":4},{"damage":0,"enemies":"Mind Bloom Boss Battle","floor":39,"turns":3},{"damage":3,"enemies":"Nemesis","floor":41,"turns":1},{"damage":3,"enemies":"Orb Walker","floor":42,"turns":2},{"damage":3,"enemies":"Giant Head","floor":44,"turns":2},{"damage":6,"enemies":"Nemesis","floor":48,"turns":4},{"damage":13,"enemies":"Awakened One","floor":50,"turns":7},{"damage":4,"enemies":"Time Eater","floor":51,"turns":4},{"damage":6,"enemies":"Shield and Spear","floor":55,"turns":3},{"damage":17,"enemies":"The Heart","floor":56,"turns":6}],"seed_played":"5071068636018773699","potions_obtained":[{"floor":1.0,"key":"Weak Potion"},{"floor":8.0,"key":"BloodPotion"},{"floor":14.0,"key":"CultistPotion"},{"floor":18.0,"key":"FairyPotion"},{"floor":23.0,"key":"testmod-TimePotion"}],"is_trial":false,"path_per_floor":["M","M","?","?","$","E","M","M","T","$","R","E","M","E","R","B",null,"M","M","?","?","M","E","R","M","T","E","$","M","E","M","R","B",null,"M","$","?","?","?","R","E","M","T","E","?","R","?","E","R","B","B",null,"R","$","E","B",null],"character_chosen":"IRONCLAD","items_purchased":["Chemical X","Bag of Preparation","Sundial","FairyPotion"],"campfire_rested":0,"item_purchase_floors":[5,5,36,54],"current_hp_per_floor":[74,75,75,75,75,75,67,30,30,30,30,25,31,43,43,45,68,73,75,75,75,75,75,75,75,75,75,75,75,75,75,75,75,75,76,76,76,66,74,74,78,79,79,80,76,83,83,84,84,83,86,86,86,86,87,78],"gold":56,"neow_bonus":"THREE_ENEMY_KILL","is_daily":false,"chose_seed":false,"campfire_upgraded":2,"win_rate":0.0,"timestamp":1610543478,"path_taken":["M","M","?","?","?","E","M","M","T","$","R","E","M","E","R","BOSS","M","M","?","?","M","E","R","M","T","E","$","M","E","M","R","BOSS","M","$","?","?","?","R","E","M","T","E","?","R","?","E","R","BOSS","BOSS","R","$","E","BOSS"],"items_purchased_type":["Relic","Relic","Relic","Potion"],"build_version":"2020-12-22","purchased_purges":3,"victory":true,"max_hp_per_floor":[75,75,75,75,75,75,75,75,75,75,75,75,75,75,75,75,75,75,75,75,75,75,75,75,75,75,75,75,75,75,75,75,75,75,76,76,76,76,77,77,78,79,79,80,76,83,83,84,84,85,86,86,86,86,87,88],"card_choices":[{"not_picked":["Sentinel","Sword Boomerang","Clothesline"],"picked":"SKIP","floor":1.0},{"not_picked":["Perfected Strike","Warcry"],"picked":"Feel No Pain","floor":2.0},{"not_picked":["Thunderclap","Spot Weakness"],"picked":"Body Slam","floor":6.0},{"not_picked":["Body Slam","Wild Strike","Iron Wave"],"picked":"SKIP","floor":7.0},{"not_picked":["True Grit","Metallicize","Headbutt"],"picked":"SKIP","floor":8.0},{"not_picked":["Carnage","Iron Wave"],"picked":"Impervious","floor":12.0},{"not_picked":["Headbutt","Perfected Strike","Wild Strike"],"picked":"SKIP","floor":13.0},{"not_picked":["Pummel","Infernal Blade"],"picked":"Feel No Pain","floor":14.0},{"not_picked":["Offering","Reaper"],"picked":"Juggernaut","floor":16.0},{"not_picked":["Heavy Blade","Perfected Strike"],"picked":"Armaments","floor":18.0},{"not_picked":["Iron Wave+1","Flex","Rampage"],"picked":"SKIP","floor":19.0},{"not_picked":["Uppercut","Thunderclap"],"picked":"Battle Trance","floor":22.0},{"not_picked":["Armaments","Headbutt"],"picked":"Shrug It Off","floor":23.0},{"not_picked":["Headbutt","Warcry+1"],"picked":"Rage+1","floor":25.0},{"not_picked":["Clothesline","Searing Blow","Iron Wave"],"picked":"SKIP","floor":27.0},{"not_picked":["Wild Strike+1","Entrench"],"picked":"Corruption","floor":29.0},{"not_picked":["Anger+1","Immolate"],"picked":"Disarm","floor":30},{"not_picked":["Inflame","Sword Boomerang","Clash"],"picked":"SKIP","floor":31},{"not_picked":["Clothesline+1","Spot Weakness","Inflame+1"],"picked":"SKIP","floor":35},{"not_picked":["testmod-HeadAttack","testmod-LimitFlipper"],"picked":"testmod-AdversityCounterattack","floor":38},{"not_picked":["Flame Barrier","Warcry+1"],"picked":"Bloodletting","floor":39},{"not_picked":["Combust","Rage","Feel No Pain"],"picked":"SKIP","floor":41},{"not_picked":["Sentinel","Perfected Strike","Flex"],"picked":"SKIP","floor":42},{"not_picked":["Dropkick","Armaments","Havoc+1"],"picked":"SKIP","floor":44},{"not_picked":["Rupture","Demon Form","Cleave"],"picked":"SKIP","floor":48},{"not_picked":["Twin Strike","Reckless Charge","Clothesline"],"picked":"SKIP","floor":55}],"player_experience":460011,"relics_obtained":[{"floor":6.0,"key":"testmod-Justice"},{"floor":9.0,"key":"testmod-Nyarlathotep"},{"floor":12.0,"key":"Shovel"},{"floor":14.0,"key":"Gambling Chip"},{"floor":15.0,"key":"PreservedInsect"},{"floor":23.0,"key":"Dream Catcher"},{"floor":26.0,"key":"Anchor"},{"floor":27.0,"key":"Vajra"},{"floor":30,"key":"testmod-ArcanaOfDestiny"},{"floor":32,"key":"Meat on the Bone"},{"floor":39,"key":"CaptainsWheel"},{"floor":44,"key":"White Beast Statue"},{"floor":46,"key":"Strawberry"},{"floor":48,"key":"Gremlin Horn"},{"floor":49,"key":"Bottled Lightning"},{"floor":53,"key":"Shuriken"},{"floor":55,"key":"testmod-ObsoleteBoomerang"}],"event_choices":[{"damage_healed":0.0,"max_hp_gain":0.0,"max_hp_loss":0.0,"gold_gain":400.0,"event_name":"恩洛斯的盘子","player_choice":"Sell","floor":3.0,"relics_lost":["testmod-TestBox"],"gold_loss":0.0,"damage_taken":0.0},{"cards_removed":["Strike_R"],"damage_healed":0.0,"max_hp_gain":0.0,"max_hp_loss":0.0,"gold_gain":0.0,"event_name":"The Cleric","player_choice":"Card Removal","floor":4.0,"gold_loss":75.0,"damage_taken":0.0},{"damage_healed":0.0,"max_hp_gain":0.0,"max_hp_loss":0.0,"gold_gain":0.0,"event_name":"The Mausoleum","player_choice":"Opened","floor":20.0,"gold_loss":0.0,"damage_taken":0.0,"relics_obtained":["testmod-AssaultLearning"],"cards_obtained":["Writhe"]},{"cards_removed":["Writhe"],"damage_healed":0.0,"max_hp_gain":0.0,"max_hp_loss":0.0,"gold_gain":0.0,"event_name":"Beggar","player_choice":"Gave Gold","floor":21.0,"gold_loss":75.0,"damage_taken":0.0},{"cards_removed":["Bash"],"damage_healed":0,"gold_gain":0,"player_choice":"Removed Attack","damage_taken":0,"max_hp_gain":0,"max_hp_loss":0,"event_name":"Falling","floor":37,"gold_loss":0},{"damage_healed":0,"gold_gain":0,"player_choice":"Memory 3","damage_taken":10,"max_hp_gain":0,"max_hp_loss":0,"event_name":"SensoryStone","floor":38,"gold_loss":0},{"damage_healed":0,"gold_gain":0,"player_choice":"Fight","damage_taken":0,"max_hp_gain":0,"max_hp_loss":0,"event_name":"MindBloom","floor":39,"gold_loss":0},{"damage_healed":0,"gold_gain":0,"player_choice":"Max HP","damage_taken":0,"max_hp_gain":0,"max_hp_loss":4,"event_name":"Winding Halls","floor":45,"gold_loss":0},{"damage_healed":0,"gold_gain":0,"player_choice":"Cursed","damage_taken":0,"max_hp_gain":0,"max_hp_loss":0,"event_name":"Wheel of Change","floor":47,"gold_loss":0,"cards_obtained":["Decay"]}],"is_beta":false,"boss_relics":[{"not_picked":["Snecko Eye","testmod-PortableAltar","Busted Crown"]},{"not_picked":["testmod-Fanaticism","SlaversCollar"],"picked":"testmod-NegativeEmotionEnhancer"}],"items_purged_floors":[5,28,36],"is_endless":false,"potions_floor_spawned":[1,8,14,18,23,29,31,33,35,41,42,48,55],"ascension_level":20}}