{"host":"3498uni0c31c9bdm","time":1610580960,"event":{"mods":["BaseMod","Better Third Choice","Minty Spire (QoL Compilation)","Replay The Spire","StSLib"],"gold_per_floor":[112,112,124,143,162,162,162,192,216,233,252,268,268,285,285,384,384,401,401,420,420,420,420],"floor_reached":22,"language":"ENG","playtime":1405,"items_purged":[],"score":266,"play_id":"b85208d0-ae78-44b7-b223-ace3656ff7f2","local_time":"20210114103600","is_ascension_mode":true,"campfire_choices":[{"floor":6,"key":"REST"},{"floor":13,"key":"REST"},{"floor":15,"key":"RECALL"}],"circlet_count":0,"master_deck":["Strike_R","Strike_R","Strike_R","Strike_R","Strike_R","Defend_R","Defend_R","Defend_R","Defend_R","Bash","Panacea+1","Clothesline","ReplayTheSpireMod:Corrosion Curse","Perfected Strike","ReplayTheSpireMod:Stacked","Regret","ReplayTheSpireMod:LeadingStrike","Metallicize","Armaments","Inflame","Demon Form","Run Through","Armaments"],"relics":["Burning Blood","Smiling Mask","Omamori","Ooze Armor","Juzu Bracelet"],"acts_visited":["Exordium","TheCity"],"potions_floor_usage":[8,16,16,16,16,21,22],"damage_taken":[{"damage":14,"enemies":"Jaw Worm","floor":1,"turns":5},{"damage":0,"enemies":"Small Slimes","floor":3,"turns":4},{"damage":4,"enemies":"2 Louse","floor":4,"turns":3},{"damage":20,"enemies":"Large Slime","floor":5,"turns":8},{"damage":28,"enemies":"3 Sentries","floor":8,"turns":3},{"damage":16,"enemies":"Blue Slaver","floor":10,"turns":4},{"damage":5,"enemies":"2 Fungi Beasts","floor":11,"turns":5},{"damage":9,"enemies":"Red Slaver","floor":12,"turns":3},{"damage":11,"enemies":"Large Slime","floor":14,"turns":5},{"damage":62,"enemies":"Hexaghost","floor":16,"turns":16},{"damage":27,"enemies":"Spheric Guardian","floor":18,"turns":5},{"damage":18,"enemies":"3 Byrds","floor":20,"turns":6},{"damage":36,"enemies":"Sentry and Sphere","floor":22,"turns":5}],"seed_played":"4769534309614170661","potions_obtained":[{"floor":3,"key":"ColorlessPotion"},{"floor":4,"key":"Weak Potion"},{"floor":11,"key":"Swift Potion"},{"floor":12,"key":"SpeedPotion"},{"floor":16,"key":"Fruit Juice"},{"floor":18,"key":"BloodPotion"},{"floor":20,"key":"Weak Potion"}],"is_trial":false,"path_per_floor":["M","?","M","M","M","R","?","E","T","M","M","M","R","M","R","B",null,"M","?","M","?","M"],"character_chosen":"IRONCLAD","items_purchased":[],"campfire_rested":2,"item_purchase_floors":[],"current_hp_per_floor":[64,64,70,72,58,80,80,58,58,48,49,46,70,65,65,14,67,46,46,34,35,0,0],"gold":420,"neow_bonus":"RANDOM_COLORLESS","is_daily":false,"chose_seed":false,"campfire_upgraded":0,"win_rate":0.0,"timestamp":1610580960,"path_taken":["M","?","M","M","M","R","?","E","T","M","M","M","R","?","R","BOSS","M","?","M","?","M"],"items_purchased_type":[],"build_version":"2020-12-22","purchased_purges":0,"victory":false,"max_hp_per_floor":[80,80,80,80,80,80,80,80,80,80,80,80,80,80,80,85,85,85,85,85,90,90,90],"card_choices":[{"not_picked":["Purity","Specialist"],"picked":"Panacea","floor":0},{"not_picked":["Warcry","Burning Pact"],"picked":"Clothesline","floor":1},{"not_picked":["Heavy Blade","Havoc"],"picked":"ReplayTheSpireMod:Corrosion Curse","floor":3},{"not_picked":["Shrug It Off","Run Through"],"picked":"Perfected Strike","floor":4},{"not_picked":["Pummel","Run Through"],"picked":"ReplayTheSpireMod:Stacked","floor":5},{"not_picked":["Whirlwind","Dual Wield"],"picked":"ReplayTheSpireMod:LeadingStrike","floor":8},{"not_picked":["Body Slam","True Grit"],"picked":"Metallicize","floor":10},{"not_picked":["Life Link","Reckless Charge"],"picked":"Armaments","floor":11},{"not_picked":["Brutality","Heavy Blade","Run Through"],"picked":"SKIP","floor":12},{"not_picked":["Ghostly Armor","Sword Boomerang"],"picked":"Inflame","floor":14},{"not_picked":["Immolate","Replay:Many Hands"],"picked":"Demon Form","floor":16},{"not_picked":["Clothesline","Body Slam"],"picked":"Run Through","floor":18},{"not_picked":["Pommel Strike+1","Clash"],"picked":"Armaments","floor":20}],"player_experience":679926,"relics_obtained":[{"floor":8,"key":"Omamori"}],"event_choices":[{"damage_healed":0,"gold_gain":0,"player_choice":"Grow","damage_taken":0,"max_hp_gain":0,"max_hp_loss":0,"event_name":"Living Wall","floor":2,"gold_loss":0,"cards_upgraded":["Panacea"]},{"damage_healed":0,"gold_gain":0,"player_choice":"Box","damage_taken":0,"relics_obtained":["Smiling Mask"],"max_hp_gain":0,"max_hp_loss":0,"event_name":"Big Fish","floor":7,"gold_loss":0,"cards_obtained":["Regret"]},{"damage_healed":0,"gold_gain":0,"player_choice":"Stole Relic","damage_taken":0,"relics_obtained":["Juzu Bracelet"],"max_hp_gain":0,"max_hp_loss":0,"event_name":"Addict","floor":19,"gold_loss":0,"cards_obtained":["Shame"]},{"damage_healed":0,"gold_gain":0,"player_choice":"Shed Blood","damage_taken":21,"max_hp_gain":5,"max_hp_loss":0,"event_name":"Forgotten Altar","floor":21,"gold_loss":0}],"is_beta":false,"boss_relics":[{"not_picked":["Replay:Grab Bag","Black Star"],"picked":"Ooze Armor"}],"items_purged_floors":[],"is_endless":false,"potions_floor_spawned":[3,4,11,12,16,18,20],"killed_by":"Sentry and Sphere","ascension_level":8}}