{"host":"3oax8yz66k5njorr","time":1610545443,"event":{"mods":["AchievementEnabler","BaseMod","Colored Map","Colored Powertips","DeckTracker","Minty Spire (QoL Compilation)","Rare Cards Sparkle"],"gold_per_floor":[115,129,139,155,1,17,43,53,53,53,72,86,39,59,59,163,163,179,34,48,48,48],"floor_reached":21,"language":"KOR","playtime":934,"items_purged":["Strike_G"],"score":187,"play_id":"99d6ca08-fbce-46ef-889b-ffee78e1ac4b","local_time":"20210113224403","is_ascension_mode":false,"campfire_choices":[{"data":"Bullet Time","floor":15,"key":"SMITH"}],"circlet_count":0,"master_deck":["Strike_G","Strike_G","Strike_G","Strike_G+1","Defend_G","Defend_G","Defend_G","Defend_G","Defend_G","Survivor","Neutralize","Die Die Die","Quick Slash","Footwork","Blade Dance","Deadly Poison","Footwork","Glass Knife","PiercingWail","Accuracy","Bullet Time+1","Dagger Throw","Choke+1","Envenom","Accuracy"],"relics":["Ring of the Snake","Singing Bowl","Matryoshka","HoveringKite","Whetstone"],"acts_visited":["Exordium","TheCity"],"potions_floor_usage":[16,16,16,20],"damage_taken":[{"damage":0,"enemies":"Cultist","floor":1,"turns":3},{"damage":0,"enemies":"2 Louse","floor":2,"turns":1},{"damage":0,"enemies":"Small Slimes","floor":3,"turns":3},{"damage":6,"enemies":"2 Fungi Beasts","floor":4,"turns":3},{"damage":6,"enemies":"Exordium Thugs","floor":6,"turns":4},{"damage":9,"enemies":"3 Sentries","floor":7,"turns":7},{"damage":8,"enemies":"Large Slime","floor":8,"turns":4},{"damage":2,"enemies":"Looter","floor":11,"turns":2},{"damage":7,"enemies":"Red Slaver","floor":12,"turns":3},{"damage":10,"enemies":"2 Fungi Beasts","floor":14,"turns":3},{"damage":37,"enemies":"Hexaghost","floor":16,"turns":11},{"damage":29,"enemies":"3 Byrds","floor":18,"turns":7},{"damage":36,"enemies":"Chosen","floor":20,"turns":7},{"damage":15,"enemies":"Shelled Parasite and Fungi","floor":21,"turns":2}],"seed_played":"-5519441425631800900","potions_obtained":[{"floor":3,"key":"SpeedPotion"},{"floor":6,"key":"Regen Potion"},{"floor":11,"key":"GhostInAJar"},{"floor":12,"key":"Energy Potion"},{"floor":18,"key":"ColorlessPotion"},{"floor":20,"key":"Block Potion"}],"is_trial":false,"path_per_floor":["M","M","M","M","$","M","E","M","T","?","M","M","$","M","R","B",null,"M","$","M","M"],"character_chosen":"THE_SILENT","items_purchased":["Footwork","Dagger Throw","Whetstone"],"campfire_rested":0,"item_purchase_floors":[5,13,19],"current_hp_per_floor":[70,70,70,64,64,58,49,43,43,43,41,34,34,24,24,2,72,43,43,9,0,0],"gold":48,"neow_bonus":"ONE_RANDOM_RARE_CARD","is_daily":false,"chose_seed":false,"campfire_upgraded":1,"win_rate":0.0,"timestamp":1610545443,"path_taken":["M","M","M","M","$","M","E","?","T","?","M","M","$","M","R","BOSS","M","$","M","M"],"items_purchased_type":["Card","Card","Relic"],"build_version":"2020-12-22","purchased_purges":1,"victory":false,"max_hp_per_floor":[70,70,70,70,70,70,70,72,72,72,72,72,72,72,72,72,72,72,72,74,74,74],"card_choices":[{"not_picked":["Outmaneuver","Catalyst"],"picked":"Quick Slash","floor":1},{"not_picked":["Blur","Accuracy"],"picked":"Footwork","floor":2},{"not_picked":["Underhanded Strike","PiercingWail"],"picked":"Blade Dance","floor":3},{"not_picked":["Slice","Bouncing Flask"],"picked":"Deadly Poison","floor":4},{"not_picked":["Poisoned Stab","Prepared"],"picked":"Glass Knife","floor":6},{"not_picked":["Tools of the Trade","Deadly Poison"],"picked":"PiercingWail","floor":7},{"not_picked":["Outmaneuver","Calculated Gamble","Quick Slash"],"picked":"Singing Bowl","floor":8},{"not_picked":["Calculated Gamble","Bane"],"picked":"Accuracy","floor":11},{"not_picked":["Sucker Punch","Calculated Gamble"],"picked":"Bullet Time","floor":12},{"not_picked":["Dodge and Roll","Dagger Spray"],"picked":"Choke","floor":14},{"not_picked":["Night Terror","Tools of the Trade"],"picked":"Envenom","floor":16},{"not_picked":["Slice+1","Blade Dance"],"picked":"Accuracy","floor":18},{"not_picked":["Outmaneuver","Prepared","Deadly Poison"],"picked":"Singing Bowl","floor":20}],"player_experience":43450,"relics_obtained":[{"floor":7,"key":"Singing Bowl"},{"floor":9,"key":"Matryoshka"}],"event_choices":[{"damage_healed":0,"gold_gain":0,"player_choice":"Ignored","damage_taken":0,"max_hp_gain":0,"max_hp_loss":0,"event_name":"Liars Game","floor":10,"gold_loss":0}],"is_beta":false,"boss_relics":[{"not_picked":["Velvet Choker","SacredBark"],"picked":"HoveringKite"}],"items_purged_floors":[5],"is_endless":false,"potions_floor_spawned":[3,6,11,12,14,18,20],"killed_by":"Shelled Parasite and Fungi","ascension_level":0}}