{"host":"Rich","time":1610560548,"event":{"mods":["AchievementEnabler","BaseMod","Highlight Path","Minty Spire (QoL Compilation)","Relic Stats"],"gold_per_floor":[114,114,9,23,35,61,61,61,88,126,176,214,228,252,252,345,408,421,421,437,63,63,94,94,94,94],"floor_reached":25,"language":"ENG","playtime":828,"items_purged":[],"score":478,"play_id":"1fe14ef2-a911-48e3-8e1e-35cd5c59ab8f","local_time":"20210113125548","is_ascension_mode":true,"campfire_choices":[{"data":"SashWhip","floor":7,"key":"SMITH"},{"data":"Worship","floor":15,"key":"SMITH"}],"circlet_count":0,"master_deck":["AscendersBane","Strike_P","Strike_P","Strike_P","Strike_P","Defend_P","Defend_P","Defend_P","Defend_P","Eruption","Vigilance","WheelKick+1","FearNoEvil","EmptyFist","InnerPeace","FlurryOfBlows","SashWhip+1","CrushJoints+1","ThirdEye","Protect","Worship+1","Devotion","MentalFortress","Prostrate","ThirdEye","FlurryOfBlows","CutThroughFate","Brilliance"],"relics":["PureWater","NeowsBlessing","Potion Belt","Bloody Idol","Oddly Smooth Stone","Strawberry","Damaru","Tiny House","Meat on the Bone","Darkstone Periapt"],"acts_visited":["Exordium","TheCity"],"potions_floor_usage":[6,10,16,16,18],"damage_taken":[{"damage":0,"enemies":"2 Louse","floor":1,"turns":2},{"damage":0,"enemies":"Cultist","floor":4,"turns":1},{"damage":0,"enemies":"Small Slimes","floor":5,"turns":1},{"damage":21,"enemies":"3 Sentries","floor":6,"turns":8},{"damage":8,"enemies":"Gremlin Nob","floor":10,"turns":3},{"damage":28,"enemies":"3 Sentries","floor":12,"turns":6},{"damage":0,"enemies":"2 Fungi Beasts","floor":13,"turns":2},{"damage":1,"enemies":"Red Slaver","floor":14,"turns":2},{"damage":4,"enemies":"Hexaghost","floor":16,"turns":9},{"damage":15,"enemies":"3 Byrds","floor":18,"turns":7},{"damage":0,"enemies":"Chosen","floor":20,"turns":3},{"damage":42,"enemies":"Slavers","floor":23,"turns":5},{"damage":18,"enemies":"Book of Stabbing","floor":25,"turns":1}],"seed_played":"-8618946791234228362","potions_obtained":[{"floor":1,"key":"SkillPotion"},{"floor":5,"key":"PowerPotion"},{"floor":6,"key":"LiquidBronze"},{"floor":12,"key":"Energy Potion"},{"floor":17,"key":"ColorlessPotion"}],"is_trial":false,"path_per_floor":["M","?","$","M","M","E","R","?","T","E","?","E","M","M","R","B",null,"M","T","M","$","?","E","?","E"],"character_chosen":"WATCHER","items_purchased":["FearNoEvil","EmptyFist","Meat on the Bone","FlurryOfBlows","CutThroughFate"],"campfire_rested":0,"item_purchase_floors":[3,3,21,21,21],"current_hp_per_floor":[61,61,61,61,61,40,40,40,40,39,39,11,11,10,10,6,58,43,43,43,43,43,13,13,0,0],"gold":94,"neow_bonus":"THREE_ENEMY_KILL","is_daily":false,"chose_seed":false,"campfire_upgraded":2,"win_rate":0.0,"timestamp":1610560548,"path_taken":["M","?","$","M","?","E","R","?","T","E","?","E","M","M","R","BOSS","M","?","M","$","?","E","?","E"],"items_purchased_type":["Card","Card","Relic","Card","Card"],"build_version":"2020-12-18","purchased_purges":0,"victory":false,"max_hp_per_floor":[68,68,68,68,68,68,68,62,62,69,69,69,69,69,69,69,74,74,74,74,74,74,74,74,74,74],"relic_stats":{"Darkstone Periapt":0,"counters":[13,50],"Bloody Idol":0,"obtain_stats":[{"Potion Belt":6,"Darkstone Periapt":23,"Tiny House":17,"NeowsBlessing":0,"Golden Idol":8,"Strawberry":10,"Bloody Idol":24,"Oddly Smooth Stone":9,"Damaru":12,"PureWater":0,"Meat on the Bone":21},{"Potion Belt":4,"Darkstone Periapt":12,"Tiny House":9,"NeowsBlessing":0,"Golden Idol":4,"Strawberry":5,"Bloody Idol":12,"Oddly Smooth Stone":4,"Damaru":6,"PureWater":0,"Meat on the Bone":11},{"Potion Belt":12,"Darkstone Periapt":49,"Tiny House":34,"NeowsBlessing":0,"Golden Idol":12,"Strawberry":15,"Bloody Idol":49,"Oddly Smooth Stone":12,"Damaru":21,"PureWater":0,"Meat on the Bone":44}],"Meat on the Bone":12},"card_choices":[{"not_picked":["Prostrate","Fasting2"],"picked":"WheelKick","floor":1},{"not_picked":["Wireheading","FollowUp"],"picked":"InnerPeace","floor":4},{"not_picked":["EmptyBody","BowlingBash"],"picked":"FlurryOfBlows","floor":5},{"not_picked":["BattleHymn","Protect"],"picked":"SashWhip","floor":6},{"not_picked":["InnerPeace","JustLucky"],"picked":"CrushJoints","floor":10},{"not_picked":["FollowUp","EmptyFist"],"picked":"ThirdEye","floor":12},{"not_picked":["SignatureMove","EmptyFist"],"picked":"Protect","floor":13},{"not_picked":["Scrawl","ThirdEye"],"picked":"Worship","floor":14},{"not_picked":["Brilliance","Omniscience"],"picked":"Devotion","floor":16},{"not_picked":["SashWhip","Evaluate"],"picked":"MentalFortress","floor":17},{"not_picked":["Collect","Protect"],"picked":"Prostrate","floor":18},{"not_picked":["BowlingBash","CrushJoints"],"picked":"ThirdEye","floor":20},{"not_picked":["Fasting2","CutThroughFate"],"picked":"Brilliance","floor":23}],"player_experience":1985047,"relics_obtained":[{"floor":6,"key":"Potion Belt"},{"floor":9,"key":"Oddly Smooth Stone"},{"floor":10,"key":"Strawberry"},{"floor":12,"key":"Damaru"},{"floor":23,"key":"Darkstone Periapt"}],"event_choices":[{"damage_healed":0,"gold_gain":0,"player_choice":"Upgraded","damage_taken":0,"max_hp_gain":0,"max_hp_loss":0,"event_name":"Upgrade Shrine","floor":2,"gold_loss":0,"cards_upgraded":["WheelKick"]},{"damage_healed":0,"gold_gain":0,"player_choice":"Lose Max HP","damage_taken":0,"relics_obtained":["Golden Idol"],"max_hp_gain":0,"max_hp_loss":6,"event_name":"Golden Idol","floor":8,"gold_loss":0},{"damage_healed":0,"gold_gain":50,"player_choice":"Pray","damage_taken":0,"max_hp_gain":0,"max_hp_loss":0,"event_name":"Golden Shrine","floor":11,"gold_loss":0},{"damage_healed":0,"gold_gain":0,"player_choice":"Ignored","damage_taken":0,"max_hp_gain":0,"max_hp_loss":0,"event_name":"Ghosts","floor":22,"gold_loss":0},{"damage_healed":0,"gold_gain":0,"player_choice":"Gave Idol","damage_taken":0,"relics_obtained":["Bloody Idol"],"max_hp_gain":0,"max_hp_loss":0,"event_name":"Forgotten Altar","floor":24,"relics_lost":["Golden Idol"],"gold_loss":0}],"is_beta":true,"boss_relics":[{"not_picked":["Coffee Dripper","Philosopher\u0027s Stone"],"picked":"Tiny House"}],"items_purged_floors":[],"is_endless":false,"potions_floor_spawned":[1,5,6,12],"killed_by":"Book of Stabbing","ascension_level":20}}