{"host":"s6mlqkqtr3ey2mm2","time":1610545003,"event":{"mods":["2.2 Compatiblity","AchievementEnabler","Aspiration","BaseMod","Beaked The Cultist","Better Note","Better Vampires","BetterRewards","Challenge The Spire","Colored Map","Colored Powertips","Conspire","Curses Come First","Downfall","Emptier Cage","Energized Spire","GifTheSpireLib","GungeonMod","Halation","Hermit","Hubris","Infinite Spire","Ironclad Rager","Magitek Elite","Marked Mod","Minty Spire (QoL Compilation)","Poor People Problems","Quick Restart","RatMod","Replay The Spire","Retaliation","Robot Space Explorer","Shade Mod","Somnambulant","Spicy Shops","StSLib","Stuff the Spire","The Blue Laboratory","The Construct","The Druid","The Hierophant","The IronCluck","The Necromancer","The Poker Player","The Runesmith","The Servant 0.9.4","The Valiant","vexMod"],"gold_per_floor":[99,112,125,125,125,144,144,155,190,19,19,45,72,72,82,187,853,778,798,798,798,247,247,247,35,35,52,52,152,162,172,189,189,189,189],"floor_reached":33,"language":"ENG","playtime":2897,"items_purged":["hexamod:Strike","hexamod:Strike"],"score":305,"play_id":"55dd0ca8-73a8-4709-b4d4-5ba93535f0e7","local_time":"20210113083643","is_ascension_mode":false,"campfire_choices":[{"floor":1,"key":"RECALL"},{"data":"hubris:DuctTapeCard","floor":18,"key":"SMITH"},{"data":"hexamod:ThermalTransfer","floor":28,"key":"SMITH"}],"circlet_count":0,"master_deck":["hexamod:Strike","hexamod:Strike","hexamod:Defend+1","hexamod:Defend+1","hexamod:Defend","hexamod:Float","hexamod:GhostOfSpirePresent+1","hexamod:PhantomFireball+1","hubris:DuctTapeCard+2","hexamod:SpectersWail","hexamod:ExtraCrispy","hexamod:FirstSeal","hexamod:FlamesFromBeyond","hexamod:ShieldOfDarkness","hexamod:FastForward","hexamod:HeatMetal","hexamod:WildfireWeapon+1","hexamod:ThermalTransfer+1","Replay:Fractal Strike+1","hexamod:BurningTouch+1","Violence","hexamod:EmpoweredFlame+1","hexamod:FastForward","hexamod:FourthSeal","hexamod:Firestarter","hexamod:GiftsFromTheDead","hexamod:StepThrough","hexamod:SpectersWail"],"relics":["hexamod:SpiritBrand","hubris:DuctTape","Bronze Scales","Genji_Glove","DemoMod:Metronome","Replay:Wax Seal","hubris:Towel","vexMod:RockOfEvil","downfall:HeartBlessingRed","construct:RocketBooster","Guide Book","vexMod:Spyglass","infinitespire:EmpoweringShard","Boot","DemoMod:VorpalBullet","hubris:DeckOfHolding"],"acts_visited":["Exordium","TheCity"],"potions_floor_usage":[16,16,19,31,33],"damage_taken":[{"damage":0,"enemies":"Cultist","floor":2,"turns":3},{"damage":7,"enemies":"Jaw Worm","floor":3,"turns":3},{"damage":3,"enemies":"Small Slimes","floor":6,"turns":3},{"damage":10,"enemies":"Exordium Wildlife","floor":8,"turns":3},{"damage":15,"enemies":"3 Sentries","floor":9,"turns":4},{"damage":5,"enemies":"downfall:FleeingMerchant","floor":10,"turns":4},{"damage":14,"enemies":"Gremlin Nob","floor":13,"turns":4},{"damage":6,"enemies":"2 Fungi Beasts","floor":15,"turns":3},{"damage":5,"enemies":"downfall:Watcher","floor":16,"turns":5},{"damage":8,"enemies":"3 Byrds","floor":19,"turns":2},{"damage":9,"enemies":"downfall:FleeingMerchant","floor":22,"turns":4},{"damage":10,"enemies":"downfall:FleeingMerchant","floor":25,"turns":4},{"damage":3,"enemies":"conspire:FuzzyDice","floor":27,"turns":3},{"damage":16,"enemies":"downfall:Silent","floor":29,"turns":5},{"damage":22,"enemies":"Cultist and Chosen","floor":30,"turns":5},{"damage":24,"enemies":"Shelled Parasite and Fungi","floor":31,"turns":4},{"damage":0,"enemies":"3 Cultists","floor":32,"turns":3},{"damage":26,"enemies":"downfall:Ironclad","floor":33,"turns":4}],"seed_played":"-546685519704491646","potions_obtained":[{"floor":3,"key":"Energy Potion"},{"floor":13,"key":"Toxic Potion"},{"floor":15,"key":"GamblersBrew"},{"floor":19,"key":"blueLaboratory:StoneskinPotion"},{"floor":29,"key":"AttackPotion"},{"floor":30,"key":"blueLaboratory:Moonshine"},{"floor":31,"key":"Fire Potion"}],"is_trial":false,"path_per_floor":["R","M","M","?","?","M","T","M","E","$","?","T","E","?","M","B",null,"R","M","AVR","?","$","?","T","$","?","M","R","?","M","M","M","B"],"character_chosen":"THE_SPIRIT","items_purchased":["hexamod:FlamesFromBeyond","Genji_Glove","hexamod:ShieldOfDarkness","Guide Book","vexMod:Spyglass","Violence","Boot","hexamod:FastForward"],"campfire_rested":0,"item_purchase_floors":[10,10,10,22,22,22,25,25],"current_hp_per_floor":[70,70,63,63,63,60,60,50,35,30,30,30,23,23,17,12,70,70,69,69,69,67,67,67,64,64,61,61,52,30,13,20,0,0,0],"gold":189,"neow_bonus":"UPGRADE_CARD","is_daily":false,"chose_seed":false,"campfire_upgraded":2,"win_rate":0.0,"timestamp":1610545003,"path_taken":["R","M","?","?","?","M","T","M","E","?","?","?","E","?","M","BOSS","R","M","AVR","?","$","?","T","?","?","M","R","?","M","M","M","BOSS"],"items_purchased_type":["Card","Relic","Card","Relic","Relic","Card","Relic","Card"],"build_version":"2020-12-22","purchased_purges":2,"victory":false,"max_hp_per_floor":[70,70,70,70,70,70,70,70,70,70,70,70,70,70,70,70,70,70,70,70,70,70,70,70,70,70,70,70,70,70,70,70,70,70,70],"card_choices":[{"not_picked":["hexamod:PhantomCloak","hexamod:NightmareStrike"],"picked":"hexamod:GhostOfSpirePresent","floor":2},{"not_picked":["hexamod:GhostOfSpirePresent","hexamod:BurningTouch"],"picked":"hexamod:SoulSteal","floor":3},{"not_picked":["hexamod:HauntingEcho","hexamod:BacktrackSmack"],"picked":"hexamod:PhantomFireball","floor":6},{"not_picked":["hexamod:GhostShield","hexamod:Hexaguard"],"picked":"hexamod:SpectersWail","floor":8},{"not_picked":["hexamod:NecessarySacrifice","hexamod:SecondSeal"],"picked":"hexamod:ExtraCrispy","floor":9},{"not_picked":["hexamod:PhantomCloak","hexamod:SpectralAdrenaline"],"picked":"hexamod:FirstSeal","floor":10},{"not_picked":["hexamod:GhostShield","hexamod:GhostOfSpirePast"],"picked":"hexamod:FastForward","floor":13},{"not_picked":["hexamod:AdvancingGuard","hexamod:TurnItUp"],"picked":"hexamod:HeatMetal","floor":15},{"not_picked":["hexamod:ParanormalForm","hexamod:FifthSeal"],"picked":"hexamod:WildfireWeapon","floor":16},{"not_picked":["hexamod:Hexaguard","hexamod:FastForward"],"picked":"hexamod:ThermalTransfer","floor":19},{"not_picked":["hexamod:NecessarySacrifice","hexamod:PowerFromBeyond+1"],"picked":"hexamod:BurningTouch+1","floor":22},{"not_picked":["hexamod:SecondSeal","hexamod:Again"],"picked":"hexamod:EmpoweredFlame+1","floor":25},{"not_picked":["hexamod:GhostShield","hexamod:BacktrackSmack+1"],"picked":"hexamod:FourthSeal","floor":27},{"not_picked":["hexamod:AdvancingGuard","hexamod:GhostOfSpirePresent"],"picked":"hexamod:Firestarter","floor":29},{"not_picked":["hexamod:GhostLash","hexamod:GhostOfSpirePresent"],"picked":"hexamod:GiftsFromTheDead","floor":30},{"not_picked":["hexamod:HauntingEcho","hexamod:Incineration+1"],"picked":"hexamod:StepThrough","floor":31},{"not_picked":["hexamod:Firestarter","hexamod:Haunt"],"picked":"hexamod:SpectersWail","floor":32}],"player_experience":91153,"relics_obtained":[{"floor":7,"key":"hubris:DuctTape"},{"floor":9,"key":"Bronze Scales"},{"floor":12,"key":"DemoMod:Metronome"},{"floor":13,"key":"Replay:Wax Seal"},{"floor":24,"key":"infinitespire:EmpoweringShard"},{"floor":29,"key":"DemoMod:VorpalBullet"},{"floor":29,"key":"hubris:DeckOfHolding"}],"event_choices":[{"damage_healed":0,"gold_gain":0,"player_choice":"Grow","damage_taken":0,"max_hp_gain":0,"max_hp_loss":0,"event_name":"Living Wall","floor":5,"gold_loss":0,"cards_upgraded":["hexamod:GhostOfSpirePresent"]},{"cards_removed":["hexamod:FlamesFromBeyond"],"damage_healed":0,"gold_gain":0,"player_choice":"Give","damage_taken":0,"max_hp_gain":0,"max_hp_loss":0,"event_name":"betterNote:BetterNote","floor":21,"gold_loss":0,"cards_obtained":["None"]}],"is_beta":false,"boss_relics":[{"not_picked":["hubris:Backtick","energizedSpire:EnergizedDie"],"picked":"vexMod:RockOfEvil"}],"items_purged_floors":[20,22],"is_endless":false,"potions_floor_spawned":[3,13,15,19,29,32],"killed_by":"downfall:Ironclad","ascension_level":0}}