{"host":"wy5pcbg592uilh9l","time":1610578406,"event":{"mods":["AchievementEnabler","Act Like it!","BaseMod","BetterRewards","Curses Come First","Gensokyo","Hubris","Infinite Spire","Marisa????????","Minty Spire (QoL Compilation)","Permanent Neow","Replay The Spire","StSLib","The Runesmith"],"gold_per_floor":[116,126,26,45,74,103,103,131,155,155,166,166,166,192,192,294,294,310,310,330,345,535,535,561,96,96,129,79,79,99,131,131,231,231],"floor_reached":33,"language":"ENG","playtime":2144,"items_purged":["Strike_R","Strike_R","Defend_R"],"score":402,"play_id":"2778f111-e0c1-473e-9790-d2721aaea85b","local_time":"20210113165326","is_ascension_mode":true,"campfire_choices":[{"floor":7,"key":"REST"},{"data":"Whirlwind","floor":13,"key":"SMITH"},{"data":"True Grit","floor":15,"key":"SMITH"},{"data":"ReplayTheSpireMod:Strike From Hell","floor":23,"key":"SMITH"},{"floor":32,"key":"REST"}],"circlet_count":0,"master_deck":["Strike_R+1","Strike_R+1","Strike_R","Defend_R","Defend_R","Defend_R","Bash","Whirlwind+1","ReplayTheSpireMod:Faulty Equipment","Inflame","Rampage","True Grit+1","ReplayTheSpireMod:Strike From Hell+1","ReplayTheSpireMod:Strike From Hell","True Grit","Feed","Replay:Undeath\u0027s Touch","Heavy Blade+1","ReplayTheSpireMod:Splinters","Dropkick","Crow Ritual+1","Flex","Abandon+1"],"relics":["Burning Blood","Runesmith:Nanobots","hubris:EmptyBottle","ReplayTheSpireMod:CursedCoin","Lantern","Replay:Bottled Flurry","ReplayTheSpireMod:Ninjato","Peace Pipe","Simple Rune","Oddly Smooth Stone","hubris:Icosahedron","CaptainsWheel","Ring of Chaos","ReplayTheSpireMod:TigerMarble","Darkstone Periapt","hubris:GlazedTorus","hubris:TenFootPole"],"acts_visited":["Exordium","Gensokyo:Gensokyo"],"potions_floor_usage":[2,5,5,5,6,6,20,24,24,24,27,27,27,27,30,30],"damage_taken":[{"damage":5,"enemies":"Gensokyo:3_Fairies","floor":1,"turns":3},{"damage":0,"enemies":"Gensokyo:Gryphon","floor":2,"turns":3},{"damage":0,"enemies":"Gensokyo:2_Kodama","floor":4,"turns":2},{"damage":16,"enemies":"Gensokyo:Cirno","floor":5,"turns":4},{"damage":25,"enemies":"Gensokyo:Cirno","floor":6,"turns":5},{"damage":20,"enemies":"Gensokyo:Mamizou","floor":8,"turns":7},{"damage":6,"enemies":"Gensokyo:2_Rabbits","floor":11,"turns":3},{"damage":16,"enemies":"Gensokyo:Aya","floor":14,"turns":4},{"damage":46,"enemies":"Gensokyo:Kokoro","floor":16,"turns":10},{"damage":12,"enemies":"Gensokyo:Chomper","floor":18,"turns":3},{"damage":16,"enemies":"Gensokyo:CosmicMonolith","floor":20,"turns":3},{"damage":0,"enemies":"Gensokyo:Slime_Group","floor":21,"turns":1},{"damage":14,"enemies":"Gensokyo:Tenshi","floor":24,"turns":3},{"damage":14,"enemies":"Gensokyo:Koishi","floor":27,"turns":3},{"damage":15,"enemies":"Gensokyo:Mirror_and_Dog","floor":30,"turns":2},{"damage":19,"enemies":"Gensokyo:Tenshi","floor":31,"turns":5},{"damage":62,"enemies":"Gensokyo:Eternal_Rivals","floor":33,"turns":6}],"seed_played":"1176918044906589701","potions_obtained":[{"floor":1,"key":"BlessingOfTheForge"},{"floor":4,"key":"GamblersBrew"},{"floor":5,"key":"Adrenaline Potion"},{"floor":18,"key":"ColorlessPotion"},{"floor":21,"key":"Adrenaline Potion"}],"is_trial":false,"path_per_floor":["M","M","?","M","?","E","R","E","T","?","M","?","R","E","R","B",null,"M","?","M","M","?","R","E","$","T","E","?","?","M","E","R","B"],"character_chosen":"IRONCLAD","items_purchased":["Runesmith:Nanobots","hubris:EmptyBottle","Whirlwind","ReplayTheSpireMod:CursedCoin","Lantern","Inflame","Crow Ritual","Toxic Potion","Fire Potion","Explosive Potion"],"campfire_rested":2,"item_purchase_floors":[0,0,0,0,0,0,25,25,25,25],"current_hp_per_floor":[45,51,51,57,47,28,52,38,38,38,38,62,62,52,52,12,80,74,53,46,52,52,52,44,44,44,39,46,46,41,31,59,0,0],"gold":231,"neow_bonus":"","is_daily":false,"chose_seed":false,"campfire_upgraded":3,"win_rate":0.0,"timestamp":1610578406,"path_taken":["M","M","?","M","?","E","R","E","T","?","M","?","R","E","R","BOSS","M","?","?","M","?","R","E","?","T","E","?","?","M","E","R","BOSS"],"items_purchased_type":["Relic","Relic","Card","Relic","Relic","Card","Card","Potion","Potion","Potion"],"build_version":"2020-12-22","purchased_purges":3,"victory":false,"max_hp_per_floor":[80,80,80,80,80,80,80,80,80,80,80,80,80,80,80,80,80,80,80,83,83,83,83,83,83,83,86,93,93,93,96,96,96,96],"card_choices":[{"not_picked":["Infernal Blade","Reckless Charge"],"picked":"Rampage","floor":1},{"not_picked":["Wild Strike","Clash"],"picked":"True Grit","floor":2},{"not_picked":["Abandon","Dropkick"],"picked":"ReplayTheSpireMod:Strike From Hell","floor":4},{"not_picked":["Life Link","Body Slam"],"picked":"ReplayTheSpireMod:Strike From Hell","floor":5},{"not_picked":["Pommel Strike","Sentinel","Immolate"],"picked":"SKIP","floor":6},{"not_picked":["Hemokinesis","Body Slam","Fire Breathing"],"picked":"SKIP","floor":8},{"not_picked":["Carnage","Seeing Red","Shrug It Off"],"picked":"SKIP","floor":11},{"not_picked":["Juggernaut","Pommel Strike"],"picked":"True Grit","floor":14},{"not_picked":["Juggernaut","Eclipse"],"picked":"Feed","floor":16},{"not_picked":["Wild Strike","Uppercut"],"picked":"Replay:Undeath\u0027s Touch","floor":18},{"not_picked":["infinitespire:FutureSight","infinitespire:Oblivion"],"picked":"infinitespire:SealOfDarkness+","floor":19},{"not_picked":["Intimidate","Second Wind"],"picked":"Heavy Blade+1","floor":20},{"not_picked":["Clothesline","Headbutt","Heavy Blade"],"picked":"SKIP","floor":21},{"not_picked":["Heavy Blade","Demonic Infusion"],"picked":"Dropkick","floor":22},{"not_picked":["Thunderclap","Replay:Undeath\u0027s Touch","True Grit"],"picked":"SKIP","floor":24},{"not_picked":["Bludgeon","Blood for Blood","Body Slam"],"picked":"SKIP","floor":27},{"not_picked":["Warcry+1","Wild Strike"],"picked":"Flex","floor":30},{"not_picked":["Heavy Blade+1","Rage+1"],"picked":"Abandon+1","floor":31}],"player_experience":271194,"relics_obtained":[{"floor":5,"key":"ReplayTheSpireMod:Ninjato"},{"floor":6,"key":"Peace Pipe"},{"floor":8,"key":"Simple Rune"},{"floor":9,"key":"Oddly Smooth Stone"},{"floor":14,"key":"CaptainsWheel"},{"floor":24,"key":"ReplayTheSpireMod:TigerMarble"},{"floor":26,"key":"Darkstone Periapt"},{"floor":27,"key":"hubris:GlazedTorus"},{"floor":31,"key":"hubris:TenFootPole"}],"event_choices":[],"is_beta":false,"boss_relics":[{"not_picked":["Empty Cage","Replay:Bronze Core"],"picked":"Ring of Chaos"}],"items_purged_floors":[0,0,25],"is_endless":false,"potions_floor_spawned":[1,4,5,18,21],"killed_by":"Gensokyo:Eternal_Rivals","ascension_level":4}}