{"host":"esx1hwjnbftf3eqj","time":1610570272,"event":{"mods":["AchievementEnabler","BaseMod","Colored Map","Minty Spire (QoL Compilation)","StSLib","The Jungle"],"gold_per_floor":[110,128,53,53,53,88,107,140,140,140,40,5,5,38,38,115,115,135,149,149,5,5,5,5,5],"floor_reached":24,"language":"ENG","playtime":6350,"items_purged":["Strike_R","Strike_R"],"score":470,"play_id":"0b90fcfb-8413-41d8-ab21-40740af0a599","local_time":"20210113123752","is_ascension_mode":true,"campfire_choices":[{"data":"Bash","floor":13.0,"key":"SMITH"},{"floor":15.0,"key":"REST"},{"data":"Seeing Red","floor":23.0,"key":"SMITH"}],"circlet_count":0,"master_deck":["AscendersBane","Strike_R","Strike_R","Defend_R","Defend_R","Defend_R","Defend_R","Bash+1","Offering","Iron Wave","Headbutt","Offering","Limit Break","Shrug It Off","Intimidate","Ghostly","Ghostly","Ghostly","Bandage Up","Seeing Red+1","Shame"],"relics":["Burning Blood","Red Skull","Bottled Flame","Singing Bowl","Centennial Puzzle","Orichalcum","Bag of Preparation","Runic Cube","Toy Ornithopter"],"acts_visited":["Exordium","TheCity"],"potions_floor_usage":[24],"damage_taken":[{"damage":9.0,"enemies":"Small Slimes","floor":1.0,"turns":5.0},{"damage":6.0,"enemies":"2 Louse","floor":2.0,"turns":4.0},{"damage":33.0,"enemies":"Gremlin Nob","floor":6.0,"turns":4.0},{"damage":2.0,"enemies":"Jaw Worm","floor":7.0,"turns":3.0},{"damage":12.0,"enemies":"3 Sentries","floor":8.0,"turns":6.0},{"damage":27.0,"enemies":"Lagavulin","floor":14.0,"turns":5.0},{"damage":41.0,"enemies":"The Guardian","floor":16.0,"turns":10.0},{"damage":30.0,"enemies":"2 Thieves","floor":18.0,"turns":4.0},{"damage":13.0,"enemies":"3 Byrds","floor":19.0,"turns":5.0},{"damage":39,"enemies":"Slavers","floor":24,"turns":4}],"seed_played":"6859819960249351210","potions_obtained":[{"floor":7.0,"key":"LiquidBronze"},{"floor":8.0,"key":"LiquidBronze"},{"floor":16.0,"key":"SteroidPotion"}],"is_trial":false,"path_per_floor":["M","M","$","?","?","E","M","E","T","?","$","?","R","E","R","B",null,"M","M","?","$","?","R","E"],"character_chosen":"IRONCLAD","items_purchased":["Bandage Up","Seeing Red"],"campfire_rested":1,"item_purchase_floors":[21,21],"current_hp_per_floor":[65,65,65,58,47,20,24,20,20,20,20,39,39,20,43,8,61,37,30,30,30,30,30,0,0],"gold":5,"neow_bonus":"ONE_RANDOM_RARE_CARD","is_daily":false,"chose_seed":false,"campfire_upgraded":2,"win_rate":0.0,"timestamp":1610570272,"path_taken":["M","M","$","?","?","E","M","E","T","?","$","?","R","E","R","BOSS","M","M","?","$","?","R","E"],"items_purchased_type":["Card","Card"],"build_version":"2020-12-22","purchased_purges":2,"victory":false,"max_hp_per_floor":[75,75,75,75,75,75,75,77,77,77,77,77,77,79,79,79,79,79,79,39,39,39,39,39,39],"card_choices":[{"not_picked":["Havoc","Body Slam"],"picked":"Iron Wave","floor":1.0},{"not_picked":["Cleave","Heavy Blade","Clash"],"picked":"SKIP","floor":2.0},{"not_picked":["Clothesline","Fire Breathing"],"picked":"Headbutt","floor":6.0},{"not_picked":["Hemokinesis","Fire Breathing"],"picked":"Offering","floor":7.0},{"not_picked":["Pommel Strike","Headbutt","Combust"],"picked":"Singing Bowl","floor":8.0},{"not_picked":["Second Wind","Heavy Blade","Thunderclap"],"picked":"Singing Bowl","floor":14.0},{"not_picked":["Exhume","Offering"],"picked":"Limit Break","floor":16.0},{"not_picked":["Rampage","Rage"],"picked":"Shrug It Off","floor":18.0},{"not_picked":["Combust","Heavy Blade"],"picked":"Intimidate","floor":19.0}],"player_experience":718024,"relics_obtained":[{"floor":6.0,"key":"Bottled Flame"},{"floor":8.0,"key":"Singing Bowl"},{"floor":9.0,"key":"Centennial Puzzle"},{"floor":14.0,"key":"Bag of Preparation"}],"event_choices":[{"cards_removed":["Strike_R"],"damage_healed":0.0,"max_hp_gain":0.0,"max_hp_loss":0.0,"gold_gain":0.0,"event_name":"Golden Wing","player_choice":"Card Removal","floor":4.0,"gold_loss":0.0,"damage_taken":7.0},{"damage_healed":0.0,"max_hp_gain":0.0,"max_hp_loss":0.0,"gold_gain":0.0,"event_name":"Scrap Ooze","player_choice":"Success","floor":5.0,"gold_loss":0.0,"damage_taken":11.0,"relics_obtained":["Red Skull"]},{"damage_healed":0.0,"max_hp_gain":0.0,"max_hp_loss":0.0,"gold_gain":0.0,"event_name":"Dead Adventurer","player_choice":"Searched \u00271\u0027 times","floor":10.0,"gold_loss":0.0,"damage_taken":0.0,"relics_obtained":["Orichalcum"]},{"damage_healed":19.0,"max_hp_gain":0.0,"max_hp_loss":0.0,"gold_gain":0.0,"event_name":"The Cleric","player_choice":"Healed","floor":12.0,"gold_loss":35.0,"damage_taken":0.0},{"damage_healed":0.0,"max_hp_gain":0.0,"max_hp_loss":40.0,"gold_gain":0.0,"event_name":"Ghosts","player_choice":"Became a Ghost","floor":20.0,"gold_loss":0.0,"damage_taken":0.0,"cards_obtained":["Ghostly","Ghostly","Ghostly"]},{"damage_healed":0.0,"max_hp_gain":0.0,"max_hp_loss":0.0,"gold_gain":0.0,"event_name":"Addict","player_choice":"Stole Relic","floor":22.0,"gold_loss":0.0,"damage_taken":0.0,"relics_obtained":["Toy Ornithopter"],"cards_obtained":["Shame"]}],"is_beta":false,"boss_relics":[{"not_picked":["Runic Pyramid","SacredBark"],"picked":"Runic Cube"}],"items_purged_floors":[3,11],"is_endless":false,"potions_floor_spawned":[7,8,16],"killed_by":"Slavers","ascension_level":20}}