{"host":"bbdwwpc15nggbv3k","time":1610541432,"event":{"mods":["AchievementEnabler","Aspiration","BaseMod","BetterRewards","Colored Map","Colored Powertips","Conspire","Hermit","Hubris","Minty Spire (QoL Compilation)","StSLib","The Jungle"],"gold_per_floor":[116,116,94,104,279,279,309,309,334,354,364,5,31,31,31,130,130,142,142,142,154,164,196,196,196,196,213,59,73,73,98,98,193,193,210,226,151,61,74,74,109,109,109,129,129,148,167,183,183,183],"floor_reached":51,"language":"ENG","playtime":1596,"items_purged":["Doubt"],"score":981,"play_id":"afb8b4f9-057e-4857-ad64-fbd8b9282cbf","local_time":"20210113123712","is_ascension_mode":false,"campfire_choices":[{"data":"Pommel Strike","floor":6,"key":"SMITH"},{"floor":15,"key":"REST"},{"floor":25,"key":"REST"},{"floor":32,"key":"REST"},{"data":"Spot Weakness","floor":40,"key":"SMITH"},{"floor":49,"key":"REST"}],"circlet_count":0,"master_deck":["Strike_R","Strike_R","Strike_R","Strike_R","Strike_R","Defend_R","Defend_R+1","Defend_R","Defend_R","Bash","Cleave","Shrug It Off+1","Sword Boomerang","Swift Strike","Feed","Sword Boomerang","Pommel Strike+1","Spot Weakness+1","Cleave+1","Thunderclap+1","Pommel Strike+1","Armaments","Pommel Strike+1","Spot Weakness","RitualDagger+1","Flex+1","Bludgeon+1","Flex+1","Dropkick+1","Parasite","Clothesline+1","Seeing Red","Flex+1"],"relics":["Burning Blood","conspire:Dentures","Molten Egg 2","Toy Ornithopter","hubris:GlazedTorus","hubris:FunFungus","Mark of Pain","conspire:DecoderRing","Ornamental Fan","hubris:HerbalPaste","Lizard Tail","Busted Crown","aspiration:Lifesprig","War Paint"],"acts_visited":["Exordium","TheCity","TheBeyond"],"potions_floor_usage":[16,16,23,23,27,30,36,41,41,42,47,47],"damage_taken":[{"damage":0,"enemies":"Cultist","floor":1,"turns":3},{"damage":1,"enemies":"2 Louse","floor":4,"turns":3},{"damage":28,"enemies":"Gremlin Nob","floor":7,"turns":4},{"damage":11,"enemies":"Jaw Worm","floor":10,"turns":2},{"damage":10,"enemies":"Looter","floor":11,"turns":2},{"damage":18,"enemies":"3 Sentries","floor":13,"turns":3},{"damage":39,"enemies":"The Guardian","floor":16,"turns":7},{"damage":10,"enemies":"Chosen","floor":18,"turns":2},{"damage":10,"enemies":"2 Thieves","floor":21,"turns":3},{"damage":29,"enemies":"Snake Plant","floor":22,"turns":4},{"damage":68,"enemies":"Slavers","floor":23,"turns":7},{"damage":22,"enemies":"Centurion and Healer","floor":27,"turns":5},{"damage":14,"enemies":"Sentry and Sphere","floor":29,"turns":4},{"damage":0,"enemies":"Snecko","floor":30,"turns":1},{"damage":23,"enemies":"Gremlin Leader","floor":31,"turns":3},{"damage":65,"enemies":"hubris:MusketHawk","floor":33,"turns":7},{"damage":7,"enemies":"3 Darklings","floor":35,"turns":5},{"damage":5,"enemies":"3 Shapes","floor":36,"turns":2},{"damage":28,"enemies":"Jaw Worm Horde","floor":39,"turns":4},{"damage":34,"enemies":"Giant Head","floor":41,"turns":6},{"damage":0,"enemies":"4 Shapes","floor":42,"turns":1},{"damage":46,"enemies":"Writhing Mass","floor":44,"turns":6},{"damage":11,"enemies":"3 Darklings","floor":46,"turns":5},{"damage":14,"enemies":"Sphere and 2 Shapes","floor":47,"turns":3},{"damage":28,"enemies":"Spire Growth","floor":48,"turns":3},{"damage":119,"enemies":"Donu and Deca","floor":50,"turns":8}],"seed_played":"-4907942040647964991","potions_obtained":[{"floor":4,"key":"Strength Potion"},{"floor":7,"key":"SmokeBomb"},{"floor":13,"key":"Regen Potion"},{"floor":21,"key":"Dexterity Potion"},{"floor":22,"key":"LiquidMemories"},{"floor":23,"key":"GamblersBrew"},{"floor":29,"key":"SmokeBomb"},{"floor":33,"key":"Ancient Potion"},{"floor":35,"key":"AttackPotion"},{"floor":39,"key":"BlessingOfTheForge"},{"floor":44,"key":"GamblersBrew"},{"floor":46,"key":"Explosive Potion"}],"is_trial":false,"path_per_floor":["M","?","$","M","?","R","E","?","T","M","M","$","E","$","R","B",null,"M","$","?","M","M","E","?","R","T","M","$","M","M","E","R","B",null,"M","M","$","?","M","R","E","M","T","M","?","M","M","M","R","B",null],"character_chosen":"IRONCLAD","items_purchased":["Cleave","Sword Boomerang","hubris:GlazedTorus","Pommel Strike+1","hubris:HerbalPaste"],"campfire_rested":4,"item_purchase_floors":[0,3,12,12,28],"current_hp_per_floor":[80,80,80,80,80,80,61,61,61,56,52,52,43,43,68,63,89,88,88,88,87,65,19,13,42,42,32,32,32,43,32,61,8,98,98,98,98,98,83,83,73,84,84,57,57,62,78,65,95,56],"gold":183,"neow_bonus":"","is_daily":false,"chose_seed":false,"campfire_upgraded":2,"win_rate":0.0,"timestamp":1610541432,"path_taken":["M","?","?","?","?","R","E","?","T","?","M","$","E","?","R","BOSS","M","$","?","M","M","E","?","R","T","M","?","?","M","E","R","BOSS","M","M","$","?","?","R","E","M","T","M","?","M","M","?","R","BOSS"],"items_purchased_type":["Card","Card","Relic","Card","Relic"],"build_version":"2020-12-22","purchased_purges":1,"victory":true,"max_hp_per_floor":[80,80,80,80,80,80,83,83,83,83,83,83,86,86,86,89,89,92,92,92,95,95,98,98,98,98,98,98,98,98,98,98,98,98,98,98,98,98,101,101,101,101,101,101,101,101,101,101,101,101],"card_choices":[{"not_picked":["hubris:SharpeningStone","Infernal Blade"],"picked":"Sword Boomerang","floor":1},{"not_picked":["Carnage","Sword Boomerang"],"picked":"Pommel Strike","floor":4},{"not_picked":["Berserk","Heavy Blade"],"picked":"Spot Weakness","floor":7},{"not_picked":["Anger+1","Twin Strike+1"],"picked":"Cleave+1","floor":10},{"not_picked":["Warcry","Feel No Pain"],"picked":"Thunderclap+1","floor":11},{"not_picked":["Hemokinesis+1","Sword Boomerang+1"],"picked":"Armaments","floor":13},{"not_picked":["Carnage+1","Intimidate"],"picked":"Pommel Strike+1","floor":18},{"not_picked":["Feel No Pain+1","Rage","Dark Embrace"],"picked":"SKIP","floor":21},{"not_picked":["Intimidate","hubris:CleavingFinish+1","Anger+1"],"picked":"SKIP","floor":22},{"not_picked":["Sever Soul+1","Warcry","Anger+1"],"picked":"SKIP","floor":23},{"not_picked":["Flame Barrier","Power Through","Reckless Charge+1"],"picked":"SKIP","floor":27},{"not_picked":["Rupture+1","hubris:ReadiedAction","Reckless Charge+1"],"picked":"SKIP","floor":29},{"not_picked":["Shockwave","Cleave+1"],"picked":"Flex","floor":31},{"not_picked":["Offering","Barricade"],"picked":"Bludgeon+1","floor":33},{"not_picked":[],"picked":"Flex+1","floor":35},{"not_picked":["Perfected Strike+1"],"picked":"SKIP","floor":36},{"not_picked":["hubris:ReadiedAction"],"picked":"SKIP","floor":39},{"not_picked":[],"picked":"Dropkick+1","floor":41},{"not_picked":["Body Slam+1"],"picked":"SKIP","floor":44},{"not_picked":["conspire:ExplosiveBarrier+1"],"picked":"SKIP","floor":46},{"not_picked":["Rupture+1"],"picked":"SKIP","floor":47},{"not_picked":[],"picked":"Flex+1","floor":48}],"player_experience":5067,"relics_obtained":[{"floor":7,"key":"conspire:Dentures"},{"floor":9,"key":"Toy Ornithopter"},{"floor":13,"key":"hubris:FunFungus"},{"floor":23,"key":"conspire:DecoderRing"},{"floor":26,"key":"Ornamental Fan"},{"floor":31,"key":"Lizard Tail"},{"floor":41,"key":"aspiration:Lifesprig"},{"floor":43,"key":"War Paint"}],"event_choices":[{"damage_healed":0,"gold_gain":0,"player_choice":"2 cards matched","damage_taken":0,"max_hp_gain":0,"max_hp_loss":0,"event_name":"Match and Keep!","floor":2,"gold_loss":0,"cards_obtained":["Swift Strike","Feed"]},{"damage_healed":0,"gold_gain":175,"player_choice":"AGREE","damage_taken":0,"max_hp_gain":0,"max_hp_loss":0,"event_name":"Liars Game","floor":5,"gold_loss":0,"cards_obtained":["Doubt"]},{"damage_healed":0,"gold_gain":0,"player_choice":"Joined the Cult","damage_taken":6,"max_hp_gain":0,"max_hp_loss":0,"event_name":"Nest","floor":24,"gold_loss":0,"cards_obtained":["RitualDagger"]},{"cards_removed":["Injury"],"damage_healed":0,"gold_gain":0,"player_choice":"Upgrade and Remove","damage_taken":0,"max_hp_gain":0,"max_hp_loss":0,"event_name":"Designer","floor":38,"gold_loss":90,"cards_upgraded":["Shrug It Off"]},{"damage_healed":0,"gold_gain":0,"player_choice":"2 cards matched","damage_taken":0,"max_hp_gain":0,"max_hp_loss":0,"event_name":"Match and Keep!","floor":45,"gold_loss":0,"cards_obtained":["Clothesline","Seeing Red"]}],"is_beta":false,"boss_relics":[{"not_picked":["Snecko Eye","hubris:ScarierMask"],"picked":"Mark of Pain"},{"not_picked":["hubris:HollowSoul","SlaversCollar"],"picked":"Busted Crown"}],"items_purged_floors":[37],"is_endless":false,"potions_floor_spawned":[4,7,13,21,22,23,29,33,35,39,42,44,46],"ascension_level":0}}