{"host":"hl2lcm3kcu0x5jvn","time":1610517797,"event":{"mods":["AchievementEnabler","BaseMod","Conspire","Downfall","Friendly Minions","Highlight Path","Hubris","Infinite Spire","Lobotomy","Minty Spire (QoL Compilation)","Replay The Spire","Shop Mod","StSLib","everything is the same but u backflip on backflip","vexMod"],"gold_per_floor":[119,136,153,153,171,171,187,204,228,240,240,140,62,79,79,183,183,201,218,218,218,218],"floor_reached":21,"language":"ENG","playtime":1561,"items_purged":[],"score":198,"play_id":"a00c1a1e-8b6f-4a79-825d-bae07c84fd8d","local_time":"20210113130317","is_ascension_mode":false,"campfire_choices":[{"floor":6,"key":"REST"},{"floor":11,"key":"REST"},{"floor":15,"key":"REST"}],"circlet_count":0,"master_deck":["Strike_G","Strike_G","Strike_G","Strike_G","Strike_G","Defend_G","Defend_G","Defend_G","Defend_G","Survivor","Neutralize","Dagger Spray","Bloodbath","OSAHOGD","Sucker Punch","ReplayTheSpireMod:Splinters","Deadly Poison","Poisoned Stab","SpiderBud","Blade Dance","Blur","Wellcheers","WallGazer","Footwork","Draining Mist","Scorched","Ghostly","Noxious Fumes","VoidDream","Outmaneuver","MHz","After Image","BeautyBeast","Flechettes","Freischutz","Deadly Poison"],"relics":["Ring of the Snake","CogitoBucket","Durian","Replay:Rubber Ducky","FleshIdol","Snecko Heart","infinitespire:CheckeredPen"],"acts_visited":["Exordium","TheCity"],"potions_floor_usage":[10,16,21],"damage_taken":[{"damage":0,"enemies":"2 Louse","floor":1,"turns":4},{"damage":12,"enemies":"conspire:RoseBush","floor":2,"turns":3},{"damage":7,"enemies":"Jaw Worm","floor":5,"turns":3},{"damage":0,"enemies":"Exordium Wildlife","floor":7,"turns":2},{"damage":17,"enemies":"Large Slime","floor":8,"turns":6},{"damage":47,"enemies":"Exordium Thugs","floor":10,"turns":4},{"damage":19,"enemies":"conspire:2 RoseBushes","floor":14,"turns":5},{"damage":88,"enemies":"The Guardian","floor":16,"turns":11},{"damage":42,"enemies":"conspire:FuzzyDice","floor":18,"turns":6},{"damage":15,"enemies":"3 Byrds","floor":19,"turns":6},{"damage":41,"enemies":"Centurion and Healer","floor":21,"turns":4}],"seed_played":"366459743758998609","potions_obtained":[{"floor":1,"key":"Poison Potion"},{"floor":2,"key":"Toxic Potion"},{"floor":7,"key":"LiquidMemories"},{"floor":14,"key":"FairyPotion"},{"floor":19,"key":"Energy Potion"}],"is_trial":false,"path_per_floor":["M","M","?","?","M","R","M","M","T","M","R","?","$","M","R","B",null,"M","M","?","M"],"character_chosen":"THE_SILENT","items_purchased":["Noxious Fumes"],"campfire_rested":3,"item_purchase_floors":[13],"current_hp_per_floor":[70,59,64,64,57,75,75,60,60,14,36,36,36,18,40,35,75,39,27,27,0,0],"gold":218,"neow_bonus":"","is_daily":false,"chose_seed":false,"campfire_upgraded":0,"win_rate":0.0,"timestamp":1610517797,"path_taken":["M","M","?","?","?","R","M","M","T","M","R","?","?","M","R","BOSS","M","M","?","M"],"items_purchased_type":["Card"],"build_version":"2020-12-22","purchased_purges":0,"victory":false,"max_hp_per_floor":[70,70,75,75,75,75,75,75,75,75,75,75,75,75,75,75,75,75,75,75,75,75],"card_choices":[{"not_picked":["PiercingWail","Bane"],"picked":"Dagger Spray","floor":1},{"not_picked":["HeroicMonk","SnowQueen"],"picked":"Bloodbath","floor":1},{"not_picked":["Freischutz","ShyLook"],"picked":"OSAHOGD","floor":2},{"not_picked":["hubris:SlightOfHand","Dagger Spray"],"picked":"Sucker Punch","floor":2},{"not_picked":["Quick Slash","Predator"],"picked":"Deadly Poison","floor":3},{"not_picked":["BigBird","LittleHelper"],"picked":"SpiderBud","floor":5},{"not_picked":["Bane","Well Laid Plans"],"picked":"Blade Dance","floor":5},{"not_picked":["Bane","Eviscerate"],"picked":"Blur","floor":7},{"not_picked":["QueenBee","Alriune"],"picked":"Wellcheers","floor":7},{"not_picked":["CrumblingArmor","Yin"],"picked":"WallGazer","floor":8},{"not_picked":["Deflect","Dagger Spray"],"picked":"Footwork","floor":8},{"not_picked":["hubris:TrickCloak","Grand Finale"],"picked":"Draining Mist","floor":10},{"not_picked":["LaLuna","SnowQueen"],"picked":"Scorched","floor":10},{"not_picked":["Murderer","DreamingCurrent"],"picked":"VoidDream","floor":14},{"not_picked":["PiercingWail","Finisher"],"picked":"Outmaneuver","floor":14},{"not_picked":["CherryBlossoms","QueenOfHatred"],"picked":"MHz","floor":16},{"not_picked":["Replay:Bag of Tricks","Glass Knife"],"picked":"After Image","floor":16},{"not_picked":["MeatLantern","UniverseFragment"],"picked":"BeautyBeast","floor":18},{"not_picked":["Dodge and Roll","Outmaneuver"],"picked":"Flechettes","floor":18},{"not_picked":["Funeral","LaLuna"],"picked":"Freischutz","floor":19},{"not_picked":["Bane","Quick Slash+1"],"picked":"Deadly Poison","floor":19}],"player_experience":101319,"relics_obtained":[{"floor":3,"key":"Durian"},{"floor":9,"key":"Replay:Rubber Ducky"}],"event_choices":[{"damage_healed":0,"gold_gain":0,"player_choice":"Argue","damage_taken":0,"max_hp_gain":0,"max_hp_loss":0,"event_name":"conspire:LoneGhost","floor":12,"gold_loss":0},{"damage_healed":0,"gold_gain":0,"player_choice":"Gave Potion","damage_taken":0,"relics_obtained":["infinitespire:CheckeredPen"],"max_hp_gain":0,"max_hp_loss":0,"event_name":"WeMeetAgain","floor":20,"gold_loss":0}],"is_beta":false,"boss_relics":[{"not_picked":["hubris:BlackHole","Pandora\u0027s Box"],"picked":"Snecko Heart"}],"items_purged_floors":[],"is_endless":false,"potions_floor_spawned":[1,2,7,14,19],"killed_by":"Centurion and Healer","ascension_level":0}}