{"host":"4jgezcw2enz0fhrk","time":1610543765,"event":{"mods":["BaseMod","Bestiary","KinomotoSakuraMod(木之本樱)","Marisa（F雨　魔理沙）","Minty Spire (QoL Compilation)","MostiFishMod","Quick Restart","Rare Cards Sparkle","Reimu（博丽灵梦）","Relic Stats","Spicy Shops","StSLib","The Marked","Waifu the Spire","Yakumo Yukari mod","vexMod","【遗物卡牌】REMEMod"],"gold_per_floor":[16,31,31,31,45,76,76,110,135,22,49,75,75,25,25,98,98,110,110,110,110,121,150,165,184,184,218,233,233,256,304,304,401,401,438,475,475,514,590,590,121,121,121,121,121,182,205,214,214,276,276,276,9,64,72,72],"floor_reached":55,"language":"ZHS","playtime":2881,"items_purged":["Defend_R","Poor:ReiMu","Strike_R+1","Strike_R+1"],"score":1622,"play_id":"3c0a7433-295f-4a40-8817-3dfabee37848","local_time":"20210113211605","is_ascension_mode":true,"campfire_choices":[{"data":"Searing Blow","floor":7.0,"key":"SMITH"},{"floor":15.0,"key":"RECALL"},{"data":"Searing Blow+1","floor":29.0,"key":"SMITH"},{"data":"Searing Blow+2","floor":32.0,"key":"SMITH"},{"data":"Searing Blow+3","floor":40.0,"key":"SMITH"},{"data":"Searing Blow+4","floor":44.0,"key":"SMITH"},{"data":"Searing Blow+5","floor":49.0,"key":"SMITH"},{"data":"Searing Blow+6","floor":52.0,"key":"SMITH"}],"circlet_count":0,"master_deck":["AscendersBane","Strike_R+1","Strike_R+1","Defend_R","Defend_R","Bash","PrayRite:ReiMu","Searing Blow+4","MostiFishMod:FlyOverUtopia","Offering","Pommel Strike+1","Armaments","Offering","Searing Blow+5","Searing Blow+7"],"relics":["Burning Blood","DaveBox","REME_ComplimentaryCards","Membership Card","SynthV:TestCard","Whetstone","Bronze Scales","SentryEyes","Akabeko","Orichalcum","vexMod:FocusSash","YidongShenshe:ReiMu","Busted Crown","Turnip","StrikeDummy","vexMod:ConsolationPrize","Omamori","Dream Catcher","Transparent","HandDrill","DollysMirror","Letter Opener","CeramicFish","Singing Bowl","Anchor","Bag of Marbles","Kunai","vexMod:InvisibilityCloak"],"acts_visited":["Exordium","TheCity","TheBeyond","TheEnding"],"potions_floor_usage":[],"damage_taken":[{"damage":1.0,"enemies":"2 Louse","floor":1.0,"turns":2.0},{"damage":4.0,"enemies":"Jaw Worm","floor":2.0,"turns":4.0},{"damage":0.0,"enemies":"Small Slimes","floor":5.0,"turns":2.0},{"damage":23.0,"enemies":"Lagavulin","floor":6.0,"turns":6.0},{"damage":18.0,"enemies":"Gremlin Nob","floor":8.0,"turns":3.0},{"damage":4.0,"enemies":"3 Sentries","floor":11.0,"turns":3.0},{"damage":4.0,"enemies":"Slime Boss","floor":16.0,"turns":3.0},{"damage":4.0,"enemies":"3 Byrds","floor":18.0,"turns":1.0},{"damage":10.0,"enemies":"Spheric Guardian","floor":22.0,"turns":2.0},{"damage":25.0,"enemies":"Slavers","floor":23.0,"turns":2.0},{"damage":6.0,"enemies":"Snecko","floor":24.0,"turns":2.0},{"damage":10.0,"enemies":"Centurion and Healer","floor":25.0,"turns":2.0},{"damage":4.0,"enemies":"Gremlin Leader","floor":27.0,"turns":3.0},{"damage":4.0,"enemies":"Cultist and Chosen","floor":28.0,"turns":2.0},{"damage":10.0,"enemies":"Chosen and Byrds","floor":30.0,"turns":1.0},{"damage":18.0,"enemies":"Slavers","floor":31.0,"turns":2.0},{"damage":23.0,"enemies":"Collector","floor":33.0,"turns":4.0},{"damage":17.0,"enemies":"Orb Walker","floor":35.0,"turns":1.0},{"damage":29.0,"enemies":"3 Shapes","floor":36.0,"turns":1.0},{"damage":28.0,"enemies":"Maw","floor":38.0,"turns":2.0},{"damage":61.0,"enemies":"Transient","floor":39.0,"turns":5.0},{"damage":27.0,"enemies":"Giant Head","floor":46.0,"turns":1.0},{"damage":17.0,"enemies":"Sphere and 2 Shapes","floor":47.0,"turns":1.0},{"damage":62.0,"enemies":"Awakened One","floor":50.0,"turns":3.0},{"damage":27.0,"enemies":"Shield and Spear","floor":54.0,"turns":1.0},{"damage":8,"enemies":"The Heart","floor":55,"turns":1}],"seed_played":"-316883164764728786","potions_obtained":[{"floor":1.0,"key":"Regen Potion"},{"floor":2.0,"key":"Block Potion"},{"floor":8.0,"key":"Weak Potion"},{"floor":24.0,"key":"EntropicBrew"},{"floor":36.0,"key":"PowerPotion"}],"is_trial":false,"path_per_floor":["M","M","?","?","M","E","R","E","T","$","E","T","?","$","R","B",null,"M","?","?","T","M","E","M","M","T","E","M","R","M","E","R","B",null,"M","M","?","M","M","R","$","?","T","R","?","E","M","?","R","B",null,"R","$","E","B"],"character_chosen":"IRONCLAD","items_purchased":["SentryEyes","Akabeko","HandDrill","Offering","DollysMirror","Letter Opener","CeramicFish","Bag of Marbles","Kunai"],"campfire_rested":0,"item_purchase_floors":[10,10,41,41,41,41,41,53,53],"current_hp_per_floor":[73,75,52,52,58,53,53,41,41,41,43,43,43,43,43,45,68,70,70,70,70,66,47,47,43,43,45,47,47,43,31,31,14,60,75,75,75,75,72,72,72,72,72,72,72,77,79,79,79,78,79,79,79,81,73,73],"gold":72,"neow_bonus":"REMOVE_TWO","is_daily":false,"chose_seed":false,"campfire_upgraded":7,"win_rate":0.0,"timestamp":1610543765,"path_taken":["M","M","?","?","M","E","R","E","T","$","E","?","?","?","R","BOSS","M","?","?","?","M","E","M","M","T","E","M","R","M","E","R","BOSS","M","M","?","M","M","R","$","?","T","R","?","E","M","?","R","BOSS","R","$","E","BOSS"],"items_purchased_type":["Relic","Relic","Relic","Card","Relic","Relic","Relic","Relic","Relic"],"build_version":"2020-12-22","purchased_purges":4,"victory":false,"max_hp_per_floor":[75,75,75,75,75,75,75,75,75,75,75,75,75,75,75,75,75,75,75,75,75,75,75,75,75,75,75,75,75,75,75,75,75,75,75,75,75,75,75,75,75,75,75,75,75,77,79,79,79,79,79,79,79,81,81,81],"relic_stats":{"Singing Bowl":6,"counters":[26,59],"CeramicFish":9,"Whetstone":["Strike_R","Strike_R"],"Letter Opener":[61],"Orichalcum":[78],"Burning Blood":150,"Dream Catcher":0,"Busted Crown":36,"Bronze Scales":[104],"Turnip":[5],"HandDrill":[2],"Kunai":[1],"obtain_stats":[{"DaveBox":0,"Singing Bowl":43,"CeramicFish":41,"Whetstone":6,"Burning Blood":0,"vexMod:InvisibilityCloak":54,"Dream Catcher":31,"DollysMirror":41,"HandDrill":41,"Kunai":53,"vexMod:ConsolationPrize":26,"Omamori":27,"vexMod:FocusSash":12,"Letter Opener":41,"Orichalcum":11,"Akabeko":10,"Anchor":46,"SynthV:TestCard":1,"Busted Crown":17,"Transparent":34,"Bronze Scales":8,"SentryEyes":10,"Turnip":21,"YidongShenshe:ReiMu":13,"Bag of Marbles":53,"Membership Card":0,"StrikeDummy":23,"REME_ComplimentaryCards":0},{"DaveBox":0,"Singing Bowl":21,"CeramicFish":21,"Whetstone":4,"Burning Blood":0,"vexMod:InvisibilityCloak":25,"Dream Catcher":16,"DollysMirror":21,"HandDrill":21,"Kunai":24,"vexMod:ConsolationPrize":12,"Omamori":13,"vexMod:FocusSash":6,"Letter Opener":21,"Orichalcum":6,"Akabeko":5,"Anchor":22,"SynthV:TestCard":1,"Busted Crown":7,"Transparent":17,"Bronze Scales":5,"SentryEyes":5,"Turnip":8,"YidongShenshe:ReiMu":6,"Bag of Marbles":24,"Membership Card":0,"StrikeDummy":10,"REME_ComplimentaryCards":0},{"DaveBox":0,"Singing Bowl":52,"CeramicFish":52,"Whetstone":14,"Burning Blood":0,"vexMod:InvisibilityCloak":58,"Dream Catcher":39,"DollysMirror":52,"HandDrill":52,"Kunai":57,"vexMod:ConsolationPrize":31,"Omamori":34,"vexMod:FocusSash":19,"Letter Opener":52,"Orichalcum":19,"Akabeko":17,"Anchor":53,"SynthV:TestCard":2,"Busted Crown":22,"Transparent":43,"Bronze Scales":17,"SentryEyes":17,"Turnip":23,"YidongShenshe:ReiMu":19,"Bag of Marbles":57,"Membership Card":0,"StrikeDummy":27,"REME_ComplimentaryCards":0}]},"card_choices":[{"not_picked":["REME_Cut","Pommel Strike","Thunderclap"],"picked":"SKIP","floor":1.0},{"not_picked":["Wild Strike","Warcry","Inflame","Body Slam","Havoc"],"picked":"SKIP","floor":2.0},{"not_picked":["REME_FearOfPain","Uppercut","Twin Strike","Body Slam"],"picked":"Shrug It Off","floor":5.0},{"not_picked":["Anger","Clothesline","Second Wind","REME_Cut"],"picked":"Searing Blow","floor":6.0},{"not_picked":["Iron Wave","Intimidate","Warcry","Spot Weakness"],"picked":"MostiFishMod:FlyOverUtopia","floor":8.0},{"not_picked":["Iron Wave","Ghostly Armor","Shockwave","Inflame","Rupture"],"picked":"SKIP","floor":11.0},{"not_picked":["MostiFishMod:OrdinaryWorld","MostiFishMod:ChineseTea","Berserk","MostiFishMod:RainCloud"],"picked":"Offering","floor":16.0},{"not_picked":["Wild Strike","Second Wind","Headbutt"],"picked":"SKIP","floor":18.0},{"not_picked":["True Grit","Shrug It Off"],"picked":"Pommel Strike+1","floor":22.0},{"not_picked":["Sentinel","Shrug It Off","Pommel Strike"],"picked":"SKIP","floor":23.0},{"not_picked":["Heavy Blade","Searing Blow","Clothesline"],"picked":"SKIP","floor":24.0},{"not_picked":["Searing Blow","Iron Wave","Infernal Blade+1"],"picked":"SKIP","floor":25.0},{"not_picked":["Spot Weakness","Heavy Blade+1","Blood for Blood"],"picked":"SKIP","floor":27.0},{"not_picked":["Wild Strike","Power Through","Body Slam"],"picked":"SKIP","floor":28.0},{"not_picked":["Cleave","Armaments","Reaper"],"picked":"SKIP","floor":30.0},{"not_picked":["Headbutt","Thunderclap","Infernal Blade"],"picked":"SKIP","floor":31.0},{"not_picked":["Clothesline+1","Anger+1","Havoc"],"picked":"SKIP","floor":35.0},{"not_picked":["Burning Pact","Battle Trance","Wild Strike"],"picked":"SKIP","floor":36.0},{"not_picked":["Flex","Cleave","Blood for Blood"],"picked":"SKIP","floor":38.0},{"not_picked":["Shrug It Off","Iron Wave"],"picked":"Armaments","floor":39.0},{"not_picked":["Dropkick","Metallicize+1","Twin Strike+1"],"picked":"Singing Bowl","floor":46.0},{"not_picked":["Entrench","Iron Wave","Fire Breathing"],"picked":"Singing Bowl","floor":47.0},{"not_picked":["Evolve","Thunderclap","Carnage"],"picked":"Singing Bowl","floor":54.0}],"player_experience":507933,"relics_obtained":[{"floor":1.0,"key":"SynthV:TestCard"},{"floor":6.0,"key":"Whetstone"},{"floor":8.0,"key":"Bronze Scales"},{"floor":11.0,"key":"Orichalcum"},{"floor":12.0,"key":"vexMod:FocusSash"},{"floor":21.0,"key":"Turnip"},{"floor":23.0,"key":"StrikeDummy"},{"floor":26.0,"key":"vexMod:ConsolationPrize"},{"floor":27.0,"key":"Omamori"},{"floor":31.0,"key":"Dream Catcher"},{"floor":43.0,"key":"Singing Bowl"},{"floor":46.0,"key":"Anchor"},{"floor":54.0,"key":"vexMod:InvisibilityCloak"}],"event_choices":[{"damage_healed":0.0,"max_hp_gain":0.0,"max_hp_loss":0.0,"gold_gain":0.0,"event_name":"Shining Light","player_choice":"Entered Light","floor":3.0,"gold_loss":0.0,"damage_taken":23.0,"cards_upgraded":["Strike_R","Strike_R"]},{"damage_healed":0.0,"max_hp_gain":0.0,"max_hp_loss":0.0,"gold_gain":0.0,"event_name":"Liars Game","player_choice":"Ignored","floor":4.0,"gold_loss":0.0,"damage_taken":0.0},{"damage_healed":0.0,"max_hp_gain":0.0,"max_hp_loss":0.0,"gold_gain":0.0,"event_name":"yidonshenshe","player_choice":"带走神社","floor":13.0,"gold_loss":0.0,"damage_taken":0.0,"relics_obtained":["YidongShenshe:ReiMu"],"cards_obtained":["Poor:ReiMu"]},{"damage_healed":0.0,"max_hp_gain":0.0,"max_hp_loss":0.0,"gold_gain":0.0,"event_name":"Ghosts","player_choice":"Ignored","floor":19.0,"gold_loss":0.0,"damage_taken":0.0},{"damage_healed":0.0,"max_hp_gain":0.0,"max_hp_loss":0.0,"gold_gain":0.0,"event_name":"SensoryStone","player_choice":"Memory 1","floor":37.0,"gold_loss":0.0,"damage_taken":0.0},{"damage_healed":0.0,"max_hp_gain":0.0,"max_hp_loss":0.0,"gold_gain":0.0,"event_name":"OrinTheCat","player_choice":"Ignored","floor":42.0,"gold_loss":0.0,"damage_taken":0.0},{"damage_healed":0.0,"max_hp_gain":0.0,"max_hp_loss":0.0,"gold_gain":0.0,"event_name":"Duplicator","player_choice":"Copied","floor":48.0,"gold_loss":0.0,"damage_taken":0.0,"cards_obtained":["Searing Blow"]}],"is_beta":false,"boss_relics":[{"not_picked":["Pandora\u0027s Box","BloodWine"],"picked":"Busted Crown"},{"not_picked":["Mark of Pain","NightmareShop"],"picked":"Transparent"}],"items_purged_floors":[10,14,41,53],"is_endless":false,"potions_floor_spawned":[1,2,8,18,24,28,30,36,38,46],"killed_by":"The Heart","ascension_level":15}}