{"host":"n264v15x7h51zqzc","time":1610553996,"event":{"mods":["AchievementEnabler","BaseMod","Colored Powertips","Googly Eyes","Infinite Spire","Minty Spire (QoL Compilation)","Replay The Spire","StSLib"],"gold_per_floor":[113,129,129,144,319,351,351,378,378,392,421,421,62,62,62,159,159,176,101,116,135,146,174,189,189,189,223,241,267,267,8,8,8,8],"floor_reached":33,"language":"ENG","playtime":1874,"items_purged":["Redo"],"score":446,"play_id":"4383dec9-da03-4cf1-9f97-b60d0a8df937","local_time":"20210113100636","is_ascension_mode":true,"campfire_choices":[{"floor":12,"key":"REST"},{"data":"Crystallizer","floor":15,"key":"SMITH"},{"data":"Storm","floor":25,"key":"SMITH"},{"floor":32,"key":"REST"}],"circlet_count":0,"master_deck":["Strike_B+1","Strike_B","Strike_B","Defend_B","Defend_B","Defend_B","Defend_B","Zap","Dualcast","Crystallizer+1","infinitespire:Fortify","Glacier","Coolheaded","Mirror Shield+1","Cold Snap","Conserve Battery+1","Ball Lightning+1","Echo Form+1","Coolheaded+1","Storm+1","Force Field","Ball Lightning"],"relics":["Cracked Core","Pet Ghost","FossilizedHelix","Replay:Bottled Snecko","infinitespire:CheckeredPen","Replay:Bottled Eggs","Sozu","Replay:Bottled Steam","Sundial","Whetstone","Replay:Arrowhead","Guide Book"],"acts_visited":["Exordium","TheCity"],"potions_floor_usage":[11,16,23,27],"damage_taken":[{"damage":1,"enemies":"Jaw Worm","floor":1,"turns":4},{"damage":0,"enemies":"Small Slimes","floor":2,"turns":3},{"damage":0,"enemies":"2 Louse","floor":4,"turns":3},{"damage":16,"enemies":"Gremlin Nob","floor":6,"turns":4},{"damage":0,"enemies":"Lagavulin","floor":8,"turns":12},{"damage":0,"enemies":"Exordium Thugs","floor":10,"turns":7},{"damage":0,"enemies":"3 Sentries","floor":11,"turns":8},{"damage":0,"enemies":"The Guardian","floor":16,"turns":13},{"damage":5,"enemies":"Chosen","floor":18,"turns":3},{"damage":9,"enemies":"3 Byrds","floor":20,"turns":5},{"damage":0,"enemies":"Snecko","floor":21,"turns":5},{"damage":10,"enemies":"Sentry and Sphere","floor":22,"turns":5},{"damage":12,"enemies":"Book of Stabbing","floor":23,"turns":6},{"damage":0,"enemies":"Cultist and Chosen","floor":24,"turns":6},{"damage":26,"enemies":"Slavers","floor":27,"turns":7},{"damage":14,"enemies":"Shelled Parasite and Fungi","floor":28,"turns":5},{"damage":32,"enemies":"Gremlin Leader","floor":29,"turns":9},{"damage":34,"enemies":"Pondfish","floor":33,"turns":13}],"seed_played":"-4314682088530209290","potions_obtained":[{"floor":2,"key":"FairyPotion"},{"floor":8,"key":"Ancient Potion"},{"floor":10,"key":"BlessingOfTheForge"},{"floor":11,"key":"SpeedPotion"},{"floor":16,"key":"SpeedPotion"}],"is_trial":false,"path_per_floor":["M","M","?","M","?","E","?","E","T","M","E","R","$","?","R","B",null,"M","?","M","M","M","E","M","R","T","E","M","E","?","$","R","B"],"character_chosen":"DEFECT","items_purchased":["Conserve Battery","Ball Lightning","Replay:Bottled Eggs","Ball Lightning","Guide Book"],"campfire_rested":2,"item_purchase_floors":[13,13,13,31,31],"current_hp_per_floor":[81,81,61,61,61,45,33,33,33,33,33,57,57,57,57,57,82,77,77,68,68,58,46,46,46,46,20,6,5,5,5,29,0,0],"gold":8,"neow_bonus":"TEN_PERCENT_HP_BONUS","is_daily":false,"chose_seed":false,"campfire_upgraded":2,"win_rate":0.0,"timestamp":1610553996,"path_taken":["M","M","?","M","?","E","?","E","T","M","E","R","$","?","R","BOSS","M","?","M","M","M","E","M","R","T","E","M","E","?","$","R","BOSS"],"items_purchased_type":["Card","Card","Relic","Card","Relic"],"build_version":"2020-12-22","purchased_purges":1,"victory":false,"max_hp_per_floor":[82,82,82,82,82,82,82,82,82,82,82,82,82,82,82,82,82,82,82,82,82,82,82,82,82,82,82,82,82,82,82,82,82,82],"card_choices":[{"not_picked":["Beam Cell","Tempest"],"picked":"Crystallizer","floor":1},{"not_picked":["Gash","Scrape"],"picked":"Redo","floor":2},{"not_picked":["infinitespire:Menacing","ReplayTheSpireMod:Haul"],"picked":"infinitespire:Fortify","floor":3},{"not_picked":["Darkness","Hologram","Stack"],"picked":"SKIP","floor":4},{"not_picked":["Barrage","FIFO Queue"],"picked":"Glacier","floor":6},{"not_picked":["Steam","Aggregate"],"picked":"Coolheaded","floor":8},{"not_picked":["Sunder","Steam"],"picked":"Mirror Shield","floor":10},{"not_picked":["Turbo","Sweeping Beam"],"picked":"Cold Snap","floor":11},{"not_picked":["Thunder Strike","Buffer"],"picked":"Echo Form","floor":16},{"not_picked":["Gash","Reinforced Body","Steam"],"picked":"SKIP","floor":18},{"not_picked":["Hologram+1","Gash","Double Energy+1"],"picked":"SKIP","floor":20},{"not_picked":["Turbo","Beam Cell","ReplayTheSpireMod:GoodbyeWorld"],"picked":"SKIP","floor":21},{"not_picked":["Turbo","Glacier"],"picked":"Coolheaded+1","floor":22},{"not_picked":["Crystallizer","Aggregate+1","Sweeping Beam"],"picked":"SKIP","floor":23},{"not_picked":["Compile Driver","ReplaySort"],"picked":"Storm","floor":24},{"not_picked":["Static Discharge+1","Consume"],"picked":"Force Field","floor":27},{"not_picked":["Compile Driver","Panic Button","Cold Snap"],"picked":"SKIP","floor":28},{"not_picked":["Gash+1","Multi-Cast","Steam Power"],"picked":"SKIP","floor":29}],"player_experience":160374,"relics_obtained":[{"floor":6,"key":"Pet Ghost"},{"floor":8,"key":"Replay:Bottled Snecko"},{"floor":11,"key":"infinitespire:CheckeredPen"},{"floor":23,"key":"Replay:Bottled Steam"},{"floor":26,"key":"Sundial"},{"floor":27,"key":"Whetstone"},{"floor":29,"key":"Replay:Arrowhead"}],"event_choices":[{"damage_healed":0,"gold_gain":175,"player_choice":"AGREE","damage_taken":0,"max_hp_gain":0,"max_hp_loss":0,"event_name":"Liars Game","floor":5,"gold_loss":0,"cards_obtained":["Doubt"]},{"damage_healed":0,"gold_gain":0,"player_choice":"Success","damage_taken":12,"relics_obtained":["FossilizedHelix"],"max_hp_gain":0,"max_hp_loss":0,"event_name":"Scrap Ooze","floor":7,"gold_loss":0},{"damage_healed":0,"gold_gain":0,"cards_transformed":["Strike_B"],"player_choice":"Transformed","damage_taken":0,"max_hp_gain":0,"max_hp_loss":0,"event_name":"Transmorgrifier","floor":14,"gold_loss":0,"cards_obtained":["Melter"]},{"cards_removed":["Doubt"],"damage_healed":0,"gold_gain":0,"player_choice":"Gave Gold","damage_taken":0,"max_hp_gain":0,"max_hp_loss":0,"event_name":"Beggar","floor":19,"gold_loss":75},{"cards_removed":["Melter"],"damage_healed":0,"gold_gain":0,"player_choice":"Purged","damage_taken":0,"max_hp_gain":0,"max_hp_loss":0,"event_name":"Purifier","floor":30,"gold_loss":0}],"is_beta":false,"boss_relics":[{"not_picked":["Replay:Wanted Poster","Empty Cage"],"picked":"Sozu"}],"items_purged_floors":[31],"is_endless":false,"potions_floor_spawned":[2,8,10,11,16,23,24,27,28,29],"killed_by":"Pondfish","ascension_level":1}}