{"host":"fm9e0lfunjlbhzxv","time":1610514669,"event":{"mods":["BaseMod","Bestiary","Better Match","Better Skull","Better Third Choice","Colored Map","Colored Powertips","Downfall","Key Reminder","Minty Spire (QoL Compilation)","Permanent Neow","Rare Cards Sparkle","Relic Stats","StSLib","slay the spire mod where everything is the same but ironclad has a cowboy hat"],"gold_per_floor":[99,110,215,226,241,274,299,224,237,25,25,25,25,36,54,54,54,54],"floor_reached":16,"language":"ENG","playtime":1646,"items_purged":["champ:Strike"],"score":102,"play_id":"0e85a375-db9c-4fec-8785-edda938964b6","local_time":"20210112211109","is_ascension_mode":false,"campfire_choices":[{"floor":1,"key":"RECALL"},{"floor":8,"key":"REST"},{"data":"champ:Taunt","floor":13,"key":"SMITH"}],"circlet_count":0,"master_deck":["champ:Strike","champ:Strike","champ:Strike","champ:Defend","champ:Defend","champ:Defend","champ:Defend","champ:Execute","champ:Taunt+1","champ:Shatter","champ:FanOfKnives","champ:AdrenalArmor","champ:StrikeOfGenius","champ:SkillfulDodge","champ:FaceSlap","champ:GladiatorsShout+1"],"relics":["champ:ChampionCrown","Lantern","keyreminder:keyreminder","Toy Ornithopter","Smiling Mask","Boot","Strawberry","downfall:HeartBlessingRed","PreservedInsect","champ:LiftRelic","Toxic Egg 2"],"acts_visited":["Exordium"],"potions_floor_usage":[6,16,16,16],"damage_taken":[{"damage":5,"enemies":"Small Slimes","floor":2,"turns":3},{"damage":6,"enemies":"Cultist","floor":4,"turns":3},{"damage":11,"enemies":"Jaw Worm","floor":5,"turns":3},{"damage":33,"enemies":"3 Sentries","floor":6,"turns":7},{"damage":8,"enemies":"Exordium Wildlife","floor":9,"turns":3},{"damage":15,"enemies":"downfall:FleeingMerchant","floor":10,"turns":4},{"damage":14,"enemies":"Blue Slaver","floor":14,"turns":4},{"damage":5,"enemies":"3 Louse","floor":15,"turns":2},{"damage":69,"enemies":"downfall:Defect","floor":16,"turns":6}],"seed_played":"6079776266192536621","potions_obtained":[{"floor":2,"key":"SpeedPotion"},{"floor":4,"key":"Strength Potion"},{"floor":5,"key":"DuplicationPotion"},{"floor":14,"key":"hexamod:EctoCoolerPotion"}],"is_trial":false,"path_per_floor":["R","M","?","M","M","E","T","R","M","$","?","T","R","M","M","B"],"character_chosen":"THE_CHAMP","items_purchased":["PreservedInsect"],"campfire_rested":1,"item_purchase_floors":[10],"current_hp_per_floor":[90,90,41,40,34,22,29,58,55,55,55,55,55,53,53,0,0,0],"gold":54,"neow_bonus":"RANDOM_COMMON_RELIC","is_daily":false,"chose_seed":false,"campfire_upgraded":1,"win_rate":0.0,"timestamp":1610514669,"path_taken":["R","M","?","M","M","E","T","R","?","$","?","?","R","M","M","BOSS"],"items_purchased_type":["Relic"],"build_version":"2020-12-22","purchased_purges":1,"victory":false,"max_hp_per_floor":[90,90,90,90,90,90,97,97,97,97,97,97,97,97,97,97,97,97],"relic_stats":{"counters":[9,35],"PreservedInsect":0,"Smiling Mask":25,"Boot":[5],"obtain_stats":[{"keyreminder:keyreminder":1,"Lantern":0,"downfall:HeartBlessingRed":8,"Strawberry":7,"champ:LiftRelic":11,"champ:ChampionCrown":0,"PreservedInsect":10,"Toxic Egg 2":12,"Smiling Mask":3,"Boot":6,"Toy Ornithopter":3},{"keyreminder:keyreminder":0,"Lantern":0,"downfall:HeartBlessingRed":4,"Strawberry":4,"champ:LiftRelic":6,"champ:ChampionCrown":0,"PreservedInsect":6,"Toxic Egg 2":6,"Smiling Mask":1,"Boot":4,"Toy Ornithopter":1},{"keyreminder:keyreminder":0,"Lantern":0,"downfall:HeartBlessingRed":16,"Strawberry":16,"champ:LiftRelic":23,"champ:ChampionCrown":0,"PreservedInsect":23,"Toxic Egg 2":23,"Smiling Mask":3,"Boot":16,"Toy Ornithopter":3}],"Toy Ornithopter":20},"card_choices":[{"not_picked":["champ:Riposte","champ:CalledShot"],"picked":"champ:Shatter","floor":2},{"not_picked":["champ:FlashCut","champ:FalseCounter"],"picked":"champ:FanOfKnives","floor":4},{"not_picked":["champ:Haymaker","champ:CalledShot"],"picked":"champ:AdrenalArmor","floor":5},{"not_picked":["champ:BladeFlurry","champ:BerserkersShout"],"picked":"champ:StrikeOfGenius","floor":6},{"not_picked":["champ:FightOn","champ:BerserkersShout"],"picked":"champ:SkillfulDodge","floor":9},{"not_picked":["champ:TornadoPunch","champ:GutPunch"],"picked":"champ:FaceSlap","floor":10},{"not_picked":["champ:Riposte+1","champ:StanceDance+1"],"picked":"champ:GladiatorsShout+1","floor":14},{"not_picked":["champ:Shatter","champ:GladiatorsShout+1","champ:Circumvent+1"],"picked":"SKIP","floor":15}],"player_experience":467811,"relics_obtained":[{"floor":6,"key":"Boot"},{"floor":7,"key":"Strawberry"},{"floor":12,"key":"Toxic Egg 2"}],"event_choices":[{"damage_healed":0,"gold_gain":105,"player_choice":"GO RE RE ","damage_taken":54,"relics_obtained":["Toy Ornithopter","Smiling Mask"],"max_hp_gain":0,"max_hp_loss":0,"event_name":"betterSkull:BetterSkull","floor":3,"gold_loss":0,"cards_upgraded":[]}],"is_beta":false,"boss_relics":[],"items_purged_floors":[10],"is_endless":false,"potions_floor_spawned":[2,4,5,14],"killed_by":"downfall:Defect","ascension_level":0}}