{"host":"ygfasg9u7olr7skw","time":1610577037,"event":{"mods":["AchievementEnabler","BaseMod","Better Note","Better Vampires","Colored Powertips","Minty Spire (QoL Compilation)","Replay The Spire","Spicy Shops","StSLib","The IronCluck"],"gold_per_floor":[117,117,117,130,47,47,58,58,58,58,87,87,12,24,24,24,24],"floor_reached":16,"language":"ENG","playtime":1039,"items_purged":["ReplayTheSpireMod:Tripwire"],"score":103,"play_id":"6284fd75-c900-42be-8434-7b69fc9a3f7e","local_time":"20210113173037","is_ascension_mode":true,"campfire_choices":[{"floor":6,"key":"REST"},{"floor":8,"key":"RECALL"},{"data":"Replay:BasicMightCard","floor":10,"key":"SMITH"},{"floor":12,"key":"REST"},{"data":"ReplayTheSpireMod:Scrap Shanks","floor":15,"key":"SMITH"}],"circlet_count":0,"master_deck":["Strike_G+1","Strike_G","Strike_G","Strike_G","Strike_G","Defend_G","Defend_G","Defend_G","Defend_G","Defend_G","Survivor+1","Neutralize","Replay:BasicMightCard+1","Hidden Blade","Quick Slash","ReplayTheSpireMod:Scrap Shanks+1"],"relics":["Ring of the Snake","Replay:Wax Seal","Pear"],"acts_visited":["Exordium"],"potions_floor_usage":[11,16,16,16],"damage_taken":[{"damage":0,"enemies":"Small Slimes","floor":1,"turns":3},{"damage":11,"enemies":"Jaw Worm","floor":4,"turns":3},{"damage":0,"enemies":"Cultist","floor":7,"turns":3},{"damage":28,"enemies":"Gremlin Nob","floor":11,"turns":5},{"damage":4,"enemies":"Red Slaver","floor":14,"turns":4},{"damage":74,"enemies":"Hexaghost","floor":16,"turns":15}],"seed_played":"-9079207132820943001","potions_obtained":[{"floor":7,"key":"AttackPotion"},{"floor":11,"key":"FearPotion"},{"floor":14,"key":"EntropicBrew"}],"is_trial":false,"path_per_floor":["M","?","?","M","$","R","M","R","T","R","E","R","$","M","R","B"],"character_chosen":"THE_SILENT","items_purchased":["Replay:Wax Seal"],"campfire_rested":2,"item_purchase_floors":[5],"current_hp_per_floor":[70,56,56,45,45,66,66,66,66,66,48,72,72,68,68,0,0],"gold":24,"neow_bonus":"RANDOM_COLORLESS","is_daily":false,"chose_seed":false,"campfire_upgraded":2,"win_rate":0.0,"timestamp":1610577037,"path_taken":["M","?","?","?","?","R","M","R","T","R","E","R","$","?","R","BOSS"],"items_purchased_type":["Relic"],"build_version":"2020-12-22","purchased_purges":1,"victory":false,"max_hp_per_floor":[70,70,70,70,70,70,70,70,70,70,80,80,80,80,80,80,80],"card_choices":[{"not_picked":["Impatience","Discovery"],"picked":"Replay:BasicMightCard","floor":0},{"not_picked":["ReplayTheSpireMod:Speed Training","Setup"],"picked":"Hidden Blade","floor":1},{"not_picked":["Poisoned Stab","Fluid Movement"],"picked":"ReplayTheSpireMod:Scrap Shanks","floor":4},{"not_picked":["Dagger Spray","Sucker Punch","Quick Slash"],"picked":"SKIP","floor":7},{"not_picked":["Bane","ReplayTheSpireMod:Exploit Weakness","Choke"],"picked":"SKIP","floor":11},{"not_picked":["Hidden Blade","Well Laid Plans","ReplayTheSpireMod:Exploit Weakness"],"picked":"SKIP","floor":14}],"player_experience":268933,"relics_obtained":[{"floor":11,"key":"Pear"}],"event_choices":[{"damage_healed":0,"gold_gain":0,"player_choice":"Entered Light","damage_taken":14,"max_hp_gain":0,"max_hp_loss":0,"event_name":"Shining Light","floor":2,"gold_loss":0,"cards_upgraded":["Survivor","Strike_G"]},{"damage_healed":0,"gold_gain":0,"player_choice":"2 cards matched","damage_taken":0,"max_hp_gain":0,"max_hp_loss":0,"event_name":"Match and Keep!","floor":3,"gold_loss":0,"cards_obtained":["Quick Slash","ReplayTheSpireMod:Tripwire"]}],"is_beta":false,"boss_relics":[],"items_purged_floors":[13],"is_endless":false,"potions_floor_spawned":[7,11,14],"killed_by":"Hexaghost","ascension_level":1}}