{"host":"4amhfzfsa6iuwytm","time":1610500954,"event":{"mods":["2.2 Compatiblity","BaseMod","Block Reminder","Colored Map","Colored Powertips","Filter the Spire","Highlight Path","Minty Spire (QoL Compilation)","Relic Stats","StSLib","ojb\u0027s Info Mod"],"gold_per_floor":[114,37,56,56,69,69,89,89,89,102,112,112,37,61,61,191,191,215,215,239,62,62,101,119,0,26,26,45,45,58,74,74,74,74],"floor_reached":33,"language":"ENG","playtime":2732,"items_purged":["Injury"],"score":286,"play_id":"90ffda3f-9f8e-4adb-987b-ad8b5e797adb","local_time":"20210112192234","is_ascension_mode":false,"campfire_choices":[{"data":"Underhanded Strike","floor":6.0,"key":"SMITH"},{"data":"Noxious Fumes","floor":8.0,"key":"SMITH"},{"data":"Catalyst","floor":15.0,"key":"SMITH"},{"data":"Deadly Poison","floor":29,"key":"SMITH"},{"floor":32,"key":"REST"}],"circlet_count":0,"master_deck":["Survivor","Neutralize","Underhanded Strike+1","Noxious Fumes+1","PiercingWail","Noxious Fumes+1","Catalyst+1","Deadly Poison","Poisoned Stab","Die Die Die","Cloak And Dagger","Venomology","Bullet Time","Outmaneuver","Calculated Gamble","Flechettes","Bane","Quick Slash","Crippling Poison","Catalyst+1","Dagger Spray","Deadly Poison+1","Slice+1","Dagger Throw+1","Noxious Fumes"],"relics":["Ring of the Snake","Meat on the Bone","Golden Idol","Pandora\u0027s Box","Shuriken","Vajra","MutagenicStrength"],"acts_visited":["Exordium","TheCity"],"potions_floor_usage":[],"damage_taken":[{"damage":0.0,"enemies":"Cultist","floor":1.0,"turns":4.0},{"damage":7.0,"enemies":"Small Slimes","floor":3.0,"turns":4.0},{"damage":3.0,"enemies":"2 Louse","floor":5.0,"turns":3.0},{"damage":13.0,"enemies":"Lots of Slimes","floor":7.0,"turns":5.0},{"damage":8.0,"enemies":"2 Fungi Beasts","floor":10.0,"turns":6.0},{"damage":22.0,"enemies":"Large Slime","floor":11.0,"turns":7.0},{"damage":8.0,"enemies":"3 Louse","floor":14.0,"turns":4.0},{"damage":34.0,"enemies":"Hexaghost","floor":16.0,"turns":8.0},{"damage":7.0,"enemies":"Chosen","floor":18.0,"turns":5.0},{"damage":0.0,"enemies":"3 Byrds","floor":20.0,"turns":3.0},{"damage":14,"enemies":"Book of Stabbing","floor":23,"turns":3},{"damage":19,"enemies":"Shelled Parasite and Fungi","floor":24,"turns":4},{"damage":15,"enemies":"Chosen and Byrds","floor":28,"turns":5},{"damage":26,"enemies":"Centurion and Healer","floor":30,"turns":4},{"damage":3,"enemies":"Snake Plant","floor":31,"turns":3},{"damage":62,"enemies":"Champ","floor":33,"turns":5}],"seed_played":"3220899667738742864","potions_obtained":[{"floor":1.0,"key":"PowerPotion"},{"floor":5.0,"key":"Swift Potion"},{"floor":11.0,"key":"Weak Potion"},{"floor":16.0,"key":"BlessingOfTheForge"}],"is_trial":false,"path_per_floor":["M","$","M","?","M","R","M","R","T","M","M","?","$","M","R","B",null,"M","?","M","$","?","E","M","?","T","?","M","R","M","M","R","B"],"character_chosen":"THE_SILENT","items_purchased":["Noxious Fumes","Deadly Poison","Fruit Juice","Weak Potion"],"campfire_rested":1,"item_purchase_floors":[2,21,21,21],"current_hp_per_floor":[77,77,70,70,67,67,54,54,54,46,36,36,36,40,40,18,77,70,70,70,75,75,61,42,42,42,42,39,39,25,34,58,0,0],"gold":74,"neow_bonus":"TEN_PERCENT_HP_BONUS","is_daily":false,"chose_seed":false,"campfire_upgraded":4,"win_rate":0.0,"timestamp":1610500954,"path_taken":["M","?","?","?","M","R","M","R","T","M","?","?","$","M","R","BOSS","M","?","?","$","?","E","?","?","T","?","M","R","M","M","R","BOSS"],"items_purchased_type":["Card","Card","Potion","Potion"],"build_version":"2020-12-22","purchased_purges":1,"victory":false,"max_hp_per_floor":[77,77,77,77,77,77,77,77,77,77,77,77,77,77,77,77,77,77,77,77,82,82,82,82,82,82,82,82,82,82,82,82,82,82],"relic_stats":{"counters":[16,73],"Golden Idol":63,"Shuriken":[4],"Pandora\u0027s Box":["Cloak And Dagger","Venomology","Bullet Time","Outmaneuver","Calculated Gamble","Flechettes","Bane","Quick Slash","Crippling Poison"],"obtain_stats":[{"Golden Idol":12,"Shuriken":23,"MutagenicStrength":27,"Vajra":26,"Pandora\u0027s Box":17,"Ring of the Snake":0,"Meat on the Bone":9},{"Golden Idol":6,"Shuriken":11,"MutagenicStrength":12,"Vajra":12,"Pandora\u0027s Box":8,"Ring of the Snake":0,"Meat on the Bone":4},{"Golden Idol":29,"Shuriken":52,"MutagenicStrength":56,"Vajra":56,"Pandora\u0027s Box":41,"Ring of the Snake":0,"Meat on the Bone":16}],"Ring of the Snake":[32],"Meat on the Bone":72},"card_choices":[{"not_picked":["Endless Agony","Acrobatics"],"picked":"Underhanded Strike","floor":1.0},{"not_picked":["Skewer","Backstab","Bane"],"picked":"SKIP","floor":3.0},{"not_picked":["Blur","Doppelganger"],"picked":"PiercingWail","floor":5.0},{"not_picked":["Dagger Throw","Prepared"],"picked":"Noxious Fumes","floor":7.0},{"not_picked":["PiercingWail","Prepared"],"picked":"Catalyst","floor":10.0},{"not_picked":["Blade Dance","Endless Agony"],"picked":"Deadly Poison","floor":11.0},{"not_picked":["Eviscerate","Escape Plan"],"picked":"Poisoned Stab","floor":14.0},{"not_picked":["Unload","Doppelganger"],"picked":"Die Die Die","floor":16.0},{"not_picked":["Dodge and Roll","Concentrate","Prepared"],"picked":"SKIP","floor":18.0},{"not_picked":["Slice","Deflect+1"],"picked":"Dagger Spray","floor":20.0},{"not_picked":["Backflip+1","Wraith Form v2","Blur+1"],"picked":"SKIP","floor":23},{"not_picked":["Endless Agony+1","PiercingWail+1"],"picked":"Slice+1","floor":24},{"not_picked":["Reflex+1","Deflect+1"],"picked":"Dagger Throw+1","floor":28},{"not_picked":["All Out Attack","Slice"],"picked":"Noxious Fumes","floor":30},{"not_picked":["Acrobatics","Flying Knee","Distraction"],"picked":"SKIP","floor":31}],"player_experience":130070,"relics_obtained":[{"floor":9.0,"key":"Meat on the Bone"},{"floor":23,"key":"Shuriken"},{"floor":26,"key":"Vajra"}],"event_choices":[{"cards_removed":["Strike_G"],"damage_healed":0.0,"max_hp_gain":0.0,"max_hp_loss":0.0,"gold_gain":0.0,"event_name":"Purifier","player_choice":"Purged","floor":4.0,"gold_loss":0.0,"damage_taken":0.0},{"damage_healed":0.0,"max_hp_gain":0.0,"max_hp_loss":0.0,"gold_gain":0.0,"event_name":"Golden Idol","player_choice":"Take Wound","floor":12.0,"gold_loss":0.0,"damage_taken":0.0,"relics_obtained":["Golden Idol"],"cards_obtained":["Injury"]},{"damage_healed":0.0,"max_hp_gain":0.0,"max_hp_loss":0.0,"gold_gain":0.0,"event_name":"Duplicator","player_choice":"Copied","floor":19.0,"gold_loss":0.0,"damage_taken":0.0,"cards_obtained":["Catalyst"]},{"damage_healed":0.0,"max_hp_gain":0.0,"max_hp_loss":0.0,"gold_gain":0.0,"event_name":"Upgrade Shrine","player_choice":"Upgraded","floor":22.0,"gold_loss":0.0,"damage_taken":0.0,"cards_upgraded":["Noxious Fumes"]},{"damage_healed":0,"gold_gain":0,"player_choice":"Paid Fearfully","damage_taken":0,"max_hp_gain":0,"max_hp_loss":0,"event_name":"Masked Bandits","floor":25,"gold_loss":119},{"damage_healed":0,"gold_gain":0,"player_choice":"Inject Mutagens","damage_taken":0,"relics_obtained":["MutagenicStrength"],"max_hp_gain":0,"max_hp_loss":0,"event_name":"Drug Dealer","floor":27,"gold_loss":0}],"is_beta":false,"boss_relics":[{"not_picked":["Runic Dome","Philosopher\u0027s Stone"],"picked":"Pandora\u0027s Box"}],"items_purged_floors":[13],"is_endless":false,"potions_floor_spawned":[1,5,11,16,18,20,24],"killed_by":"Champ","ascension_level":0}}