{"host":"c3lc60y5x60jlt1y","time":1610564786,"event":{"mods":["AchievementEnabler","BaseMod","Bestiary","Colored Map","Minty Spire (QoL Compilation)","Quick Restart","StSLib","ojb\u0027s Info Mod"],"gold_per_floor":[117,131,206,206,226,270,48,88,88,114,114,140,181,207,207,316,316,339,348,348,367,367,367,367],"floor_reached":23,"playtime":4920,"items_purged":["Strike_B"],"score":324,"play_id":"3e220251-c55e-4557-9e1c-dbebf2ebd6bb","local_time":"20210113210626","is_ascension_mode":true,"campfire_choices":[{"floor":11,"key":"REST"},{"data":"Fission","floor":15,"key":"SMITH"}],"circlet_count":0,"master_deck":["Strike_B","Defend_B","Defend_B","Zap","Dualcast","Undo","Genetic Algorithm","Beam Cell","Tempest","Self Repair","Dramatic Entrance","Fission+1","Storm","Doom and Gloom","BootSequence","Echo Form","Conserve Battery","RitualDagger","Heatsinks"],"relics":["Cracked Core","CeramicFish","Calipers","Bottled Tornado","Anchor","Happy Flower","Philosopher\u0027s Stone","Enchiridion"],"acts_visited":["Exordium","TheCity"],"potions_floor_usage":[6,6,8,8,8,14,14,16,16,23],"damage_taken":[{"damage":8,"enemies":"2 Louse","floor":1,"turns":3},{"damage":0,"enemies":"Jaw Worm","floor":2,"turns":3},{"damage":0,"enemies":"Small Slimes","floor":5,"turns":6},{"damage":9,"enemies":"Lagavulin","floor":6,"turns":7},{"damage":14,"enemies":"3 Sentries","floor":8,"turns":8},{"damage":0,"enemies":"3 Louse","floor":12,"turns":3},{"damage":14,"enemies":"Lagavulin","floor":13,"turns":9},{"damage":8,"enemies":"Exordium Wildlife","floor":14,"turns":3},{"damage":0,"enemies":"Slime Boss","floor":16,"turns":8},{"damage":3,"enemies":"Shell Parasite","floor":18,"turns":5},{"damage":13,"enemies":"Chosen","floor":21,"turns":5},{"damage":41,"enemies":"Book of Stabbing","floor":23,"turns":4}],"seed_played":"-289746356573588298","potions_obtained":[{"floor":1,"key":"EntropicBrew"},{"floor":2,"key":"FocusPotion"},{"floor":13,"key":"EntropicBrew"},{"floor":18,"key":"ColorlessPotion"}],"is_trial":false,"path_per_floor":["M","M","?","?","M","E","$","E","T","T","R","M","E","M","R","B",null,"M","?","?","M","?","E"],"character_chosen":"DEFECT","items_purchased":["Self Repair","Dramatic Entrance"],"campfire_rested":1,"item_purchase_floors":[7,7],"current_hp_per_floor":[46,46,35,28,28,19,19,12,12,12,34,41,34,26,26,33,65,69,63,47,41,41,0,0],"gold":367,"neow_bonus":"REMOVE_TWO","is_daily":false,"chose_seed":false,"campfire_upgraded":1,"win_rate":0.0,"timestamp":1610564786,"path_taken":["M","M","?","?","M","E","$","E","T","?","R","M","E","?","R","BOSS","M","?","?","?","?","E"],"items_purchased_type":["Card","Card"],"build_version":"2020-12-22","purchased_purges":1,"victory":false,"max_hp_per_floor":[75,75,75,75,75,75,75,75,75,75,75,75,75,75,75,75,75,75,75,75,75,75,75,75],"card_choices":[{"not_picked":["Barrage","Fusion"],"picked":"Undo","floor":1},{"not_picked":["Streamline","Coolheaded"],"picked":"Genetic Algorithm","floor":2},{"not_picked":["Conserve Battery","Gash"],"picked":"Beam Cell","floor":5},{"not_picked":["Biased Cognition","Leap"],"picked":"Tempest","floor":6},{"not_picked":["Steam","Go for the Eyes"],"picked":"Fission","floor":8},{"not_picked":["Stack","Ball Lightning"],"picked":"Storm","floor":12},{"not_picked":["Ball Lightning","Genetic Algorithm"],"picked":"Doom and Gloom","floor":13},{"not_picked":["Beam Cell","Steam"],"picked":"BootSequence","floor":14},{"not_picked":["All For One","Fission"],"picked":"Echo Form","floor":16},{"not_picked":["Redo+1","Coolheaded"],"picked":"Conserve Battery","floor":18},{"not_picked":["Conserve Battery+1","Compile Driver"],"picked":"Heatsinks","floor":21}],"player_experience":8022171,"relics_obtained":[{"floor":6,"key":"CeramicFish"},{"floor":8,"key":"Calipers"},{"floor":9,"key":"Bottled Tornado"},{"floor":10,"key":"Anchor"},{"floor":13,"key":"Happy Flower"},{"floor":20,"key":"Enchiridion"}],"event_choices":[{"damage_healed":0,"gold_gain":75,"player_choice":"Gather Gold","damage_taken":11,"max_hp_gain":0,"max_hp_loss":0,"event_name":"World of Goop","floor":3,"gold_loss":0},{"cards_removed":["Defend_B"],"damage_healed":0,"gold_gain":0,"player_choice":"Card Removal","damage_taken":7,"max_hp_gain":0,"max_hp_loss":0,"event_name":"Golden Wing","floor":4,"gold_loss":0},{"damage_healed":0,"gold_gain":0,"player_choice":"Joined the Cult","damage_taken":6,"max_hp_gain":0,"max_hp_loss":0,"event_name":"Nest","floor":19,"gold_loss":0,"cards_obtained":["RitualDagger"]},{"damage_healed":0,"gold_gain":0,"player_choice":"Obtained Book","damage_taken":16,"max_hp_gain":0,"max_hp_loss":0,"event_name":"Cursed Tome","floor":20,"gold_loss":0},{"cards_removed":["Strike_B"],"damage_healed":0,"gold_gain":0,"player_choice":"Elegance","damage_taken":0,"max_hp_gain":0,"max_hp_loss":0,"event_name":"Back to Basics","floor":22,"gold_loss":0}],"is_beta":false,"boss_relics":[{"not_picked":["Ectoplasm","Nuclear Battery"],"picked":"Philosopher\u0027s Stone"}],"items_purged_floors":[7],"is_endless":false,"potions_floor_spawned":[1,2,13,18],"killed_by":"Book of Stabbing","ascension_level":5}}