{"host":"x3q4ieql2tr7v8o6","time":1610535046,"event":{"mods":["BaseMod","Bestiary","Better Altar","Better Match","Better Note","Better Sensory Stone","Better Skull","Better Third Choice","Colored Map","Colored Powertips","Curses Come First","Minty Spire (QoL Compilation)","StSLib"],"gold_per_floor":[109,125,200,200,79,79,111,111,134,149,162,178,197,216,216,293,293,313,15,15,30,30,59,59,86,111,161,179,229,229,229,229,229,229],"floor_reached":33,"language":"ENG","playtime":823,"items_purged":["Pain"],"score":546,"play_id":"74bc3a4c-42cf-42cd-8fea-a541f1468387","local_time":"20210113105046","is_ascension_mode":true,"campfire_choices":[{"data":"Underhanded Strike","floor":6,"key":"SMITH"},{"data":"Venomology","floor":8,"key":"SMITH"},{"data":"Malaise","floor":15,"key":"SMITH"},{"floor":24,"key":"REST"},{"floor":30,"key":"REST"},{"floor":32,"key":"REST"}],"circlet_count":0,"master_deck":["AscendersBane","Strike_G","Strike_G","Strike_G","Strike_G","Strike_G","Defend_G","Defend_G","Defend_G","Defend_G","Defend_G+1","Survivor+1","Neutralize","Underhanded Strike+1","Poisoned Stab","Deadly Poison","Venomology+1","Terror","Blade Dance","Dash","Backstab","Malaise+1","Envenom","Dodge and Roll","Deadly Poison","Writhe","Sucker Punch","Eviscerate","Corpse Explosion","Sadistic Nature","Bandage Up","Blade Dance","Bane","Cloak And Dagger+1"],"relics":["Ring of the Snake","NeowsBlessing","WarpedTongs","Bronze Scales","War Paint","SlaversCollar","Pantograph","Mango","SsserpentHead","Paper Crane","Juzu Bracelet","Dream Catcher"],"acts_visited":["Exordium","TheCity"],"potions_floor_usage":[11,13,16,18,18,21,23,23,25,28,28,28,31,33],"damage_taken":[{"damage":0,"enemies":"2 Louse","floor":1,"turns":1},{"damage":0,"enemies":"Small Slimes","floor":2,"turns":1},{"damage":0,"enemies":"Lagavulin","floor":7,"turns":1},{"damage":1,"enemies":"Cultist","floor":10,"turns":3},{"damage":0,"enemies":"Red Slaver","floor":11,"turns":2},{"damage":0,"enemies":"Looter","floor":12,"turns":2},{"damage":6,"enemies":"Lots of Slimes","floor":13,"turns":4},{"damage":1,"enemies":"3 Louse","floor":14,"turns":3},{"damage":2,"enemies":"Hexaghost","floor":16,"turns":8},{"damage":11,"enemies":"2 Thieves","floor":18,"turns":3},{"damage":0,"enemies":"3 Byrds","floor":21,"turns":5},{"damage":34,"enemies":"Gremlin Leader","floor":23,"turns":6},{"damage":42,"enemies":"Slavers","floor":25,"turns":6},{"damage":0,"enemies":"Cultist and Chosen","floor":28,"turns":4},{"damage":0,"enemies":"3 Cultists","floor":31,"turns":1},{"damage":82,"enemies":"Automaton","floor":33,"turns":6}],"seed_played":"-8080389878193436791","potions_obtained":[{"floor":2,"key":"Swift Potion"},{"floor":14,"key":"Strength Potion"},{"floor":18,"key":"Block Potion"},{"floor":25,"key":"Ancient Potion"},{"floor":29,"key":"Strength Potion"},{"floor":29,"key":"SmokeBomb"}],"is_trial":false,"path_per_floor":["M","M","?","?","$","R","E","R","T","M","M","M","M","M","R","B",null,"M","$","?","M","?","E","R","E","T","?","M","?","R","M","R","B"],"character_chosen":"THE_SILENT","items_purchased":["Deadly Poison","Pantograph","Deadly Poison"],"campfire_rested":3,"item_purchase_floors":[5,19,19],"current_hp_per_floor":[59,59,48,48,48,48,48,48,48,47,47,47,41,40,40,38,59,48,48,62,62,62,28,52,10,10,10,14,14,38,38,62,0,0],"gold":229,"neow_bonus":"THREE_ENEMY_KILL","is_daily":false,"chose_seed":false,"campfire_upgraded":3,"win_rate":0.0,"timestamp":1610535046,"path_taken":["M","M","?","?","$","R","E","R","T","?","M","M","M","M","R","BOSS","M","$","?","M","?","E","R","E","T","?","M","?","R","M","R","BOSS"],"items_purchased_type":["Card","Relic","Card"],"build_version":"2020-12-22","purchased_purges":1,"victory":false,"max_hp_per_floor":[66,66,66,66,66,66,66,66,66,66,66,66,66,66,66,66,66,66,66,80,80,80,80,80,80,80,80,80,80,80,80,80,80,80],"card_choices":[{"not_picked":["Sucker Punch","Skewer"],"picked":"Underhanded Strike","floor":1},{"not_picked":["Underhanded Strike","Terror"],"picked":"Poisoned Stab","floor":2},{"not_picked":["Slice","Poisoned Stab"],"picked":"Venomology","floor":7},{"not_picked":["PiercingWail","Dagger Spray"],"picked":"Terror","floor":10},{"not_picked":["Flying Knee","Flechettes"],"picked":"Blade Dance","floor":11},{"not_picked":["Dagger Spray","Outmaneuver"],"picked":"Dash","floor":12},{"not_picked":["Flying Knee","Distraction"],"picked":"Backstab","floor":13},{"not_picked":["Dodge and Roll","Backflip"],"picked":"Malaise","floor":14},{"not_picked":["Venomology","Storm of Steel"],"picked":"Envenom","floor":16},{"not_picked":["Dagger Throw","Underhanded Strike"],"picked":"Dodge and Roll","floor":18},{"not_picked":["Acrobatics","Deflect"],"picked":"Sucker Punch","floor":21},{"not_picked":["Envenom","Acrobatics"],"picked":"Eviscerate","floor":23},{"not_picked":["Blur","Dodge and Roll"],"picked":"Corpse Explosion","floor":25},{"not_picked":["Panacea","HandOfGreed"],"picked":"Sadistic Nature","floor":27},{"not_picked":["Good Instincts","Violence"],"picked":"Bandage Up","floor":27},{"not_picked":["Riddle With Holes","Flying Knee"],"picked":"Blade Dance","floor":28},{"not_picked":["Escape Plan","Quick Slash"],"picked":"Bane","floor":30},{"not_picked":["Backstab","Quick Slash+1"],"picked":"Cloak And Dagger+1","floor":32}],"player_experience":710169,"relics_obtained":[{"floor":7,"key":"Bronze Scales"},{"floor":9,"key":"War Paint"},{"floor":23,"key":"Paper Crane"},{"floor":25,"key":"Juzu Bracelet"},{"floor":26,"key":"Dream Catcher"}],"event_choices":[{"damage_healed":0,"gold_gain":75,"player_choice":"Gold","damage_taken":11,"max_hp_gain":0,"max_hp_loss":0,"event_name":"betterThird:BetterGoop","floor":3,"gold_loss":0},{"damage_healed":0,"gold_gain":0,"player_choice":"Rummage","damage_taken":0,"relics_obtained":["WarpedTongs"],"max_hp_gain":0,"max_hp_loss":0,"event_name":"Accursed Blacksmith","floor":4,"gold_loss":0,"cards_obtained":["Pain"]},{"damage_healed":0,"gold_gain":0,"player_choice":"Opened","damage_taken":0,"relics_obtained":["Mango"],"max_hp_gain":0,"max_hp_loss":0,"event_name":"The Mausoleum","floor":20,"gold_loss":0,"cards_obtained":["Writhe"]},{"damage_healed":0,"gold_gain":0,"player_choice":"Trade","damage_taken":0,"relics_obtained":["SsserpentHead"],"max_hp_gain":0,"max_hp_loss":0,"event_name":"FaceTrader","floor":22,"gold_loss":0},{"damage_healed":0,"gold_gain":2,"player_choice":"1","damage_taken":0,"max_hp_gain":0,"max_hp_loss":0,"event_name":"betterStone:BetterStone","floor":27,"gold_loss":0},{"damage_healed":0,"gold_gain":0,"player_choice":"Got Potions","damage_taken":0,"max_hp_gain":0,"max_hp_loss":0,"event_name":"Lab","floor":29,"gold_loss":0}],"is_beta":false,"boss_relics":[{"not_picked":["Runic Dome","Runic Pyramid"],"picked":"SlaversCollar"}],"items_purged_floors":[5],"is_endless":false,"potions_floor_spawned":[2,10,12,14,16,18,21,25],"killed_by":"Automaton","ascension_level":15}}