{"host":"wqsqub3crsxqknzv","time":1610529730,"event":{"mods":["BaseMod","Colored Powertips","Downfall","Minty Spire (QoL Compilation)","StSLib","WarShipGirlsR/????R mod"],"gold_per_floor":[99,99,99,199,299,299,323,339,339,372,383,383,402,84,99,99,99,99],"floor_reached":16,"playtime":744,"items_purged":["champ:Strike"],"score":98,"play_id":"6cd189d5-1381-4863-bfea-0620b5fcfa07","local_time":"20210113112210","is_ascension_mode":false,"campfire_choices":[{"data":"champ:Execute","floor":1.0,"key":"SMITH"},{"data":"champ:RecklessLeap","floor":6.0,"key":"SMITH"},{"data":"champ:StanceDance","floor":9.0,"key":"SMITH"},{"data":"champ:IronFortress","floor":12,"key":"SMITH"}],"circlet_count":0,"master_deck":["champ:Strike","champ:Strike","champ:Strike","champ:Defend","champ:Defend","champ:Defend","champ:Defend","champ:Execute+1","champ:Taunt","champ:StanceDance+1","champ:RecklessLeap+1","champ:BerserkerStyle","champ:FanOfKnives","champ:IronFortress+1","champ:SkillfulDodge","champ:CrookedStrike","expansioncontent:LastStand","champ:IgnorePain","champ:Duel"],"relics":["champ:ChampionCrown","downfall:HeartsMalice","Champion Belt","Centennial Puzzle","Blood Vial"],"acts_visited":["Exordium"],"potions_floor_usage":[15,16],"damage_taken":[{"damage":0.0,"enemies":"Jaw Worm","floor":2.0,"turns":1.0},{"damage":0.0,"enemies":"2 Louse","floor":3.0,"turns":1.0},{"damage":0.0,"enemies":"2 Louse","floor":4.0,"turns":1.0},{"damage":26.0,"enemies":"Cultist","floor":8.0,"turns":2.0},{"damage":49.0,"enemies":"3 Sentries","floor":10.0,"turns":6.0},{"damage":18,"enemies":"3 Louse","floor":11,"turns":3},{"damage":34,"enemies":"Large Slime","floor":13,"turns":6},{"damage":38,"enemies":"downfall:FleeingMerchant","floor":14,"turns":4},{"damage":28,"enemies":"Lots of Slimes","floor":15,"turns":4},{"damage":90,"enemies":"downfall:Defect","floor":16,"turns":10}],"seed_played":"4587884797236319187","potions_obtained":[{"floor":8.0,"key":"Block Potion"},{"floor":11,"key":"AttackPotion"},{"floor":13,"key":"SpeedPotion"}],"is_trial":false,"path_per_floor":["R","M","M","?","?","R","T","M","R","E","M","R","M","$","M","B"],"character_chosen":"THE_CHAMP","items_purchased":["expansioncontent:LastStand","champ:IgnorePain"],"campfire_rested":0,"item_purchase_floors":[14,14],"current_hp_per_floor":[90,90,90,90,90,90,90,90,90,75,72,72,71,73,72,0,0,0],"gold":99,"neow_bonus":"THREE_ENEMY_KILL","is_daily":false,"chose_seed":false,"campfire_upgraded":4,"win_rate":0.0,"timestamp":1610529730,"path_taken":["R","M","M","?","?","R","T","M","R","E","M","R","M","?","M","BOSS"],"items_purchased_type":["Card","Card"],"build_version":"2020-11-29","purchased_purges":1,"victory":false,"max_hp_per_floor":[90,90,90,90,90,90,90,90,90,90,90,90,90,90,90,90,90,90],"card_choices":[{"not_picked":["champ:RecklessLeap","champ:Haymaker"],"picked":"champ:StanceDance","floor":2.0},{"not_picked":["champ:FaceSlap","champ:DefensiveShout"],"picked":"champ:RecklessLeap","floor":3.0},{"not_picked":["champ:RapidStrikes","champ:Circumvent"],"picked":"champ:BerserkerStyle","floor":4.0},{"not_picked":["champ:FalseCounter","champ:Circumvent"],"picked":"champ:FanOfKnives","floor":8.0},{"not_picked":["champ:FaceSlap","champ:FalseCounter","champ:DefensiveShout"],"picked":"SKIP","floor":10.0},{"not_picked":["champ:ViciousMockery","champ:Circumvent"],"picked":"champ:IronFortress","floor":11},{"not_picked":["champ:CalledShot","champ:BerserkerStyle"],"picked":"champ:SkillfulDodge","floor":13},{"not_picked":["champ:CalledShot","champ:AdrenalArmor"],"picked":"champ:CrookedStrike","floor":14},{"not_picked":["champ:FanOfKnives","champ:EnragedBash"],"picked":"champ:Duel","floor":15}],"player_experience":14706,"relics_obtained":[{"floor":4.0,"key":"Champion Belt"},{"floor":7.0,"key":"Centennial Puzzle"},{"floor":10.0,"key":"Blood Vial"}],"event_choices":[],"is_beta":false,"boss_relics":[],"items_purged_floors":[14],"is_endless":false,"potions_floor_spawned":[8,11,13],"killed_by":"downfall:Defect","ascension_level":0}}