{"host":"w9yruvs4bqht6bhw","time":1610509768,"event":{"mods":["BaseMod","Colored Powertips","Minty Spire (QoL Compilation)"],"gold_per_floor":[119,119,2,12,12,47,67,82,82,82,157,157,157,177,177,177,177],"floor_reached":16,"language":"ENG","playtime":368,"items_purged":[],"score":153,"play_id":"0b6cbf9b-0937-48a3-899a-1e3ef7a78c68","local_time":"20210112224928","is_ascension_mode":true,"campfire_choices":[{"floor":12,"key":"REST"},{"floor":15,"key":"REST"}],"circlet_count":0,"master_deck":["AscendersBane","Strike_R","Strike_R+1","Strike_R","Strike_R","Strike_R+1","Defend_R","Defend_R","Defend_R","Defend_R","Bash","Seeing Red+1","Uppercut","Sword Boomerang","Pommel Strike","Whirlwind","Disarm","Exhume","Armaments+1"],"relics":["Burning Blood","NeowsBlessing","TungstenRod","Toxic Egg 2"],"acts_visited":["Exordium"],"potions_floor_usage":[6,8,8],"damage_taken":[{"damage":0,"enemies":"Jaw Worm","floor":1,"turns":1},{"damage":0,"enemies":"Cultist","floor":4,"turns":1},{"damage":0,"enemies":"Small Slimes","floor":5,"turns":1},{"damage":35,"enemies":"Lagavulin","floor":6,"turns":5},{"damage":10,"enemies":"Looter","floor":7,"turns":2},{"damage":11,"enemies":"Large Slime","floor":8,"turns":3},{"damage":20,"enemies":"Lots of Slimes","floor":14,"turns":4},{"damage":52,"enemies":"Slime Boss","floor":16,"turns":7}],"seed_played":"3612825121525705703","potions_obtained":[{"floor":1,"key":"Explosive Potion"},{"floor":6,"key":"Energy Potion"}],"is_trial":false,"path_per_floor":["M","?","$","M","M","E","M","M","T","?","?","R","?","M","R","B"],"character_chosen":"IRONCLAD","items_purchased":["Uppercut","Strength Potion"],"campfire_rested":2,"item_purchase_floors":[3,3],"current_hp_per_floor":[78,78,78,80,80,51,47,42,42,27,17,41,41,27,51,0,0],"gold":177,"neow_bonus":"THREE_ENEMY_KILL","is_daily":false,"chose_seed":false,"campfire_upgraded":0,"win_rate":0.0,"timestamp":1610509768,"path_taken":["M","?","$","?","M","E","M","M","T","?","?","R","?","M","R","BOSS"],"items_purchased_type":["Card","Potion"],"build_version":"2020-12-22","purchased_purges":0,"victory":false,"max_hp_per_floor":[80,80,80,80,80,80,80,80,80,80,80,80,80,80,80,80,80],"card_choices":[{"not_picked":["Bloodletting","Reckless Charge"],"picked":"Seeing Red","floor":1},{"not_picked":["Sever Soul","Power Through"],"picked":"Sword Boomerang","floor":4},{"not_picked":["Clash","Twin Strike"],"picked":"Pommel Strike","floor":5},{"not_picked":["Clothesline","Warcry"],"picked":"Whirlwind","floor":6},{"not_picked":["Intimidate","Flex"],"picked":"Disarm","floor":7},{"not_picked":["True Grit","Intimidate"],"picked":"Exhume","floor":8},{"not_picked":["Inflame","Clothesline"],"picked":"Armaments+1","floor":14}],"player_experience":407743,"relics_obtained":[{"floor":6,"key":"TungstenRod"},{"floor":9,"key":"Toxic Egg 2"}],"event_choices":[{"damage_healed":0,"gold_gain":0,"player_choice":"Forge","damage_taken":0,"max_hp_gain":0,"max_hp_loss":0,"event_name":"Accursed Blacksmith","floor":2,"gold_loss":0,"cards_upgraded":["Seeing Red"]},{"damage_healed":0,"gold_gain":0,"player_choice":"Entered Light","damage_taken":16,"max_hp_gain":0,"max_hp_loss":0,"event_name":"Shining Light","floor":10,"gold_loss":0,"cards_upgraded":["Strike_R","Strike_R"]},{"damage_healed":0,"gold_gain":75,"player_choice":"Gather Gold","damage_taken":11,"max_hp_gain":0,"max_hp_loss":0,"event_name":"World of Goop","floor":11,"gold_loss":0},{"damage_healed":0,"gold_gain":0,"player_choice":"Ignored","damage_taken":0,"max_hp_gain":0,"max_hp_loss":0,"event_name":"Liars Game","floor":13,"gold_loss":0}],"is_beta":false,"boss_relics":[],"items_purged_floors":[],"is_endless":false,"potions_floor_spawned":[1,5,6],"killed_by":"Slime Boss","ascension_level":10}}