{"host":"wj90f2q0h2omert0","time":1610562927,"event":{"mods":["BaseMod","Beaked The Cultist","Better Third Choice","ChefMod","Clawfect","Colored Map","DeckTracker","Downfall","Hubris","JesterMod","Minty Spire (QoL Compilation)","Quick Restart","Relic Stats","Robot Space Explorer","Shade Mod","StSLib","The Blackbeard","The Druid","The Necromancer","The Servant 0.9.4"],"gold_per_floor":[116,129,53,67,67,67,85,85,85,160,175,191,191,191,191,291,291,306,324,324,324,334,334,350,163,163,181,34,34,34,48,48,152,152,171,22,36,36,54,54,71,89,89,104,137,137,172,0,0,0,0],"floor_reached":50,"language":"ENG","playtime":2265,"items_purged":[],"score":571,"play_id":"7bd65c00-613a-4a6e-89e8-f723f67b6cf2","local_time":"20210113133527","is_ascension_mode":false,"campfire_choices":[{"floor":6,"key":"RECALL"},{"data":"chefmod:FrozenTuna","floor":8,"key":"SMITH"},{"data":"chefmod:TodaysSpecial","floor":15,"key":"SMITH"},{"data":"chefmod:RaidPantry","floor":23,"key":"SMITH"},{"data":"chefmod:OrderUp","floor":32,"key":"SMITH"},{"data":"chefmod:OrderUp","floor":40,"key":"SMITH"},{"floor":46,"key":"REST"},{"floor":49,"key":"REST"}],"circlet_count":0,"master_deck":["chefmod:Strike+1","chefmod:Strike+1","chefmod:Strike+1","chefmod:Strike+1","chefmod:QuickThaw","chefmod:Defend+1","chefmod:Defend+1","chefmod:Defend+1","chefmod:Defend+1","chefmod:TodaysSpecial+1","chefmod:FrozenTuna+1","chefmod:Chop","chefmod:FreezeSolid","chefmod:HotSoup","chefmod:Granita","chefmod:DoubleChop","chefmod:RaidPantry+1","chefmod:FullBurn+1","chefmod:Granita+1","Ghostly","Ghostly","Ghostly","Ghostly","Ghostly","chefmod:ColdSteel","chefmod:Leftovers","chefmod:Chop","chefmod:OrderUp+1","chefmod:HotSoup+1","chefmod:OrderUp+1","chefmod:ColdSteel+1","chefmod:OldCookbook+1","chefmod:FreezeSolid","chefmod:ColdSteel+1"],"relics":["chefmod:TrustyPot","NeowsBlessing","Blood Vial","hubris:Towel","Runic Dome","chefmod:RollingPin","Bag of Preparation","hubris:Icosahedron","hubris:HollowSoul","Membership Card","PreservedInsect","beaked:ShinyBauble","Red Mask"],"acts_visited":["Exordium","TheCity","TheBeyond"],"potions_floor_usage":[16,16,33,41,41,44,45,50],"damage_taken":[{"damage":0,"enemies":"Small Slimes","floor":1,"turns":1},{"damage":0,"enemies":"2 Louse","floor":2,"turns":1},{"damage":0,"enemies":"Cultist","floor":4,"turns":1},{"damage":0,"enemies":"Red Slaver","floor":7,"turns":5},{"damage":0,"enemies":"3 Louse","floor":11,"turns":2},{"damage":0,"enemies":"Looter","floor":12,"turns":1},{"damage":38,"enemies":"Hexaghost","floor":16,"turns":11},{"damage":20,"enemies":"Spheric Guardian","floor":18,"turns":4},{"damage":0,"enemies":"3 Byrds","floor":19,"turns":3},{"damage":1,"enemies":"Snecko","floor":22,"turns":4},{"damage":3,"enemies":"Snake Plant","floor":24,"turns":4},{"damage":0,"enemies":"Centurion and Healer","floor":27,"turns":1},{"damage":3,"enemies":"Sentry and Sphere","floor":31,"turns":5},{"damage":0,"enemies":"Automaton","floor":33,"turns":7},{"damage":2,"enemies":"3 Shapes","floor":35,"turns":2},{"damage":2,"enemies":"3 Darklings","floor":37,"turns":4},{"damage":1,"enemies":"Transient","floor":39,"turns":5},{"damage":0,"enemies":"Maw","floor":41,"turns":5},{"damage":0,"enemies":"3 Darklings","floor":42,"turns":1},{"damage":0,"enemies":"Jaw Worm Horde","floor":44,"turns":1},{"damage":6,"enemies":"Reptomancer","floor":45,"turns":5},{"damage":1,"enemies":"Giant Head","floor":47,"turns":6},{"damage":18,"enemies":"Awakened One","floor":50,"turns":6}],"seed_played":"8705739107181132301","potions_obtained":[{"floor":7,"key":"Swift Potion"},{"floor":12,"key":"Fire Potion"},{"floor":19,"key":"PowerPotion"},{"floor":22,"key":"SteroidPotion"},{"floor":27,"key":"SpeedPotion"},{"floor":31,"key":"FearPotion"},{"floor":35,"key":"chefmod:PotionOfPlenty"},{"floor":41,"key":"Fruit Juice"},{"floor":45,"key":"chefmod:PotionOfPlenty"},{"floor":47,"key":"PowerPotion"}],"is_trial":false,"path_per_floor":["M","M","$","M","$","R","M","R","T","?","M","M","?","?","R","B",null,"M","M","?","?","M","R","M","$","T","M","$","?","?","M","R","B",null,"M","$","M","?","M","R","M","M","T","M","E","R","E","?","R","B"],"character_chosen":"THE_CHEF","items_purchased":["chefmod:FreezeSolid","chefmod:RollingPin","chefmod:Leftovers","chefmod:OrderUp","Membership Card"],"campfire_rested":2,"item_purchase_floors":[3,25,25,28,36],"current_hp_per_floor":[76,76,76,76,76,76,76,76,76,65,67,69,69,69,69,33,76,56,58,38,38,37,37,35,35,35,37,37,37,37,35,35,37,38,36,36,36,36,35,35,36,36,36,41,20,32,33,33,41,0,0],"gold":0,"neow_bonus":"THREE_ENEMY_KILL","is_daily":false,"chose_seed":false,"campfire_upgraded":5,"win_rate":0.0,"timestamp":1610562927,"path_taken":["M","M","$","M","$","R","M","R","T","?","M","M","?","?","R","BOSS","M","M","?","?","?","R","M","$","T","M","?","?","?","M","R","BOSS","M","$","M","?","M","R","M","M","T","M","E","R","E","?","R","BOSS"],"items_purchased_type":["Card","Relic","Card","Card","Relic"],"build_version":"2020-12-22","purchased_purges":0,"victory":false,"max_hp_per_floor":[76,76,76,76,76,76,76,76,76,76,76,76,76,76,76,76,76,76,76,38,38,38,38,38,38,38,38,38,38,38,38,38,38,38,38,38,38,36,36,36,36,36,36,41,41,41,41,41,41,41,41],"relic_stats":{"Blood Vial":19,"counters":[23,91],"PreservedInsect":125,"Bag of Preparation":[28],"obtain_stats":[{"chefmod:TrustyPot":0,"beaked:ShinyBauble":47,"NeowsBlessing":0,"hubris:HollowSoul":34,"PreservedInsect":45,"Bag of Preparation":26,"hubris:Towel":13,"Blood Vial":9,"Runic Dome":17,"hubris:Icosahedron":29,"chefmod:RollingPin":25,"Red Mask":48,"Membership Card":36},{"chefmod:TrustyPot":0,"beaked:ShinyBauble":22,"NeowsBlessing":0,"hubris:HollowSoul":14,"PreservedInsect":21,"Bag of Preparation":11,"hubris:Towel":6,"Blood Vial":4,"Runic Dome":7,"hubris:Icosahedron":12,"chefmod:RollingPin":11,"Red Mask":22,"Membership Card":15},{"chefmod:TrustyPot":0,"beaked:ShinyBauble":82,"NeowsBlessing":0,"hubris:HollowSoul":50,"PreservedInsect":76,"Bag of Preparation":37,"hubris:Towel":11,"Blood Vial":8,"Runic Dome":22,"hubris:Icosahedron":38,"chefmod:RollingPin":37,"Red Mask":82,"Membership Card":52}]},"card_choices":[{"not_picked":["chefmod:DinoKale","chefmod:BaoBuns"],"picked":"chefmod:FrozenTuna","floor":1},{"not_picked":["chefmod:AllYouCanEat","chefmod:SpaghettiCarbonara"],"picked":"chefmod:Chop","floor":2},{"not_picked":["chefmod:CayenneCloud","chefmod:Leftovers"],"picked":"chefmod:HotSoup","floor":4},{"not_picked":["chefmod:FullBurn","chefmod:DoubleChop"],"picked":"chefmod:Granita","floor":7},{"not_picked":["chefmod:Fillet","chefmod:IcePick","chefmod:BaoBuns"],"picked":"SKIP","floor":11},{"not_picked":["chefmod:DinoKale","chefmod:Sorbet","chefmod:DoubleChop"],"picked":"SKIP","floor":12},{"not_picked":["chefmod:DeathByChocolate","chefmod:TwoForOne"],"picked":"chefmod:RaidPantry","floor":16},{"not_picked":["chefmod:FireUp","chefmod:Julienne"],"picked":"chefmod:FullBurn+1","floor":18},{"not_picked":["chefmod:FullBurn","chefmod:Defrost+1"],"picked":"chefmod:Granita+1","floor":19},{"not_picked":["chefmod:IcePick","chefmod:BaoBuns+1"],"picked":"chefmod:ColdSteel","floor":22},{"not_picked":["chefmod:DeathByChocolate","chefmod:FullBurn","chefmod:SpaghettiCarbonara+1"],"picked":"SKIP","floor":24},{"not_picked":["chefmod:Fillet","chefmod:ZaruSoba+1"],"picked":"chefmod:Chop","floor":27},{"not_picked":["chefmod:Defrost","chefmod:CayenneCloud"],"picked":"chefmod:HotSoup+1","floor":31},{"not_picked":["chefmod:Tenderizer","chefmod:CandyBowl"],"picked":"chefmod:OrderUp","floor":33},{"not_picked":["chefmod:SpaghettiCarbonara+1","chefmod:Gelato","chefmod:DinoKale"],"picked":"SKIP","floor":35},{"not_picked":["chefmod:Sorbet","chefmod:CapreseSalad"],"picked":"chefmod:ColdSteel+1","floor":37},{"not_picked":["chefmod:SearedScallops+1","chefmod:Flambe","chefmod:DinoKale"],"picked":"SKIP","floor":39},{"not_picked":["chefmod:Chop","chefmod:SliceAndDice","chefmod:Julienne+1"],"picked":"SKIP","floor":41},{"not_picked":["chefmod:QuickChop","chefmod:Puree"],"picked":"chefmod:OldCookbook+1","floor":42},{"not_picked":["chefmod:VegetableTart+1","chefmod:Fillet+1"],"picked":"chefmod:FreezeSolid","floor":44},{"not_picked":["chefmod:SpaghettiCarbonara+1","chefmod:Sorbet+1"],"picked":"chefmod:ColdSteel+1","floor":45},{"not_picked":["chefmod:BleedOut+1","chefmod:HotSoup","chefmod:CayenneCloud"],"picked":"SKIP","floor":47}],"player_experience":784434,"relics_obtained":[{"floor":9,"key":"Blood Vial"},{"floor":26,"key":"Bag of Preparation"},{"floor":45,"key":"PreservedInsect"},{"floor":47,"key":"beaked:ShinyBauble"}],"event_choices":[{"damage_healed":0,"gold_gain":75,"player_choice":"Gold","damage_taken":11,"max_hp_gain":0,"max_hp_loss":0,"event_name":"betterThird:BetterGoop","floor":10,"gold_loss":0},{"damage_healed":0,"gold_gain":0,"player_choice":"Became a Ghost","damage_taken":0,"max_hp_gain":0,"max_hp_loss":38,"event_name":"Ghosts","floor":20,"gold_loss":0,"cards_obtained":["Ghostly","Ghostly","Ghostly","Ghostly","Ghostly"]},{"damage_healed":0,"gold_gain":0,"player_choice":"Ignored","damage_taken":0,"max_hp_gain":0,"max_hp_loss":0,"event_name":"NoteForYourself","floor":21,"gold_loss":0},{"damage_healed":0,"gold_gain":0,"player_choice":"Simplicity","damage_taken":0,"max_hp_gain":0,"max_hp_loss":8,"event_name":"betterThird:BetterWriting","floor":30,"gold_loss":0},{"damage_healed":0,"gold_gain":0,"player_choice":"Max HP","damage_taken":0,"max_hp_gain":0,"max_hp_loss":2,"event_name":"Winding Halls","floor":38,"gold_loss":0},{"damage_healed":0,"gold_gain":0,"player_choice":"Paid","damage_taken":0,"relics_obtained":["Red Mask"],"max_hp_gain":0,"max_hp_loss":0,"event_name":"Tomb of Lord Red Mask","floor":48,"gold_loss":172}],"is_beta":false,"boss_relics":[{"not_picked":["Snecko Eye","hubris:TerracottaHorce"],"picked":"Runic Dome"},{"not_picked":["SacredBark","hubris:RunicObelisk"],"picked":"hubris:HollowSoul"}],"items_purged_floors":[],"is_endless":false,"potions_floor_spawned":[7,12,19,22,27,31,35,39,41,45,47],"killed_by":"Awakened One","ascension_level":0}}