{"host":"5h7tnviy6ct1qpjn","time":1610570918,"event":{"mods":["AchievementEnabler","BaseMod","BetterRewards","Colored Powertips","Minty Spire (QoL Compilation)","Shop Mod","StSLib"],"gold_per_floor":[113,113,188,33,33,33,65,75,75,86,101,101,154,30,30,133,133,153,164,89,108,108,141,153,165,201,225,271,283,295,307,319,430,442,467,479,501,423,445,457,483,514,526,565,577,589,601,54,54,54,54,54,54,81,81,81],"floor_reached":55,"language":"ENG","playtime":3445,"items_purged":["Regret","Strike_G"],"score":956,"play_id":"f17eedf2-810b-4cdc-9f87-af694f2702fa","local_time":"20210113214838","is_ascension_mode":false,"campfire_choices":[{"data":"Caltrops","floor":6,"key":"SMITH"},{"floor":12,"key":"REST"},{"data":"Cloak And Dagger","floor":15,"key":"SMITH"},{"floor":25,"key":"REST"},{"floor":32,"key":"REST"},{"floor":40,"key":"RECALL"},{"floor":45,"key":"REST"},{"floor":47,"key":"REST"},{"data":"Mayhem","floor":49,"key":"SMITH"},{"data":"Phantasmal Killer","floor":52,"key":"SMITH"}],"circlet_count":0,"master_deck":["Strike_G+1","Defend_G+1","Defend_G+1","Defend_G+1","Defend_G+1","Defend_G+1","Survivor+1","Neutralize","Well Laid Plans","Dagger Throw","PiercingWail","Quick Slash","Caltrops+1","Footwork","Deadly Poison","Deadly Poison","Underhanded Strike","Calculated Gamble","Cloak And Dagger+1","Corpse Explosion+1","Bane","Outmaneuver","Acrobatics+1","Flying Knee+1","Backflip","Dagger Spray","Noxious Fumes","Flying Knee+1","Phantasmal Killer+1","Bane+1","Neutralize+1","Swift Strike+1","Footwork+1","Mayhem+1","Footwork","Calculated Gamble"],"relics":["Ring of the Snake","Peace Pipe","InkBottle","War Paint","Matryoshka","Dream Catcher","Ornamental Fan","Bag of Marbles","HoveringKite","MawBank","PreservedInsect","Molten Egg 2","Regal Pillow","Sozu","Bottled Tornado","Juzu Bracelet","Letter Opener","Anchor","Boot"],"acts_visited":["Exordium","TheCity","TheBeyond","TheEnding"],"potions_floor_usage":[7,16,18,23,23,28,41],"damage_taken":[{"damage":0,"enemies":"2 Louse","floor":1,"turns":3},{"damage":25,"enemies":"Lagavulin","floor":7,"turns":10},{"damage":0,"enemies":"Small Slimes","floor":8,"turns":4},{"damage":1,"enemies":"Jaw Worm","floor":10,"turns":5},{"damage":0,"enemies":"Exordium Wildlife","floor":11,"turns":3},{"damage":17,"enemies":"The Guardian","floor":16,"turns":9},{"damage":8,"enemies":"Spheric Guardian","floor":18,"turns":4},{"damage":6,"enemies":"Shell Parasite","floor":19,"turns":5},{"damage":0,"enemies":"Snake Plant","floor":21,"turns":4},{"damage":20,"enemies":"Slavers","floor":23,"turns":7},{"damage":22,"enemies":"Cultist and Chosen","floor":27,"turns":8},{"damage":10,"enemies":"Gremlin Leader","floor":28,"turns":5},{"damage":55,"enemies":"Champ","floor":33,"turns":12},{"damage":8,"enemies":"3 Shapes","floor":35,"turns":4},{"damage":0,"enemies":"3 Darklings","floor":37,"turns":2},{"damage":15,"enemies":"Spire Growth","floor":39,"turns":5},{"damage":15,"enemies":"Jaw Worm Horde","floor":41,"turns":3},{"damage":13,"enemies":"Transient","floor":42,"turns":5},{"damage":4,"enemies":"Giant Head","floor":44,"turns":9},{"damage":36,"enemies":"Donu and Deca","floor":50,"turns":8},{"damage":34,"enemies":"Shield and Spear","floor":54,"turns":5},{"damage":54,"enemies":"The Heart","floor":55,"turns":2}],"seed_played":"3171129660669931851","potions_obtained":[{"floor":1,"key":"DuplicationPotion"},{"floor":10,"key":"Swift Potion"},{"floor":11,"key":"BlessingOfTheForge"},{"floor":16,"key":"PowerPotion"},{"floor":21,"key":"Swift Potion"},{"floor":23,"key":"SpeedPotion"},{"floor":27,"key":"DistilledChaos"}],"is_trial":false,"path_per_floor":["M","?","?","$","?","R","E","M","T","M","M","R","T","$","R","B",null,"M","M","?","M","?","E","$","R","T","M","E","?","$","T","R","B",null,"M","?","M","?","M","R","M","M","T","E","R","?","R","$","R","B",null,"R","$","E","B"],"character_chosen":"THE_SILENT","items_purchased":["Well Laid Plans","Dagger Throw","PiercingWail","Caltrops","Cloak And Dagger","Letter Opener","Anchor","Footwork","Calculated Gamble"],"campfire_rested":5,"item_purchase_floors":[0,0,0,4,14,48,48,48,48],"current_hp_per_floor":[70,70,59,59,52,52,27,27,27,26,26,47,47,47,47,30,70,62,56,56,56,56,36,36,57,57,35,25,25,25,25,61,6,70,62,62,62,62,47,47,32,19,19,15,51,51,70,70,70,34,70,70,70,36,0,0],"gold":81,"neow_bonus":"","is_daily":false,"chose_seed":false,"campfire_upgraded":4,"win_rate":0.0,"timestamp":1610570918,"path_taken":["M","?","?","$","?","R","E","?","T","M","M","R","?","$","R","BOSS","M","M","?","M","?","E","?","R","T","?","E","?","$","?","R","BOSS","M","?","?","?","?","R","M","M","T","E","R","?","R","?","R","BOSS","R","$","E","BOSS"],"items_purchased_type":["Card","Card","Card","Card","Card","Relic","Relic","Card","Card"],"build_version":"2020-12-22","purchased_purges":2,"victory":false,"max_hp_per_floor":[70,70,70,70,70,70,70,70,70,70,70,70,70,70,70,70,70,70,70,70,70,70,70,70,70,70,70,70,70,70,70,70,70,70,70,70,70,70,70,70,70,70,70,70,70,70,70,70,70,70,70,70,70,70,70,70],"card_choices":[{"not_picked":["Heel Hook","Calculated Gamble"],"picked":"Quick Slash","floor":1},{"not_picked":["Slice","Escape Plan"],"picked":"Footwork","floor":7},{"not_picked":["Dagger Throw","Underhanded Strike"],"picked":"Deadly Poison","floor":8},{"not_picked":["Quick Slash","Masterful Stab"],"picked":"Deadly Poison","floor":10},{"not_picked":["Reflex","Masterful Stab"],"picked":"Underhanded Strike","floor":11},{"not_picked":["Backflip","Dagger Spray"],"picked":"Calculated Gamble","floor":12},{"not_picked":["Unload","Glass Knife"],"picked":"Corpse Explosion","floor":16},{"not_picked":["Sucker Punch","Infinite Blades"],"picked":"Bane","floor":18},{"not_picked":["Prepared","Underhanded Strike+1"],"picked":"Outmaneuver","floor":19},{"not_picked":["Slice+1","Dagger Spray"],"picked":"Acrobatics+1","floor":21},{"not_picked":["Predator","All Out Attack"],"picked":"Flying Knee+1","floor":23},{"not_picked":["Poisoned Stab","Prepared"],"picked":"Backflip","floor":25},{"not_picked":["Tactician","Backstab"],"picked":"Dagger Spray","floor":27},{"not_picked":["Outmaneuver","Backstab+1"],"picked":"Noxious Fumes","floor":28},{"not_picked":["Glass Knife+1","Skewer+1"],"picked":"Flying Knee+1","floor":32},{"not_picked":["Adrenaline","Glass Knife+1"],"picked":"Phantasmal Killer","floor":33},{"not_picked":["Escape Plan+1","Flying Knee+1"],"picked":"Bane+1","floor":35},{"not_picked":["Sucker Punch+1","Quick Slash+1","Distraction+1"],"picked":"SKIP","floor":37},{"not_picked":["Flying Knee+1","Tactician","Blade Dance+1"],"picked":"SKIP","floor":39},{"not_picked":["Dagger Throw+1","Deflect"],"picked":"Footwork+1","floor":41},{"not_picked":["Prepared","Footwork","Skewer+1"],"picked":"SKIP","floor":42},{"not_picked":["Outmaneuver+1","Backflip+1","Choke+1"],"picked":"SKIP","floor":44},{"not_picked":["Mind Blast+1","Secret Technique"],"picked":"Mayhem","floor":46},{"not_picked":["Deflect+1","Slice+1","Malaise"],"picked":"SKIP","floor":54}],"player_experience":62552,"relics_obtained":[{"floor":7,"key":"Matryoshka"},{"floor":9,"key":"Dream Catcher"},{"floor":13,"key":"Ornamental Fan"},{"floor":13,"key":"Bag of Marbles"},{"floor":23,"key":"MawBank"},{"floor":26,"key":"PreservedInsect"},{"floor":28,"key":"Molten Egg 2"},{"floor":31,"key":"Regal Pillow"},{"floor":43,"key":"Bottled Tornado"},{"floor":44,"key":"Juzu Bracelet"},{"floor":54,"key":"Boot"}],"event_choices":[{"damage_healed":0,"gold_gain":0,"player_choice":"Box","damage_taken":0,"relics_obtained":["War Paint"],"max_hp_gain":0,"max_hp_loss":0,"event_name":"Big Fish","floor":2,"gold_loss":0,"cards_obtained":["Regret"]},{"damage_healed":0,"gold_gain":75,"player_choice":"Gather Gold","damage_taken":11,"max_hp_gain":0,"max_hp_loss":0,"event_name":"World of Goop","floor":3,"gold_loss":0},{"cards_removed":["Strike_G"],"damage_healed":0,"gold_gain":0,"player_choice":"Card Removal","damage_taken":7,"max_hp_gain":0,"max_hp_loss":0,"event_name":"Golden Wing","floor":5,"gold_loss":0},{"cards_removed":["Strike_G"],"damage_healed":0,"gold_gain":0,"player_choice":"Gave Gold","damage_taken":0,"max_hp_gain":0,"max_hp_loss":0,"event_name":"Beggar","floor":20,"gold_loss":75},{"damage_healed":0,"gold_gain":0,"player_choice":"Ignored","damage_taken":0,"max_hp_gain":0,"max_hp_loss":0,"event_name":"The Mausoleum","floor":22,"gold_loss":0},{"damage_healed":0,"gold_gain":0,"player_choice":"Simplicity","damage_taken":0,"max_hp_gain":0,"max_hp_loss":0,"event_name":"Back to Basics","floor":29,"gold_loss":0,"cards_upgraded":["Strike_G","Strike_G","Defend_G","Defend_G","Defend_G","Defend_G"]},{"damage_healed":0,"gold_gain":0,"player_choice":"2 cards matched","damage_taken":0,"max_hp_gain":0,"max_hp_loss":0,"event_name":"Match and Keep!","floor":36,"gold_loss":0,"cards_obtained":["Neutralize","Swift Strike"]},{"cards_removed":["Strike_G"],"damage_healed":0,"gold_gain":0,"player_choice":"Upgrade and Remove","damage_taken":0,"max_hp_gain":0,"max_hp_loss":0,"event_name":"Designer","floor":38,"gold_loss":90,"cards_upgraded":["Corpse Explosion"]},{"damage_healed":0,"gold_gain":0,"player_choice":"Memory 1","damage_taken":0,"max_hp_gain":0,"max_hp_loss":0,"event_name":"SensoryStone","floor":46,"gold_loss":0}],"is_beta":false,"boss_relics":[{"not_picked":["Velvet Choker","Busted Crown"],"picked":"HoveringKite"},{"not_picked":["SacredBark","Calling Bell"],"picked":"Sozu"}],"items_purged_floors":[4,14],"is_endless":false,"potions_floor_spawned":[1,10,11,16,21,23,27,35,37,44,54],"killed_by":"The Heart","ascension_level":0}}