{"host":"254qdhpnbonm8z0p","time":1610530470,"event":{"mods":["BaseMod","Block Reminder","Colored Map","Colored Powertips","Minty Spire (QoL Compilation)","ojb\u0027s Better Paths Mod"],"gold_per_floor":[113,113,0,17,27,27,61,61,61,80,113,126,161,161,161,264,264,264,264,264,264,264,264,264,264,264,264,264,44,44,44,44,44,44,44,44,44,44,44,44,44,44,44,44,44,44,44,44,44,44],"floor_reached":51,"language":"ENG","playtime":3782,"items_purged":[],"score":766,"play_id":"a044f42a-e64a-4f53-96ad-505e147ded52","local_time":"20210113013430","is_ascension_mode":false,"campfire_choices":[{"data":"Rampage","floor":6,"key":"SMITH"},{"data":"Flex","floor":8,"key":"SMITH"},{"floor":15,"key":"REST"},{"data":"Heavy Blade","floor":23,"key":"SMITH"},{"floor":32,"key":"REST"},{"data":"1","floor":41,"key":"LIFT"},{"data":"2","floor":45,"key":"LIFT"},{"data":"3","floor":49,"key":"LIFT"}],"circlet_count":0,"master_deck":["Strike_R+1","Strike_R+1","Strike_R+1","Strike_R+1","Strike_R+1","Defend_R+1","Defend_R+1","Defend_R+1","Bash","Flame Barrier+1","Rampage+1","Sword Boomerang","Flex+1","Anger","Flex","Clash","Shrug It Off+1","Iron Wave","Double Tap+1","Heavy Blade+1","Writhe","Clash+1","RitualDagger","Infernal Blade+1","Spot Weakness+1","Double Tap+1","Flex+1","Heavy Blade+1","Perfected Strike","Perfected Strike+1","Spot Weakness+1"],"relics":["Burning Blood","NeowsBlessing","Meat on the Bone","Toxic Egg 2","Vajra","Question Card","Ectoplasm","Nunchaku","MealTicket","Omamori","Toolbox","PreservedInsect","Pocketwatch","Fusion Hammer","Gambling Chip","Girya","Charon\u0027s Ashes","Centennial Puzzle"],"acts_visited":["Exordium","TheCity","TheBeyond"],"potions_floor_usage":[33,50,50],"damage_taken":[{"damage":0,"enemies":"Cultist","floor":1,"turns":1},{"damage":0,"enemies":"2 Louse","floor":4,"turns":2},{"damage":0,"enemies":"Jaw Worm","floor":5,"turns":1},{"damage":19,"enemies":"3 Sentries","floor":7,"turns":7},{"damage":2,"enemies":"Blue Slaver","floor":10,"turns":3},{"damage":29,"enemies":"Gremlin Nob","floor":11,"turns":4},{"damage":13,"enemies":"Red Slaver","floor":12,"turns":2},{"damage":11,"enemies":"3 Sentries","floor":13,"turns":6},{"damage":53,"enemies":"The Guardian","floor":16,"turns":9},{"damage":5,"enemies":"Chosen","floor":18,"turns":3},{"damage":10,"enemies":"Spheric Guardian","floor":22,"turns":3},{"damage":21,"enemies":"Snake Plant","floor":28,"turns":3},{"damage":13,"enemies":"Book of Stabbing","floor":31,"turns":3},{"damage":32,"enemies":"Collector","floor":33,"turns":3},{"damage":28,"enemies":"3 Darklings","floor":35,"turns":5},{"damage":42,"enemies":"3 Shapes","floor":36,"turns":4},{"damage":16,"enemies":"2 Orb Walkers","floor":38,"turns":3},{"damage":0,"enemies":"Writhing Mass","floor":39,"turns":2},{"damage":5,"enemies":"Giant Head","floor":40,"turns":5},{"damage":5,"enemies":"Jaw Worm Horde","floor":44,"turns":2},{"damage":0,"enemies":"Reptomancer","floor":47,"turns":1},{"damage":0,"enemies":"Transient","floor":48,"turns":5},{"damage":16,"enemies":"Donu and Deca","floor":50,"turns":4}],"seed_played":"1165527404844463852","potions_obtained":[{"floor":1,"key":"FearPotion"},{"floor":12,"key":"ElixirPotion"},{"floor":16,"key":"Ancient Potion"},{"floor":33,"key":"Dexterity Potion"},{"floor":38,"key":"Regen Potion"},{"floor":40,"key":"SteroidPotion"},{"floor":48,"key":"ColorlessPotion"}],"is_trial":false,"path_per_floor":["M","?","$","M","M","R","E","R","T","M","E","M","E","?","R","B",null,"M","?","?","T","M","R","?","?","T","?","M","$","T","E","R","B",null,"M","M","?","?","M","E","R","?","T","M","R","?","E","M","R","B",null],"character_chosen":"IRONCLAD","items_purchased":["Rampage","Sword Boomerang","Toolbox","Spot Weakness+1"],"campfire_rested":2,"item_purchase_floors":[3,3,29,29],"current_hp_per_floor":[80,80,80,80,80,80,67,67,67,71,48,53,48,48,72,37,80,80,80,80,80,76,76,70,55,55,55,52,67,67,60,85,59,85,63,39,39,41,59,60,60,60,60,61,61,61,67,73,73,63],"gold":44,"neow_bonus":"THREE_ENEMY_KILL","is_daily":false,"chose_seed":false,"campfire_upgraded":3,"win_rate":0.0,"timestamp":1610530470,"path_taken":["M","?","$","M","M","R","E","R","T","?","E","M","E","?","R","BOSS","M","?","?","?","?","R","?","?","T","?","M","?","?","E","R","BOSS","M","?","?","?","M","E","R","?","T","?","R","?","E","M","R","BOSS"],"items_purchased_type":["Card","Card","Relic","Card"],"build_version":"2020-12-22","purchased_purges":0,"victory":true,"max_hp_per_floor":[80,80,80,80,80,80,80,80,80,80,80,80,80,80,80,80,80,80,80,80,80,80,80,80,85,85,85,85,85,85,85,85,85,85,85,85,85,85,85,85,85,85,85,85,85,85,85,85,85,85],"card_choices":[{"not_picked":["Clothesline","Shrug It Off"],"picked":"Flame Barrier","floor":1},{"not_picked":["Thunderclap","Armaments"],"picked":"Flex","floor":4},{"not_picked":["Rupture","Body Slam"],"picked":"Anger","floor":5},{"not_picked":["Iron Wave","True Grit"],"picked":"Flex","floor":7},{"not_picked":["Iron Wave","Flex+1"],"picked":"Clash","floor":10},{"not_picked":["Headbutt","Demon Form"],"picked":"Shrug It Off+1","floor":11},{"not_picked":["True Grit+1","Twin Strike"],"picked":"Cleave","floor":12},{"not_picked":["Metallicize","Anger"],"picked":"Iron Wave","floor":13},{"not_picked":["Corruption","Demon Form","Offering+1"],"picked":"Double Tap+1","floor":16},{"not_picked":["Armaments+1","Rampage+1","Warcry+1"],"picked":"Heavy Blade","floor":18},{"not_picked":["Shrug It Off+1","Sword Boomerang+1","Cleave+1"],"picked":"Clash+1","floor":22},{"not_picked":["Flex+1","Pommel Strike+1","Sever Soul"],"picked":"Infernal Blade+1","floor":28},{"not_picked":["Second Wind+1","Anger","Reckless Charge+1","Headbutt"],"picked":"SKIP","floor":31},{"not_picked":["Berserk","Reaper","Corruption"],"picked":"Double Tap+1","floor":33},{"not_picked":["Dark Embrace","Bloodletting+1","Disarm+1","Dropkick"],"picked":"SKIP","floor":35},{"not_picked":["Iron Wave+1","Twin Strike","Body Slam+1"],"picked":"Flex+1","floor":36},{"not_picked":["Flame Barrier+1","Anger+1","Second Wind+1"],"picked":"Heavy Blade+1","floor":38},{"not_picked":["Shockwave+1","Berserk","Disarm+1","Whirlwind"],"picked":"SKIP","floor":39},{"not_picked":["Rampage+1","Shrug It Off+1","Berserk"],"picked":"Perfected Strike","floor":40},{"not_picked":["Intimidate+1","Clothesline+1","Pommel Strike+1"],"picked":"Perfected Strike+1","floor":44},{"not_picked":["Carnage","Whirlwind+1","Rampage"],"picked":"Spot Weakness+1","floor":47},{"not_picked":["Hemokinesis+1","Rage+1","Warcry+1","Headbutt"],"picked":"SKIP","floor":48}],"player_experience":40034,"relics_obtained":[{"floor":7,"key":"Meat on the Bone"},{"floor":9,"key":"Toxic Egg 2"},{"floor":11,"key":"Vajra"},{"floor":13,"key":"Question Card"},{"floor":21,"key":"MealTicket"},{"floor":26,"key":"Omamori"},{"floor":30,"key":"PreservedInsect"},{"floor":31,"key":"Pocketwatch"},{"floor":38,"key":"Gambling Chip"},{"floor":40,"key":"Girya"},{"floor":43,"key":"Charon\u0027s Ashes"},{"floor":47,"key":"Centennial Puzzle"}],"event_choices":[{"damage_healed":0,"gold_gain":0,"player_choice":"Upgraded","damage_taken":0,"max_hp_gain":0,"max_hp_loss":0,"event_name":"Upgrade Shrine","floor":2,"gold_loss":0,"cards_upgraded":["Flame Barrier"]},{"cards_removed":["Defend_R"],"damage_healed":0,"gold_gain":0,"player_choice":"Purged","damage_taken":0,"max_hp_gain":0,"max_hp_loss":0,"event_name":"Purifier","floor":14,"gold_loss":0},{"damage_healed":0,"gold_gain":0,"player_choice":"Simplicity","damage_taken":0,"max_hp_gain":0,"max_hp_loss":0,"event_name":"Back to Basics","floor":19,"gold_loss":0,"cards_upgraded":["Strike_R","Strike_R","Strike_R","Strike_R","Strike_R","Defend_R","Defend_R","Defend_R"]},{"damage_healed":0,"gold_gain":0,"player_choice":"Opened","damage_taken":0,"relics_obtained":["Nunchaku"],"max_hp_gain":0,"max_hp_loss":0,"event_name":"The Mausoleum","floor":20,"gold_loss":0,"cards_obtained":["Writhe"]},{"damage_healed":0,"gold_gain":0,"player_choice":"Joined the Cult","damage_taken":6,"max_hp_gain":0,"max_hp_loss":0,"event_name":"Nest","floor":24,"gold_loss":0,"cards_obtained":["RitualDagger"]},{"damage_healed":0,"gold_gain":0,"player_choice":"Shed Blood","damage_taken":20,"max_hp_gain":5,"max_hp_loss":0,"event_name":"Forgotten Altar","floor":25,"gold_loss":0},{"damage_healed":0,"gold_gain":0,"player_choice":"Ignored","damage_taken":0,"max_hp_gain":0,"max_hp_loss":0,"event_name":"Vampires","floor":27,"gold_loss":0},{"cards_removed":["Cleave"],"damage_healed":0,"gold_gain":0,"player_choice":"Removed Attack","damage_taken":0,"max_hp_gain":0,"max_hp_loss":0,"event_name":"Falling","floor":37,"gold_loss":0},{"damage_healed":0,"gold_gain":0,"player_choice":"Fight","damage_taken":0,"max_hp_gain":0,"max_hp_loss":0,"event_name":"Mysterious Sphere","floor":38,"gold_loss":0},{"damage_healed":0,"gold_gain":0,"player_choice":"Ignored","damage_taken":0,"max_hp_gain":0,"max_hp_loss":0,"event_name":"Golden Shrine","floor":42,"gold_loss":0},{"damage_healed":0,"gold_gain":0,"player_choice":"Ignored","damage_taken":0,"max_hp_gain":0,"max_hp_loss":0,"event_name":"NoteForYourself","floor":46,"gold_loss":0}],"is_beta":false,"boss_relics":[{"not_picked":["Philosopher\u0027s Stone","Sozu"],"picked":"Ectoplasm"},{"not_picked":["Coffee Dripper","Astrolabe"],"picked":"Fusion Hammer"}],"items_purged_floors":[],"is_endless":false,"potions_floor_spawned":[1,12,16,33,38,40,48],"ascension_level":0}}