{"host":"0ueeacaatm8t6jyh","time":1610553153,"event":{"mods":["AchievementEnabler","BaseMod","Colored Powertips","Minty Spire (QoL Compilation)","Quick Restart","Rare Cards Sparkle","StSLib"],"gold_per_floor":[117,132,150,150,225,225,23,64,64,79,79,79,79,103,103,199,199,219,130,155,155,168,204,222,143,143,143,268,268,268,283,283,379,379,403,204,129,149,74,112,131,131,131,131,131,185,199,242,242,242,242,242,71,107,107],"floor_reached":56,"language":"ZHS","playtime":2726,"items_purged":["Strike_R","Strike_R","Strike_R","Bash","Defend_R"],"score":2576,"play_id":"ae5e0e94-9d68-4be9-b914-b028155eb8f3","local_time":"20210113235232","is_ascension_mode":true,"campfire_choices":[{"data":"Hemokinesis","floor":6.0,"key":"SMITH"},{"data":"Barricade","floor":11.0,"key":"SMITH"},{"data":"Evolve","floor":13.0,"key":"SMITH"},{"floor":15.0,"key":"REST"},{"floor":27.0,"key":"REST"},{"floor":30.0,"key":"REST"},{"floor":32.0,"key":"RECALL"},{"data":"Dark Embrace","floor":42.0,"key":"SMITH"},{"data":"Feel No Pain","floor":44.0,"key":"SMITH"},{"data":"Defend_R","floor":49.0,"key":"SMITH"},{"data":"Defend_R","floor":52.0,"key":"SMITH"}],"circlet_count":0,"master_deck":["AscendersBane","Defend_R+1","Defend_R+1","Defend_R+1","Intimidate+1","Hemokinesis+1","Barricade+1","Feel No Pain+1","Armaments+1","Entrench+1","Impervious+1","Body Slam+1","Purity+1","Battle Trance+1","Shrug It Off+1","Offering+1","Seeing Red+1","Offering+1","Dark Embrace+1"],"relics":["Burning Blood","Golden Idol","Membership Card","Toxic Egg 2","Pen Nib","Sozu","TungstenRod","Nunchaku","FossilizedHelix","InkBottle","Runic Cube","Matryoshka","Art of War","Happy Flower","Meat on the Bone","War Paint","Bag of Preparation","Blood Vial","Strawberry","Oddly Smooth Stone"],"acts_visited":["Exordium","TheCity","TheBeyond","TheEnding"],"potions_floor_usage":[],"damage_taken":[{"damage":7.0,"enemies":"Cultist","floor":1.0,"turns":4.0},{"damage":14.0,"enemies":"Jaw Worm","floor":2.0,"turns":4.0},{"damage":4.0,"enemies":"2 Louse","floor":3.0,"turns":4.0},{"damage":32.0,"enemies":"Lagavulin","floor":8.0,"turns":5.0},{"damage":11.0,"enemies":"Blue Slaver","floor":10.0,"turns":3.0},{"damage":12.0,"enemies":"Exordium Thugs","floor":14.0,"turns":6.0},{"damage":4.0,"enemies":"The Guardian","floor":16.0,"turns":23.0},{"damage":22.0,"enemies":"Spheric Guardian","floor":18.0,"turns":6.0},{"damage":20.0,"enemies":"Shell Parasite","floor":20.0,"turns":5.0},{"damage":2.0,"enemies":"Cultist and Chosen","floor":22.0,"turns":5.0},{"damage":17.0,"enemies":"Gremlin Leader","floor":23.0,"turns":7.0},{"damage":16.0,"enemies":"Centurion and Healer","floor":24.0,"turns":8.0},{"damage":30.0,"enemies":"Colosseum Slavers","floor":28.0,"turns":7.0},{"damage":12.0,"enemies":"Colosseum Nobs","floor":28.0,"turns":5.0},{"damage":0.0,"enemies":"Shelled Parasite and Fungi","floor":31.0,"turns":8.0},{"damage":0.0,"enemies":"Automaton","floor":33.0,"turns":4.0},{"damage":5.0,"enemies":"3 Shapes","floor":35.0,"turns":5.0},{"damage":5.0,"enemies":"3 Darklings","floor":38.0,"turns":4.0},{"damage":5.0,"enemies":"Reptomancer","floor":40.0,"turns":2.0},{"damage":6.0,"enemies":"Transient","floor":41.0,"turns":5.0},{"damage":5.0,"enemies":"4 Shapes","floor":47.0,"turns":3.0},{"damage":0.0,"enemies":"Nemesis","floor":48.0,"turns":3.0},{"damage":5.0,"enemies":"Awakened One","floor":50.0,"turns":2.0},{"damage":0.0,"enemies":"Shield and Spear","floor":54.0,"turns":2.0},{"damage":5,"enemies":"The Heart","floor":55,"turns":5}],"seed_played":"-1018121394383377128","potions_obtained":[{"floor":1.0,"key":"Strength Potion"},{"floor":2.0,"key":"BlessingOfTheForge"},{"floor":8.0,"key":"Explosive Potion"},{"floor":14.0,"key":"SteroidPotion"}],"is_trial":false,"path_per_floor":["M","M","M","?","?","R","$","E","T","M","R","T","R","M","R","B",null,"M","$","M","?","M","E","M","$","T","R","?","?","R","M","R","B",null,"M","$","?","M","$","E","M","R","T","R","?","T","M","E","R","B",null,"R","$","E","B",null],"character_chosen":"IRONCLAD","items_purchased":["Membership Card","Barricade","Purity+1","Shrug It Off+1","Matryoshka","Strawberry"],"campfire_rested":3,"item_purchase_floors":[7,7,19,25,36,53],"current_hp_per_floor":[74,66,68,68,57,57,57,31,31,26,26,26,26,20,42,44,67,51,51,37,37,41,30,20,20,20,42,12,12,34,40,40,46,67,68,68,68,69,69,70,70,70,70,70,70,70,71,74,74,74,74,74,81,81,81],"gold":107,"neow_bonus":"TEN_PERCENT_HP_BONUS","is_daily":false,"chose_seed":false,"campfire_upgraded":7,"win_rate":0.0,"timestamp":1610553152,"path_taken":["M","M","?","?","?","R","?","E","T","M","R","?","R","?","R","BOSS","M","$","M","?","?","E","M","$","T","R","?","?","R","M","R","BOSS","M","?","?","M","$","E","?","R","T","R","?","?","?","E","R","BOSS","R","$","E","BOSS"],"items_purchased_type":["Relic","Card","Card","Card","Relic","Relic"],"build_version":"2020-12-22","purchased_purges":5,"victory":true,"max_hp_per_floor":[82,82,82,74,74,74,74,74,74,74,74,74,74,74,74,74,74,74,74,74,74,74,74,74,74,74,74,74,74,74,74,74,74,74,74,74,74,74,74,74,74,74,74,74,74,74,74,74,74,74,74,74,81,81,81],"card_choices":[{"not_picked":["Clothesline","True Grit"],"picked":"Evolve","floor":1.0},{"not_picked":["Warcry","Perfected Strike"],"picked":"Intimidate","floor":2.0},{"not_picked":["Clash","Cleave"],"picked":"Hemokinesis","floor":3.0},{"not_picked":["Metallicize","Havoc+1"],"picked":"Feel No Pain","floor":8.0},{"not_picked":["Headbutt","Carnage"],"picked":"Armaments+1","floor":10.0},{"not_picked":["Searing Blow","Perfected Strike"],"picked":"Entrench+1","floor":14.0},{"not_picked":["Demon Form","Corruption"],"picked":"Impervious+1","floor":16.0},{"not_picked":["Heavy Blade","Iron Wave"],"picked":"Body Slam","floor":18.0},{"not_picked":["Bloodletting+1","Inflame"],"picked":"Battle Trance+1","floor":20.0},{"not_picked":["Hemokinesis","Warcry+1","Flex+1"],"picked":"SKIP","floor":22.0},{"not_picked":["Intimidate+1","Twin Strike","Sever Soul"],"picked":"SKIP","floor":23.0},{"not_picked":["Havoc+1","Cleave","Clash"],"picked":"SKIP","floor":24.0},{"not_picked":["Feel No Pain","Havoc+1","Dropkick"],"picked":"SKIP","floor":31.0},{"not_picked":["Shrug It Off+1","Thunderclap","Warcry+1"],"picked":"SKIP","floor":35.0},{"not_picked":["Cleave+1","Clash"],"picked":"Dark Embrace","floor":38.0},{"not_picked":["Hemokinesis","Twin Strike","Shrug It Off+1"],"picked":"SKIP","floor":40.0},{"not_picked":["Thunderclap+1","Flex+1","Rupture"],"picked":"SKIP","floor":41.0},{"not_picked":["Power Through+1","Clash","Shrug It Off+1"],"picked":"SKIP","floor":47.0},{"not_picked":["Searing Blow+1","Clash","Shrug It Off+1"],"picked":"SKIP","floor":48.0},{"not_picked":["Anger+1","Sword Boomerang+1","Intimidate+1"],"picked":"SKIP","floor":54.0}],"player_experience":358799,"relics_obtained":[{"floor":8.0,"key":"Toxic Egg 2"},{"floor":12.0,"key":"Pen Nib"},{"floor":23.0,"key":"TungstenRod"},{"floor":26.0,"key":"Nunchaku"},{"floor":28.0,"key":"FossilizedHelix"},{"floor":28.0,"key":"InkBottle"},{"floor":40.0,"key":"Art of War"},{"floor":43.0,"key":"Happy Flower"},{"floor":43.0,"key":"Meat on the Bone"},{"floor":46.0,"key":"War Paint"},{"floor":46.0,"key":"Bag of Preparation"},{"floor":48.0,"key":"Blood Vial"},{"floor":54.0,"key":"Oddly Smooth Stone"}],"event_choices":[{"damage_healed":0.0,"max_hp_gain":0.0,"max_hp_loss":8.0,"gold_gain":0.0,"event_name":"Golden Idol","player_choice":"Lose Max HP","floor":4.0,"gold_loss":0.0,"damage_taken":0.0,"relics_obtained":["Golden Idol"]},{"damage_healed":0.0,"max_hp_gain":0.0,"max_hp_loss":0.0,"gold_gain":75.0,"event_name":"World of Goop","player_choice":"Gather Gold","floor":5.0,"gold_loss":0.0,"damage_taken":11.0},{"damage_healed":0.0,"max_hp_gain":0.0,"max_hp_loss":0.0,"gold_gain":0.0,"event_name":"Upgrade Shrine","player_choice":"Upgraded","floor":21.0,"gold_loss":0.0,"damage_taken":0.0,"cards_upgraded":["Body Slam"]},{"damage_healed":0.0,"max_hp_gain":0.0,"max_hp_loss":0.0,"gold_gain":0.0,"event_name":"Colosseum","player_choice":"Fight","floor":28.0,"gold_loss":0.0,"damage_taken":0.0},{"damage_healed":0.0,"max_hp_gain":0.0,"max_hp_loss":0.0,"gold_gain":0.0,"event_name":"Colosseum","player_choice":"Fought Nobs","floor":28.0,"gold_loss":0.0,"damage_taken":0.0},{"damage_healed":0.0,"max_hp_gain":0.0,"max_hp_loss":0.0,"gold_gain":0.0,"event_name":"Match and Keep!","player_choice":"1 cards matched","floor":29.0,"gold_loss":0.0,"damage_taken":0.0,"cards_obtained":["Offering"]},{"damage_healed":0.0,"max_hp_gain":0.0,"max_hp_loss":0.0,"gold_gain":0.0,"cards_transformed":["Strike_R","Strike_R"],"event_name":"Designer","player_choice":"Transformed Cards","floor":37.0,"gold_loss":75.0,"damage_taken":0.0,"cards_obtained":["Seeing Red","Offering"]},{"cards_removed":["Evolve"],"damage_healed":0.0,"max_hp_gain":0.0,"max_hp_loss":0.0,"gold_gain":0.0,"event_name":"Falling","player_choice":"Removed Power","floor":45.0,"gold_loss":0.0,"damage_taken":0.0}],"is_beta":false,"boss_relics":[{"not_picked":["Philosopher\u0027s Stone","Cursed Key"],"picked":"Sozu"},{"not_picked":["SlaversCollar","Velvet Choker"],"picked":"Runic Cube"}],"items_purged_floors":[19,25,36,39,53],"is_endless":false,"potions_floor_spawned":[1,2,8,14,18,23,24,33,38,47,48],"ascension_level":18}}