{"host":"l2mn7x7qiyl1wz67","time":1610511169,"event":{"mods":["ATMod(阿瑾Mod)","Aspiration","BaseMod","Better Note","Better Vampires","Good Game Mod","KomeijiMod","Minty Spire (QoL Compilation)","Permanent Neow","Quick Restart","Red Circlet Mod","Remilia（蕾米莉亚）","Replay The Spire","Shop Mod","StSLib","TestMod","Yakumo Yukari mod","篝火指南"],"gold_per_floor":[137,148,3,23,23,54,54,89,163,192,192,220,220,248,2962,3064,3064,3076,3088,3088,3130,2583,2308,2339,2384,2435,2463,2251,2251,2263,2289,1902,1999,1999,2010,2010,1566,1566,1417,1449,1181,1181,1181,1195,885,928,982,1019,1019,1169,1169,782,493,573,598],"floor_reached":56,"language":"ZHS","playtime":6278,"items_purged":["AT_purpleEX","Defend_purpleEX","AT_purpleEX","AT_purpleEX","Defend_purpleEX","RuleDissolution_purple+1","Defend_purpleEX+1","Mirror_Drifter_purple+1"],"score":2158,"play_id":"cf7a7463-decd-46d3-a7f3-f52c95263550","local_time":"20210113121249","is_ascension_mode":true,"campfire_choices":[{"data":"AT_KingSlayer","floor":7.0,"key":"SMITH"},{"floor":11.0,"key":"REST"},{"data":"MeetDecomposer_purple","floor":13.0,"key":"SMITH"},{"floor":49,"key":"RECALL"}],"circlet_count":0,"master_deck":["Observe_purple_1+1","Observe_purple_2+1","AT_KingSlayer+1","EighthInstrument_OneDividesIntoTwo_purple+1","AdvanceAttack_purple+1","MeetDecomposer_purple+1","OmniscientAndOmnipotent_Monster_purple+1","StateErode_purple+1","StateDuplicate_purple+1","GluttonyofRealm_purpleEX+1","testmod-BackupPower+1","Line_surface_state_purple+1","ContainerChange_purple+1","WangLiang_LineAndCurveDreams_purple+1","Nest_LightFlightworm_purple+1","StateErode_purple+1","DimensionStaggered_purple+1","Charmbait_purple+1","Photoelasticity_Doppler_Effect_purple+1","AdvanceAttack_purple+1","WangLiang_LineAndCurveDreams_purple+1","Shallow_ocean_purpleEX+1","DistantPastFriend_purple+1","PositiveMatter_Antimatter_Universe_purple+1","MeetDecomposer_purple+1","Charmbait_purple+1","MeetDecomposer_purple","RuleDissolution_purple+1","Bait_HighSpeedFlying_purple+1","WatchEChange_purple","Photoelasticity_Doppler_Effect_purple+1","Secret Technique","Boundary_of_Extermination_purpleEX+1","WeekHit_purple+1","AdvanceAttack_purple+1","ReplayUltimateDefense+1","testmod-PerfectCombo+2","Anti_communist_purple+1"],"relics":["Boundary_crack","Memoryfragments_purpleEX","testmod-TestBox","REME:ComplimentaryCards","AT_ATBox","testmod-RealStoneCalender","Membership Card","ThirstyCross","aspiration:FrozenJewel","Orichalcum","Du-Vu Doll","testmod-LifeArmor","Calipers","AT_TimeSand","Chemical X","MerchantsRug","testmod-BatchProcessingSystem","Nloth\u0027s Gift","Molten Egg 2","TheEssenceOfRealm","Gremlin Horn","Blue Doll","Toolbox","Mummified Hand","Ancient Tea Set","ReplayFunnel","Replay:Bottled Steam","Garlic","aspiration:ChemicalBlood","Question Card","HandDrill","testmod-Fanaticism","TheAbacus","Quantum Egg","Replay:Bottled Flurry","Replay:Rubber Ducky","Orrery","Anchor","Kunai","Bag of Marbles","Onion Ring","AT_MibuBalloonWealth","Lee\u0027s Waffle","AT_PhaseBoots","AT_SunfireAegis","ReplayTheSpireMod:Shallot","Sundial","Replay:Ringing Soul","aspiration:Lifesprig"],"acts_visited":["Exordium","TheCity","TheBeyond","TheEnding"],"potions_floor_usage":[22,33,36,55,55,55,55,55,55],"damage_taken":[{"damage":3.0,"enemies":"Jaw Worm","floor":1.0,"turns":3.0},{"damage":6.0,"enemies":"Cultist","floor":2.0,"turns":3.0},{"damage":10.0,"enemies":"Small Slimes","floor":4.0,"turns":3.0},{"damage":12.0,"enemies":"3 Sentries","floor":6.0,"turns":4.0},{"damage":16.0,"enemies":"Gremlin Nob","floor":8.0,"turns":3.0},{"damage":3.0,"enemies":"3 Sentries","floor":10.0,"turns":4.0},{"damage":8.0,"enemies":"Gremlin Nob","floor":12.0,"turns":2.0},{"damage":1.0,"enemies":"Replay:BlueRogue","floor":14.0,"turns":3.0},{"damage":0.0,"enemies":"Slime Boss","floor":16.0,"turns":4.0},{"damage":0,"enemies":"3 Byrds","floor":18,"turns":3},{"damage":0,"enemies":"Chosen","floor":19,"turns":2},{"damage":8,"enemies":"Snecko","floor":21,"turns":4},{"damage":0,"enemies":"Book of Stabbing","floor":24,"turns":3},{"damage":0,"enemies":"Centurion and Healer","floor":25,"turns":3},{"damage":0,"enemies":"Gremlin Leader","floor":27,"turns":3},{"damage":0,"enemies":"Shelled Parasite and Fungi","floor":30,"turns":2},{"damage":0,"enemies":"Book of Stabbing","floor":31,"turns":1},{"damage":0,"enemies":"Pondfish","floor":33,"turns":3},{"damage":0,"enemies":"Orb Walker","floor":35,"turns":1},{"damage":0,"enemies":"Orb Walker","floor":36,"turns":3},{"damage":0,"enemies":"Reptomancer","floor":40,"turns":2},{"damage":0,"enemies":"3 Darklings","floor":44,"turns":1},{"damage":0,"enemies":"Maw","floor":46,"turns":2},{"damage":0,"enemies":"Nemesis","floor":47,"turns":1},{"damage":0,"enemies":"Transient","floor":48,"turns":4},{"damage":0,"enemies":"Awakened One","floor":50,"turns":2},{"damage":0,"enemies":"Shield and Spear","floor":54,"turns":1},{"damage":0,"enemies":"The Heart","floor":55,"turns":3}],"seed_played":"-7223245623377107719","potions_obtained":[{"floor":1.0,"key":"Energy Potion"},{"floor":6.0,"key":"testmod-TestPotion"},{"floor":12.0,"key":"EntropicBrew"},{"floor":14.0,"key":"testmod-TestPotion"},{"floor":18,"key":"testmod-TimePotion"},{"floor":31,"key":"testmod-TestPotion"},{"floor":33,"key":"Energy Potion"}],"is_trial":false,"path_per_floor":["M","M","$","M","?","E","R","E","T","E","R","E","R","E","R","B",null,"M","M","?","M","$","R","E","M","T","E","R","?","M","E","R","B",null,"M","?","$","?","$","E","R","?","T","M","$","M","E","M","R","B",null,"R","$","E","B",null],"character_chosen":"Youkari","items_purchased":["Membership Card","testmod-BackupPower","Calipers","AT_TimeSand","Chemical X","MerchantsRug","Line_surface_state_purple+1","Molten Egg 2","TheEssenceOfRealm","Gremlin Horn","Fruit Juice","DistilledChaos","WangLiang_LineAndCurveDreams_purple","Blue Doll","Toolbox","Nest_LightFlightworm_purple+1","StateErode_purple+1","Replay:Bottled Steam","Charmbait_purple+1","aspiration:ChemicalBlood","Question Card","HandDrill","ExcitationPotion","TheAbacus","Quantum Egg","MeetDecomposer_purple+1","Replay:Bottled Flurry","Replay:Rubber Ducky","Orrery","Kunai","Photoelasticity_Doppler_Effect_purple+1","Onion Ring","AT_MibuBalloonWealth","Lee\u0027s Waffle","DistilledChaos","AT_SunfireAegis","ReplayTheSpireMod:Shallot","ReplayUltimateDefense+1","Sundial","Replay:Ringing Soul","testmod-PerfectCombo+2"],"campfire_rested":1,"item_purchase_floors":[3,15,15,15,15,15,15,22,22,22,22,22,22,23,23,23,23,28,28,32,32,32,32,37,37,37,37,39,39,41,41,45,45,45,45,52,52,52,53,53,53],"current_hp_per_floor":[48,44,44,34,34,24,24,9,9,7,28,20,20,30,30,30,80,83,86,86,78,83,83,85,87,87,89,89,89,94,94,94,94,94,94,94,94,85,85,94,94,94,94,95,105,105,105,105,105,105,105,105,108,111,111],"gold":598,"neow_bonus":"REMOVE_TWO","is_daily":false,"chose_seed":false,"campfire_upgraded":2,"win_rate":0.0,"timestamp":1610511169,"path_taken":["M","M","$","M","?","E","R","E","T","E","R","E","R","E","R","BOSS","M","M","?","?","$","R","E","M","T","E","R","?","M","E","R","BOSS","M","?","$","?","$","E","R","?","T","M","?","?","E","?","R","BOSS","R","$","E","BOSS"],"items_purchased_type":["Relic","Card","Relic","Relic","Relic","Relic","Card","Relic","Relic","Relic","Potion","Potion","Card","Relic","Relic","Card","Card","Relic","Card","Relic","Relic","Relic","Potion","Relic","Relic","Card","Relic","Relic","Relic","Relic","Card","Relic","Relic","Relic","Potion","Relic","Relic","Card","Relic","Relic","Card"],"build_version":"2020-12-22","purchased_purges":8,"victory":true,"max_hp_per_floor":[70,70,70,70,70,70,70,70,70,70,70,70,70,80,80,80,80,83,86,86,86,91,91,91,91,91,91,91,91,94,94,94,94,94,94,94,94,94,94,98,98,98,98,98,105,105,105,105,105,105,105,105,108,111,111],"card_choices":[{"not_picked":["Line_surface_state_purple","OmniscientAndOmnipotent_Monster_purple"],"picked":"AdvanceAttack_purple","floor":1.0},{"not_picked":["DarkRealmRedLine_purple","Worldmountain_purple"],"picked":"MeetDecomposer_purple","floor":2.0},{"not_picked":["Mirror_FormAndEmptin_purple","DarkRealmRedLine_purple","Boundary_ObjectiveBoundary_purple"],"picked":"SKIP","floor":4.0},{"not_picked":["Know_ledgeAbilityRealm_purple","Mirror_FormAndEmptin_purple"],"picked":"OmniscientAndOmnipotent_Monster_purple","floor":6.0},{"not_picked":["Umbrella_purple","EighthInstrument_OneDividesIntoTwo_purple"],"picked":"StateErode_purple","floor":8.0},{"not_picked":["Umbrella_purple","StateErode_purple"],"picked":"StateDuplicate_purple","floor":10.0},{"not_picked":["Boundary_ObjectiveBoundary_purple","EighthInstrument_OneDividesIntoTwo_purple","SharpContractionReality_purple"],"picked":"SKIP","floor":12.0},{"not_picked":["Bait_Toxicbait_purple","Yakumo_Ran_purple"],"picked":"GluttonyofRealm_purpleEX","floor":14.0},{"not_picked":["LoveAcrossDimensions_purple","MagicEyes_LaplaceDemon_purple"],"picked":"ContainerChange_purple","floor":16.0},{"not_picked":["AdvanceAttack_purple","OmniscientAndOmnipotent_Monster_purple+1"],"picked":"Mirror_Drifter_purple+1","floor":18},{"not_picked":["SharpContractionReality_purple+1","MonsterNeedle_purple","Extrememeaning_purpleEX"],"picked":"SKIP","floor":19},{"not_picked":["Realm_recovery_purpleEX","Shallow_ocean_purpleEX","Charmbait_purple"],"picked":"SKIP","floor":21},{"not_picked":["ExistenceContinue_purple+1","Mirror_FourBoundary_purple","MeetDecomposer_purple"],"picked":"SKIP","floor":24},{"not_picked":["EighthInstrument_OneDividesIntoTwo_purple+1","CommonSense_AntiCommonSense_purple"],"picked":"DimensionStaggered_purple+1","floor":25},{"not_picked":["ButterflyHabitatTemple_purple","Computing_the_future_purpleEX"],"picked":"RuleDissolution_purple","floor":27},{"not_picked":["WeekHit_purple+1","ExistenceContinue_purple+1"],"picked":"AdvanceAttack_purple+1","floor":30},{"not_picked":["RuleDissolution_purple","PositiveMatter_Antimatter_Universe_purple","WangLiang_OokamiKakushi_purple+1"],"picked":"SKIP","floor":31},{"not_picked":["WangLiang_OokamiKakushi_purple+1","BarrageBoundary_PipeDream_purple+1","ContainerChange_purple"],"picked":"WangLiang_LineAndCurveDreams_purple","floor":33},{"not_picked":["Realm_recovery_purpleEX","Nest_LightFlightworm_purple+1","MNeedle_purple+1"],"picked":"Shallow_ocean_purpleEX+1","floor":35},{"not_picked":["Worldmountain_purple+1","Line_surface_state_purple+1","Realm_recovery_purpleEX"],"picked":"PositiveMatter_Antimatter_Universe_purple+1","floor":36},{"not_picked":["OmniscientAndOmnipotent_Monster_purple+1","PurpleNeedle_purple+1","Worldmountain_purple+1"],"picked":"Charmbait_purple+1","floor":39},{"not_picked":["Mirror_FormAndEmptin_purple","Mirror_FourBoundary_purple","Realm_recovery_purpleEX"],"picked":"MeetDecomposer_purple","floor":39},{"not_picked":["SfantasyHide_purple","MetroBOOM_purple+1","WangLiang_OokamiKakushi_purple+1"],"picked":"RuleDissolution_purple+1","floor":39},{"not_picked":["Mirror_FormAndEmptin_purple","DimensionStaggered_purple+1","MeetDecomposer_purple+1"],"picked":"Bait_HighSpeedFlying_purple+1","floor":39},{"not_picked":["SharpContractionReality_purple+1","Fancifulhole_purple+1","StretchesForeverDream_purple+1"],"picked":"WatchEChange_purple","floor":39},{"not_picked":["Erosivefilter_purple+1","Theboundaryofcreation_purpleEX","Umbrella_purple+1","Charmbait_purple+1"],"picked":"SKIP","floor":40},{"not_picked":["Dramatic Entrance+1","Bandage Up","ReplayUltimateDefense"],"picked":"Secret Technique","floor":42},{"not_picked":["DimensionStaggered_purple","Realm_recovery_purpleEX+1","ButterflyHabitatTemple_purple+1"],"picked":"Boundary_of_Extermination_purpleEX+1","floor":44},{"not_picked":["RuleDissolution_purple","StateErode_purple+1","Worldmountain_purple+1","MeetDecomposer_purple"],"picked":"SKIP","floor":46},{"not_picked":["SharpContractionReality_purple+1","UniverseChoice_purple","DimensionStaggered_purple"],"picked":"WeekHit_purple+1","floor":47},{"not_picked":["Shallow_ocean_purpleEX+1","Boundary_of_Extermination_purpleEX+1","Mirror_FormAndEmptin_purple"],"picked":"AdvanceAttack_purple+1","floor":48},{"not_picked":["Boundary_LightAndDark_purple+1","UniverseChoice_purple","MetroBOOM_purple"],"picked":"Anti_communist_purple+1","floor":54}],"player_experience":65574,"relics_obtained":[{"floor":6.0,"key":"aspiration:FrozenJewel"},{"floor":8.0,"key":"Orichalcum"},{"floor":10.0,"key":"Du-Vu Doll"},{"floor":12.0,"key":"testmod-LifeArmor"},{"floor":14.0,"key":"Pear"},{"floor":24,"key":"Mummified Hand"},{"floor":26,"key":"Ancient Tea Set"},{"floor":27,"key":"ReplayFunnel"},{"floor":31,"key":"Garlic"},{"floor":40,"key":"Anchor"},{"floor":43,"key":"Bag of Marbles"},{"floor":47,"key":"AT_SpeedBoots"},{"floor":54,"key":"aspiration:Lifesprig"}],"event_choices":[{"damage_healed":0,"gold_gain":0,"player_choice":"Traded Relic","damage_taken":0,"relics_obtained":["Nloth\u0027s Gift"],"max_hp_gain":0,"max_hp_loss":0,"event_name":"N\u0027loth","floor":20,"relics_lost":["Pear"],"gold_loss":0},{"damage_healed":0,"gold_gain":0,"player_choice":"Read","damage_taken":0,"max_hp_gain":0,"max_hp_loss":0,"event_name":"TheLibraryeventEX","floor":29,"gold_loss":0,"cards_obtained":["Photoelasticity_Doppler_Effect_purple"]},{"damage_healed":0,"gold_gain":0,"player_choice":"Ignored","damage_taken":9,"max_hp_gain":0,"max_hp_loss":0,"event_name":"恩洛斯的盘子","floor":38,"gold_loss":0},{"damage_healed":0,"gold_gain":0,"player_choice":"Memory 1","damage_taken":0,"max_hp_gain":0,"max_hp_loss":0,"event_name":"SensoryStone","floor":42,"gold_loss":0}],"is_beta":false,"boss_relics":[{"not_picked":["testmod-SaigiyounoYou","aspiration:PoetsPen_weak"],"picked":"testmod-BatchProcessingSystem"},{"not_picked":["Astrolabe","aspiration:RunicSpoon"],"picked":"testmod-Fanaticism"}],"items_purged_floors":[15,22,23,28,32,37,41,52],"is_endless":false,"potions_floor_spawned":[1,6,12,14,18,24,31,33,36,47,48],"ascension_level":1}}