{"host":"25beq07qjecnigqh","time":1610532217,"event":{"mods":["BaseMod","Minty Spire (QoL Compilation)"],"gold_per_floor":[109,119,119,69,69,84,84,104,104,116,135,146,160,17,17,17,17],"floor_reached":16,"language":"ZHS","playtime":821,"items_purged":[],"score":96,"play_id":"24402fa7-0ab8-4eea-96a4-614b11c16b74","local_time":"20210113180337","is_ascension_mode":false,"campfire_choices":[{"data":"Eruption","floor":7,"key":"SMITH"},{"floor":15,"key":"REST"}],"circlet_count":0,"master_deck":["Strike_P","Strike_P","Strike_P","Defend_P","Defend_P+1","Defend_P","Eruption+1","Vigilance","LikeWater","CutThroughFate","WreathOfFlame","PathToVictory","EmptyBody","Crescendo+1","Establishment","FlyingSleeves","Protect"],"relics":["PureWater","NeowsBlessing","Anchor","War Paint"],"acts_visited":["Exordium"],"potions_floor_usage":[],"damage_taken":[{"damage":0,"enemies":"Cultist","floor":1,"turns":1},{"damage":0,"enemies":"2 Louse","floor":2,"turns":1},{"damage":0,"enemies":"Small Slimes","floor":6,"turns":1},{"damage":0,"enemies":"3 Louse","floor":8,"turns":2},{"damage":0,"enemies":"Red Slaver","floor":10,"turns":3},{"damage":4,"enemies":"Exordium Wildlife","floor":11,"turns":3},{"damage":5,"enemies":"Gremlin Gang","floor":12,"turns":6},{"damage":10,"enemies":"Looter","floor":13,"turns":3},{"damage":81,"enemies":"Hexaghost","floor":16,"turns":12}],"seed_played":"-1045511301742482197","potions_obtained":[{"floor":2,"key":"Weak Potion"},{"floor":6,"key":"Ancient Potion"},{"floor":11,"key":"SmokeBomb"},{"floor":13,"key":"Strength Potion"}],"is_trial":false,"path_per_floor":["M","M","?","?","?","M","R","M","T","M","M","M","M","$","R","B"],"character_chosen":"WATCHER","items_purchased":["War Paint"],"campfire_rested":1,"item_purchase_floors":[14],"current_hp_per_floor":[72,72,77,77,77,77,77,77,77,77,73,68,58,58,77,0,0],"gold":17,"neow_bonus":"THREE_ENEMY_KILL","is_daily":false,"chose_seed":false,"campfire_upgraded":1,"win_rate":0.0,"timestamp":1610532217,"path_taken":["M","M","?","?","?","M","R","M","T","?","M","M","M","?","R","BOSS"],"items_purchased_type":["Relic"],"build_version":"2020-12-22","purchased_purges":0,"victory":false,"max_hp_per_floor":[72,72,77,77,77,77,77,77,77,77,77,77,77,77,77,77,77],"card_choices":[{"not_picked":["SashWhip","WheelKick"],"picked":"LikeWater","floor":1},{"not_picked":["Halt","FlyingSleeves"],"picked":"CutThroughFate","floor":2},{"not_picked":["Protect","ClearTheMind"],"picked":"PathToVictory","floor":6},{"not_picked":["Halt","Indignation"],"picked":"EmptyBody","floor":8},{"not_picked":["WreathOfFlame","FlurryOfBlows"],"picked":"Crescendo","floor":10},{"not_picked":["Evaluate","SashWhip"],"picked":"Establishment","floor":11},{"not_picked":["EmptyFist","TalkToTheHand"],"picked":"FlyingSleeves","floor":12},{"not_picked":["SashWhip","BowlingBash"],"picked":"Protect","floor":13}],"player_experience":54828,"relics_obtained":[{"floor":9,"key":"Anchor"}],"event_choices":[{"damage_healed":0,"gold_gain":0,"player_choice":"Donut","damage_taken":0,"max_hp_gain":5,"max_hp_loss":0,"event_name":"Big Fish","floor":3,"gold_loss":0},{"cards_removed":["Defend_P"],"damage_healed":0,"gold_gain":0,"player_choice":"Card Removal","damage_taken":0,"max_hp_gain":0,"max_hp_loss":0,"event_name":"The Cleric","floor":4,"gold_loss":50},{"damage_healed":0,"gold_gain":0,"cards_transformed":["Strike_P"],"player_choice":"Transformed","damage_taken":0,"max_hp_gain":0,"max_hp_loss":0,"event_name":"Transmorgrifier","floor":5,"gold_loss":0,"cards_obtained":["WreathOfFlame"]}],"is_beta":false,"boss_relics":[],"items_purged_floors":[],"is_endless":false,"potions_floor_spawned":[2,6,11,13],"killed_by":"Hexaghost","ascension_level":0}}