{"host":"grli52lbdph2722t","time":1610548053,"event":{"mods":["AchievementEnabler","BaseMod","Downfall","Minty Spire (QoL Compilation)","Quick Restart","StSLib"],"gold_per_floor":[99,116,116,116,129,148,148,177,13,24,24,55,55,72,90,90,90,90],"floor_reached":16,"language":"ENG","playtime":709,"items_purged":["Guardian:Strike_Guardian"],"score":162,"play_id":"b81300be-af1e-45c1-89c9-c2f2c6a6bb27","local_time":"20210113152733","is_ascension_mode":true,"campfire_choices":[{"data":"Master of Strategy","floor":1,"key":"SMITH"},{"floor":11,"key":"REST"},{"floor":13,"key":"REST"}],"circlet_count":0,"master_deck":["Guardian:Strike_Guardian","Guardian:Strike_Guardian","Guardian:Defend_Guardian","Guardian:Defend_Guardian","Guardian:Defend_Guardian","Guardian:Defend_Guardian","Guardian:CurlUp","Guardian:TwinSlam","Master of Strategy+1","Guardian:ArmoredProtocol","Guardian:WalkerClaw","Guardian:MultiBeam","Guardian:FuturePlans","Guardian:ShieldCharger","Guardian:Incinerate","Guardian:DonusPower","Guardian:FloatingOrbs"],"relics":["Guardian:ModeShifter","downfall:ShatteredFragment","Matryoshka","MealTicket","Singing Bowl"],"acts_visited":["Exordium"],"potions_floor_usage":[8,15,16],"damage_taken":[{"damage":4,"enemies":"Small Slimes","floor":2,"turns":6},{"damage":1,"enemies":"2 Louse","floor":5,"turns":3},{"damage":1,"enemies":"Jaw Worm","floor":6,"turns":4},{"damage":15,"enemies":"Lagavulin","floor":8,"turns":6},{"damage":0,"enemies":"downfall:FleeingMerchant","floor":9,"turns":4},{"damage":9,"enemies":"3 Louse","floor":10,"turns":3},{"damage":16,"enemies":"Gremlin Nob","floor":12,"turns":4},{"damage":8,"enemies":"Red Slaver","floor":14,"turns":3},{"damage":5,"enemies":"Gremlin Gang","floor":15,"turns":5},{"damage":36,"enemies":"downfall:Silent","floor":16,"turns":3}],"seed_played":"-4653361367563341056","potions_obtained":[{"floor":6,"key":"hexamod:SoulburnPotion"},{"floor":8,"key":"GamblersBrew"},{"floor":10,"key":"SpeedPotion"},{"floor":14,"key":"SpeedPotion"},{"floor":15,"key":"BlessingOfTheForge"}],"is_trial":false,"path_per_floor":["R","M","?","?","M","M","T","E","$","M","R","E","R","M","M","B"],"character_chosen":"GUARDIAN","items_purchased":["Guardian:ShieldCharger","Guardian:Incinerate"],"campfire_rested":2,"item_purchase_floors":[9,9],"current_hp_per_floor":[51,47,47,23,22,21,21,6,21,12,36,20,44,38,33,0,0,0],"gold":90,"neow_bonus":"RANDOM_COLORLESS_2","is_daily":false,"chose_seed":false,"campfire_upgraded":1,"win_rate":0.0,"timestamp":1610548053,"path_taken":["R","M","?","?","M","M","T","E","$","M","R","E","R","M","M","BOSS"],"items_purchased_type":["Card","Card"],"build_version":"2020-12-22","purchased_purges":1,"victory":false,"max_hp_per_floor":[80,80,80,80,80,80,80,80,80,80,80,80,80,82,82,82,82,82],"card_choices":[{"not_picked":["Thinking Ahead","Violence"],"picked":"Master of Strategy","floor":0},{"not_picked":["Guardian:TemporalStrike","Guardian:TemporalShield"],"picked":"Guardian:ArmoredProtocol","floor":2},{"not_picked":["Guardian:RollAttack","Guardian:BodySlam"],"picked":"Guardian:WalkerClaw","floor":5},{"not_picked":["Guardian:BodySlam","Guardian:VentSteam"],"picked":"Guardian:MultiBeam","floor":6},{"not_picked":["Guardian:DonusPower","Guardian:TimeCapacitor"],"picked":"Guardian:FuturePlans","floor":8},{"not_picked":["Guardian:Gem_Blue","Guardian:Gem_Cyan"],"picked":"Guardian:Gem_Crimson","floor":9},{"not_picked":["Guardian:Gem_Red","Guardian:TemporalShield"],"picked":"Guardian:Gem_Orange","floor":10},{"not_picked":["Guardian:PrismaticBeam","Guardian:CrystalBeam"],"picked":"Guardian:DonusPower","floor":12},{"not_picked":["Guardian:RollAttack","Guardian:Reroute","Guardian:PiercingHide"],"picked":"Singing Bowl","floor":14},{"not_picked":["Guardian:RollAttack","Guardian:PrimingBeam"],"picked":"Guardian:FloatingOrbs","floor":15}],"player_experience":4977586,"relics_obtained":[{"floor":7,"key":"Matryoshka"},{"floor":8,"key":"MealTicket"},{"floor":12,"key":"Singing Bowl"}],"event_choices":[],"is_beta":false,"boss_relics":[],"items_purged_floors":[9],"is_endless":false,"potions_floor_spawned":[6,8,10,14,15],"killed_by":"downfall:Silent","ascension_level":9}}