{"host":"w9yruvs4bqht6bhw","time":1610501873,"event":{"mods":["BaseMod","Colored Powertips","Minty Spire (QoL Compilation)"],"gold_per_floor":[119,119,3,19,19,53,71,71,71,71,71,85,116,134,134,236,236,161,12,12,25,41,41,3,23,46,63,163,163,179,198,198,294,294,306,13,0,0,19,19,47,47,73,73,91,32,32,42,42,42,42],"floor_reached":50,"language":"ENG","playtime":2102,"items_purged":[],"score":553,"play_id":"183cdc4f-7ff1-42a0-9875-7ee17a090602","local_time":"20210112203753","is_ascension_mode":true,"campfire_choices":[{"data":"Buffer","floor":8,"key":"SMITH"},{"data":"Zap","floor":11,"key":"SMITH"},{"data":"Capacitor","floor":15,"key":"SMITH"},{"floor":23,"key":"REST"},{"data":"Defragment","floor":29,"key":"SMITH"},{"floor":32,"key":"REST"},{"data":"Ball Lightning","floor":40,"key":"SMITH"},{"floor":42,"key":"REST"},{"data":"White Noise","floor":44,"key":"SMITH"},{"floor":49,"key":"REST"}],"circlet_count":0,"master_deck":["Strike_B+1","Strike_B+1","Defend_B","Defend_B","Defend_B","Defend_B","Zap+1","Dualcast","Skim","Buffer+1","Good Instincts","Auto Shields","BootSequence","Conserve Battery","Ball Lightning+1","Capacitor+1","Leap","Beam Cell","Electrodynamics+1","White Noise+1","Defragment+1","Turbo","Lockon+1","Leap","Redo+1","Multi-Cast","Reinforced Body","Capacitor+1"],"relics":["Cracked Core","Meat on the Bone","Cables","Strawberry","SacredBark","Anchor","Tiny Chest","CaptainsWheel","Matryoshka","Empty Cage","Bottled Flame","Red Mask","StrikeDummy","Akabeko","Whetstone","Boot","Vajra","DataDisk"],"acts_visited":["Exordium","TheCity","TheBeyond"],"potions_floor_usage":[13,13,14,16,27,28,31,41,45,50],"damage_taken":[{"damage":3,"enemies":"2 Louse","floor":1,"turns":3},{"damage":0,"enemies":"Cultist","floor":4,"turns":3},{"damage":19,"enemies":"Lagavulin","floor":6,"turns":8},{"damage":0,"enemies":"Jaw Worm","floor":7,"turns":4},{"damage":0,"enemies":"3 Louse","floor":12,"turns":4},{"damage":4,"enemies":"Gremlin Nob","floor":13,"turns":5},{"damage":2,"enemies":"Lots of Slimes","floor":14,"turns":3},{"damage":3,"enemies":"The Guardian","floor":16,"turns":11},{"damage":7,"enemies":"2 Thieves","floor":18,"turns":5},{"damage":0,"enemies":"Chosen","floor":21,"turns":6},{"damage":29,"enemies":"Snake Plant","floor":22,"turns":5},{"damage":16,"enemies":"Snecko","floor":25,"turns":6},{"damage":10,"enemies":"Centurion and Healer","floor":27,"turns":7},{"damage":16,"enemies":"Colosseum Slavers","floor":28,"turns":3},{"damage":0,"enemies":"Colosseum Nobs","floor":28,"turns":4},{"damage":0,"enemies":"3 Cultists","floor":30,"turns":4},{"damage":0,"enemies":"Snake Plant","floor":31,"turns":4},{"damage":45,"enemies":"Collector","floor":33,"turns":10},{"damage":22,"enemies":"3 Darklings","floor":35,"turns":5},{"damage":0,"enemies":"Orb Walker","floor":39,"turns":4},{"damage":13,"enemies":"Reptomancer","floor":41,"turns":6},{"damage":17,"enemies":"Jaw Worm Horde","floor":45,"turns":4},{"damage":18,"enemies":"Transient","floor":48,"turns":5},{"damage":105,"enemies":"Awakened One","floor":50,"turns":8}],"seed_played":"-2651676820208634128","potions_obtained":[{"floor":1,"key":"Swift Potion"},{"floor":6,"key":"Strength Potion"},{"floor":7,"key":"Regen Potion"},{"floor":13,"key":"DistilledChaos"},{"floor":21,"key":"Explosive Potion"},{"floor":25,"key":"DistilledChaos"},{"floor":30,"key":"Block Potion"},{"floor":31,"key":"FearPotion"},{"floor":45,"key":"Fruit Juice"}],"is_trial":false,"path_per_floor":["M","?","$","M","$","E","M","R","T","$","R","M","E","M","R","B",null,"M","$","?","M","M","R","$","M","T","M","?","R","M","M","R","B",null,"M","$","?","$","M","R","E","R","T","R","M","?","T","M","R","B"],"character_chosen":"DEFECT","items_purchased":["BootSequence","Conserve Battery","Anchor","White Noise","Bottled Flame","Energy Potion"],"campfire_rested":4,"item_purchase_floors":[3,3,19,24,36,36],"current_hp_per_floor":[79,79,79,79,79,60,60,60,60,60,60,60,77,75,75,72,89,82,82,82,82,53,79,79,63,63,53,49,49,49,49,75,42,89,67,67,67,67,67,67,54,80,80,80,73,73,73,55,84,0,0],"gold":42,"neow_bonus":"TEN_PERCENT_HP_BONUS","is_daily":false,"chose_seed":false,"campfire_upgraded":6,"win_rate":0.0,"timestamp":1610501873,"path_taken":["M","?","$","?","?","E","?","R","T","?","R","?","E","M","R","BOSS","M","$","?","M","M","R","?","?","T","M","?","R","M","M","R","BOSS","M","$","?","$","M","R","E","R","T","R","M","?","?","M","R","BOSS"],"items_purchased_type":["Card","Card","Relic","Card","Relic","Potion"],"build_version":"2020-12-22","purchased_purges":0,"victory":false,"max_hp_per_floor":[82,82,82,82,82,82,82,82,82,82,82,82,89,89,89,89,89,89,89,89,89,89,89,89,89,89,89,89,89,89,89,89,89,89,89,89,89,89,89,89,89,89,89,89,99,99,99,99,99,99,99],"card_choices":[{"not_picked":["Hologram","Stack"],"picked":"Skim","floor":1},{"not_picked":["Compile Driver","Aggregate","Rebound"],"picked":"SKIP","floor":4},{"not_picked":["Leap","Skim"],"picked":"Ball Lightning","floor":6},{"not_picked":["Cold Snap","Undo"],"picked":"Capacitor","floor":7},{"not_picked":["Redo","Sweeping Beam"],"picked":"Leap","floor":12},{"not_picked":["Turbo","Blizzard"],"picked":"Beam Cell","floor":13},{"not_picked":["Buffer","Skim","Go for the Eyes"],"picked":"SKIP","floor":14},{"not_picked":["Core Surge","Echo Form"],"picked":"Electrodynamics","floor":16},{"not_picked":["FTL","Steam","Go for the Eyes+1"],"picked":"SKIP","floor":18},{"not_picked":["Sweeping Beam","Hologram","Cold Snap"],"picked":"SKIP","floor":21},{"not_picked":["Chaos","Compile Driver","Stack"],"picked":"SKIP","floor":22},{"not_picked":["Cold Snap","Double Energy"],"picked":"Defragment","floor":25},{"not_picked":["Doom and Gloom","Cold Snap+1"],"picked":"Turbo","floor":27},{"not_picked":["Amplify","Turbo"],"picked":"Lockon+1","floor":28},{"not_picked":["FTL+1","Gash+1"],"picked":"Leap","floor":30},{"not_picked":["Steam Power","Chaos"],"picked":"Redo+1","floor":31},{"not_picked":["Reboot","Creative AI"],"picked":"Multi-Cast","floor":33},{"not_picked":["Aggregate+1","Recycle+1"],"picked":"Reinforced Body","floor":35},{"not_picked":["Skim+1","Undo","Consume"],"picked":"SKIP","floor":39},{"not_picked":["FTL+1","Gash+1"],"picked":"Capacitor+1","floor":41},{"not_picked":["Sunder+1","Heatsinks","Stack+1"],"picked":"SKIP","floor":45},{"not_picked":["Steam","Recycle+1","Compile Driver+1"],"picked":"SKIP","floor":48}],"player_experience":398174,"relics_obtained":[{"floor":6,"key":"Meat on the Bone"},{"floor":9,"key":"Cables"},{"floor":13,"key":"Strawberry"},{"floor":26,"key":"Tiny Chest"},{"floor":28,"key":"CaptainsWheel"},{"floor":28,"key":"Matryoshka"},{"floor":41,"key":"StrikeDummy"},{"floor":43,"key":"Akabeko"},{"floor":43,"key":"Whetstone"},{"floor":47,"key":"Vajra"},{"floor":47,"key":"DataDisk"}],"event_choices":[{"damage_healed":0,"gold_gain":0,"player_choice":"3 cards matched","damage_taken":0,"max_hp_gain":0,"max_hp_loss":0,"event_name":"Match and Keep!","floor":2,"gold_loss":0,"cards_obtained":["Buffer","Good Instincts","Auto Shields"]},{"damage_healed":0,"gold_gain":0,"player_choice":"Upgraded","damage_taken":0,"max_hp_gain":0,"max_hp_loss":0,"event_name":"Upgrade Shrine","floor":20,"gold_loss":0,"cards_upgraded":["Electrodynamics"]},{"damage_healed":0,"gold_gain":0,"player_choice":"Fight","damage_taken":0,"max_hp_gain":0,"max_hp_loss":0,"event_name":"Colosseum","floor":28,"gold_loss":0},{"damage_healed":0,"gold_gain":0,"player_choice":"Fought Nobs","damage_taken":0,"max_hp_gain":0,"max_hp_loss":0,"event_name":"Colosseum","floor":28,"gold_loss":0},{"damage_healed":0,"gold_gain":0,"player_choice":"Paid","damage_taken":0,"relics_obtained":["Red Mask"],"max_hp_gain":0,"max_hp_loss":0,"event_name":"Tomb of Lord Red Mask","floor":37,"gold_loss":13},{"damage_healed":0,"gold_gain":0,"player_choice":"Paid Gold","damage_taken":0,"relics_obtained":["Boot"],"max_hp_gain":0,"max_hp_loss":0,"event_name":"WeMeetAgain","floor":46,"gold_loss":59}],"is_beta":false,"boss_relics":[{"not_picked":["Philosopher\u0027s Stone","Coffee Dripper"],"picked":"SacredBark"},{"not_picked":["Snecko Eye","Calling Bell"],"picked":"Empty Cage"}],"items_purged_floors":[],"is_endless":false,"potions_floor_spawned":[1,6,7,13,21,25,28,30,31,45],"killed_by":"Awakened One","ascension_level":2}}