{"host":"raai0vtvcfkt8csp","time":1610541642,"event":{"mods":["2.2 Compatiblity","BaseMod","Beaked The Cultist","Block Reminder","Booster Modes","Clockwork Mod","DeckTracker","Defective Defect","Defuse TimeMaze Blight","Dio Mod","GifTheSpireLib","Infinite Spire","Minty Spire (QoL Compilation)","Quick Restart","Random Character Button","Rare Cards Sparkle","StSLib","The Marked","Unceasing Turn Reminder"],"gold_per_floor":[118,42,42,6,21,52,52,87,87,118,133,133,153,184,184,184,184],"floor_reached":16,"language":"ENG","playtime":897,"items_purged":[],"score":161,"play_id":"4c364495-2416-450d-b6c2-897515b88829","local_time":"20210113134042","is_ascension_mode":true,"campfire_choices":[{"data":"theMarked:StartUp","floor":7,"key":"SMITH"},{"floor":15,"key":"REST"}],"circlet_count":0,"master_deck":["theMarked:Strike","theMarked:Strike","theMarked:Strike","theMarked:Strike","theMarked:Strike","theMarked:Defend","theMarked:Defend","theMarked:Defend","theMarked:Defend","theMarked:SoldierOfQuellstein","theMarked:TwofoldDefense","theMarked:ReduceFriction","theMarked:StartUp+1","theMarked:ResourceFulStrike","theMarked:Standoff","theMarked:WastefulAttack","theMarked:ContemptForTheProud","theMarked:Parkour","theMarked:ParalyzingBlade","theMarked:ChainLightning","theMarked:SoldierForm"],"relics":["Ring of the Snake","NeowsBlessing","infinitespire:Cubic Diamond","infinitespire:ShieldingShard","Prayer Wheel","Juzu Bracelet","Omamori","Potion Belt"],"acts_visited":["Exordium"],"potions_floor_usage":[8,13,14],"damage_taken":[{"damage":0,"enemies":"2 Louse","floor":1,"turns":1},{"damage":0,"enemies":"Jaw Worm","floor":5,"turns":1},{"damage":0,"enemies":"Gremlin Nob","floor":6,"turns":1},{"damage":19,"enemies":"Lagavulin","floor":8,"turns":10},{"damage":10,"enemies":"3 Sentries","floor":10,"turns":11},{"damage":0,"enemies":"Cultist","floor":11,"turns":3},{"damage":0,"enemies":"3 Louse","floor":13,"turns":3},{"damage":21,"enemies":"Lagavulin","floor":14,"turns":8},{"damage":42,"enemies":"Hexaghost","floor":16,"turns":9}],"seed_played":"9141388114813013096","potions_obtained":[{"floor":1,"key":"DuplicationPotion"},{"floor":6,"key":"SpeedPotion"},{"floor":10,"key":"ColorlessPotion"}],"is_trial":false,"path_per_floor":["M","$","?","$","M","E","R","E","T","E","M","T","M","E","R","B"],"character_chosen":"THE_DEFAULT","items_purchased":["theMarked:ReduceFriction","theMarked:StartUp"],"campfire_rested":1,"item_purchase_floors":[2,4],"current_hp_per_floor":[70,70,70,70,70,70,70,51,51,41,41,41,41,20,41,0,0],"gold":184,"neow_bonus":"THREE_ENEMY_KILL","is_daily":false,"chose_seed":false,"campfire_upgraded":1,"win_rate":0.0,"timestamp":1610541642,"path_taken":["M","$","?","$","M","E","R","E","T","E","M","?","M","E","R","BOSS"],"items_purchased_type":["Card","Card"],"build_version":"2020-12-22","purchased_purges":0,"victory":false,"max_hp_per_floor":[70,70,70,70,70,70,70,70,70,70,70,70,70,70,70,70,70],"card_choices":[{"not_picked":["theMarked:ChainLightning","theMarked:Frustration"],"picked":"theMarked:TwofoldDefense","floor":1},{"not_picked":["theMarked:WastefulAttack","theMarked:Improvise"],"picked":"theMarked:ResourceFulStrike","floor":5},{"not_picked":["theMarked:WastefulAttack","theMarked:Frustration"],"picked":"theMarked:Standoff","floor":6},{"not_picked":["theMarked:Frustration","theMarked:Improvise"],"picked":"theMarked:WastefulAttack","floor":8},{"not_picked":["theMarked:Parkour","theMarked:WastefulAttack"],"picked":"theMarked:ContemptForTheProud","floor":10},{"not_picked":["theMarked:Overthink","theMarked:Static"],"picked":"theMarked:Parkour","floor":11},{"not_picked":["theMarked:SwordAndMagic","theMarked:Polarize"],"picked":"theMarked:ParalyzingBlade","floor":11},{"not_picked":["theMarked:Frustration","theMarked:Generate"],"picked":"theMarked:ChainLightning","floor":13},{"not_picked":["theMarked:GodGivenPower","theMarked:Generate"],"picked":"theMarked:SoldierForm","floor":13},{"not_picked":["theMarked:DeterminationOfTheMarked","theMarked:Frustration","theMarked:Electrify"],"picked":"SKIP","floor":14}],"player_experience":879753,"relics_obtained":[{"floor":6,"key":"infinitespire:ShieldingShard"},{"floor":8,"key":"Prayer Wheel"},{"floor":9,"key":"Juzu Bracelet"},{"floor":10,"key":"Omamori"},{"floor":14,"key":"Potion Belt"}],"event_choices":[],"is_beta":false,"boss_relics":[],"items_purged_floors":[],"is_endless":false,"potions_floor_spawned":[1,6,10],"killed_by":"Hexaghost","ascension_level":1}}