{"host":"dr5t8qsew5rvjx1s","time":1610537387,"event":{"mods":["BaseMod","Better Third Choice","Colored Powertips","Minty Spire (QoL Compilation)","Replay The Spire","StSLib","TheHeartMod","Wandering Minibosses"],"gold_per_floor":[114,126,126,126,143,143,155,155,155,187,197,197,197,214,214,316,316,329,142,142,158,15,15,42,42,42,62,78,78,97,97,97],"floor_reached":31,"language":"ENG","playtime":1644,"items_purged":[],"score":307,"play_id":"cbe0837c-2beb-4aa0-802f-3a241e00e2bb","local_time":"20210113122947","is_ascension_mode":false,"campfire_choices":[{"data":"theHeart:Wrath","floor":6.0,"key":"SMITH"},{"data":"theHeart:BloodSpray","floor":8.0,"key":"SMITH"},{"floor":12.0,"key":"REST"},{"data":"theHeart:Terrify","floor":15,"key":"SMITH"},{"floor":23,"key":"REST"},{"floor":25,"key":"REST"}],"circlet_count":0,"master_deck":["theHeart:BloodDrop","theHeart:Scab+1","theHeart:Buff","theHeart:TentacleWhip","theHeart:SpireGrowth","theHeart:Wrath+1","theHeart:BloodSpray+1","theHeart:Cleanse","theHeart:Terrify+1","theHeart:MindScape","theHeart:HeartAttack","Mind Blast","theHeart:ArterialFlow","theHeart:BloodDrop","theHeart:Embolism","theHeart:OxygenRichBlood","theHeart:FattyMembrane","theHeart:BloodSpray+1","theHeart:BloodFlow","theHeart:CapillaryExchange","theHeart:Pacemaker","theHeart:Hemochromatosis","theHeart:Antibiotics","theHeart:Hemoblastosis","theHeart:TentacleWhip","theHeart:GrayPlatelets","theHeart:Constrict","theHeart:Cholesterol","theHeart:TentacleWhip+1","theHeart:AncientEvil"],"relics":["theHeart:BeatOfDeath","Vajra","Mercury Hourglass","Pandora\u0027s Box","Gremlin Food","Oddly Smooth Stone","Du-Vu Doll","theHeart:AncientProgram"],"acts_visited":["Exordium","TheCity"],"potions_floor_usage":[18,30,31],"damage_taken":[{"damage":2.0,"enemies":"2 Louse","floor":1.0,"turns":3.0},{"damage":5.0,"enemies":"Small Slimes","floor":2.0,"turns":4.0},{"damage":0.0,"enemies":"Cultist","floor":5.0,"turns":4.0},{"damage":9.0,"enemies":"Blue Slaver","floor":7.0,"turns":4.0},{"damage":11.0,"enemies":"3 Sentries","floor":10.0,"turns":6.0},{"damage":0.0,"enemies":"Lots of Slimes","floor":11.0,"turns":2.0},{"damage":20,"enemies":"Red Slaver","floor":14,"turns":3},{"damage":23,"enemies":"Fading Forest","floor":16,"turns":11},{"damage":12,"enemies":"3 Byrds","floor":18,"turns":2},{"damage":18,"enemies":"Spheric Guardian","floor":21,"turns":4},{"damage":22,"enemies":"Gremlin Leader","floor":24,"turns":6},{"damage":34,"enemies":"Shelled Parasite and Fungi","floor":27,"turns":5},{"damage":15,"enemies":"Snake Plant","floor":28,"turns":4},{"damage":2,"enemies":"Chosen and Byrds","floor":30,"turns":5},{"damage":18,"enemies":"Snecko","floor":31,"turns":2}],"seed_played":"5970219295305507480","potions_obtained":[{"floor":2.0,"key":"GamblersBrew"},{"floor":10.0,"key":"SmokeBomb"},{"floor":11.0,"key":"LiquidBronze"},{"floor":27,"key":"SteroidPotion"},{"floor":28,"key":"SkillPotion"},{"floor":29,"key":"DuplicationPotion"}],"is_trial":false,"path_per_floor":["M","M","$","?","M","R","M","R","T","E","M","R","?","M","R","B",null,"M","$","?","M","$","R","E","R","T","M","M","?","M","M"],"character_chosen":"THE_HEART","items_purchased":["Gremlin Food","theHeart:GrayPlatelets","Oddly Smooth Stone"],"campfire_rested":3,"item_purchase_floors":[19,19,22],"current_hp_per_floor":[73,68,68,68,68,68,59,59,59,48,48,70,70,50,50,37,75,63,63,63,45,45,67,45,67,67,33,18,18,16,0,0],"gold":97,"neow_bonus":"ONE_RANDOM_RARE_CARD","is_daily":false,"chose_seed":false,"campfire_upgraded":3,"win_rate":0.0,"timestamp":1610537387,"path_taken":["M","M","$","?","M","R","M","R","T","E","M","R","?","?","R","BOSS","M","$","?","?","?","R","E","R","T","M","M","?","M","?"],"items_purchased_type":["Relic","Card","Relic"],"build_version":"2020-12-22","purchased_purges":0,"victory":false,"max_hp_per_floor":[75,75,75,75,75,75,75,75,75,75,75,75,75,75,75,75,75,75,75,75,75,75,75,75,75,75,75,75,75,75,75,75],"card_choices":[{"not_picked":["theHeart:TranquilRhythm","theHeart:Toil"],"picked":"theHeart:TentacleWhip","floor":1.0},{"not_picked":["theHeart:CapillaryExchange","theHeart:Crush"],"picked":"theHeart:SpireGrowth","floor":2.0},{"not_picked":["theHeart:Devour","theHeart:Embolism"],"picked":"theHeart:Wrath","floor":5.0},{"not_picked":["theHeart:HighDecibelBeat","theHeart:Devour"],"picked":"theHeart:BloodSpray","floor":7.0},{"not_picked":["theHeart:QuickBite","theHeart:BloodFlow"],"picked":"theHeart:Cleanse","floor":10.0},{"not_picked":["theHeart:QuantumEntanglement","theHeart:TorrentialFlow"],"picked":"theHeart:Terrify","floor":11.0},{"not_picked":["theHeart:Arrhythmia","theHeart:PainfulStabs"],"picked":"theHeart:Embolism","floor":14},{"not_picked":["theHeart:Arrhythmia","theHeart:TranquilRhythm+1"],"picked":"theHeart:TentacleWhip","floor":18},{"not_picked":["theHeart:Crush","theHeart:PainfulStabs+1","theHeart:Arrhythmia"],"picked":"SKIP","floor":21},{"not_picked":["theHeart:Embolism","theHeart:TotalHeartFailure"],"picked":"theHeart:Constrict","floor":24},{"not_picked":["theHeart:Cleanse","theHeart:Embolism"],"picked":"theHeart:Cholesterol","floor":27},{"not_picked":["theHeart:BloodSpray","theHeart:Arrhythmia+1"],"picked":"theHeart:TentacleWhip+1","floor":28},{"not_picked":["theHeart:SpireGrowth","theHeart:TranquilRhythm"],"picked":"theHeart:AncientEvil","floor":30}],"player_experience":559105,"relics_obtained":[{"floor":9.0,"key":"Vajra"},{"floor":10.0,"key":"Mercury Hourglass"},{"floor":24,"key":"Du-Vu Doll"},{"floor":26,"key":"theHeart:AncientProgram"}],"event_choices":[{"damage_healed":0.0,"max_hp_gain":0.0,"max_hp_loss":0.0,"gold_gain":0.0,"event_name":"Golden Wing","player_choice":"Ignored","floor":4.0,"gold_loss":0.0,"damage_taken":0.0},{"damage_healed":0,"gold_gain":0,"player_choice":"5 cards matched","damage_taken":0,"max_hp_gain":0,"max_hp_loss":0,"event_name":"Match and Keep!","floor":13,"gold_loss":0,"cards_obtained":["theHeart:MindScape","theHeart:HeartAttack","Mind Blast","theHeart:ArterialFlow","theHeart:BloodDrop"]},{"damage_healed":0,"gold_gain":0,"player_choice":"Bought 0 Potions","damage_taken":0,"max_hp_gain":0,"max_hp_loss":0,"event_name":"The Woman in Blue","floor":20,"gold_loss":0},{"damage_healed":0,"gold_gain":0,"player_choice":"Got Potions","damage_taken":0,"max_hp_gain":0,"max_hp_loss":0,"event_name":"Lab","floor":29,"gold_loss":0}],"is_beta":false,"boss_relics":[{"not_picked":["Snecko Eye","Runic Dome"],"picked":"Pandora\u0027s Box"}],"items_purged_floors":[],"is_endless":false,"potions_floor_spawned":[2,10,11,27,28],"killed_by":"Snecko","ascension_level":0}}