{"host":"94qggqh0xz0sp6ai","time":1610514725,"event":{"mods":["Abigail Mod","Act Like it!","BaseMod","CapriCore","Downfall","Friendly Minions","Gensokyo","Hermit","Jorbs\u0027s Wanderer Trilogy","Koishi","Marisa（霧雨　魔理沙）","Minty Spire (QoL Compilation)","Permanent Neow","Reimu（博??梦）","StSLib","The Alterego","The Construct","The Cursed","The Hierophant","The Immortal","The Marked","The Servant 0.9.4","TheBandit","Waifu the Spire"],"gold_per_floor":[110,122,122,122,3,3,37,37,64,82,82,102,121,149,149,226,226,236,150,150,169,84,84,84,152,225,244,244,244],"floor_reached":28,"language":"ENG","playtime":765,"items_purged":["Regret"],"score":502,"play_id":"674820e7-a0af-4926-8203-528c8803f599","local_time":"20210112231205","is_ascension_mode":true,"campfire_choices":[{"floor":6,"key":"REST"},{"data":"OrrerysSun","floor":8,"key":"SMITH"},{"data":"EnergyFlow","floor":11,"key":"SMITH"},{"data":"6A","floor":15,"key":"SMITH"},{"floor":23,"key":"REST"}],"circlet_count":0,"master_deck":["AscendersBane","Strike_MRS","Strike_MRS","Strike_MRS","Defend_MRS","Defend_MRS","Defend_MRS","Defend_MRS","MasterSpark","UpSweep","OpenUniverse","OrrerysSun+1","EnergyFlow+1","ChargeUpSpray","PropBag","PowerUp","NonDirectionalLaser","6A+1","PropBag","MillisecondPulsars","MachineGunSpark","EventHorizon","PropBag","Acceleration"],"relics":["MiniHakkero","Mummified Hand","Singing Bowl","Regal Pillow","Akabeko","Omamori","RampagingMagicTools","InkBottle","White Beast Statue","The Courier","Gremlin Horn","AmplifyWand"],"acts_visited":["Exordium","TheCity"],"potions_floor_usage":[14,16],"damage_taken":[{"damage":4,"enemies":"Small Slimes","floor":1,"turns":3},{"damage":9,"enemies":"Jaw Worm","floor":2,"turns":4},{"damage":26,"enemies":"Gremlin Nob","floor":7,"turns":4},{"damage":0,"enemies":"Cultist","floor":10,"turns":2},{"damage":0,"enemies":"3 Louse","floor":12,"turns":3},{"damage":3,"enemies":"Blue Slaver","floor":13,"turns":3},{"damage":0,"enemies":"Lagavulin","floor":14,"turns":6},{"damage":32,"enemies":"The Guardian","floor":16,"turns":9},{"damage":17,"enemies":"3 Byrds","floor":18,"turns":4},{"damage":1,"enemies":"2 Thieves","floor":21,"turns":4},{"damage":4,"enemies":"Centurion and Healer","floor":27,"turns":4},{"damage":71,"enemies":"Book of Stabbing","floor":28,"turns":3}],"seed_played":"7325908510403448094","potions_obtained":[{"floor":10,"key":"EssenceOfSteel"},{"floor":13,"key":"StarNLove"},{"floor":14,"key":"AttackPotion"},{"floor":27,"key":"Energy Potion"}],"is_trial":false,"path_per_floor":["M","M","?","?","$","R","E","R","T","M","R","M","M","E","R","B",null,"M","$","?","M","?","R","?","T","T","M","E"],"character_chosen":"MARISA","items_purchased":["ChargeUpSpray","EventHorizon"],"campfire_rested":2,"item_purchase_floors":[5,19],"current_hp_per_floor":[59,50,45,45,45,66,40,40,40,40,40,40,37,37,37,5,54,37,37,37,36,36,70,70,70,70,68,0,0],"gold":244,"neow_bonus":"TRANSFORM_CARD","is_daily":false,"chose_seed":false,"campfire_upgraded":3,"win_rate":0.0,"timestamp":1610514725,"path_taken":["M","M","?","?","$","R","E","R","T","M","R","M","M","E","R","BOSS","M","$","?","?","?","R","?","?","T","?","E"],"items_purchased_type":["Card","Card"],"build_version":"2020-12-22","purchased_purges":1,"victory":false,"max_hp_per_floor":[70,70,70,70,70,70,70,70,70,70,70,70,70,70,70,70,70,70,70,70,70,70,70,70,70,70,72,72,72],"card_choices":[{"not_picked":["MilkyWay","FairyDestructionRay"],"picked":"OrrerysSun","floor":1},{"not_picked":["DC","SuperPerseids"],"picked":"EnergyFlow","floor":2},{"not_picked":["DoubleSpark","OpenUniverse"],"picked":"PropBag","floor":7},{"not_picked":["OneTimeOff","MysteriousBeam"],"picked":"PowerUp","floor":10},{"not_picked":["GalacticHalo","Acceleration"],"picked":"NonDirectionalLaser","floor":12},{"not_picked":["DC","EscapeVelocity"],"picked":"6A","floor":13},{"not_picked":["StarDustReverie","EventHorizon"],"picked":"PropBag","floor":14},{"not_picked":["MaximisePower","SatelliteIllusion"],"picked":"MillisecondPulsars","floor":16},{"not_picked":["IllusionStar+1","Acceleration"],"picked":"MachineGunSpark","floor":18},{"not_picked":["OneTimeOff","WitchLeyline"],"picked":"PropBag","floor":21},{"not_picked":["Acceleration","MysteriousBeam","GasGiant"],"picked":"Singing Bowl","floor":27}],"player_experience":1374372,"relics_obtained":[{"floor":7,"key":"Regal Pillow"},{"floor":9,"key":"Akabeko"},{"floor":14,"key":"Omamori"},{"floor":25,"key":"White Beast Statue"},{"floor":26,"key":"The Courier"}],"event_choices":[{"damage_healed":0,"gold_gain":0,"player_choice":"Success","damage_taken":5,"relics_obtained":["Mummified Hand"],"max_hp_gain":0,"max_hp_loss":0,"event_name":"Scrap Ooze","floor":3,"gold_loss":0},{"damage_healed":0,"gold_gain":0,"player_choice":"Box","damage_taken":0,"relics_obtained":["Singing Bowl"],"max_hp_gain":0,"max_hp_loss":0,"event_name":"Big Fish","floor":4,"gold_loss":0,"cards_obtained":["Regret"]},{"damage_healed":0,"gold_gain":0,"player_choice":"Ignored","damage_taken":0,"max_hp_gain":0,"max_hp_loss":0,"event_name":"N\u0027loth","floor":20,"gold_loss":0},{"damage_healed":0,"gold_gain":0,"player_choice":"Obtained Relic","damage_taken":0,"relics_obtained":["InkBottle"],"max_hp_gain":0,"max_hp_loss":0,"event_name":"Addict","floor":22,"gold_loss":85},{"damage_healed":0,"gold_gain":0,"player_choice":"Read","damage_taken":0,"max_hp_gain":0,"max_hp_loss":0,"event_name":"The Library","floor":24,"gold_loss":0,"cards_obtained":["Acceleration"]}],"is_beta":false,"boss_relics":[{"not_picked":["Empty Cage","Black Star"],"picked":"RampagingMagicTools"}],"items_purged_floors":[5],"is_endless":false,"potions_floor_spawned":[10,13,14,27],"killed_by":"Book of Stabbing","ascension_level":20}}