{"host":"9jj9tzo2iym4bpat","time":1610577500,"event":{"mods":["Act Like it!","BaseMod","CapriCore","Gensokyo","Luminous","Marisa????????","Minty Spire (QoL Compilation)","Permanent Neow","StSLib","Td1madao Mod","The Animator","The Immortal","The Marked","The Servant 0.9.4"],"gold_per_floor":[111,111,111,35,35,70,82,113,113,113,140,140,174,24,24,128,128,139,167,67,84,84,84],"floor_reached":22,"language":"ENG","playtime":846,"items_purged":[],"score":234,"play_id":"555eb8d2-ddd0-4b87-8a09-71b78341a79a","local_time":"20210113163820","is_ascension_mode":true,"campfire_choices":[{"floor":10,"key":"REST"},{"floor":12,"key":"REST"},{"floor":15,"key":"REST"}],"circlet_count":0,"master_deck":["Strike_MRS","Strike_MRS","Strike_MRS+1","Strike_MRS+1","Defend_MRS","Defend_MRS","Defend_MRS","Defend_MRS","MasterSpark","UpSweep","6A","ChargingUp","MysteriousBeam","DC","GalacticHalo","TreasureHunter","Parasite","Parasite","FinalSpark","WitchLeyline+1","WitchLeyline+1","LuminesStrike","PowerUp","Occultation"],"relics":["MiniHakkero","NeowsBlessing","WingedGreaves","Whetstone","Toy Ornithopter","BreadOfAWashokuLover","Potion Belt","HandmadeGrimoire","ShroomBag","Philosopher\u0027s Stone","Red Mask"],"acts_visited":["Exordium","TheCity"],"potions_floor_usage":[8,16],"damage_taken":[{"damage":0,"enemies":"Cultist","floor":1,"turns":1},{"damage":0,"enemies":"3 Sentries","floor":6,"turns":1},{"damage":0,"enemies":"Small Slimes","floor":7,"turns":1},{"damage":21,"enemies":"Gremlin Nob","floor":8,"turns":4},{"damage":16,"enemies":"Lagavulin","floor":13,"turns":5},{"damage":51,"enemies":"Hexaghost","floor":16,"turns":9},{"damage":7,"enemies":"Shell Parasite","floor":18,"turns":4},{"damage":45,"enemies":"Masked Bandits","floor":19,"turns":6},{"damage":31,"enemies":"3 Byrds","floor":21,"turns":5},{"damage":16,"enemies":"Cultist and Chosen","floor":22,"turns":4}],"seed_played":"311332636962664720","potions_obtained":[{"floor":1,"key":"GamblersBrew"},{"floor":7,"key":"PowerPotion"},{"floor":13,"key":"SkillPotion"},{"floor":16,"key":"LiquidBronze"}],"is_trial":false,"path_per_floor":["M","?","?","$","?","E","M","E","T","R","T","R","E","$","R","B",null,"M","?","$","M","M"],"character_chosen":"MARISA","items_purchased":["ChargingUp","ShroomBag","LuminesStrike","PowerUp"],"campfire_rested":3,"item_purchase_floors":[4,14,20,20],"current_hp_per_floor":[75,50,50,50,55,55,55,34,34,58,58,80,64,64,80,32,80,78,38,38,13,0,0],"gold":84,"neow_bonus":"THREE_ENEMY_KILL","is_daily":false,"chose_seed":false,"campfire_upgraded":0,"win_rate":0.0,"timestamp":1610577500,"path_taken":["M","?","?","?","?","E","M","E","T","R","?","R","E","$","R","BOSS","M","?","$","M","M"],"items_purchased_type":["Card","Relic","Card","Card"],"build_version":"2020-12-22","purchased_purges":0,"victory":false,"max_hp_per_floor":[75,75,75,75,80,80,80,80,80,80,80,80,80,80,80,80,80,80,80,80,80,80,80],"card_choices":[{"not_picked":["PulseMagic","OortCloud"],"picked":"6A","floor":1},{"not_picked":["ManaConvection","Acceleration"],"picked":"MysteriousBeam","floor":6},{"not_picked":["PowerUp","MysteriousBeam"],"picked":"DC","floor":7},{"not_picked":["SporeBomb","AsteroidBelt"],"picked":"GalacticHalo","floor":8},{"not_picked":["MysteriousBeam","DoubleSpark"],"picked":"TreasureHunter","floor":13},{"not_picked":["ManaRampage","SuperNova"],"picked":"FinalSpark","floor":16},{"not_picked":["GalacticHalo","DoubleSpark"],"picked":"WitchLeyline+1","floor":18},{"not_picked":["SporeBomb","UnstableBomb"],"picked":"WitchLeyline+1","floor":19},{"not_picked":["Singularity","WitchLeyline"],"picked":"Occultation","floor":21}],"player_experience":233142,"relics_obtained":[{"floor":6,"key":"Whetstone"},{"floor":8,"key":"Toy Ornithopter"},{"floor":9,"key":"BreadOfAWashokuLover"},{"floor":11,"key":"Potion Belt"},{"floor":13,"key":"HandmadeGrimoire"},{"floor":19,"key":"Red Mask"}],"event_choices":[{"damage_healed":0,"gold_gain":0,"player_choice":"Success","damage_taken":25,"relics_obtained":["WingedGreaves"],"max_hp_gain":0,"max_hp_loss":0,"event_name":"Scrap Ooze","floor":2,"gold_loss":0},{"damage_healed":0,"gold_gain":0,"player_choice":"Leave","damage_taken":0,"max_hp_gain":0,"max_hp_loss":0,"event_name":"The Cleric","floor":3,"gold_loss":0},{"damage_healed":0,"gold_gain":0,"player_choice":"Donut","damage_taken":0,"max_hp_gain":5,"max_hp_loss":0,"event_name":"Big Fish","floor":5,"gold_loss":0},{"damage_healed":0,"gold_gain":0,"player_choice":"Fought Bandits","damage_taken":0,"max_hp_gain":0,"max_hp_loss":0,"event_name":"Masked Bandits","floor":19,"gold_loss":0}],"is_beta":false,"boss_relics":[{"not_picked":["Empty Cage","Astrolabe"],"picked":"Philosopher\u0027s Stone"}],"items_purged_floors":[],"is_endless":false,"potions_floor_spawned":[1,7,13,16],"killed_by":"Cultist and Chosen","ascension_level":1}}