{"host":"2pluridizrp50jef","time":1610575973,"event":{"mods":["ATMod(阿瑾Mod)","BaseMod","Better Altar","Better Match","Better Note","Better Sensory Stone","Better Skull","Better Third Choice","Colored Powertips","Custom Start","Decade(王小明)","Hermit","Lobotomy","LobotomyExtend","Marisa（F雨　魔理沙）","Minty Spire (QoL Compilation)","Rare Cards Sparkle","Relic Stats","Replay The Spire","StSLib","The Animator","The Bug Knight","The Cursed","The Hierophant","The Servant 0.9.4","Waifu the Spire","WarShipGirlsR/战舰少女R mod"],"gold_per_floor":[109,109,109,109,109,142,142,142,142,142,142,158,158,158,158,158,158,173,187,187,187,187,187,197,197,197,297,328,328,328,361,361,361,361,361,361,378,378,378,410,410,335,389,389,389,289,289,164,164,164,164],"floor_reached":52,"language":"ZHS","playtime":2449,"items_purged":["QueenBee","WhiteNight","LongBird"],"score":2148,"play_id":"741ee7c9-1da0-4c50-9b3f-a70967d0910e","local_time":"20210113141253","is_ascension_mode":true,"campfire_choices":[{"floor":7,"key":"REST"},{"floor":15,"key":"REST"},{"floor":47,"key":"REST"},{"floor":49,"key":"REST"}],"circlet_count":0,"master_deck":["CENSORED","BigBird","HereticApostle","TheCursedMod:NeowsMight+1","PowerUp+1","PowerUp+1","Violence+1","Adrenaline+1","All For One+1","All For One+1","Scrape+1","Scrape+1","Gash+1","Gash+1","Writhe"],"relics":["AT_ATBox","InkBottle","Bottled Flame","Bottled Lightning","Replay:Bottled Eggs","Replay:Bottled Steam","Unceasing Top","Juzu Bracelet","Ice Cream","Nunchaku","AT_LudenTempest","WristBlade","FossilizedHelix","Philosopher\u0027s Stone","Black Star","Replay:Towering Pillar of Hats","Replay:Ringing Soul","StoneMask","Mango","Vajra","Snack Pack","MagicBroom","LetterFromLob","CogitoBucket","LaetitiaHeart","AT_TimeSand","AT_SpeedBoots","Toxic Egg 2","BehaviorAdjustment","Replay:Drink Me","SacredBark","Blue Candle","FleshIdol","AT_ImmortalShieldbow","SolemnVow_r","Molten Egg 2","AT_ForceNature","DataDisk","Replay:Wax Seal","White Beast Statue","Runic Pyramid","AtMidnight","Justitia_r","Lamp_r","HollowMod:StagPassRelic","Frozen Egg 2","DeathAngel","CENSORED_r"],"acts_visited":["Exordium","TheCity","TheBeyond"],"potions_floor_usage":[],"damage_taken":[{"damage":0,"enemies":"Jaw Worm","floor":1,"turns":1},{"damage":0,"enemies":"Cultist","floor":4,"turns":1},{"damage":0,"enemies":"2 Louse","floor":5,"turns":1},{"damage":0,"enemies":"Gremlin Nob","floor":6,"turns":1},{"damage":0,"enemies":"2 Fungi Beasts","floor":10,"turns":1},{"damage":0,"enemies":"Exordium Thugs","floor":11,"turns":1},{"damage":0,"enemies":"Red Slaver","floor":12,"turns":1},{"damage":0,"enemies":"Large Slime","floor":13,"turns":1},{"damage":0,"enemies":"Hexaghost","floor":16,"turns":1},{"damage":0,"enemies":"Spheric Guardian","floor":18,"turns":1},{"damage":0,"enemies":"Shell Parasite","floor":19,"turns":1},{"damage":10,"enemies":"Centurion and Healer","floor":24,"turns":2},{"damage":0,"enemies":"HollowMod:Nosk","floor":28,"turns":1},{"damage":0,"enemies":"3 Cultists","floor":29,"turns":1},{"damage":0,"enemies":"Slavers","floor":31,"turns":1},{"damage":0,"enemies":"Champ","floor":33,"turns":1},{"damage":0,"enemies":"Orb Walker","floor":35,"turns":1},{"damage":0,"enemies":"3 Darklings","floor":36,"turns":1},{"damage":15,"enemies":"Sphere and 2 Shapes","floor":37,"turns":1},{"damage":0,"enemies":"Writhing Mass","floor":38,"turns":1},{"damage":0,"enemies":"Jaw Worm Horde","floor":39,"turns":1},{"damage":1,"enemies":"R_Hoarder","floor":40,"turns":2},{"damage":0,"enemies":"Maw","floor":41,"turns":1},{"damage":0,"enemies":"Writhing Mass","floor":44,"turns":1},{"damage":22,"enemies":"Time Eater","floor":50,"turns":2},{"damage":0,"enemies":"Donu and Deca","floor":51,"turns":1}],"seed_played":"-960803192408761971","potions_obtained":[{"floor":16,"key":"DistilledChaos"},{"floor":28,"key":"Milkshake"}],"is_trial":true,"path_per_floor":["M","WH","M","M","M","E","R","$","T","M","M","M","M","WH","R","B",null,"M","M","$","WH","$","T","M","?","T","WH","E","M","WH","E","R","B",null,"M","M","M","M","M","E","M","$","T","M","?","$","R","$","R","B","B",null],"character_chosen":"DEFECT","items_purchased":[],"campfire_rested":4,"item_purchase_floors":[],"current_hp_per_floor":[83,83,83,87,89,90,90,90,90,92,94,98,99,75,75,80,80,81,82,82,90,90,90,88,92,92,92,96,99,86,101,104,107,107,111,115,115,126,133,137,141,141,141,142,142,142,142,142,142,135,150],"gold":164,"neow_bonus":"REMOVE_TWO","is_daily":false,"chose_seed":false,"campfire_upgraded":0,"win_rate":0.0,"timestamp":1610575973,"path_taken":["M","WH","M","M","M","E","R","$","T","M","M","M","M","WH","R","BOSS","M","M","$","WH","$","?","M","?","T","WH","E","M","WH","E","R","BOSS","M","M","M","M","M","E","M","?","T","M","?","$","R","$","R","BOSS","BOSS"],"items_purchased_type":[],"build_version":"2020-12-22","purchased_purges":3,"victory":true,"max_hp_per_floor":[86,86,86,87,89,90,90,90,90,92,94,98,99,75,75,80,80,81,82,82,90,90,90,94,94,94,94,96,99,99,102,105,107,107,111,115,121,126,133,137,141,141,141,142,142,142,142,142,142,147,150],"relic_stats":{"Nunchaku":[22],"counters":[31,34],"Blue Candle":[0],"Juzu Bracelet":0,"Black Star":4,"obtain_stats":[{"Ice Cream":0,"AT_ATBox":0,"Vajra":0,"FleshIdol":24,"AT_TimeSand":6,"HollowMod:StagPassRelic":40,"Replay:Ringing Soul":0,"LaetitiaHeart":3,"Philosopher\u0027s Stone":0,"Toxic Egg 2":9,"Replay:Wax Seal":31,"Replay:Bottled Steam":0,"StoneMask":0,"Blue Candle":23,"Bottled Flame":0,"AT_LudenTempest":0,"AT_SpeedBoots":6,"Molten Egg 2":28,"Black Star":0,"Unceasing Top":0,"CENSORED_r":50,"SolemnVow_r":28,"SacredBark":17,"Mango":0,"Juzu Bracelet":0,"Lamp_r":39,"Nunchaku":0,"CogitoBucket":2,"WristBlade":0,"Replay:Bottled Eggs":0,"Cracked Core":0,"Replay:Drink Me":14,"InkBottle":0,"Runic Pyramid":34,"AT_ForceNature":28,"MagicBroom":0,"Replay:Towering Pillar of Hats":0,"DeathAngel":44,"Frozen Egg 2":40,"White Beast Statue":32,"AT_ImmortalShieldbow":26,"DataDisk":31,"AtMidnight":35,"BehaviorAdjustment":12,"Snack Pack":0,"LetterFromLob":1,"Bottled Lightning":0,"FossilizedHelix":0,"Justitia_r":38},{"Ice Cream":0,"AT_ATBox":0,"Vajra":0,"FleshIdol":14,"AT_TimeSand":4,"HollowMod:StagPassRelic":25,"Replay:Ringing Soul":0,"LaetitiaHeart":1,"Philosopher\u0027s Stone":0,"Toxic Egg 2":4,"Replay:Wax Seal":17,"Replay:Bottled Steam":0,"StoneMask":0,"Blue Candle":12,"Bottled Flame":0,"AT_LudenTempest":0,"AT_SpeedBoots":4,"Molten Egg 2":15,"Black Star":0,"Unceasing Top":0,"CENSORED_r":30,"SolemnVow_r":15,"SacredBark":10,"Mango":0,"Juzu Bracelet":0,"Lamp_r":24,"Nunchaku":0,"CogitoBucket":1,"WristBlade":0,"Replay:Bottled Eggs":0,"Cracked Core":0,"Replay:Drink Me":9,"InkBottle":0,"Runic Pyramid":18,"AT_ForceNature":15,"MagicBroom":0,"Replay:Towering Pillar of Hats":0,"DeathAngel":28,"Frozen Egg 2":25,"White Beast Statue":17,"AT_ImmortalShieldbow":14,"DataDisk":17,"AtMidnight":20,"BehaviorAdjustment":8,"Snack Pack":0,"LetterFromLob":1,"Bottled Lightning":0,"FossilizedHelix":0,"Justitia_r":23},{"Ice Cream":0,"AT_ATBox":0,"Vajra":0,"FleshIdol":15,"AT_TimeSand":4,"HollowMod:StagPassRelic":27,"Replay:Ringing Soul":0,"LaetitiaHeart":1,"Philosopher\u0027s Stone":0,"Toxic Egg 2":4,"Replay:Wax Seal":18,"Replay:Bottled Steam":0,"StoneMask":0,"Blue Candle":12,"Bottled Flame":0,"AT_LudenTempest":0,"AT_SpeedBoots":4,"Molten Egg 2":16,"Black Star":0,"Unceasing Top":0,"CENSORED_r":33,"SolemnVow_r":16,"SacredBark":10,"Mango":0,"Juzu Bracelet":0,"Lamp_r":25,"Nunchaku":0,"CogitoBucket":1,"WristBlade":0,"Replay:Bottled Eggs":0,"Cracked Core":0,"Replay:Drink Me":9,"InkBottle":0,"Runic Pyramid":19,"AT_ForceNature":16,"MagicBroom":0,"Replay:Towering Pillar of Hats":0,"DeathAngel":30,"Frozen Egg 2":27,"White Beast Statue":18,"AT_ImmortalShieldbow":15,"DataDisk":18,"AtMidnight":21,"BehaviorAdjustment":8,"Snack Pack":0,"LetterFromLob":1,"Bottled Lightning":0,"FossilizedHelix":0,"Justitia_r":24}],"InkBottle":[37],"Unceasing Top":[0]},"card_choices":[{"not_picked":["Panic Button","ReplayTheSpireMod:GoodbyeWorld","Undo"],"picked":"SKIP","floor":1},{"not_picked":["CrumblingArmor","Wellcheers","BeautyBeast"],"picked":"Singing Bowl","floor":4},{"not_picked":["Chaos","Ball Lightning","BasicCrystalCard"],"picked":"SKIP","floor":4},{"not_picked":["Murderer","Mercenary","Yin"],"picked":"Singing Bowl","floor":5},{"not_picked":["Go for the Eyes","Rip and Tear","Rebound"],"picked":"SKIP","floor":5},{"not_picked":["FairyFestival","Scarecrow","Mercenary"],"picked":"Singing Bowl","floor":6},{"not_picked":["Recycle","Mirror Shield","Panic Button"],"picked":"SKIP","floor":6},{"not_picked":["Mercenary","CrumblingArmor","OldLady"],"picked":"Singing Bowl","floor":10},{"not_picked":["Go for the Eyes","Tempest+1","Hello World"],"picked":"SKIP","floor":10},{"not_picked":["BigBird","LongBird","BeautyBeast"],"picked":"Singing Bowl","floor":11},{"not_picked":["Sweeping Beam","Ball Lightning","Rip and Tear"],"picked":"SKIP","floor":11},{"not_picked":["UniverseFragment","Alriune","Porccubus"],"picked":"Singing Bowl","floor":12},{"not_picked":["Gash","AT_ThreeBodyProblem","Capacitor"],"picked":"SKIP","floor":12},{"not_picked":["RedShoes","MeatLantern","CherryBlossoms"],"picked":"Singing Bowl","floor":13},{"not_picked":["Time Bomb+1","Undo+1","AT_HeatAcrobatics+1"],"picked":"SKIP","floor":13},{"not_picked":["FieryBird","Murderer","SnowQueen"],"picked":"Singing Bowl","floor":16},{"not_picked":["MHz","Scarecrow"],"picked":"Woodsman","floor":16},{"not_picked":["WhitesApple","CherryBlossoms","Rudolta"],"picked":"Singing Bowl","floor":18},{"not_picked":["AT_HeatAcrobatics+1","Barrage","AT_DarkMatter+1"],"picked":"SKIP","floor":18},{"not_picked":["LittlePrince","WallGazer","MHz"],"picked":"Singing Bowl","floor":19},{"not_picked":["Ball Lightning","Leap+1","Doom and Gloom"],"picked":"SKIP","floor":19},{"not_picked":["Variant","OldLady","VoidDream"],"picked":"Singing Bowl","floor":24},{"not_picked":["Scarecrow","Yin"],"picked":"Funeral","floor":24},{"not_picked":["Turbo+1","BasicCrystalCard+1","Consume+1"],"picked":"SKIP","floor":24},{"not_picked":["Turbo+1","BasicCrystalCard+1","Consume+1"],"picked":"SKIP","floor":24},{"not_picked":["BigBadWolf","ShyLook","UniverseFragment"],"picked":"Singing Bowl","floor":28},{"not_picked":["Conserve Battery+1","Buffer","FTL+1"],"picked":"SKIP","floor":28},{"not_picked":["WhitesApple","BigBird","BlackSwan"],"picked":"Singing Bowl","floor":29},{"not_picked":["Streamline+1","Stack+1","AT_ThreeBodyProblem"],"picked":"SKIP","floor":29},{"not_picked":["Streamline+1","Stack+1","AT_ThreeBodyProblem"],"picked":"SKIP","floor":29},{"not_picked":["MeatLantern","WhitesApple","SpiderBud"],"picked":"Singing Bowl","floor":31},{"not_picked":["Steam+1","Cold Snap+1","Defragment"],"picked":"SKIP","floor":31},{"not_picked":["HeroicMonk","DreamingCurrent","LongBird"],"picked":"Singing Bowl","floor":33},{"not_picked":["Variant","WhitesApple"],"picked":"CENSORED","floor":35},{"not_picked":["Barrage+1","Stack+1","Hologram+1"],"picked":"SKIP","floor":35},{"not_picked":["Freischutz","UniverseFragment"],"picked":"MeltingLove","floor":36},{"not_picked":["Rebound+1","Aggregate+1","Stack+1"],"picked":"SKIP","floor":36},{"not_picked":["SilentOrchestra","VoidDream"],"picked":"LongBird","floor":37},{"not_picked":["ReplayTheSpireMod:Reroute Power+1","Sweeping Beam+1","Consume+1"],"picked":"SKIP","floor":37},{"not_picked":["BigBadWolf","ShyLook","LittleHelper"],"picked":"Singing Bowl","floor":38},{"not_picked":["BlackSwan","Laetitia"],"picked":"BigBird","floor":38},{"not_picked":["Aggregate+1","Hologram+1","Cold Snap+1"],"picked":"SKIP","floor":38},{"not_picked":["MeatLantern","BlackSwan"],"picked":"QueenOfHatred","floor":39},{"not_picked":["Coolheaded+1","ReplayGash+1","AT_HeatAcrobatics+1"],"picked":"SKIP","floor":39},{"not_picked":["Coolheaded+1","ReplayGash+1","AT_HeatAcrobatics+1"],"picked":"SKIP","floor":39},{"not_picked":["LittleHelper","Funeral"],"picked":"QueenBee","floor":40},{"not_picked":["All For One+1","FIFO Queue+1","Sweeping Beam+1"],"picked":"SKIP","floor":40},{"not_picked":["OSAHOGD","Mercenary","WhitesApple"],"picked":"Singing Bowl","floor":41},{"not_picked":["FieryBird","ShyLook"],"picked":"WhiteNight","floor":41},{"not_picked":["BasicCrystalCard+1","Beam Cell+1","Rip and Tear+1"],"picked":"SKIP","floor":41},{"not_picked":["SilentOrchestra","HappyTeddy","Variant"],"picked":"Singing Bowl","floor":44}],"player_experience":139098,"relics_obtained":[{"floor":1,"key":"LetterFromLob"},{"floor":6,"key":"AT_TimeSand"},{"floor":6,"key":"AT_SpeedBoots"},{"floor":9,"key":"Toxic Egg 2"},{"floor":23,"key":"Blue Candle"},{"floor":26,"key":"AT_ImmortalShieldbow"},{"floor":28,"key":"Molten Egg 2"},{"floor":28,"key":"AT_ForceNature"},{"floor":31,"key":"DataDisk"},{"floor":31,"key":"Replay:Wax Seal"},{"floor":35,"key":"AtMidnight"},{"floor":40,"key":"HollowMod:StagPassRelic"},{"floor":40,"key":"Frozen Egg 2"},{"floor":44,"key":"DeathAngel"}],"event_choices":[{"damage_healed":0,"gold_gain":0,"player_choice":"Opened","damage_taken":0,"relics_obtained":["White Beast Statue"],"max_hp_gain":0,"max_hp_loss":0,"event_name":"The Mausoleum","floor":32,"gold_loss":0,"cards_obtained":["Writhe"]},{"damage_healed":0,"gold_gain":0,"player_choice":"Ignored","damage_taken":0,"max_hp_gain":0,"max_hp_loss":0,"event_name":"Upgrade Shrine","floor":45,"gold_loss":0}],"is_beta":false,"boss_relics":[{"not_picked":["Snecko Eye","Empty Cage"],"picked":"SacredBark"},{"not_picked":["ChewingGum","Velvet Choker"],"picked":"Runic Pyramid"}],"items_purged_floors":[42,46,48],"is_endless":false,"potions_floor_spawned":[5,12,16,19,28,33,35,36,37,38,39,40,41,44],"ascension_level":20}}