{"host":"pa65g39v0cwbmgvo","time":1610518346,"event":{"mods":["2.2 Compatiblity","ATMod(°¢èªMod)","BaseMod","Better Skull","Better Third Choice","BetterRewards","Dota2Spire","Minty Spire (QoL Compilation)","Quick Restart","Replay The Spire","Spicy Shops","StSLib","SuperFastMode","¡¾ÒÅÎï¿¨ÅÆ¡¿REMEMod"],"gold_per_floor":[115,65,78,92,152,152,183,196,221,278,332,407,407,471,471,569,569,616,556,556,567,594,619,669,701,701,766,784,819,819,877,877,980,980,991,991,1071,1071,1087,1151,1171,842,842,842,862,389,389,223,223,253,253,253,58,90,90],"floor_reached":56,"language":"ZHS","playtime":1438,"items_purged":["Strike_B","Strike_B","Strike_B","Defend_B","Dualcast","Defend_B"],"score":2634,"play_id":"e8c0ed5e-da84-4350-9bb4-fd8c91d7fa90","local_time":"20210113141226","is_ascension_mode":true,"campfire_choices":[{"floor":6.0,"key":"REST"},{"floor":13.0,"key":"REST"},{"floor":15.0,"key":"RECALL"},{"floor":30.0,"key":"DIG"},{"floor":32.0,"key":"DIG"},{"floor":47,"key":"DIG"},{"floor":49,"key":"DIG"},{"floor":52,"key":"DIG"}],"circlet_count":0,"master_deck":["Defend_B","Zap","ReplaySort+1","AT_StudyProgram+1","AT_EMC2","Capacitor","Blizzard","Conserve Battery","Glacier","Reboot+1","Coolheaded+1","Panic Button+1","Madness+1","AT_StudyProgram+1","REME_FirmDetermination"],"relics":["Cracked Core","REME_ComplimentaryCards","AT_ATBox","Shovel","Dota2Spire:EyeOfSkadi","Guide Book","Mirror","Centennial Puzzle","AT_Manta","Sling","Iron Hammer","Akabeko","Dota2Spire:HandOfMidas","Dota2Spire:LotusOrb","Odd Mushroom","Toxic Egg 2","REME_DuelDisc","ReplayTheSpireMod:Shallot","Calipers","Durian","Dota2Spire:LinkenSphere","Du-Vu Doll","Geode","Pen Nib","AT_BladeRuinedKing","Dota2Spire:RefresherOrb","Ginger","Juzu Bracelet","Membership Card","ReplayFunnel","Meat on the Bone","Sundial","AT_RabadonDeathcap","AT_ForceNature","Replay:WaspNest","Medical Kit","Counterbalance","Mummified Hand","ReplayTheSpireMod:Lightbulb","Vajra"],"acts_visited":["Exordium","TheCity","TheBeyond","TheEnding"],"potions_floor_usage":[],"damage_taken":[{"damage":0.0,"enemies":"Jaw Worm","floor":1.0,"turns":4.0},{"damage":0.0,"enemies":"2 Louse","floor":3.0,"turns":2.0},{"damage":8.0,"enemies":"Small Slimes","floor":4.0,"turns":4.0},{"damage":7.0,"enemies":"Replay:BlueRogue","floor":7.0,"turns":5.0},{"damage":0.0,"enemies":"3 Louse","floor":8.0,"turns":1.0},{"damage":10.0,"enemies":"3 Sentries","floor":10.0,"turns":3.0},{"damage":5.0,"enemies":"The Mushroom Lair","floor":11.0,"turns":4.0},{"damage":0.0,"enemies":"Lagavulin","floor":14.0,"turns":5.0},{"damage":8.0,"enemies":"Fading Forest","floor":16.0,"turns":4.0},{"damage":0.0,"enemies":"Shell Parasite","floor":18.0,"turns":3.0},{"damage":0.0,"enemies":"Spheric Guardian","floor":21.0,"turns":2.0},{"damage":0.0,"enemies":"Gremlin Leader","floor":23.0,"turns":2.0},{"damage":0.0,"enemies":"Cultist and Chosen","floor":24.0,"turns":3.0},{"damage":0.0,"enemies":"Replay:Snechameleon","floor":25.0,"turns":3.0},{"damage":0.0,"enemies":"Book of Stabbing","floor":27.0,"turns":2.0},{"damage":0.0,"enemies":"Snake Plant","floor":28.0,"turns":2.0},{"damage":0.0,"enemies":"Slavers","floor":29.0,"turns":2.0},{"damage":0.0,"enemies":"Book of Stabbing","floor":31.0,"turns":2.0},{"damage":0.0,"enemies":"Pondfish","floor":33.0,"turns":2.0},{"damage":0.0,"enemies":"Orb Walker","floor":35.0,"turns":2.0},{"damage":0.0,"enemies":"2 Orb Walkers","floor":37.0,"turns":4.0},{"damage":0,"enemies":"3 Shapes","floor":39,"turns":2},{"damage":0,"enemies":"R_Hoarder","floor":40,"turns":2},{"damage":0,"enemies":"3 Darklings","floor":41,"turns":2},{"damage":0,"enemies":"Transient","floor":45,"turns":2},{"damage":0,"enemies":"Donu and Deca","floor":50,"turns":2},{"damage":0,"enemies":"Shield and Spear","floor":54,"turns":1},{"damage":0,"enemies":"The Heart","floor":55,"turns":3}],"seed_played":"-1794336728510753091","potions_obtained":[{"floor":4.0,"key":"Dexterity Potion"},{"floor":5.0,"key":"FocusPotion"},{"floor":10.0,"key":"FearPotion"},{"floor":11.0,"key":"BlessingOfTheForge"},{"floor":24.0,"key":"SkillPotion"}],"is_trial":false,"path_per_floor":["M","?","M","M","?","R","E","M","T","E","?","?","R","E","R","B",null,"M","?","?","M","T","E","M","E","T","E","M","E","R","E","R","B",null,"M","?","?","?","M","E","M","$","T","?","M","$","R","$","R","B",null,"R","$","E","B",null],"character_chosen":"DEFECT","items_purchased":["Dota2Spire:EyeOfSkadi","AT_EMC2","Capacitor","Guide Book","Mirror","Centennial Puzzle","AT_Manta","Sling","Membership Card","ReplayFunnel","REME_FirmDetermination","Sundial","AT_RabadonDeathcap","AT_ForceNature","Medical Kit","ReplayTheSpireMod:Lightbulb"],"campfire_rested":2,"item_purchase_floors":[0,0,0,0,0,0,0,0,42,42,42,46,46,46,48,53],"current_hp_per_floor":[80,80,80,72,40,64,57,57,57,47,42,31,55,55,55,47,80,80,80,65,65,65,65,65,65,70,70,70,70,70,70,70,70,90,90,90,90,90,90,90,90,90,90,85,85,85,85,85,85,85,85,85,85,85,85],"gold":90,"neow_bonus":"","is_daily":false,"chose_seed":false,"campfire_upgraded":0,"win_rate":0.0,"timestamp":1610518346,"path_taken":["M","?","M","M","?","R","E","M","T","E","?","?","R","E","R","BOSS","M","?","?","M","?","E","M","E","T","E","M","E","R","E","R","BOSS","M","?","?","?","?","E","M","?","T","?","M","$","R","$","R","BOSS","R","$","E","BOSS"],"items_purchased_type":["Relic","Card","Card","Relic","Relic","Relic","Relic","Relic","Relic","Relic","Card","Relic","Relic","Relic","Relic","Relic"],"build_version":"2020-12-22","purchased_purges":6,"victory":true,"max_hp_per_floor":[80,80,80,80,80,80,80,80,80,80,80,80,80,80,80,80,80,80,80,85,85,85,85,85,85,90,90,90,90,90,90,90,90,90,90,90,90,90,90,90,90,90,90,85,85,85,85,85,85,85,85,85,85,85,85],"card_choices":[{"not_picked":["Streamline","ReplayTheSpireMod:Repulse"],"picked":"Blizzard","floor":1.0},{"not_picked":["ReplayTheSpireMod:System Scan","Sweeping Beam"],"picked":"Conserve Battery","floor":3.0},{"not_picked":["Stack","Consume","ReplaySort"],"picked":"SKIP","floor":4.0},{"not_picked":["Go for the Eyes","Hello World","Barrage"],"picked":"SKIP","floor":7.0},{"not_picked":["Leap","Turbo"],"picked":"Glacier","floor":8.0},{"not_picked":["Hyperbeam","Beam Cell","Compile Driver"],"picked":"SKIP","floor":10.0},{"not_picked":["REME_DataAnalysis","BasicCrystalCard+1"],"picked":"Reboot+1","floor":14.0},{"not_picked":["Beam Cell","Hologram+1","Steam+1"],"picked":"SKIP","floor":18.0},{"not_picked":["Beam Cell+1","AT_ThreeBodyProblem","Cold Snap+1"],"picked":"SKIP","floor":21.0},{"not_picked":["Stack+1","Glacier+1","Scrape+1"],"picked":"SKIP","floor":23.0},{"not_picked":["Steam+1","Skim+1"],"picked":"Coolheaded+1","floor":24.0},{"not_picked":["Redo+1","Turbo+1"],"picked":"Panic Button+1","floor":25.0},{"not_picked":["Compile Driver","FTL","AT_WaterDrop"],"picked":"SKIP","floor":27.0},{"not_picked":["Conserve Battery+1","Leap+1","Go for the Eyes"],"picked":"SKIP","floor":28.0},{"not_picked":["Compile Driver","Core Surge","Multi-Cast+1"],"picked":"SKIP","floor":29.0},{"not_picked":["REME_Whirling+1","Gash","Thunder Strike"],"picked":"SKIP","floor":31.0},{"not_picked":["Redo+1","Sweeping Beam","Capacitor"],"picked":"SKIP","floor":35.0},{"not_picked":["REME_HeartOfCthun","Jack Of All Trades+1"],"picked":"Madness+1","floor":36.0},{"not_picked":["Glacier+1","Leap+1","Coolheaded+1"],"picked":"SKIP","floor":39},{"not_picked":["Turbo+1","Hologram+1","Go for the Eyes"],"picked":"SKIP","floor":40},{"not_picked":["Gash+1","Lockon"],"picked":"AT_StudyProgram+1","floor":41},{"not_picked":["Barrage","Leap+1","Turbo+1"],"picked":"SKIP","floor":45},{"not_picked":["Double Energy+1","Rebound","Lockon+1"],"picked":"SKIP","floor":54}],"player_experience":66560,"relics_obtained":[{"floor":5.0,"key":"Iron Hammer"},{"floor":7.0,"key":"Akabeko"},{"floor":9.0,"key":"Dota2Spire:HandOfMidas"},{"floor":10.0,"key":"Dota2Spire:LotusOrb"},{"floor":11.0,"key":"Odd Mushroom"},{"floor":14.0,"key":"Toxic Egg 2"},{"floor":23.0,"key":"ReplayTheSpireMod:Shallot"},{"floor":25.0,"key":"Calipers"},{"floor":26.0,"key":"Durian"},{"floor":27.0,"key":"Dota2Spire:LinkenSphere"},{"floor":29.0,"key":"Du-Vu Doll"},{"floor":30.0,"key":"Geode"},{"floor":31.0,"key":"Pen Nib"},{"floor":32.0,"key":"AT_BladeRuinedKing"},{"floor":37.0,"key":"Ginger"},{"floor":40,"key":"Juzu Bracelet"},{"floor":43,"key":"Meat on the Bone"},{"floor":47,"key":"Replay:WaspNest"},{"floor":49,"key":"Counterbalance"},{"floor":52,"key":"Mummified Hand"},{"floor":54,"key":"Vajra"}],"event_choices":[{"cards_removed":["Defend_B"],"damage_healed":0.0,"max_hp_gain":0.0,"max_hp_loss":0.0,"gold_gain":0.0,"event_name":"The Cleric","player_choice":"Card Removal","floor":2.0,"gold_loss":50.0,"damage_taken":0.0},{"damage_healed":0.0,"max_hp_gain":0.0,"max_hp_loss":0.0,"gold_gain":0.0,"event_name":"Mushrooms","player_choice":"Fought Mushrooms","floor":11.0,"gold_loss":0.0,"damage_taken":0.0},{"damage_healed":0.0,"max_hp_gain":0.0,"max_hp_loss":0.0,"gold_gain":75.0,"event_name":"betterThird:BetterGoop","player_choice":"Gold","floor":12.0,"gold_loss":0.0,"damage_taken":11.0},{"damage_healed":0.0,"max_hp_gain":5.0,"max_hp_loss":0.0,"gold_gain":0.0,"event_name":"Forgotten Altar","player_choice":"Shed Blood","floor":20.0,"gold_loss":0.0,"damage_taken":20.0},{"damage_healed":0.0,"max_hp_gain":0.0,"max_hp_loss":0.0,"gold_gain":0.0,"event_name":"SensoryStone","player_choice":"Memory 1","floor":36.0,"gold_loss":0.0,"damage_taken":0.0},{"damage_healed":0.0,"max_hp_gain":0.0,"max_hp_loss":0.0,"gold_gain":0.0,"event_name":"Mysterious Sphere","player_choice":"Fight","floor":37.0,"gold_loss":0.0,"damage_taken":0.0},{"cards_removed":["Strike_B"],"damage_healed":0.0,"max_hp_gain":0.0,"max_hp_loss":0.0,"gold_gain":0.0,"event_name":"Purifier","player_choice":"Purged","floor":38.0,"gold_loss":0.0,"damage_taken":0.0},{"damage_healed":0,"gold_gain":0,"player_choice":"Max HP","damage_taken":0,"max_hp_gain":0,"max_hp_loss":5,"event_name":"Winding Halls","floor":44,"gold_loss":0}],"is_beta":false,"boss_relics":[{"not_picked":["REME_LowDesire","FrozenCore"],"picked":"REME_DuelDisc"},{"not_picked":["Coffee Dripper","REME_DemonsWealth"],"picked":"Dota2Spire:RefresherOrb"}],"items_purged_floors":[0,0,42,46,48,53],"is_endless":false,"potions_floor_spawned":[4,10,11,23,24,25,31,35,39,54],"ascension_level":3}}