{"host":"7gewg82ormp6yt4e","time":1610543509,"event":{"mods":["BaseMod","Block Reminder","Colored Map","Colored Powertips","DeckTracker","Highlight Path","Minty Spire (QoL Compilation)","Relic Stats","StSLib","ojb\u0027s Info Mod"],"gold_per_floor":[109,125,144,144,144,144,168,168,168,168,75,0,20,39,39,129,129,161,111,120,63,63,63,63,63,63,86,115,115,115],"floor_reached":29,"language":"JPN","playtime":1266,"items_purged":[],"score":458,"play_id":"b08d8c25-6a3c-4967-b298-8e1038d86b7d","local_time":"20210113221149","is_ascension_mode":true,"campfire_choices":[{"floor":6,"key":"REST"},{"floor":8,"key":"REST"},{"data":"Compile Driver","floor":15,"key":"SMITH"},{"data":"Biased Cognition","floor":23,"key":"SMITH"},{"data":"Self Repair","floor":25,"key":"SMITH"}],"circlet_count":0,"master_deck":["AscendersBane","Strike_B","Strike_B","Defend_B","Defend_B+1","Defend_B+1","Zap+1","Dualcast+1","Undo","Glacier","Compile Driver+1","Conserve Battery+1","Capacitor","Self Repair+1","White Noise+1","Echo Form","CurseOfTheBell","Aggregate+1","Glacier+1","Blizzard","Biased Cognition+1","Ball Lightning"],"relics":["Inserter","War Paint","Juzu Bracelet","Toxic Egg 2","Golden Idol","Calling Bell","CeramicFish","InkBottle","FossilizedHelix","White Beast Statue","Kunai","PreservedInsect"],"acts_visited":["Exordium","TheCity"],"potions_floor_usage":[16,16,24,28,29],"damage_taken":[{"damage":24,"enemies":"Jaw Worm","floor":1,"turns":7},{"damage":4,"enemies":"2 Louse","floor":2,"turns":5},{"damage":0,"enemies":"Cultist","floor":3,"turns":6},{"damage":0,"enemies":"Blue Slaver","floor":13,"turns":7},{"damage":4,"enemies":"Exordium Wildlife","floor":14,"turns":8},{"damage":13,"enemies":"The Guardian","floor":16,"turns":14},{"damage":0,"enemies":"Chosen","floor":18,"turns":7},{"damage":0,"enemies":"Book of Stabbing","floor":24,"turns":1},{"damage":22,"enemies":"3 Byrds","floor":28,"turns":8},{"damage":66,"enemies":"Cultist and Chosen","floor":29,"turns":6}],"seed_played":"-2736620406311584091","potions_obtained":[{"floor":1,"key":"Weak Potion"},{"floor":2,"key":"SkillPotion"},{"floor":14,"key":"FocusPotion"},{"floor":16,"key":"SmokeBomb"},{"floor":18,"key":"Weak Potion"},{"floor":28,"key":"Regen Potion"}],"is_trial":false,"path_per_floor":["M","M","M","?","?","R","T","R","T","?","$","?","M","M","R","B",null,"M","?","?","?","T","R","E","R","T","T","M","M"],"character_chosen":"DEFECT","items_purchased":["Conserve Battery+1","Capacitor"],"campfire_rested":2,"item_purchase_floors":[11,11],"current_hp_per_floor":[40,36,36,25,4,25,25,46,46,46,46,46,46,49,49,43,59,64,64,64,64,64,64,64,64,64,64,52,0,0],"gold":115,"neow_bonus":"BOSS_RELIC","is_daily":false,"chose_seed":false,"campfire_upgraded":3,"win_rate":0.0,"timestamp":1610543509,"path_taken":["M","M","M","?","?","R","?","R","T","?","$","?","M","M","R","BOSS","M","?","?","?","?","R","E","R","T","?","M","M"],"items_purchased_type":["Card","Card"],"build_version":"2020-12-22","purchased_purges":0,"victory":false,"max_hp_per_floor":[71,71,71,71,71,71,71,71,71,64,64,64,64,64,64,64,64,64,64,64,64,64,64,64,64,64,64,64,64,64],"relic_stats":{"Inserter":[32],"counters":[10,69],"Golden Idol":42,"CeramicFish":45,"PreservedInsect":0,"Juzu Bracelet":3,"Kunai":[1],"War Paint":["Defend_B","Zap"],"obtain_stats":[{"Inserter":0,"Golden Idol":10,"CeramicFish":17,"PreservedInsect":27,"Juzu Bracelet":7,"War Paint":4,"White Beast Statue":22,"Calling Bell":17,"Kunai":26,"Toxic Egg 2":9,"Cracked Core":0,"InkBottle":17,"FossilizedHelix":17},{"Inserter":0,"Golden Idol":3,"CeramicFish":6,"PreservedInsect":8,"Juzu Bracelet":3,"War Paint":3,"White Beast Statue":7,"Calling Bell":6,"Kunai":8,"Toxic Egg 2":3,"Cracked Core":0,"InkBottle":6,"FossilizedHelix":6},{"Inserter":0,"Golden Idol":18,"CeramicFish":47,"PreservedInsect":55,"Juzu Bracelet":18,"War Paint":18,"White Beast Statue":54,"Calling Bell":47,"Kunai":55,"Toxic Egg 2":18,"Cracked Core":0,"InkBottle":47,"FossilizedHelix":47}],"InkBottle":[7]},"card_choices":[{"not_picked":["Skim","Hello World"],"picked":"Undo","floor":1},{"not_picked":["FTL","Coolheaded"],"picked":"Glacier","floor":2},{"not_picked":["Conserve Battery","Skim"],"picked":"Compile Driver","floor":3},{"not_picked":["Aggregate+1","Conserve Battery+1"],"picked":"Self Repair","floor":13},{"not_picked":["Heatsinks","Double Energy+1"],"picked":"White Noise+1","floor":14},{"not_picked":["Amplify+1","All For One"],"picked":"Echo Form","floor":16},{"not_picked":["Sweeping Beam","Reprogram+1"],"picked":"Aggregate+1","floor":18},{"not_picked":["Tempest+1","Redo+1"],"picked":"Ball Lightning","floor":28}],"player_experience":2566894,"relics_obtained":[{"floor":7,"key":"Juzu Bracelet"},{"floor":9,"key":"Toxic Egg 2"},{"floor":17,"key":"CeramicFish"},{"floor":17,"key":"InkBottle"},{"floor":17,"key":"FossilizedHelix"},{"floor":22,"key":"White Beast Statue"},{"floor":26,"key":"Kunai"},{"floor":27,"key":"PreservedInsect"}],"event_choices":[{"damage_healed":0,"gold_gain":0,"player_choice":"Success","damage_taken":11,"relics_obtained":["War Paint"],"max_hp_gain":0,"max_hp_loss":0,"event_name":"Scrap Ooze","floor":4,"gold_loss":0},{"damage_healed":0,"gold_gain":0,"player_choice":"Entered Light","damage_taken":21,"max_hp_gain":0,"max_hp_loss":0,"event_name":"Shining Light","floor":5,"gold_loss":0,"cards_upgraded":["Defend_B","Dualcast"]},{"damage_healed":0,"gold_gain":0,"player_choice":"Lose Max HP","damage_taken":0,"relics_obtained":["Golden Idol"],"max_hp_gain":0,"max_hp_loss":7,"event_name":"Golden Idol","floor":10,"gold_loss":0},{"cards_removed":["Defend_B"],"damage_healed":0,"gold_gain":0,"player_choice":"Card Removal","damage_taken":0,"max_hp_gain":0,"max_hp_loss":0,"event_name":"The Cleric","floor":12,"gold_loss":75},{"damage_healed":0,"gold_gain":0,"player_choice":"Bet on Murderer","damage_taken":0,"max_hp_gain":0,"max_hp_loss":0,"event_name":"The Joust","floor":19,"gold_loss":50},{"damage_healed":0,"gold_gain":0,"player_choice":"Copied","damage_taken":0,"max_hp_gain":0,"max_hp_loss":0,"event_name":"Duplicator","floor":20,"gold_loss":0,"cards_obtained":["Glacier"]},{"damage_healed":0,"gold_gain":0,"cards_transformed":["Strike_B","Strike_B"],"player_choice":"Transformed Cards","damage_taken":0,"max_hp_gain":0,"max_hp_loss":0,"event_name":"Designer","floor":21,"gold_loss":75,"cards_obtained":["Blizzard","Biased Cognition"]}],"is_beta":false,"boss_relics":[{"not_picked":["SacredBark","Ectoplasm"],"picked":"Calling Bell"}],"items_purged_floors":[],"is_endless":false,"potions_floor_spawned":[1,2,13,14,16,18,24,28],"killed_by":"Cultist and Chosen","ascension_level":20}}