{"host":"kn32u0f2pym5bozc","time":1610537397,"event":{"mods":["2.2 Compatiblity","BaseMod","Better Third Choice","Minty Spire (QoL Compilation)","Permanent Neow","Relic Stats","StSLib","The Animator"],"gold_per_floor":[377,394,407,432,205,248,248,274,297,322,322,388,388,49,49,126,126,142,142,129,144,170,204,204,235,235,22,53,53,53],"floor_reached":29,"language":"ENG","playtime":1814,"items_purged":["animator:Defend","animator:Strike"],"score":505,"play_id":"a965497b-3405-455a-b4a6-fe53a2741f10","local_time":"20210113062957","is_ascension_mode":true,"campfire_choices":[{"floor":7.0,"key":"REST"},{"data":"animator:Demiurge","floor":11.0,"key":"SMITH"},{"data":"animator:Mitsurugi","floor":13.0,"key":"SMITH"},{"floor":15.0,"key":"REST"},{"floor":24.0,"key":"REST"}],"circlet_count":0,"master_deck":["AscendersBane","animator:Strike_Overlord","animator:Defend_Overlord","animator:Strike","animator:Strike+1","animator:Defend+1","animator:Defend","animator:Cocytus","animator:Demiurge+1","animator:Mitsurugi+1","animator:Bozes+1","animator:Mitsuba","animator:MetalKnight","animator:Witch","animator:Sebas","animator:RinTohsaka","animator:Berserker","animator:LizardPriest","animator:DwarfShaman","animator:Ainz","animator:HigakiRinne","animator:Shuna","animator:Shalltear","animator:Cocytus+1","animator:PandorasActor","animator:KrulTepes","animator:Shichika","animator:ShikizakiKiki","animator:Kaijin","animator:Lancer","animator:Gillette"],"relics":["animator:LivingPicture","animator:TheMissingPiece","animator:PurgingStone","Whetstone","Dream Catcher","Blood Vial","Anchor","Red Skull","Vajra","Black Star","Du-Vu Doll","Paper Frog","Girya","MealTicket","animator:CursedGlyph"],"acts_visited":["Exordium","TheCity"],"potions_floor_usage":[29],"damage_taken":[{"damage":1.0,"enemies":"Cultist","floor":1.0,"turns":4.0},{"damage":12.0,"enemies":"Small Slimes","floor":2.0,"turns":4.0},{"damage":8.0,"enemies":"Jaw Worm","floor":3.0,"turns":3.0},{"damage":5.0,"enemies":"Lagavulin","floor":6.0,"turns":7.0},{"damage":14.0,"enemies":"3 Sentries","floor":8.0,"turns":8.0},{"damage":25.0,"enemies":"Gremlin Nob","floor":10.0,"turns":4.0},{"damage":18.0,"enemies":"Slime Boss","floor":16.0,"turns":7.0},{"damage":4.0,"enemies":"3 Byrds","floor":18.0,"turns":4.0},{"damage":13.0,"enemies":"2 Thieves","floor":20.0,"turns":4.0},{"damage":6.0,"enemies":"Chosen and Byrds","floor":21.0,"turns":6.0},{"damage":13.0,"enemies":"Shelled Parasite and Fungi","floor":22.0,"turns":5.0},{"damage":0.0,"enemies":"Gremlin Leader","floor":23.0,"turns":8.0},{"damage":14.0,"enemies":"Book of Stabbing","floor":25.0,"turns":4.0},{"damage":16.0,"enemies":"Centurion and Healer","floor":28.0,"turns":9.0},{"damage":34,"enemies":"Slavers","floor":29,"turns":3}],"seed_played":"2100843860971584835","potions_obtained":[{"floor":2.0,"key":"Block Potion"},{"floor":3.0,"key":"GamblersBrew"},{"floor":16.0,"key":"SneckoOil"},{"floor":18.0,"key":"Swift Potion"},{"floor":21.0,"key":"SteroidPotion"}],"is_trial":false,"path_per_floor":["M","M","M","T","$","E","R","E","T","E","R","?","R","$","R","B",null,"M","?","M","M","M","E","R","E","T","$","M","E"],"character_chosen":"THE_ANIMATOR","items_purchased":["animator:MetalKnight","animator:Witch","animator:DwarfShaman","animator:Ainz","Vajra","animator:Kaijin","animator:Lancer"],"campfire_rested":3,"item_purchase_floors":[5,5,14,14,14,27,27],"current_hp_per_floor":[58,46,38,38,38,33,51,37,37,14,14,14,14,14,32,16,49,47,47,37,33,22,24,42,30,30,45,31,0,0],"gold":53,"neow_bonus":"TWO_FIFTY_GOLD","is_daily":false,"chose_seed":false,"campfire_upgraded":2,"win_rate":0.0,"timestamp":1610537397,"path_taken":["M","M","M","?","$","E","R","E","T","E","R","?","R","?","R","BOSS","M","?","M","M","M","E","R","E","T","$","M","E"],"items_purchased_type":["Card","Card","Card","Card","Relic","Card","Card"],"build_version":"2020-12-22","purchased_purges":2,"victory":false,"max_hp_per_floor":[60,60,60,60,60,60,60,60,60,60,60,60,60,60,60,60,60,60,60,61,61,61,61,61,57,57,57,57,57,57],"relic_stats":{"Blood Vial":20,"Dream Catcher":3,"counters":[15,80],"MealTicket":15,"Black Star":2,"Whetstone":["animator:Strike","animator:Bozes"],"obtain_stats":[{"animator:CursedGlyph":25,"Girya":25,"animator:TheMissingPiece":0,"Vajra":14,"Whetstone":4,"Blood Vial":8,"Du-Vu Doll":23,"Dream Catcher":6,"Anchor":9,"animator:PurgingStone":0,"MealTicket":25,"animator:LivingPicture":0,"Black Star":17,"Red Skull":10,"Paper Frog":23},{"animator:CursedGlyph":13,"Girya":13,"animator:TheMissingPiece":0,"Vajra":6,"Whetstone":3,"Blood Vial":5,"Du-Vu Doll":12,"Dream Catcher":4,"Anchor":5,"animator:PurgingStone":0,"MealTicket":13,"animator:LivingPicture":0,"Black Star":7,"Red Skull":6,"Paper Frog":12},{"animator:CursedGlyph":68,"Girya":68,"animator:TheMissingPiece":0,"Vajra":30,"Whetstone":11,"Blood Vial":26,"Du-Vu Doll":64,"Dream Catcher":18,"Anchor":26,"animator:PurgingStone":0,"MealTicket":68,"animator:LivingPicture":0,"Black Star":37,"Red Skull":30,"Paper Frog":64}]},"card_choices":[{"not_picked":["animator:Priestess","animator:Shichika"],"picked":"animator:Mitsurugi","floor":1.0},{"not_picked":["animator:Geryuganshoop","animator:Hakurou"],"picked":"animator:Bozes","floor":2.0},{"not_picked":["animator:Hitei","animator:Togame"],"picked":"animator:Mitsuba","floor":3.0},{"not_picked":["animator:Cocytus","animator:Entoma"],"picked":"animator:Sebas","floor":6.0},{"not_picked":["animator:FielNirvalen","animator:Raven"],"picked":"animator:RinTohsaka","floor":7.0},{"not_picked":["animator:Raven","animator:Fredrika"],"picked":"animator:Berserker","floor":8.0},{"not_picked":["animator:Mikaela","animator:Shigure"],"picked":"animator:LizardPriest","floor":10.0},{"not_picked":["animator:Boros","animator:Wiz"],"picked":"animator:HigakiRinne","floor":16.0},{"not_picked":["animator:DolaSchwi","animator:DolaStephanie"],"picked":"animator:Shuna","floor":18.0},{"not_picked":["animator:PandorasActor","animator:NarberalGamma"],"picked":"animator:Shalltear","floor":20.0},{"not_picked":["animator:Shigure","animator:GazelDwargon"],"picked":"animator:Cocytus+1","floor":21.0},{"not_picked":["animator:UneriGinkaku","animator:MumenRider"],"picked":"animator:PandorasActor","floor":22.0},{"not_picked":["animator:Vanir","animator:Hitei"],"picked":"animator:KrulTepes","floor":23.0},{"not_picked":["animator:Verdia+1","animator:Rena"],"picked":"animator:Shichika","floor":24.0},{"not_picked":["animator:Hitei","animator:Nanami"],"picked":"animator:ShikizakiKiki","floor":25.0},{"not_picked":["animator:Raven","animator:Mikaela+1"],"picked":"animator:Gillette","floor":28.0}],"player_experience":833575,"relics_obtained":[{"floor":4.0,"key":"Whetstone"},{"floor":6.0,"key":"Dream Catcher"},{"floor":8.0,"key":"Blood Vial"},{"floor":9.0,"key":"Anchor"},{"floor":10.0,"key":"Red Skull"},{"floor":23.0,"key":"Du-Vu Doll"},{"floor":23.0,"key":"Paper Frog"},{"floor":25.0,"key":"Girya"},{"floor":25.0,"key":"MealTicket"},{"floor":25.0,"key":"animator:CursedGlyph"}],"event_choices":[{"damage_healed":0.0,"max_hp_gain":0.0,"max_hp_loss":0.0,"gold_gain":66.0,"event_name":"Golden Wing","player_choice":"Gained Gold","floor":12.0,"gold_loss":0.0,"damage_taken":0.0},{"damage_healed":0.0,"max_hp_gain":0.0,"max_hp_loss":0.0,"gold_gain":0.0,"event_name":"Vampires","player_choice":"Ignored","floor":19.0,"gold_loss":0.0,"damage_taken":0.0}],"is_beta":false,"boss_relics":[{"not_picked":["animator:RacePiece","animator:VividPicture"],"picked":"Black Star"}],"items_purged_floors":[5,27],"is_endless":false,"potions_floor_spawned":[2,3,16,18,21],"killed_by":"Slavers","ascension_level":13}}