{"host":"Planeswalker","time":1610581796,"event":{"mods":["BaseMod","Downfall","Friendly Minions","GifTheSpireLib","Hermit","Minty Spire (QoL Compilation)","Replay The Spire","SOS???????","Shop Mod","StSLib","The Bladedancer","The Cursed","The Hierophant","The Mystic","The Necromancer"],"gold_per_floor":[117,135,135,146,165,165,165],"floor_reached":6,"language":"ENG","playtime":331,"items_purged":[],"score":38,"play_id":"cedec6aa-c217-4dd0-a8b5-62a1abc349fd","local_time":"20210113164956","is_ascension_mode":false,"campfire_choices":[],"circlet_count":0,"master_deck":["Strike_W","Strike_W","Strike_W","Strike_W","Defend_W","Defend_W","Defend_W","Defend_W","Negative_Energy_Arrows","Bone_Wall","Life_Drain","Flesh_Made_Foul","Spectral_Walk"],"relics":["Vampire_Amulet"],"acts_visited":["Exordium"],"potions_floor_usage":[],"damage_taken":[{"damage":2,"enemies":"2 Louse","floor":1,"turns":3},{"damage":0,"enemies":"Cultist","floor":2,"turns":4},{"damage":4,"enemies":"Jaw Worm","floor":4,"turns":5},{"damage":11,"enemies":"2 Fungi Beasts","floor":5,"turns":4},{"damage":126,"enemies":"Gremlin Nob","floor":6,"turns":8}],"seed_played":"2541752996519434633","potions_obtained":[{"floor":4,"key":"LiquidBronze"}],"is_trial":false,"path_per_floor":["M","M","?","M","M","E"],"character_chosen":"NECROMANCER","items_purchased":[],"campfire_rested":0,"item_purchase_floors":[],"current_hp_per_floor":[82,82,82,80,79,0,0],"gold":165,"neow_bonus":"TEN_PERCENT_HP_BONUS","is_daily":false,"chose_seed":false,"campfire_upgraded":0,"win_rate":0.0,"timestamp":1610581796,"path_taken":["M","M","?","M","?","E"],"items_purchased_type":[],"build_version":"2020-11-17","purchased_purges":0,"victory":false,"max_hp_per_floor":[82,82,82,82,82,82,82],"card_choices":[{"not_picked":["Consume_Illness","Shackles_Of_Pain"],"picked":"Death_Coil","floor":1},{"not_picked":["Death_March_Dance","Epidemic"],"picked":"Life_Drain","floor":2},{"not_picked":["Negative_Energy_Javelin","Bone_Armor"],"picked":"Flesh_Made_Foul","floor":4},{"not_picked":["Corrupt","Blood_Whip"],"picked":"Spectral_Walk","floor":5}],"player_experience":4559,"relics_obtained":[],"event_choices":[{"cards_removed":["Death_Coil"],"damage_healed":5,"gold_gain":0,"player_choice":"Offered Common","damage_taken":0,"max_hp_gain":0,"max_hp_loss":0,"event_name":"Bonfire Elementals","floor":3,"gold_loss":0},{"cards_removed":["Death_Coil"],"damage_healed":5,"gold_gain":0,"player_choice":"Offered Special","damage_taken":0,"max_hp_gain":0,"max_hp_loss":0,"event_name":"Bonfire Elementals","floor":3,"gold_loss":0}],"is_beta":true,"boss_relics":[],"items_purged_floors":[],"is_endless":false,"potions_floor_spawned":[4],"killed_by":"Gremlin Nob","ascension_level":0}}