{"host":"yptvp0rjza9g9li7","time":1610542615,"event":{"mods":["AchievementEnabler","BaseMod","Colored Map","Colored Powertips","DeckTracker","Minty Spire (QoL Compilation)","SuperFastMode"],"gold_per_floor":[113,15,29,44,54,85,6,6,6,17,31,44,44,63,63,63,63],"floor_reached":16,"language":"KOR","playtime":514,"items_purged":["Strike_R"],"score":106,"play_id":"b12153ae-044b-4ac8-af12-b29a07b7b7c8","local_time":"20210113215655","is_ascension_mode":false,"campfire_choices":[{"data":"Rampage","floor":8,"key":"SMITH"},{"data":"Shrug It Off","floor":15,"key":"SMITH"}],"circlet_count":0,"master_deck":["Strike_R","Strike_R","Strike_R","Strike_R","Defend_R","Defend_R","Defend_R","Defend_R","Bash","Exhume","Battle Trance","Pommel Strike","Twin Strike","Shrug It Off+1","Headbutt","Rampage+1","Entrench+1","Intimidate+1","Second Wind+1","Body Slam+1","Flex+1"],"relics":["Burning Blood","Toxic Egg 2","Question Card"],"acts_visited":["Exordium"],"potions_floor_usage":[11,14],"damage_taken":[{"damage":1,"enemies":"Cultist","floor":1,"turns":4},{"damage":7,"enemies":"2 Louse","floor":3,"turns":3},{"damage":0,"enemies":"Small Slimes","floor":4,"turns":2},{"damage":11,"enemies":"2 Fungi Beasts","floor":5,"turns":4},{"damage":33,"enemies":"3 Sentries","floor":6,"turns":7},{"damage":9,"enemies":"Blue Slaver","floor":10,"turns":5},{"damage":9,"enemies":"3 Louse","floor":11,"turns":4},{"damage":16,"enemies":"Red Slaver","floor":12,"turns":5},{"damage":13,"enemies":"Lots of Slimes","floor":14,"turns":4},{"damage":45,"enemies":"The Guardian","floor":16,"turns":6}],"seed_played":"-6622614585280198010","potions_obtained":[{"floor":1,"key":"SteroidPotion"},{"floor":5,"key":"BloodPotion"},{"floor":6,"key":"DistilledChaos"},{"floor":11,"key":"FearPotion"}],"is_trial":false,"path_per_floor":["M","$","M","M","M","E","$","R","T","M","M","M","?","M","R","B"],"character_chosen":"IRONCLAD","items_purchased":["Pommel Strike","Entrench+1"],"campfire_rested":0,"item_purchase_floors":[2,7],"current_hp_per_floor":[80,80,79,80,75,48,48,48,48,45,58,48,48,41,41,0,0],"gold":63,"neow_bonus":"ONE_RANDOM_RARE_CARD","is_daily":false,"chose_seed":false,"campfire_upgraded":2,"win_rate":0.0,"timestamp":1610542615,"path_taken":["M","?","M","M","M","E","$","R","T","M","M","M","?","M","R","BOSS"],"items_purchased_type":["Card","Card"],"build_version":"2020-12-22","purchased_purges":1,"victory":false,"max_hp_per_floor":[80,80,80,80,80,80,80,80,80,80,80,80,80,80,80,80,80],"card_choices":[{"not_picked":["Carnage","Pommel Strike"],"picked":"Battle Trance","floor":1},{"not_picked":["Rage","Spot Weakness"],"picked":"Twin Strike","floor":3},{"not_picked":["Sword Boomerang","Rupture"],"picked":"Shrug It Off","floor":4},{"not_picked":["Spot Weakness","Dark Embrace"],"picked":"Headbutt","floor":5},{"not_picked":["Clothesline","Anger"],"picked":"Rampage","floor":6},{"not_picked":["Brutality","Sword Boomerang","Twin Strike"],"picked":"Intimidate+1","floor":10},{"not_picked":["Headbutt","Disarm+1","Wild Strike"],"picked":"Second Wind+1","floor":11},{"not_picked":["Evolve","Iron Wave","Uppercut"],"picked":"Body Slam","floor":12},{"not_picked":["Havoc+1","Cleave","Intimidate+1"],"picked":"Flex+1","floor":14}],"player_experience":204238,"relics_obtained":[{"floor":6,"key":"Toxic Egg 2"},{"floor":9,"key":"Question Card"}],"event_choices":[{"damage_healed":0,"gold_gain":0,"player_choice":"Forge","damage_taken":0,"max_hp_gain":0,"max_hp_loss":0,"event_name":"Accursed Blacksmith","floor":13,"gold_loss":0,"cards_upgraded":["Body Slam"]}],"is_beta":false,"boss_relics":[],"items_purged_floors":[2],"is_endless":false,"potions_floor_spawned":[1,5,6,11],"killed_by":"The Guardian","ascension_level":0}}