{"host":"li7nr9q4d53iu1rb","time":1610555112,"event":{"mods":["AchievementEnabler","BaseMod","Colored Map","Colored Powertips","Highlight Path","Minty Spire (QoL Compilation)","Permanent Neow","Quick Restart","Random Character Button","StSLib"],"gold_per_floor":[110,128,47,47,47,73,73,88,88,66,241,253,253,288,288,393,393,410,425,350,360,360,360,360,360],"floor_reached":24,"language":"ENG","playtime":1318,"items_purged":["Doubt"],"score":235,"play_id":"04c73da7-b5e8-4f32-ba37-a4cfbc7ac56c","local_time":"20210113122512","is_ascension_mode":true,"campfire_choices":[{"floor":7.0,"key":"REST"},{"floor":13.0,"key":"REST"},{"floor":15.0,"key":"REST"},{"floor":23,"key":"REST"}],"circlet_count":0,"master_deck":["Strike_R","Strike_R+1","Strike_R","Strike_R","Defend_R","Defend_R","Defend_R","Defend_R","Bash+1","Clash","Shrug It Off","Trip","Heavy Blade","Shrug It Off","Iron Wave","Shrug It Off","Clash","Clash","Demon Form","Dropkick+1","Sever Soul","Flex+1","Panacea"],"relics":["Burning Blood","Bird Faced Urn","Calipers","Pocketwatch","Paper Frog","Black Star"],"acts_visited":["Exordium","TheCity"],"potions_floor_usage":[18,21],"damage_taken":[{"damage":4.0,"enemies":"2 Louse","floor":1.0,"turns":3.0},{"damage":0.0,"enemies":"Small Slimes","floor":2.0,"turns":3.0},{"damage":34.0,"enemies":"3 Sentries","floor":6.0,"turns":12.0},{"damage":2.0,"enemies":"Jaw Worm","floor":8.0,"turns":3.0},{"damage":6.0,"enemies":"Looter","floor":12.0,"turns":3.0},{"damage":52.0,"enemies":"Lagavulin","floor":14.0,"turns":10.0},{"damage":33.0,"enemies":"The Guardian","floor":16.0,"turns":15.0},{"damage":25,"enemies":"2 Thieves","floor":18,"turns":4},{"damage":53,"enemies":"Spheric Guardian","floor":19,"turns":8},{"damage":15,"enemies":"Snecko","floor":21,"turns":5},{"damage":38,"enemies":"Slavers","floor":24,"turns":2}],"seed_played":"-1333227702874395616","potions_obtained":[{"floor":8.0,"key":"Block Potion"},{"floor":12.0,"key":"Regen Potion"}],"is_trial":false,"path_per_floor":["M","M","$","?","?","E","R","M","T","$","?","M","R","E","R","B",null,"M","M","$","M","?","R","E"],"character_chosen":"IRONCLAD","items_purchased":["Trip","Shrug It Off"],"campfire_rested":4,"item_purchase_floors":[3,10],"current_hp_per_floor":[58,64,64,64,48,20,44,48,48,48,48,48,72,26,50,23,80,62,17,17,24,12,36,0,0],"gold":360,"neow_bonus":"ONE_RARE_RELIC","is_daily":false,"chose_seed":false,"campfire_upgraded":0,"win_rate":0.0,"timestamp":1610555112,"path_taken":["M","M","$","?","?","E","R","M","T","?","?","M","R","E","R","BOSS","M","M","$","M","?","R","E"],"items_purchased_type":["Card","Card"],"build_version":"2020-12-22","purchased_purges":1,"victory":false,"max_hp_per_floor":[80,80,80,80,80,80,80,80,80,80,80,80,80,80,80,80,80,80,80,80,80,80,80,80,80],"card_choices":[{"not_picked":["Pommel Strike","Flex"],"picked":"Clash","floor":1.0},{"not_picked":["Second Wind","Body Slam"],"picked":"Shrug It Off","floor":2.0},{"not_picked":["Shockwave","Thunderclap"],"picked":"Shrug It Off","floor":6.0},{"not_picked":["Hemokinesis","Demon Form"],"picked":"Iron Wave","floor":8.0},{"not_picked":["Clothesline","Iron Wave"],"picked":"Clash","floor":12.0},{"not_picked":["Shrug It Off","Dark Embrace"],"picked":"Clash","floor":14.0},{"not_picked":["Berserk","Barricade"],"picked":"Demon Form","floor":16.0},{"not_picked":["Uppercut","Headbutt"],"picked":"Dropkick+1","floor":18},{"not_picked":["Sword Boomerang+1","Uppercut"],"picked":"Sever Soul","floor":19},{"not_picked":["Blood for Blood+1","Twin Strike"],"picked":"Flex+1","floor":21}],"player_experience":239772,"relics_obtained":[{"floor":6.0,"key":"Calipers"},{"floor":9.0,"key":"Pocketwatch"},{"floor":14.0,"key":"Paper Frog"}],"event_choices":[{"damage_healed":0.0,"max_hp_gain":0.0,"max_hp_loss":0.0,"gold_gain":0.0,"cards_transformed":["Strike_R"],"event_name":"Living Wall","player_choice":"Change","floor":4.0,"gold_loss":0.0,"damage_taken":0.0,"cards_obtained":["Heavy Blade"]},{"damage_healed":0.0,"max_hp_gain":0.0,"max_hp_loss":0.0,"gold_gain":0.0,"event_name":"Shining Light","player_choice":"Entered Light","floor":5.0,"gold_loss":0.0,"damage_taken":16.0,"cards_upgraded":["Strike_R","Bash"]},{"damage_healed":0.0,"max_hp_gain":0.0,"max_hp_loss":0.0,"gold_gain":175.0,"event_name":"Liars Game","player_choice":"AGREE","floor":11.0,"gold_loss":0.0,"damage_taken":0.0,"cards_obtained":["Doubt"]},{"damage_healed":0,"gold_gain":0,"player_choice":"CARD ","damage_taken":12,"max_hp_gain":0,"max_hp_loss":0,"event_name":"Knowing Skull","floor":22,"potions_obtained":[],"gold_loss":0,"cards_obtained":["Panacea"]}],"is_beta":false,"boss_relics":[{"not_picked":["Fusion Hammer","Sozu"],"picked":"Black Star"}],"items_purged_floors":[20],"is_endless":false,"potions_floor_spawned":[8,12],"killed_by":"Slavers","ascension_level":3}}