{"host":"nolo0osttpwefhwj","time":1610563492,"event":{"mods":["AchievementEnabler","BaseMod","Bestiary","Colored Powertips","Minty Spire (QoL Compilation)","Permanent Neow","Quick Restart","Relic Stats"],"gold_per_floor":[113,129,129,129,147,174,174,205,287,319,319,2,18,34,34,137,137,148,108,119,20,34,62,62,87,87,87,32,32,57,90,90,186,186,204,217,267,28,38,38,66,80,80,80,91,102,130,155,155,155,155,155,58,91,91],"floor_reached":56,"language":"ENG","playtime":6329,"items_purged":["Strike_G"],"score":1650,"play_id":"3bfb3891-7280-450f-b52f-b46adc222092","local_time":"20210113194452","is_ascension_mode":true,"campfire_choices":[{"data":"Corpse Explosion","floor":7.0,"key":"SMITH"},{"data":"Dagger Spray","floor":11.0,"key":"SMITH"},{"floor":15.0,"key":"REST"},{"data":"Wraith Form v2","floor":24.0,"key":"SMITH"},{"data":"Noxious Fumes","floor":32.0,"key":"SMITH"},{"data":"Calculated Gamble","floor":40,"key":"SMITH"},{"floor":49,"key":"RECALL"},{"data":"Concentrate","floor":52,"key":"SMITH"}],"circlet_count":0,"master_deck":["Strike_G","Strike_G+1","Defend_G","Defend_G","Defend_G","Defend_G","Survivor","Neutralize+1","Dagger Spray+1","Leg Sweep","Corpse Explosion+1","Poisoned Stab","Tools of the Trade","Acrobatics","Dagger Throw","Wraith Form v2+1","Deadly Poison+1","PiercingWail+1","Backflip","Noxious Fumes+1","Prepared+1","Acrobatics+1","Tools of the Trade","CurseOfTheBell","Concentrate+1","Night Terror","Bouncing Flask","Calculated Gamble+1","Noxious Fumes+1","Reflex","Reflex+1","PiercingWail","Dagger Throw+1","Tactician","Acrobatics+1"],"relics":["SacredBark","Tough Bandages","Ancient Tea Set","The Courier","Tiny Chest","Medical Kit","Mercury Hourglass","Coffee Dripper","StoneCalendar","White Beast Statue","Red Mask","Ginger","Calling Bell","Snake Skull","Incense Burner","Shuriken","Gambling Chip","Orrery","Bag of Marbles","Dream Catcher","Meat on the Bone","TungstenRod","Blood Vial","Whetstone"],"acts_visited":["Exordium","TheCity","TheBeyond","TheEnding"],"potions_floor_usage":[33,35,37,41,42,50,54,55,55,55],"damage_taken":[{"damage":6.0,"enemies":"Jaw Worm","floor":1.0,"turns":7.0},{"damage":8.0,"enemies":"Small Slimes","floor":2.0,"turns":5.0},{"damage":0.0,"enemies":"Cultist","floor":5.0,"turns":4.0},{"damage":2.0,"enemies":"3 Sentries","floor":6.0,"turns":5.0},{"damage":10.0,"enemies":"Lagavulin","floor":8.0,"turns":7.0},{"damage":10.0,"enemies":"3 Sentries","floor":10.0,"turns":2.0},{"damage":0.0,"enemies":"Looter","floor":13.0,"turns":2.0},{"damage":2.0,"enemies":"Lots of Slimes","floor":14.0,"turns":2.0},{"damage":6.0,"enemies":"Slime Boss","floor":16.0,"turns":6.0},{"damage":0.0,"enemies":"Spheric Guardian","floor":18.0,"turns":5.0},{"damage":0.0,"enemies":"2 Thieves","floor":20.0,"turns":2.0},{"damage":0.0,"enemies":"Centurion and Healer","floor":22.0,"turns":3.0},{"damage":18.0,"enemies":"Book of Stabbing","floor":23.0,"turns":5.0},{"damage":8.0,"enemies":"Slavers","floor":25.0,"turns":2.0},{"damage":3.0,"enemies":"Masked Bandits","floor":30.0,"turns":2.0},{"damage":0.0,"enemies":"Book of Stabbing","floor":31.0,"turns":6.0},{"damage":0,"enemies":"Collector","floor":33,"turns":7},{"damage":8,"enemies":"3 Darklings","floor":35,"turns":4},{"damage":1,"enemies":"3 Shapes","floor":36,"turns":3},{"damage":2,"enemies":"2 Orb Walkers","floor":37,"turns":5},{"damage":0,"enemies":"Jaw Worm Horde","floor":39,"turns":4},{"damage":5,"enemies":"Giant Head","floor":41,"turns":8},{"damage":2,"enemies":"Sphere and 2 Shapes","floor":42,"turns":3},{"damage":2,"enemies":"Spire Growth","floor":45,"turns":5},{"damage":0,"enemies":"Maw","floor":46,"turns":6},{"damage":5,"enemies":"Reptomancer","floor":47,"turns":7},{"damage":1,"enemies":"Time Eater","floor":50,"turns":10},{"damage":1,"enemies":"Shield and Spear","floor":54,"turns":4},{"damage":20,"enemies":"The Heart","floor":55,"turns":9}],"seed_played":"8871812994932158797","potions_obtained":[{"floor":1.0,"key":"DuplicationPotion"},{"floor":6.0,"key":"BlessingOfTheForge"},{"floor":19.0,"key":"PowerPotion"},{"floor":19.0,"key":"FearPotion"},{"floor":19.0,"key":"DistilledChaos"},{"floor":23.0,"key":"SkillPotion"},{"floor":25.0,"key":"SteroidPotion"},{"floor":30.0,"key":"DuplicationPotion"},{"floor":31.0,"key":"SteroidPotion"},{"floor":33,"key":"SpeedPotion"},{"floor":35,"key":"DistilledChaos"},{"floor":37,"key":"LiquidBronze"},{"floor":39,"key":"Dexterity Potion"},{"floor":41,"key":"AttackPotion"},{"floor":42,"key":"DuplicationPotion"},{"floor":47,"key":"DuplicationPotion"},{"floor":54,"key":"Energy Potion"}],"is_trial":false,"path_per_floor":["M","M","?","?","M","E","R","E","T","E","R","$","M","M","R","B",null,"M","?","M","$","M","E","R","E","T","?","$","T","?","E","R","B",null,"M","M","?","$","M","R","E","M","T","?","M","M","E","T","R","B",null,"R","$","E","B",null],"character_chosen":"THE_SILENT","items_purchased":["Medical Kit","Mercury Hourglass","Poison Potion","Noxious Fumes","Orrery","Bag of Marbles","Tactician","PowerPotion"],"campfire_rested":1,"item_purchase_floors":[12,12,21,28,38,38,53,53],"current_hp_per_floor":[57,49,49,49,49,47,47,37,37,27,27,27,27,25,46,40,63,63,63,63,63,63,45,45,37,37,24,24,24,21,21,21,21,62,54,53,51,51,51,51,46,44,44,44,42,42,49,49,49,50,69,69,69,70,52],"gold":91,"neow_bonus":"BOSS_RELIC","is_daily":false,"chose_seed":false,"campfire_upgraded":6,"win_rate":0.0,"timestamp":1610563492,"path_taken":["M","M","?","?","?","E","R","E","T","E","R","$","M","M","R","BOSS","M","?","M","$","?","E","R","E","T","?","$","?","?","E","R","BOSS","M","M","?","$","M","R","E","M","T","?","M","M","E","?","R","BOSS","R","$","E","BOSS"],"items_purchased_type":["Relic","Relic","Potion","Card","Relic","Relic","Card","Potion"],"build_version":"2020-12-22","purchased_purges":1,"victory":true,"max_hp_per_floor":[70,70,70,70,70,70,70,70,70,70,70,70,70,70,70,70,70,70,70,70,70,70,70,70,70,70,75,75,75,75,75,75,75,75,75,75,75,75,75,75,75,75,75,75,75,75,75,75,75,75,75,75,75,75,75],"relic_stats":{"counters":[29,140],"StoneCalendar":[290],"Snake Skull":[153],"Ginger":[13],"Whetstone":["Neutralize","Strike_G"],"Medical Kit":[6],"Mercury Hourglass":[459],"Blood Vial":6,"Tough Bandages":[1224],"Dream Catcher":0,"Shuriken":[9],"Gambling Chip":[32],"Tiny Chest":2,"obtain_stats":[{"SacredBark":0,"StoneCalendar":25,"Snake Skull":34,"Incense Burner":34,"Ginger":31,"Whetstone":54,"Ancient Tea Set":8,"Blood Vial":48,"Tough Bandages":6,"Dream Catcher":41,"Gambling Chip":37,"Tiny Chest":10,"Red Mask":30,"Ring of the Snake":0,"The Courier":9,"Medical Kit":12,"White Beast Statue":26,"Mercury Hourglass":12,"Calling Bell":34,"Shuriken":34,"Orrery":38,"Coffee Dripper":17,"Bag of Marbles":38,"TungstenRod":47,"Meat on the Bone":43},{"SacredBark":0,"StoneCalendar":14,"Snake Skull":17,"Incense Burner":17,"Ginger":16,"Whetstone":28,"Ancient Tea Set":5,"Blood Vial":26,"Tough Bandages":4,"Dream Catcher":22,"Gambling Chip":20,"Tiny Chest":6,"Red Mask":15,"Ring of the Snake":0,"The Courier":5,"Medical Kit":6,"White Beast Statue":14,"Mercury Hourglass":6,"Calling Bell":17,"Shuriken":17,"Orrery":20,"Coffee Dripper":9,"Bag of Marbles":20,"TungstenRod":26,"Meat on the Bone":23},{"SacredBark":0,"StoneCalendar":57,"Snake Skull":72,"Incense Burner":72,"Ginger":65,"Whetstone":131,"Ancient Tea Set":28,"Blood Vial":117,"Tough Bandages":21,"Dream Catcher":96,"Gambling Chip":84,"Tiny Chest":30,"Red Mask":59,"Ring of the Snake":0,"The Courier":28,"Medical Kit":30,"White Beast Statue":57,"Mercury Hourglass":30,"Calling Bell":72,"Shuriken":72,"Orrery":84,"Coffee Dripper":40,"Bag of Marbles":84,"TungstenRod":117,"Meat on the Bone":99}],"TungstenRod":5,"Meat on the Bone":12},"card_choices":[{"not_picked":["Caltrops","Cloak And Dagger"],"picked":"Dagger Spray","floor":1.0},{"not_picked":["Quick Slash","Concentrate"],"picked":"Leg Sweep","floor":2.0},{"not_picked":["Flying Knee","Acrobatics"],"picked":"Poisoned Stab","floor":5.0},{"not_picked":["Cloak And Dagger","Tactician"],"picked":"Tools of the Trade","floor":6.0},{"not_picked":["Endless Agony","Dodge and Roll","Blade Dance"],"picked":"SKIP","floor":8.0},{"not_picked":["Eviscerate","PiercingWail"],"picked":"Acrobatics","floor":10.0},{"not_picked":["Bane","Terror","Distraction"],"picked":"SKIP","floor":13.0},{"not_picked":["Outmaneuver","Cloak And Dagger"],"picked":"Dagger Throw","floor":14.0},{"not_picked":["After Image","Envenom"],"picked":"Wraith Form v2","floor":16.0},{"not_picked":["Dagger Throw","Masterful Stab","Skewer"],"picked":"SKIP","floor":18.0},{"not_picked":["Dash","Sucker Punch"],"picked":"Deadly Poison+1","floor":20.0},{"not_picked":["Expertise","PiercingWail","Endless Agony"],"picked":"SKIP","floor":22.0},{"not_picked":["Flechettes+1","Distraction+1"],"picked":"PiercingWail+1","floor":23.0},{"not_picked":["Finisher","Predator"],"picked":"Backflip","floor":25.0},{"not_picked":["Deflect","Terror"],"picked":"Prepared+1","floor":30.0},{"not_picked":["Setup","Riddle With Holes"],"picked":"Acrobatics+1","floor":31.0},{"not_picked":["Die Die Die","After Image"],"picked":"Tools of the Trade","floor":33},{"not_picked":["Backstab+1","Quick Slash","Dagger Throw"],"picked":"SKIP","floor":35},{"not_picked":["Riddle With Holes","PiercingWail"],"picked":"Concentrate","floor":36},{"not_picked":["Deadly Poison+1","Slice+1"],"picked":"Night Terror","floor":38},{"not_picked":["Prepared","Outmaneuver+1"],"picked":"Bouncing Flask","floor":38},{"not_picked":["Underhanded Strike","Backstab+1"],"picked":"Calculated Gamble","floor":38},{"not_picked":["Dagger Spray","Quick Slash+1"],"picked":"Noxious Fumes+1","floor":38},{"not_picked":["Poisoned Stab","Sucker Punch+1","Cloak And Dagger"],"picked":"SKIP","floor":39},{"not_picked":["Poisoned Stab","Choke+1"],"picked":"Reflex","floor":41},{"not_picked":["Outmaneuver+1","Predator+1"],"picked":"Reflex+1","floor":42},{"not_picked":["Dodge and Roll","Deflect+1","Accuracy+1"],"picked":"SKIP","floor":45},{"not_picked":["Deadly Poison","Dodge and Roll+1"],"picked":"Dagger Throw+1","floor":46},{"not_picked":["Skewer","PiercingWail","Bullet Time"],"picked":"SKIP","floor":47},{"not_picked":["Flying Knee+1","Bane+1"],"picked":"Acrobatics+1","floor":54}],"player_experience":214761,"relics_obtained":[{"floor":6.0,"key":"Tough Bandages"},{"floor":8.0,"key":"Ancient Tea Set"},{"floor":9.0,"key":"The Courier"},{"floor":10.0,"key":"Tiny Chest"},{"floor":25.0,"key":"StoneCalendar"},{"floor":26.0,"key":"White Beast Statue"},{"floor":30.0,"key":"Red Mask"},{"floor":31.0,"key":"Ginger"},{"floor":34,"key":"Snake Skull"},{"floor":34,"key":"Incense Burner"},{"floor":34,"key":"Shuriken"},{"floor":37,"key":"Gambling Chip"},{"floor":41,"key":"Dream Catcher"},{"floor":43,"key":"Meat on the Bone"},{"floor":47,"key":"TungstenRod"},{"floor":48,"key":"Blood Vial"},{"floor":54,"key":"Whetstone"}],"event_choices":[{"damage_healed":0.0,"max_hp_gain":0.0,"max_hp_loss":0.0,"gold_gain":0.0,"cards_transformed":["Strike_G"],"event_name":"Living Wall","player_choice":"Change","floor":3.0,"gold_loss":0.0,"damage_taken":0.0,"cards_obtained":["Corpse Explosion"]},{"cards_removed":["Defend_G"],"damage_healed":0.0,"max_hp_gain":0.0,"max_hp_loss":0.0,"gold_gain":0.0,"event_name":"Purifier","player_choice":"Purged","floor":4.0,"gold_loss":0.0,"damage_taken":0.0},{"damage_healed":0.0,"max_hp_gain":0.0,"max_hp_loss":0.0,"gold_gain":0.0,"event_name":"The Woman in Blue","player_choice":"Bought 3 Potions","floor":19.0,"gold_loss":0.0,"damage_taken":0.0},{"damage_healed":0.0,"max_hp_gain":5.0,"max_hp_loss":0.0,"gold_gain":0.0,"event_name":"Forgotten Altar","player_choice":"Shed Blood","floor":27.0,"gold_loss":0.0,"damage_taken":18.0},{"damage_healed":0.0,"max_hp_gain":0.0,"max_hp_loss":0.0,"gold_gain":0.0,"event_name":"Masked Bandits","player_choice":"Fought Bandits","floor":30.0,"gold_loss":0.0,"damage_taken":0.0},{"damage_healed":0,"gold_gain":0,"player_choice":"Fight","damage_taken":0,"max_hp_gain":0,"max_hp_loss":0,"event_name":"Mysterious Sphere","floor":37,"gold_loss":0},{"damage_healed":0,"gold_gain":0,"cards_transformed":["Strike_G"],"player_choice":"Transformed","damage_taken":0,"max_hp_gain":0,"max_hp_loss":0,"event_name":"Transmorgrifier","floor":44,"gold_loss":0,"cards_obtained":["PiercingWail"]}],"is_beta":false,"boss_relics":[{"not_picked":["Astrolabe","Black Star"],"picked":"Coffee Dripper"},{"not_picked":["Snecko Eye","SlaversCollar"],"picked":"Calling Bell"}],"items_purged_floors":[21],"is_endless":false,"potions_floor_spawned":[1,6,23,25,30,31,33,35,36,37,39,41,42,45,46,47,54],"ascension_level":6}}