{"host":"i0s8vbixp24k5aul","time":1610572212,"event":{"mods":["2.2 Compatiblity","Act Like it!","Aspiration","BaseMod","Better Note","Better Third Choice","Better Vampires","BetterUpgradePreview","Colorless Booster Pack","Displayed Cursed Tome","Energized Spire","Fox Events","GifTheSpireLib","Halation","Hermit","Hubris","Jedi Mod","Minty Spire (QoL Compilation)","Optimize The Spire","Poor People Problems","Random Character Mod","Shade Mod","StSLib","Stuff the Spire","Swap Starting Deck Mod","The Bug Knight","The Construct","The Cursed","The Disciple","The Mystic","TheHero","TheWitcher","vexMod","??????REMEMod"],"gold_per_floor":[112,112,122,141,160,171,188,206,206,206,206,206,206,233,233,337,337,351,125,138,151,151,151,183,183,255,283,283,29,45,58,58,158,158,178,178,195,195,39,39,66,66,92,126,140,150,180,195,195,195],"floor_reached":51,"language":"RUS","playtime":1864,"items_purged":["Clash","Pain","jedi:suffering","Brutality"],"score":879,"play_id":"98b8d079-d534-492d-9dff-cf0dbf7f07db","local_time":"20210114001012","is_ascension_mode":false,"campfire_choices":[{"data":"Flex","floor":10,"key":"SMITH"},{"data":"Flex","floor":13,"key":"SMITH"},{"data":"Anger","floor":15,"key":"SMITH"},{"data":"Limit Break","floor":23,"key":"SMITH"},{"data":"Feel No Pain","floor":25,"key":"SMITH"},{"data":"Heavy Blade","floor":28,"key":"SMITH"},{"floor":32,"key":"REST"},{"data":"hubris:EnhanceAbility","floor":40,"key":"SMITH"},{"data":"Feed","floor":42,"key":"SMITH"},{"floor":49,"key":"REST"}],"circlet_count":0,"master_deck":["Anger+1","Twin Strike","Twin Strike","Twin Strike","Twin Strike","Rage+1","Rage","Rage+1","Rage","Flex+1","Cleave","Feel No Pain+1","hubris:DuctTapeCard","Limit Break+1","Feel No Pain","Warcry","Twin Strike+1","Heavy Blade+1","Berserk+1","jedi:strikingstrike+1","Feed+1","Cleave+1","Rampage+1","Pommel Strike+1","hubris:EnhanceAbility+1"],"relics":["Burning Blood","REME_ComplimentaryCards","swapstartingdeckmod:Bellows","jedi:cryingmask","War Paint","CultistMask","hubris:DuctTape","energizedSpire:StickyHand","Sling","WarpedTongs","Regal Pillow","hubris:SphereOfDissonance","Boot","Membership Card","halation:LoveArrow","StuffTheSpire:HeavyRock","Whetstone","Eternal Feather","Pen Nib"],"acts_visited":["TheCity","TheBeyond"],"potions_floor_usage":[14,16,21,33,33,50,50],"damage_taken":[{"damage":0,"enemies":"Small Slimes","floor":1,"turns":2},{"damage":0,"enemies":"Cultist","floor":3,"turns":2},{"damage":0,"enemies":"Jaw Worm","floor":4,"turns":1},{"damage":0,"enemies":"3 Louse","floor":5,"turns":2},{"damage":1,"enemies":"Exordium Thugs","floor":6,"turns":3},{"damage":1,"enemies":"Looter","floor":7,"turns":2},{"damage":0,"enemies":"Red Slaver","floor":8,"turns":2},{"damage":0,"enemies":"Lagavulin","floor":14,"turns":3},{"damage":1,"enemies":"Slime Boss","floor":16,"turns":8},{"damage":13,"enemies":"Shell Parasite","floor":18,"turns":3},{"damage":0,"enemies":"Chosen","floor":20,"turns":3},{"damage":0,"enemies":"Snake Plant","floor":21,"turns":2},{"damage":23,"enemies":"HollowMod:Nosk","floor":24,"turns":4},{"damage":9,"enemies":"Book of Stabbing","floor":27,"turns":2},{"damage":0,"enemies":"Snecko","floor":30,"turns":1},{"damage":8,"enemies":"Centurion and Healer","floor":31,"turns":2},{"damage":6,"enemies":"Automaton","floor":33,"turns":6},{"damage":13,"enemies":"3 Darklings","floor":35,"turns":4},{"damage":0,"enemies":"Orb Walker","floor":37,"turns":2},{"damage":7,"enemies":"Giant Head","floor":41,"turns":5},{"damage":23,"enemies":"Reptomancer","floor":44,"turns":4},{"damage":0,"enemies":"Transient","floor":45,"turns":5},{"damage":0,"enemies":"Spire Growth","floor":46,"turns":3},{"damage":50,"enemies":"Nemesis","floor":47,"turns":3},{"damage":27,"enemies":"Writhing Mass","floor":48,"turns":6},{"damage":26,"enemies":"Awakened One","floor":50,"turns":5}],"seed_played":"-3518437093798541493","potions_obtained":[{"floor":3,"key":"jedi:mysterypotion"},{"floor":6,"key":"DuplicationPotion"},{"floor":8,"key":"DistilledChaos"},{"floor":14,"key":"HeartOfIron"},{"floor":16,"key":"AttackPotion"},{"floor":27,"key":"Weak Potion"},{"floor":31,"key":"BloodPotion"},{"floor":33,"key":"Ancient Potion"},{"floor":35,"key":"Strength Potion"}],"is_trial":false,"path_per_floor":["M","?","M","M","M","M","M","M","T","R","T","?","R","E","R","B",null,"M","$","M","M","?","R","E","R","T","E","R","$","M","M","R","B",null,"M","?","M","?","$","R","E","R","T","E","M","M","E","M","R","B",null],"character_chosen":"IRONCLAD","items_purchased":["Sling","Membership Card","hubris:EnhanceAbility"],"campfire_rested":2,"item_purchase_floors":[19,29,39],"current_hp_per_floor":[80,80,80,80,80,80,80,80,80,80,80,80,80,80,80,80,80,73,73,79,80,80,80,63,63,63,60,60,60,66,64,80,80,80,73,73,79,79,79,79,78,78,78,61,67,73,29,8,62,42],"gold":195,"neow_bonus":"","is_daily":false,"chose_seed":false,"campfire_upgraded":8,"win_rate":0.0,"timestamp":1610572212,"path_taken":["M","?","M","?","M","?","M","M","T","R","?","?","R","E","R","BOSS","M","$","M","M","?","R","E","R","T","E","R","$","?","M","R","BOSS","M","?","M","?","$","R","E","R","T","E","?","?","E","M","R","BOSS"],"items_purchased_type":["Relic","Relic","Card"],"build_version":"2020-12-22","purchased_purges":4,"victory":true,"max_hp_per_floor":[80,80,80,80,80,80,80,80,80,80,80,80,80,80,80,80,80,80,80,80,80,80,80,80,80,80,80,80,80,80,80,80,80,80,80,80,80,80,80,80,80,80,80,80,80,80,80,80,80,80],"card_choices":[{"not_picked":["Rage","Hemokinesis"],"picked":"Cleave","floor":1},{"not_picked":["Anger","Combust"],"picked":"Clash","floor":3},{"not_picked":["StuffTheSpire:RagingBull","Whirlwind"],"picked":"Feel No Pain","floor":4},{"not_picked":["Iron Wave","Anger","StuffTheSpire:Incineration"],"picked":"SKIP","floor":5},{"not_picked":["Immolate","Armaments"],"picked":"Flex","floor":6},{"not_picked":["Flame Barrier","StuffTheSpire:Incineration","Body Slam"],"picked":"SKIP","floor":7},{"not_picked":["Headbutt","Anger","Clothesline"],"picked":"SKIP","floor":8},{"not_picked":["Shrug It Off","StuffTheSpire:Slingshot","StuffTheSpire:TitanForm"],"picked":"SKIP","floor":14},{"not_picked":["jedi:bloodyhammer","REME_Fury"],"picked":"Limit Break","floor":16},{"not_picked":["Battle Trance","Headbutt","StuffTheSpire:BloodClot"],"picked":"SKIP","floor":18},{"not_picked":["Perfected Strike+1","Whirlwind","Carnage"],"picked":"SKIP","floor":20},{"not_picked":["Body Slam+1","StuffTheSpire:RockThrow","True Grit"],"picked":"SKIP","floor":21},{"not_picked":["Feel No Pain","Warcry","Twin Strike"],"picked":"SKIP","floor":24},{"not_picked":["Warcry","Twin Strike"],"picked":"Feel No Pain","floor":24},{"not_picked":["jedi:suffering","Berserk"],"picked":"Heavy Blade","floor":27},{"not_picked":["Anger+1","Reckless Charge","REME_SingleHolding"],"picked":"SKIP","floor":30},{"not_picked":["Thunderclap","Wild Strike","Hemokinesis"],"picked":"SKIP","floor":31},{"not_picked":["jedi:strikingstrike","Brutality"],"picked":"Feed","floor":33},{"not_picked":["jedi:MakeshiftSword","jedi:fear","Twin Strike+1"],"picked":"SKIP","floor":35},{"not_picked":["Cleave+1","Pommel Strike+1"],"picked":"Rampage+1","floor":37},{"not_picked":["jedi:hate+1","Flex","Bludgeon"],"picked":"SKIP","floor":41},{"not_picked":["StuffTheSpire:RockThrow+1","Iron Wave","Cleave+1"],"picked":"SKIP","floor":44},{"not_picked":["Sever Soul","Clash","jedi:fear"],"picked":"SKIP","floor":45},{"not_picked":["Cleave","Bloodletting","Spot Weakness+1"],"picked":"SKIP","floor":46},{"not_picked":["Shockwave+1","Heavy Blade+1","Headbutt+1"],"picked":"SKIP","floor":47},{"not_picked":["Flex","Battle Trance+1","StuffTheSpire:BloodClot"],"picked":"SKIP","floor":48}],"player_experience":949936,"relics_obtained":[{"floor":9,"key":"jedi:cryingmask"},{"floor":11,"key":"War Paint"},{"floor":14,"key":"hubris:DuctTape"},{"floor":24,"key":"Regal Pillow"},{"floor":26,"key":"hubris:SphereOfDissonance"},{"floor":27,"key":"Boot"},{"floor":41,"key":"StuffTheSpire:HeavyRock"},{"floor":43,"key":"Whetstone"},{"floor":44,"key":"Eternal Feather"},{"floor":47,"key":"Pen Nib"}],"event_choices":[{"damage_healed":0,"gold_gain":0,"player_choice":"Upgraded","damage_taken":0,"max_hp_gain":0,"max_hp_loss":0,"event_name":"Upgrade Shrine","floor":2,"gold_loss":0,"cards_upgraded":["Limit Break"]},{"damage_healed":0,"gold_gain":0,"player_choice":"Trade","damage_taken":0,"relics_obtained":["CultistMask"],"max_hp_gain":0,"max_hp_loss":0,"event_name":"FaceTrader","floor":12,"gold_loss":0},{"damage_healed":0,"gold_gain":0,"player_choice":"Rummage","damage_taken":0,"relics_obtained":["WarpedTongs"],"max_hp_gain":0,"max_hp_loss":0,"event_name":"Accursed Blacksmith","floor":22,"gold_loss":0,"cards_obtained":["Pain"]},{"damage_healed":0,"gold_gain":0,"player_choice":"Ignored","damage_taken":0,"max_hp_gain":0,"max_hp_loss":0,"event_name":"Tomb of Lord Red Mask","floor":36,"gold_loss":0},{"damage_healed":0,"gold_gain":0,"player_choice":"Upgraded","damage_taken":0,"max_hp_gain":0,"max_hp_loss":0,"event_name":"Upgrade Shrine","floor":38,"gold_loss":0,"cards_upgraded":["Berserk"]}],"is_beta":false,"boss_relics":[{"not_picked":["aspiration:RunicSpoon","energizedSpire:CursedPentagram"],"picked":"energizedSpire:StickyHand"},{"not_picked":["energizedSpire:SpiderWeb","jedi:battlestandard"],"picked":"halation:LoveArrow"}],"items_purged_floors":[19,29,29,39],"is_endless":false,"potions_floor_spawned":[3,6,8,14,16,18,27,31,33,35,37,45,46],"ascension_level":0}}