{"host":"glr6dej2vgiwq051","time":1610500329,"event":{"mods":["BaseMod","Better Match","Better Note","Better Third Choice","BetterRewards","Colored Map","Minty Spire (QoL Compilation)","Rare Cards Sparkle","Replay The Spire","StSLib","The IronCluck"],"gold_per_floor":[119,119,131,56,56,89,115,115,142,166,166,196,227,263,263,374,374,404,432,460,492,40,82,82,112,162,174,186,222,144,190,202,323,335,377,407,142,169,201,225,274,317,341,341,143,187,214,241,241,247],"floor_reached":51,"language":"DEU","playtime":4097,"items_purged":["Strike_R","Strike_R","Defend_R","Defend_R"],"score":962,"play_id":"77e7b855-30b1-4895-a4dd-23b6c6ea634b","local_time":"20210113021209","daily_mods":["Heirloom"],"is_ascension_mode":false,"campfire_choices":[{"data":"Seeing Red","floor":8,"key":"SMITH"},{"data":"Infernal Blade","floor":11,"key":"SMITH"},{"data":"Uppercut","floor":15,"key":"SMITH"},{"data":"Armaments","floor":24,"key":"SMITH"},{"data":"Replay:Bootleg Shield Generator","floor":27,"key":"SMITH"},{"data":"Shrug It Off","floor":32,"key":"SMITH"}],"circlet_count":0,"master_deck":["Strike_R","Strike_R+1","Strike_R+1","Defend_R","Bash","Pommel Strike","Seeing Red+1","Infernal Blade+1","Uppercut+1","Shrug It Off+1","Bludgeon","Flame Barrier","Armaments+1","Replay:Bootleg Shield Generator+1","Disarm","Intimidate+1","Berserk","Metallicize+1","Pommel Strike+1","Rage+1","Demon Form","Heavy Blade+1"],"relics":["Burning Blood","FossilizedHelix","Replay:Bandana","Bag of Marbles","Coffee Dripper","Replay:Bottled Snecko","BranchBurnRelic","MawBank","Fusion Hammer","Akabeko","Nunchaku","Pen Nib","Blue Doll","Orichalcum"],"acts_visited":["Exordium","TheCity","TheBeyond"],"potions_floor_usage":[13,16,16,33,46,50,50,50,50],"damage_taken":[{"damage":7,"enemies":"Small Slimes","floor":1,"turns":4},{"damage":0,"enemies":"2 Louse","floor":3,"turns":2},{"damage":0,"enemies":"Replay:BlueRogue","floor":6,"turns":6},{"damage":0,"enemies":"Cultist","floor":7,"turns":3},{"damage":5,"enemies":"3 Louse","floor":10,"turns":2},{"damage":1,"enemies":"Exordium Thugs","floor":12,"turns":3},{"damage":13,"enemies":"Gremlin Gang","floor":13,"turns":3},{"damage":0,"enemies":"Large Slime","floor":14,"turns":4},{"damage":36,"enemies":"Hexaghost","floor":16,"turns":6},{"damage":0,"enemies":"3 Byrds","floor":18,"turns":4},{"damage":0,"enemies":"Chosen","floor":19,"turns":3},{"damage":0,"enemies":"3 Cultists","floor":20,"turns":4},{"damage":14,"enemies":"Snake Plant","floor":21,"turns":3},{"damage":34,"enemies":"Slavers","floor":23,"turns":9},{"damage":8,"enemies":"Snecko","floor":25,"turns":5},{"damage":0,"enemies":"Chosen and Byrds","floor":29,"turns":4},{"damage":2,"enemies":"3 Cultists","floor":31,"turns":6},{"damage":59,"enemies":"Pondfish","floor":33,"turns":11},{"damage":10,"enemies":"3 Shapes","floor":35,"turns":3},{"damage":0,"enemies":"Orb Walker","floor":36,"turns":1},{"damage":0,"enemies":"Jaw Worm Horde","floor":38,"turns":4},{"damage":2,"enemies":"Writhing Mass","floor":39,"turns":5},{"damage":0,"enemies":"Transient","floor":40,"turns":5},{"damage":3,"enemies":"Giant Head","floor":42,"turns":7},{"damage":25,"enemies":"Nemesis","floor":46,"turns":9},{"damage":5,"enemies":"Spire Growth","floor":47,"turns":3},{"damage":5,"enemies":"Jaw Worm Horde","floor":48,"turns":4},{"damage":30,"enemies":"Time Eater","floor":50,"turns":10}],"seed_played":"1881476837204093925","potions_obtained":[{"floor":3,"key":"LiquidBronze"},{"floor":10,"key":"Strength Potion"},{"floor":12,"key":"LiquidBronze"},{"floor":13,"key":"BloodPotion"},{"floor":19,"key":"SteroidPotion"},{"floor":29,"key":"SkillPotion"},{"floor":36,"key":"Block Potion"},{"floor":42,"key":"ColorlessPotion"},{"floor":46,"key":"FairyPotion"}],"is_trial":true,"path_per_floor":["M","?","M","$","?","E","M","R","T","M","R","M","M","M","R","B",null,"M","M","M","M","$","E","R","M","T","R","?","M","?","M","R","B",null,"M","M","$","M","M","M","?","E","T","R","$","E","M","M","R","B",null],"character_chosen":"IRONCLAD","items_purchased":["Replay:Bottled Snecko","Replay:Bootleg Shield Generator","Akabeko","Rage+1"],"campfire_rested":0,"item_purchase_floors":[22,22,37,45],"current_hp_per_floor":[79,84,85,85,85,85,85,85,85,85,85,85,78,84,84,54,85,85,85,85,77,77,49,49,61,61,61,61,79,79,83,83,32,85,81,85,85,85,85,85,64,67,67,67,67,63,64,65,65,67],"gold":247,"neow_bonus":"","is_daily":false,"chose_seed":false,"campfire_upgraded":6,"win_rate":0.0,"timestamp":1610500329,"path_taken":["M","?","M","$","?","E","M","R","T","M","R","M","M","M","R","BOSS","M","M","M","M","$","E","R","M","T","R","?","M","?","M","R","BOSS","M","M","$","M","M","M","?","E","T","R","$","E","M","M","R","BOSS"],"items_purchased_type":["Relic","Card","Relic","Card"],"build_version":"2020-12-22","purchased_purges":4,"victory":true,"max_hp_per_floor":[80,85,85,85,85,85,85,85,85,85,85,85,85,85,85,85,85,85,85,85,85,85,85,85,85,85,85,85,85,85,85,85,85,85,85,85,85,85,85,85,85,85,85,85,85,85,85,85,85,85],"card_choices":[{"not_picked":["Perfected Strike","Wild Strike"],"picked":"Pommel Strike","floor":1},{"not_picked":["Warcry","Sever Soul","Flex"],"picked":"SKIP","floor":3},{"not_picked":["Sword Boomerang","Cleave"],"picked":"Seeing Red","floor":6},{"not_picked":["Wild Strike","Warcry"],"picked":"Infernal Blade","floor":7},{"not_picked":["Cleave","Warcry","Dark Embrace"],"picked":"SKIP","floor":10},{"not_picked":["Blood for Blood","Cleave"],"picked":"Uppercut","floor":12},{"not_picked":["Ghostly Armor","Headbutt"],"picked":"Shrug It Off","floor":13},{"not_picked":["Power Through","Flex","True Grit"],"picked":"SKIP","floor":14},{"not_picked":["Immolate","Feed"],"picked":"Bludgeon","floor":16},{"not_picked":["Sever Soul","Headbutt","Flex"],"picked":"SKIP","floor":18},{"not_picked":["Warcry","Iron Wave"],"picked":"Flame Barrier","floor":19},{"not_picked":["Havoc+1","Flame Barrier","Twin Strike"],"picked":"SKIP","floor":20},{"not_picked":["Pommel Strike","Rage"],"picked":"Armaments","floor":21},{"not_picked":["Warcry","Sword Boomerang","Headbutt+1"],"picked":"SKIP","floor":23},{"not_picked":["Headbutt","Brutality","Wild Strike"],"picked":"SKIP","floor":25},{"not_picked":["Shrug It Off","Flex"],"picked":"Disarm","floor":29},{"not_picked":["Wild Strike+1","Evolve"],"picked":"Intimidate+1","floor":31},{"not_picked":["Immolate","Feed"],"picked":"Berserk","floor":33},{"not_picked":["Evolve","Power Through","Intimidate"],"picked":"SKIP","floor":35},{"not_picked":["Second Wind","Cleave","Armaments"],"picked":"SKIP","floor":36},{"not_picked":["Bloodletting+1","Clothesline+1"],"picked":"Metallicize+1","floor":38},{"not_picked":["Battle Trance+1","Evolve+1","Rampage"],"picked":"SKIP","floor":39},{"not_picked":["Body Slam+1","Heavy Blade","Iron Wave"],"picked":"SKIP","floor":40},{"not_picked":["Dual Wield","Pummel+1"],"picked":"Pommel Strike+1","floor":41},{"not_picked":["Sentinel","Bloodletting+1","Thunderclap+1"],"picked":"SKIP","floor":42},{"not_picked":["Headbutt","Power Through"],"picked":"Demon Form","floor":46},{"not_picked":["Wild Strike+1","Clothesline+1"],"picked":"Heavy Blade+1","floor":47},{"not_picked":["Sword Boomerang","Dual Wield","Pommel Strike"],"picked":"SKIP","floor":48}],"player_experience":574527,"relics_obtained":[{"floor":6,"key":"Replay:Bandana"},{"floor":9,"key":"Bag of Marbles"},{"floor":23,"key":"Dead Branch"},{"floor":26,"key":"MawBank"},{"floor":41,"key":"Nunchaku"},{"floor":42,"key":"Pen Nib"},{"floor":43,"key":"Blue Doll"},{"floor":46,"key":"Orichalcum"}],"event_choices":[{"damage_healed":0,"gold_gain":0,"player_choice":"Donut","damage_taken":0,"max_hp_gain":5,"max_hp_loss":0,"event_name":"Big Fish","floor":2,"gold_loss":0},{"damage_healed":0,"gold_gain":0,"player_choice":"Ignored","damage_taken":0,"max_hp_gain":0,"max_hp_loss":0,"event_name":"betterNote:BetterNote","floor":28,"gold_loss":0,"cards_obtained":["Bash"]},{"cards_removed":["Defend_R"],"damage_healed":0,"gold_gain":0,"player_choice":"Upgrade and Remove","damage_taken":0,"max_hp_gain":0,"max_hp_loss":0,"event_name":"Designer","floor":30,"gold_loss":90,"cards_upgraded":["Strike_R"]}],"is_beta":false,"boss_relics":[{"not_picked":["Pandora\u0027s Box","Tiny House"],"picked":"Coffee Dripper"},{"not_picked":["Honey Jar","Calling Bell"],"picked":"Fusion Hammer"}],"items_purged_floors":[4,22,37,45],"is_endless":false,"potions_floor_spawned":[3,10,12,13,19,29,31,36,40,42,46],"ascension_level":0}}