{"host":"440aydzcd8mkncjo","time":1610556272,"event":{"mods":["2.2 Compatiblity","Act Like it!","Aspiration","Astrologer","Bard","BaseMod","Beaked The Cultist","Challenge The Spire","Chen","Colored Map","Conspire","Downfall","Energized Spire","Friendly Minions","Gensokyo","Glutton Mod","Gremlin Mod","Halation","Hallownest","Hubris","Infinite Spire","Jedi Mod","Koishi","Lobotomy","LobotomyExtend","Mad Scientist","Marisa????????","Mimic Mod","Minty Spire (QoL Compilation)","READ ME - Guardian Mod","READ ME - Snecko Mod","Rare Cards Sparkle","Reimu??????","Relic Sorter","Remilia??????","Replay The Spire","Shade Mod","Shop Mod","Somnambulant","StSLib","The Administrix","The Alterego","The Blackbeard","The Bug Knight","The Construct","The Cursed","The Florist","The Gatherer","The Hierophant","The Jungle","The Marked","The Mystic","The Necromancer","The Problem Sleuth","The Runesmith","The Servant 0.9.4","The Wild Card","TheBandit","TheSwordswoman","Unknown Chances","Waifu the Spire","Youmu??????","Yuri Mod","Yuyuko","thorton","vexMod"],"gold_per_floor":[110,110,123,123,26,26,36,36,36,36],"floor_reached":8,"language":"ENG","playtime":1081,"items_purged":[],"score":46,"play_id":"86694072-7e2f-447c-b5e3-4eb5cb822965","local_time":"20210113164432","is_ascension_mode":false,"campfire_choices":[{"data":"blackbeard:Cutlass","floor":6,"key":"SMITH"}],"circlet_count":0,"master_deck":["blackbeard:BlackbeardStrike","blackbeard:BlackbeardStrike","blackbeard:BlackbeardStrike","blackbeard:BlackbeardStrike","blackbeard:IntimidatingStrike","blackbeard:BlackbeardDefend","blackbeard:BlackbeardDefend","blackbeard:BlackbeardDefend","blackbeard:BlackbeardDefend","blackbeard:Cutlass+1","LongBird","blackbeard:DeadlyArsenal","Pain","RedShoes","blackbeard:BeatUp","Clumsy","blackbeard:GoldenCannonball","blackbeard:BeatUp","HeroicMonk","blackbeard:GoldenStrike"],"relics":["blackbeard:LoadTheCannons","CogitoBucket","LetterFromLob","Gensokyo:LunaticRedEyes","Gensokyo:NagashiBinaDoll"],"acts_visited":["Gensokyo:Gensokyo"],"potions_floor_usage":[],"damage_taken":[{"damage":2,"enemies":"Gensokyo:2_Kodama","floor":1,"turns":3},{"damage":4,"enemies":"Gensokyo:Gryphon","floor":3,"turns":2},{"damage":7,"enemies":"Gensokyo:3_Fairies","floor":7,"turns":3},{"damage":68,"enemies":"Gensokyo:Cirno","floor":8,"turns":6}],"seed_played":"7836939912823314897","potions_obtained":[{"floor":1,"key":"Doom Potion"}],"is_trial":false,"path_per_floor":["M","?","M","?","$","R","M","?"],"character_chosen":"BLACKBEARD_CLASS","items_purchased":["blackbeard:GoldenCannonball","blackbeard:BeatUp"],"campfire_rested":0,"item_purchase_floors":[5,5],"current_hp_per_floor":[73,73,69,69,69,69,62,0,0,0],"gold":36,"neow_bonus":"","is_daily":false,"chose_seed":false,"campfire_upgraded":1,"win_rate":0.0,"timestamp":1610556272,"path_taken":["M","?","M","?","$","R","?","?"],"items_purchased_type":["Card","Card"],"build_version":"2020-12-22","purchased_purges":0,"victory":false,"max_hp_per_floor":[75,75,75,75,75,75,75,75,75,75],"card_choices":[{"not_picked":["Bloodbath","Woodsman"],"picked":"LongBird","floor":1},{"not_picked":["blackbeard:Fencing","blackbeard:GhostInTheRum"],"picked":"blackbeard:DeadlyArsenal","floor":1},{"not_picked":["DespairKnight","MeatLantern"],"picked":"RedShoes","floor":3},{"not_picked":["blackbeard:TacticalRetreat","blackbeard:SwordDance"],"picked":"blackbeard:BeatUp","floor":3},{"not_picked":["WhitesApple","GreedKing"],"picked":"HeroicMonk","floor":7},{"not_picked":["blackbeard:Sharpening","blackbeard:PiratesWill"],"picked":"blackbeard:GoldenStrike","floor":7}],"player_experience":764464,"relics_obtained":[{"floor":1,"key":"LetterFromLob"}],"event_choices":[],"is_beta":false,"boss_relics":[],"items_purged_floors":[],"is_endless":false,"potions_floor_spawned":[1],"killed_by":"Gensokyo:Cirno","ascension_level":0}}