{"host":"h3c6rtdc4153hgw2","time":1610539430,"event":{"mods":["AchievementEnabler","Aspiration","BaseMod","Beaked The Cultist","Colored Map","Colored Powertips","Hermit","Hubris","Marisa????????","Minty Spire (QoL Compilation)","Permanent Neow","Quick Restart","StSLib","The Construct","The Cursed","The Hierophant","The Necromancer"],"gold_per_floor":[114,114,114,129,144,144,159,174,174,24,24,24,39,54,54,154,154,169,169,184,34,34,64,64,64,114,114,129,144,174,174,174,274,274,289,289,289,89,89,119,119,134,159,189,189,204,204,219,219,219,219],"floor_reached":50,"language":"ENG","playtime":1905,"items_purged":["Wraith"],"score":855,"play_id":"0b91e0f2-2f26-417d-a3a1-99b9c768c79d","local_time":"20210113120350","daily_mods":["Cursed Run","ControlledChaos","Lethality"],"is_ascension_mode":false,"campfire_choices":[{"data":"construct:ChargeShot","floor":6,"key":"SMITH"},{"floor":11,"key":"REST"},{"floor":27,"key":"REST"},{"floor":32,"key":"REST"},{"floor":41,"key":"REST"},{"floor":49,"key":"REST"}],"circlet_count":0,"master_deck":["construct:Strike_Gold","construct:Strike_Gold","construct:Strike_Gold","construct:Strike_Gold","construct:Strike_Gold","construct:Defend_Gold","construct:Defend_Gold","construct:Defend_Gold","construct:Defend_Gold","construct:Defend_Gold","construct:DefenseMode","construct:FierceBash","construct:Accumulate","construct:ChargeShot+1","construct:FlameCore","construct:FlameCore","hubris:Envy","Decay","hubris:DuctTapeCard","construct:Analyze","construct:Accumulate","Decay","construct:HyperBeam","construct:SuppressiveFire","Go for the Eyes","construct:BatteryAcid","construct:FierceBash","construct:ReactiveShield","Double Energy","Sweeping Beam","Ghostly","Ghostly","Ghostly","Ghostly","Ghostly","Go for the Eyes","hubris:Disease","construct:Enhance","Stack+1","Beam Cell","Injury","construct:HyperBeam","Conserve Battery+1","construct:Versatility+1","hubris:Envy","construct:ScopeCore","Beam Cell+1","Clumsy","hubris:PowerSurge+1"],"relics":["Cursed Key","Darkstone Periapt","Du-Vu Doll","Frozen Eye","Matryoshka","DollysMirror","hubris:DuctTape","aspiration:ArtOfWarUpgrade","aspiration:DefectSkillbook","Nilry\u0027s Codex","Orrery","Smiling Mask","hubris:Towel","Potion Belt","aspiration:ChemicalBlood","Bronze Scales","hubris:ScarierMask","Chemical X","hubris:Icosahedron","PreservedInsect","aspiration:EmptySkull","Akabeko","Letter Opener"],"acts_visited":["Exordium","TheCity","TheBeyond"],"potions_floor_usage":[16,28,29,30,30,33,33,44,46,46,48,50,50,50,50,50],"damage_taken":[{"damage":4,"enemies":"Cultist","floor":1,"turns":3},{"damage":8,"enemies":"Jaw Worm","floor":4,"turns":2},{"damage":6,"enemies":"2 Louse","floor":5,"turns":2},{"damage":0,"enemies":"Exordium Thugs","floor":7,"turns":3},{"damage":8,"enemies":"Exordium Wildlife","floor":8,"turns":3},{"damage":13,"enemies":"Looter","floor":13,"turns":3},{"damage":11,"enemies":"Large Slime","floor":14,"turns":2},{"damage":0,"enemies":"Slime Boss","floor":16,"turns":3},{"damage":21,"enemies":"Shell Parasite","floor":18,"turns":3},{"damage":0,"enemies":"Spheric Guardian","floor":20,"turns":2},{"damage":31,"enemies":"Slavers","floor":23,"turns":4},{"damage":0,"enemies":"Snecko","floor":28,"turns":2},{"damage":21,"enemies":"Snake Plant","floor":29,"turns":2},{"damage":0,"enemies":"Gremlin Leader","floor":30,"turns":4},{"damage":0,"enemies":"Champ","floor":33,"turns":6},{"damage":0,"enemies":"3 Darklings","floor":35,"turns":3},{"damage":30,"enemies":"Nemesis","floor":40,"turns":6},{"damage":22,"enemies":"3 Shapes","floor":42,"turns":3},{"damage":1,"enemies":"Giant Head","floor":44,"turns":5},{"damage":50,"enemies":"Writhing Mass","floor":46,"turns":4},{"damage":7,"enemies":"Jaw Worm Horde","floor":48,"turns":2},{"damage":49,"enemies":"Donu and Deca","floor":50,"turns":4}],"seed_played":"-4624312993155624390","potions_obtained":[{"floor":4,"key":"FairyPotion"},{"floor":5,"key":"DuplicationPotion"},{"floor":14,"key":"construct:ShiftPotion"},{"floor":16,"key":"Energy Potion"},{"floor":18,"key":"AttackPotion"},{"floor":28,"key":"Weak Potion"},{"floor":29,"key":"Energy Potion"},{"floor":35,"key":"Strength Potion"},{"floor":44,"key":"LiquidBronze"},{"floor":48,"key":"construct:ShiftPotion"}],"is_trial":false,"path_per_floor":["M","?","?","M","M","R","M","M","T","$","R","T","M","M","R","B",null,"M","?","M","$","?","E","?","R","T","R","M","M","E","?","R","B",null,"M","?","?","$","?","E","R","M","T","E","?","M","T","M","R","B"],"character_chosen":"THE_CONSTRUCT_MOD","items_purchased":["DollysMirror","Orrery","Chemical X"],"campfire_rested":5,"item_purchase_floors":[10,21,38],"current_hp_per_floor":[81,81,81,73,67,67,67,59,65,65,91,97,84,73,73,79,103,82,66,66,66,51,20,20,20,26,43,43,22,22,10,27,33,63,63,69,69,69,69,39,59,37,43,42,50,22,28,21,45,0,0],"gold":219,"neow_bonus":"","is_daily":true,"chose_seed":false,"campfire_upgraded":1,"win_rate":0.0,"timestamp":1610539430,"path_taken":["M","?","?","M","M","R","M","M","T","?","R","?","M","M","R","BOSS","M","?","M","$","?","E","?","R","T","R","M","M","E","?","R","BOSS","M","?","?","$","?","E","R","?","T","E","?","M","?","?","R","BOSS"],"items_purchased_type":["Relic","Relic","Relic"],"build_version":"2020-12-22","purchased_purges":1,"victory":false,"max_hp_per_floor":[85,85,85,85,85,85,85,85,91,91,91,97,97,97,97,103,103,103,103,103,103,51,51,51,51,57,57,57,57,57,57,57,63,63,63,69,69,69,69,69,69,69,75,75,75,75,81,81,81,81,81],"card_choices":[{"not_picked":["construct:Autoturret","construct:VentSteam"],"picked":"construct:FierceBash","floor":1},{"not_picked":["construct:SuppressiveFire","construct:CriticalHit"],"picked":"construct:Accumulate","floor":4},{"not_picked":["construct:HardReboot","construct:OmegaCannon"],"picked":"construct:ChargeShot","floor":5},{"not_picked":["construct:FocusedBeam","construct:Accumulate"],"picked":"construct:FlameCore","floor":7},{"not_picked":["construct:Antimatter","construct:ShiftStrike"],"picked":"construct:FlameCore","floor":8},{"not_picked":["construct:SuppressiveFire","construct:Backfire"],"picked":"construct:Analyze","floor":13},{"not_picked":["construct:PanicFire","construct:SyphonStrike"],"picked":"construct:Accumulate","floor":14},{"not_picked":["construct:ShieldGenerator","construct:GoldenBullet"],"picked":"construct:HyperBeam","floor":16},{"not_picked":["construct:HeavyBolt","construct:CriticalHit","Rebound+1"],"picked":"construct:SuppressiveFire","floor":18},{"not_picked":["construct:FocusedBeam+1","construct:Isolate","Compile Driver"],"picked":"Go for the Eyes","floor":20},{"not_picked":["construct:Analyze","Leap","Coolheaded"],"picked":"construct:BatteryAcid","floor":21},{"not_picked":["construct:UnbalancingBlast","construct:SiegeForm","Coolheaded"],"picked":"construct:FierceBash","floor":21},{"not_picked":["construct:Forcefield","Self Repair","construct:ClusterMines"],"picked":"construct:ReactiveShield","floor":21},{"not_picked":["Force Field","construct:SyphonStrike+1","construct:SuppressiveFire"],"picked":"Double Energy","floor":21},{"not_picked":["Ball Lightning","Chaos","construct:Forcefield"],"picked":"Sweeping Beam","floor":21},{"not_picked":["construct:Backfire","construct:Versatility","Defragment"],"picked":"Go for the Eyes","floor":23},{"not_picked":["Steam","Loop","construct:SuppressiveFire"],"picked":"construct:Enhance","floor":28},{"not_picked":["construct:VentSteam+1","Steam+1","Reinforced Body"],"picked":"Stack+1","floor":29},{"not_picked":["Cold Snap","construct:SpinDrive","construct:FocusedBeam"],"picked":"Beam Cell","floor":30},{"not_picked":["Amplify","construct:LongRangeLance","construct:SpinDrive"],"picked":"construct:HyperBeam","floor":33},{"not_picked":["Rebound+1","Turbo","construct:ShiftGuard+1"],"picked":"Conserve Battery+1","floor":35},{"not_picked":["Stack+1","construct:Construct_Overclock","construct:Anticipate"],"picked":"construct:Versatility+1","floor":40},{"not_picked":["construct:Boost+1","Gash+1","construct:Forcefield+1","construct:SaveState"],"picked":"SKIP","floor":42},{"not_picked":["construct:ForceCore","construct:SaveState+1","Barrage"],"picked":"construct:ScopeCore","floor":44},{"not_picked":["Cold Snap+1","construct:Accumulate+1","Rebound+1"],"picked":"Beam Cell+1","floor":46},{"not_picked":["construct:GuardCore","Coolheaded","Cold Snap"],"picked":"hubris:PowerSurge+1","floor":48}],"player_experience":126743,"relics_obtained":[{"floor":9,"key":"Matryoshka"},{"floor":12,"key":"hubris:DuctTape"},{"floor":12,"key":"Art of War"},{"floor":19,"key":"Nilry\u0027s Codex"},{"floor":23,"key":"Smiling Mask"},{"floor":26,"key":"Potion Belt"},{"floor":26,"key":"aspiration:ChemicalBlood"},{"floor":30,"key":"Bronze Scales"},{"floor":40,"key":"PreservedInsect"},{"floor":43,"key":"aspiration:EmptySkull"},{"floor":44,"key":"Akabeko"},{"floor":47,"key":"Letter Opener"}],"event_choices":[{"damage_healed":0,"gold_gain":0,"player_choice":"Ignored","damage_taken":0,"max_hp_gain":0,"max_hp_loss":0,"event_name":"Golden Wing","floor":2,"gold_loss":0},{"damage_healed":0,"gold_gain":0,"player_choice":"Grow","damage_taken":0,"max_hp_gain":0,"max_hp_loss":0,"event_name":"Living Wall","floor":3,"gold_loss":0,"cards_upgraded":["construct:AttackMode"]},{"damage_healed":0,"gold_gain":0,"player_choice":"Obtained Book","damage_taken":16,"max_hp_gain":0,"max_hp_loss":0,"event_name":"Cursed Tome","floor":19,"gold_loss":0},{"damage_healed":0,"gold_gain":0,"player_choice":"Became a Ghost","damage_taken":0,"max_hp_gain":0,"max_hp_loss":52,"event_name":"Ghosts","floor":22,"gold_loss":0,"cards_obtained":["Ghostly","Ghostly","Ghostly","Ghostly","Ghostly"]},{"damage_healed":0,"gold_gain":0,"player_choice":"POTION ","damage_taken":12,"max_hp_gain":0,"max_hp_loss":0,"event_name":"Knowing Skull","floor":31,"potions_obtained":["CultistPotion"],"gold_loss":0,"cards_obtained":[]},{"damage_healed":0,"gold_gain":0,"player_choice":"Ignored","damage_taken":0,"max_hp_gain":0,"max_hp_loss":0,"event_name":"OrinTheCat","floor":36,"gold_loss":0},{"damage_healed":0,"gold_gain":0,"player_choice":"Ignored","damage_taken":0,"max_hp_gain":0,"max_hp_loss":0,"event_name":"Tomb of Lord Red Mask","floor":37,"gold_loss":0}],"is_beta":false,"boss_relics":[{"not_picked":["Empty Cage","Velvet Choker"],"picked":"aspiration:DefectSkillbook"},{"not_picked":["hubris:Stopwatch","hubris:RunicObelisk"],"picked":"hubris:ScarierMask"}],"items_purged_floors":[38],"is_endless":false,"potions_floor_spawned":[4,5,14,16,18,28,29,35,48],"killed_by":"Donu and Deca","ascension_level":0}}