{"host":"tw7a6rmo9h75ssrt","time":1610553449,"event":{"mods":["AchievementEnabler","Act Like it!","BaseMod","Better Debug","Colored Map","Dark Map","Highlight Path","Minty Spire (QoL Compilation)","Quick Restart","StSLib","SuperFastMode"],"gold_per_floor":[112,37,57,232,232,232,262,262,262,262,278,278,310,384,384,486,486,504,504,504,523,537,537,555,555,555,555,555,555,572,63,63,159,159,175,32,32,32,52,52,62,111,111,111,126,138,138,138,138,138],"floor_reached":51,"language":"ZHS","playtime":2340,"items_purged":["Bash","Twin Strike"],"score":894,"play_id":"8fc36d7e-86d7-4b3a-b327-effe0582e044","local_time":"20210113235729","is_ascension_mode":true,"campfire_choices":[{"data":"Dark Embrace","floor":6.0,"key":"SMITH"},{"data":"Berserk","floor":8.0,"key":"SMITH"},{"data":"Body Slam","floor":10.0,"key":"SMITH"},{"data":"Double Tap","floor":12.0,"key":"SMITH"},{"data":"Carnage","floor":15.0,"key":"SMITH"},{"data":"Armaments","floor":23.0,"key":"SMITH"},{"data":"Barricade","floor":32.0,"key":"SMITH"},{"data":"Brutality","floor":40.0,"key":"SMITH"},{"floor":44.0,"key":"REST"},{"data":"Burning Pact","floor":47.0,"key":"SMITH"},{"floor":49.0,"key":"REST"}],"circlet_count":0,"master_deck":["Double Tap+1","Carnage+1","Havoc","Berserk+1","Dark Embrace+1","Body Slam+1","Sentinel","Feel No Pain","Burning Pact+1","Impervious","Armaments+1","Shrug It Off+1","Shrug It Off+1","Barricade+1","Violence","Panacea","Brutality+1","Madness","Madness","Parasite","Disarm+1","Shrug It Off+1"],"relics":["Pandora\u0027s Box","Pen Nib","Vajra","Paper Frog","Cursed Key","Spirit Poop","WingedGreaves","MealTicket","Philosopher\u0027s Stone","Strange Spoon","Girya"],"acts_visited":["Exordium","TheCity","TheBeyond"],"potions_floor_usage":[],"damage_taken":[{"damage":0.0,"enemies":"Small Slimes","floor":1.0,"turns":3.0},{"damage":12.0,"enemies":"2 Louse","floor":3.0,"turns":3.0},{"damage":0.0,"enemies":"Cultist","floor":11.0,"turns":3.0},{"damage":20.0,"enemies":"Lagavulin","floor":13.0,"turns":4.0},{"damage":30.0,"enemies":"Hexaghost","floor":16.0,"turns":5.0},{"damage":4.0,"enemies":"Chosen","floor":18.0,"turns":3.0},{"damage":3.0,"enemies":"Spheric Guardian","floor":21.0,"turns":3.0},{"damage":9.0,"enemies":"Shelled Parasite and Fungi","floor":22.0,"turns":3.0},{"damage":0.0,"enemies":"Centurion and Healer","floor":24.0,"turns":3.0},{"damage":10.0,"enemies":"Snake Plant","floor":30.0,"turns":3.0},{"damage":0.0,"enemies":"Automaton","floor":33.0,"turns":4.0},{"damage":1.0,"enemies":"3 Darklings","floor":35.0,"turns":4.0},{"damage":7.0,"enemies":"3 Shapes","floor":39.0,"turns":5.0},{"damage":9.0,"enemies":"Writhing Mass","floor":41.0,"turns":4.0},{"damage":46.0,"enemies":"2 Orb Walkers","floor":42.0,"turns":6.0},{"damage":16.0,"enemies":"3 Darklings","floor":45.0,"turns":4.0},{"damage":4.0,"enemies":"Maw","floor":46.0,"turns":5.0},{"damage":44,"enemies":"Donu and Deca","floor":50,"turns":5}],"seed_played":"-835753375073682025","potions_obtained":[{"floor":1.0,"key":"Energy Potion"},{"floor":13.0,"key":"Fruit Juice"},{"floor":16.0,"key":"Strength Potion"},{"floor":18.0,"key":"SpeedPotion"},{"floor":22.0,"key":"PowerPotion"},{"floor":30.0,"key":"FairyPotion"},{"floor":35.0,"key":"SteroidPotion"},{"floor":39.0,"key":"Regen Potion"}],"is_trial":false,"path_per_floor":["M","$","M","?","?","R","?","R","T","R","M","R","E","T","R","B",null,"M","?","?","M","M","R","M","?","T","?","T","?","M","$","R","B",null,"M","$","?","$","M","R","M","?","T","R","M","M","R","T","R","B",null],"character_chosen":"IRONCLAD","items_purchased":["MealTicket","Violence","Panacea","Strange Spoon"],"campfire_rested":2,"item_purchase_floors":[31,31,31,36],"current_hp_per_floor":[80,80,68,68,73,73,73,73,73,73,73,73,58,58,58,28,90,86,68,68,65,56,56,56,56,56,56,56,56,46,46,46,46,95,94,95,83,95,88,88,79,48,48,76,60,56,56,56,84,40],"gold":138,"neow_bonus":"BOSS_RELIC","is_daily":false,"chose_seed":false,"campfire_upgraded":9,"win_rate":0.0,"timestamp":1610553449,"path_taken":["M","$","M","?","?","R","?","R","T","R","M","R","E","?","R","BOSS","M","?","?","?","?","R","M","?","T","?","?","?","?","$","R","BOSS","M","$","?","?","M","R","M","?","T","R","?","M","R","?","R","BOSS"],"items_purchased_type":["Relic","Card","Card","Relic"],"build_version":"2020-12-22","purchased_purges":2,"victory":true,"max_hp_per_floor":[80,80,80,80,85,85,85,85,85,85,85,85,90,90,90,90,90,90,95,95,95,95,95,95,95,95,95,95,95,95,95,95,95,95,95,95,95,95,95,95,95,95,95,95,95,95,95,95,95,95],"card_choices":[{"not_picked":["Dropkick","Blood for Blood","Rupture"],"picked":"SKIP","floor":1.0},{"not_picked":["Dropkick","Bloodletting"],"picked":"Burning Pact","floor":3.0},{"not_picked":["Power Through","Heavy Blade","Warcry"],"picked":"SKIP","floor":11.0},{"not_picked":["Intimidate","Anger","Seeing Red"],"picked":"SKIP","floor":13.0},{"not_picked":["Bludgeon","Fiend Fire"],"picked":"Impervious","floor":16.0},{"not_picked":["Clash+1","Body Slam"],"picked":"Armaments","floor":18.0},{"not_picked":["Body Slam+1","Perfected Strike"],"picked":"Shrug It Off+1","floor":21.0},{"not_picked":["Inflame","Twin Strike+1","Intimidate"],"picked":"SKIP","floor":22.0},{"not_picked":["Twin Strike","Body Slam","Armaments"],"picked":"SKIP","floor":24.0},{"not_picked":["Iron Wave","Ghostly Armor"],"picked":"Barricade","floor":30.0},{"not_picked":["Immolate","Exhume"],"picked":"Brutality","floor":33.0},{"not_picked":["Pummel+1","Perfected Strike+1","Body Slam"],"picked":"SKIP","floor":35.0},{"not_picked":["Sever Soul+1","Wild Strike","Rampage"],"picked":"SKIP","floor":39.0},{"not_picked":["Twin Strike+1","Wild Strike+1"],"picked":"Disarm+1","floor":41.0},{"not_picked":["Whirlwind+1","Perfected Strike","Shrug It Off+1"],"picked":"SKIP","floor":45.0},{"not_picked":["Whirlwind+1","Perfected Strike"],"picked":"Shrug It Off+1","floor":45.0},{"not_picked":["Havoc","Flex+1","Pommel Strike"],"picked":"SKIP","floor":46.0}],"player_experience":17180,"relics_obtained":[{"floor":9.0,"key":"Pen Nib"},{"floor":13.0,"key":"Vajra"},{"floor":14.0,"key":"Paper Frog"},{"floor":42.0,"key":"Girya"}],"event_choices":[{"damage_healed":0.0,"max_hp_gain":0.0,"max_hp_loss":0.0,"gold_gain":175.0,"event_name":"Liars Game","player_choice":"AGREE","floor":4.0,"gold_loss":0.0,"damage_taken":0.0,"cards_obtained":["Doubt"]},{"damage_healed":0.0,"max_hp_gain":5.0,"max_hp_loss":0.0,"gold_gain":0.0,"event_name":"Big Fish","player_choice":"Donut","floor":5.0,"gold_loss":0.0,"damage_taken":0.0},{"damage_healed":0.0,"max_hp_gain":0.0,"max_hp_loss":0.0,"gold_gain":30.0,"event_name":"Dead Adventurer","player_choice":"Searched \u00272\u0027 times","floor":7.0,"gold_loss":0.0,"damage_taken":0.0},{"damage_healed":0.0,"max_hp_gain":5.0,"max_hp_loss":0.0,"gold_gain":0.0,"event_name":"Forgotten Altar","player_choice":"Shed Blood","floor":19.0,"gold_loss":0.0,"damage_taken":23.0},{"cards_removed":["Doubt"],"damage_healed":0.0,"max_hp_gain":0.0,"max_hp_loss":0.0,"gold_gain":0.0,"event_name":"Bonfire Elementals","player_choice":"Offered Curse","floor":20.0,"gold_loss":0.0,"damage_taken":0.0,"relics_obtained":["Spirit Poop"]},{"damage_healed":0.0,"max_hp_gain":0.0,"max_hp_loss":0.0,"gold_gain":0.0,"event_name":"The Mausoleum","player_choice":"Opened","floor":25.0,"gold_loss":0.0,"damage_taken":0.0,"relics_obtained":["WingedGreaves"]},{"damage_healed":0.0,"max_hp_gain":0.0,"max_hp_loss":0.0,"gold_gain":0.0,"event_name":"Cursed Tome","player_choice":"Ignored","floor":27.0,"gold_loss":0.0,"damage_taken":0.0},{"damage_healed":0.0,"max_hp_gain":0.0,"max_hp_loss":0.0,"gold_gain":0.0,"event_name":"Duplicator","player_choice":"Copied","floor":29.0,"gold_loss":0.0,"damage_taken":0.0,"cards_obtained":["Shrug It Off"]},{"damage_healed":0.0,"max_hp_gain":0.0,"max_hp_loss":0.0,"gold_gain":0.0,"event_name":"Winding Halls","player_choice":"Embrace Madness","floor":37.0,"gold_loss":0.0,"damage_taken":12.0,"cards_obtained":["Madness","Madness"]},{"damage_healed":0.0,"max_hp_gain":0.0,"max_hp_loss":0.0,"gold_gain":0.0,"event_name":"Mysterious Sphere","player_choice":"Fight","floor":42.0,"gold_loss":0.0,"damage_taken":0.0}],"is_beta":false,"boss_relics":[{"not_picked":["Runic Pyramid","Velvet Choker"],"picked":"Cursed Key"},{"not_picked":["Empty Cage","Runic Dome"],"picked":"Philosopher\u0027s Stone"}],"items_purged_floors":[2,31],"is_endless":false,"potions_floor_spawned":[1,13,16,18,22,30,35,39,41],"ascension_level":3}}