{"host":"y3h3n3f7seyagppx","time":1610561619,"event":{"mods":["AlwaysNeverKeys","BaseMod","Better Vampires","Colored Powertips","DeckTracker","Emptier Cage","Minty Spire (QoL Compilation)","Permanent Neow","Quick Restart","Rare Cards Sparkle","Relic Sorter","Relic Stats","StSLib","Transform Curses"],"gold_per_floor":[110,110,130,145,164,190,155,181,181,199,216,233,283,312,312,387,387,405,8,27,42,59,59,93,93,93,113,143,159,178,205,205,278,278,290,308,324,341,11,11,11],"floor_reached":40,"language":"ENG","playtime":6273,"items_purged":["Defend_P","Strike_P"],"score":1202,"play_id":"a8d4c057-b91e-42a8-937a-48287a7066b1","local_time":"20210113131339","is_ascension_mode":true,"campfire_choices":[{"data":"EmptyFist","floor":15.0,"key":"SMITH"},{"data":"MentalFortress","floor":23.0,"key":"SMITH"},{"data":"Eruption","floor":25.0,"key":"SMITH"},{"floor":32.0,"key":"REST"}],"circlet_count":0,"master_deck":["AscendersBane","Eruption+1","Vigilance","CutThroughFate","Indignation","Tantrum","Adaptation","EmptyFist+1","FearNoEvil","MentalFortress+1","DeceiveReality","Meditate","Omniscience","Adaptation","TalkToTheHand","Crescendo+1","WreathOfFlame+1","Adaptation+1"],"relics":["Philosopher\u0027s Stone","Prayer Wheel","StoneCalendar","CaptainsWheel","Pocketwatch","Toy Ornithopter","Empty Cage","Bag of Marbles","Sling","Omamori","Matryoshka","Letter Opener","Potion Belt","Astrolabe","ClockworkSouvenir"],"acts_visited":["Exordium","TheCity","TheBeyond"],"potions_floor_usage":[],"damage_taken":[{"damage":0.0,"enemies":"Cultist","floor":1.0,"turns":3.0},{"damage":0.0,"enemies":"Jaw Worm","floor":3.0,"turns":3.0},{"damage":4.0,"enemies":"2 Louse","floor":4.0,"turns":3.0},{"damage":30.0,"enemies":"Gremlin Gang","floor":5.0,"turns":4.0},{"damage":0.0,"enemies":"Gremlin Nob","floor":6.0,"turns":2.0},{"damage":0.0,"enemies":"Lagavulin","floor":8.0,"turns":4.0},{"damage":4.0,"enemies":"2 Fungi Beasts","floor":10.0,"turns":3.0},{"damage":0.0,"enemies":"Exordium Wildlife","floor":11.0,"turns":3.0},{"damage":14.0,"enemies":"Lots of Slimes","floor":12.0,"turns":2.0},{"damage":4.0,"enemies":"Gremlin Nob","floor":14.0,"turns":3.0},{"damage":0.0,"enemies":"The Guardian","floor":16.0,"turns":8.0},{"damage":20.0,"enemies":"3 Byrds","floor":18.0,"turns":4.0},{"damage":6.0,"enemies":"Shell Parasite","floor":20.0,"turns":6.0},{"damage":17.0,"enemies":"Shelled Parasite and Fungi","floor":21.0,"turns":6.0},{"damage":10.0,"enemies":"Centurion and Healer","floor":22.0,"turns":4.0},{"damage":23.0,"enemies":"Book of Stabbing","floor":24.0,"turns":3.0},{"damage":7.0,"enemies":"Snecko","floor":27.0,"turns":4.0},{"damage":0.0,"enemies":"Gremlin Leader","floor":28.0,"turns":3.0},{"damage":22.0,"enemies":"Shelled Parasite and Fungi","floor":29.0,"turns":4.0},{"damage":0.0,"enemies":"Snake Plant","floor":30.0,"turns":1.0},{"damage":7.0,"enemies":"Slavers","floor":31.0,"turns":3.0},{"damage":11.0,"enemies":"Automaton","floor":33.0,"turns":10.0},{"damage":0.0,"enemies":"Orb Walker","floor":35.0,"turns":2.0},{"damage":6.0,"enemies":"3 Shapes","floor":36.0,"turns":3.0},{"damage":7.0,"enemies":"Spire Growth","floor":37.0,"turns":4.0},{"damage":43.0,"enemies":"4 Shapes","floor":38.0,"turns":6.0},{"damage":23,"enemies":"Reptomancer","floor":40,"turns":2}],"seed_played":"3111092557228034251","potions_obtained":[{"floor":5.0,"key":"Regen Potion"},{"floor":6.0,"key":"LiquidMemories"},{"floor":10.0,"key":"BlessingOfTheForge"},{"floor":14.0,"key":"Energy Potion"},{"floor":18.0,"key":"Regen Potion"},{"floor":20.0,"key":"Regen Potion"},{"floor":21.0,"key":"Swift Potion"},{"floor":29.0,"key":"DistilledChaos"},{"floor":30.0,"key":"DuplicationPotion"},{"floor":33.0,"key":"SkillPotion"},{"floor":36.0,"key":"Swift Potion"}],"is_trial":false,"path_per_floor":["M","?","M","M","M","E","?","E","T","M","M","M","?","E","R","B",null,"M","$","M","M","M","R","E","R","T","M","E","M","M","E","R","B",null,"M","M","M","M","$","E"],"character_chosen":"WATCHER","items_purchased":["Bag of Marbles","Sling","ClockworkSouvenir","BlessingOfTheForge"],"campfire_rested":1,"item_purchase_floors":[19,19,39,39],"current_hp_per_floor":[61,61,61,57,27,27,44,56,56,52,52,38,38,34,34,34,60,45,45,59,61,51,51,33,33,33,26,26,4,9,12,32,21,56,56,50,53,10,10,0,0],"gold":11,"neow_bonus":"BOSS_RELIC","is_daily":false,"chose_seed":false,"campfire_upgraded":3,"win_rate":0.0,"timestamp":1610561619,"path_taken":["M","?","?","M","M","E","?","E","T","M","M","M","?","E","R","BOSS","M","$","M","M","M","R","E","R","T","M","E","?","M","E","R","BOSS","M","M","M","M","$","E"],"items_purchased_type":["Relic","Relic","Relic","Potion"],"build_version":"2020-12-22","purchased_purges":2,"victory":false,"max_hp_per_floor":[68,68,68,68,68,68,68,68,68,68,68,68,68,68,68,68,68,68,68,68,68,68,68,68,68,68,68,68,68,68,68,68,68,68,68,68,68,68,68,68,68],"relic_stats":{"counters":[27,103],"Astrolabe":["Crescendo","WreathOfFlame","Adaptation"],"Prayer Wheel":17,"StoneCalendar":[173],"Letter Opener":[95],"obtain_stats":[{"Potion Belt":31,"Astrolabe":34,"StoneCalendar":6,"Omamori":24,"Letter Opener":28,"Empty Cage":17,"Sling":19,"ClockworkSouvenir":39,"CaptainsWheel":8,"Matryoshka":26,"Philosopher\u0027s Stone":0,"Prayer Wheel":2,"Bag of Marbles":19,"PureWater":0,"Toy Ornithopter":14,"Pocketwatch":9},{"Potion Belt":21,"Astrolabe":22,"StoneCalendar":5,"Omamori":16,"Letter Opener":18,"Empty Cage":11,"Sling":12,"ClockworkSouvenir":26,"CaptainsWheel":6,"Matryoshka":16,"Philosopher\u0027s Stone":0,"Prayer Wheel":1,"Bag of Marbles":12,"PureWater":0,"Toy Ornithopter":10,"Pocketwatch":6},{"Potion Belt":76,"Astrolabe":86,"StoneCalendar":15,"Omamori":61,"Letter Opener":68,"Empty Cage":38,"Sling":42,"ClockworkSouvenir":101,"CaptainsWheel":19,"Matryoshka":61,"Philosopher\u0027s Stone":0,"Prayer Wheel":3,"Bag of Marbles":42,"PureWater":0,"Toy Ornithopter":30,"Pocketwatch":19}],"Toy Ornithopter":45,"Pocketwatch":[67]},"card_choices":[{"not_picked":["Halt","FlyingSleeves"],"picked":"JustLucky","floor":1.0},{"not_picked":["ThirdEye","EmptyBody"],"picked":"CutThroughFate","floor":3.0},{"not_picked":["ForeignInfluence","Meditate"],"picked":"Indignation","floor":3.0},{"not_picked":["Protect","JustLucky"],"picked":"Tantrum","floor":4.0},{"not_picked":["CutThroughFate","EmptyBody","Adaptation"],"picked":"SKIP","floor":4.0},{"not_picked":["CutThroughFate","EmptyBody"],"picked":"Adaptation","floor":4.0},{"not_picked":["Establishment","SashWhip"],"picked":"EmptyFist","floor":5.0},{"not_picked":["BowlingBash","Conclude","Nirvana"],"picked":"SKIP","floor":5.0},{"not_picked":["BowlingBash","Conclude","Nirvana"],"picked":"SKIP","floor":5.0},{"not_picked":["Wireheading","ThirdEye"],"picked":"FearNoEvil","floor":6.0},{"not_picked":["Evaluate","WaveOfTheHand","CrushJoints"],"picked":"SKIP","floor":8.0},{"not_picked":["FlyingSleeves","EmptyBody"],"picked":"MentalFortress","floor":10.0},{"not_picked":["Weave","EmptyFist"],"picked":"DeceiveReality","floor":10.0},{"not_picked":["Conclude","WreathOfFlame","ThirdEye"],"picked":"SKIP","floor":11.0},{"not_picked":["Meditate","CrushJoints","Collect"],"picked":"SKIP","floor":11.0},{"not_picked":["CrushJoints","Collect"],"picked":"Meditate","floor":11.0},{"not_picked":["Conclude","WreathOfFlame","ThirdEye"],"picked":"SKIP","floor":11.0},{"not_picked":["Tantrum","Perseverance","Protect"],"picked":"SKIP","floor":12.0},{"not_picked":["WaveOfTheHand","Establishment","EmptyFist"],"picked":"SKIP","floor":12.0},{"not_picked":["JustLucky","FollowUp","EmptyFist"],"picked":"SKIP","floor":14.0},{"not_picked":["Judgement","ConjureBlade"],"picked":"Omniscience","floor":16.0},{"not_picked":["Wireheading","Fasting2"],"picked":"Adaptation","floor":18.0},{"not_picked":["PathToVictory","CarveReality","WaveOfTheHand"],"picked":"SKIP","floor":18.0},{"not_picked":["ReachHeaven+1","FlurryOfBlows","Meditate"],"picked":"SKIP","floor":20.0},{"not_picked":["EmptyBody","SashWhip","BowlingBash"],"picked":"SKIP","floor":20.0},{"not_picked":["LikeWater","FearNoEvil","Protect+1"],"picked":"SKIP","floor":21.0},{"not_picked":["Vengeance","Crescendo","CarveReality"],"picked":"SKIP","floor":21.0},{"not_picked":["Prostrate","ClearTheMind+1","EmptyBody"],"picked":"SKIP","floor":22.0},{"not_picked":["Establishment","Meditate","BowlingBash"],"picked":"SKIP","floor":22.0},{"not_picked":["FollowUp","ClearTheMind+1","Adaptation"],"picked":"SKIP","floor":24.0},{"not_picked":["Consecrate","SashWhip","JustLucky+1"],"picked":"SKIP","floor":27.0},{"not_picked":["BowlingBash+1","Collect","EmptyBody"],"picked":"SKIP","floor":27.0},{"not_picked":["Crescendo","ConjureBlade","Swivel"],"picked":"SKIP","floor":28.0},{"not_picked":["Swivel+1","ThirdEye","SandsOfTime+1"],"picked":"SKIP","floor":29.0},{"not_picked":["Prostrate","JustLucky+1","Consecrate"],"picked":"SKIP","floor":29.0},{"not_picked":["Collect","FlyingSleeves"],"picked":"TalkToTheHand","floor":30.0},{"not_picked":["CutThroughFate+1","ThirdEye","DeceiveReality"],"picked":"SKIP","floor":30.0},{"not_picked":["Fasting2+1","SignatureMove+1","Evaluate"],"picked":"SKIP","floor":31.0},{"not_picked":["BowlingBash","LikeWater","FlyingSleeves"],"picked":"SKIP","floor":35.0},{"not_picked":["ClearTheMind","DeceiveReality","Crescendo+1"],"picked":"SKIP","floor":35.0},{"not_picked":["Evaluate+1","FlyingSleeves","Fasting2"],"picked":"SKIP","floor":36.0},{"not_picked":["EmptyFist","ClearTheMind+1","FlyingSleeves"],"picked":"SKIP","floor":36.0},{"not_picked":["WaveOfTheHand","ThirdEye","BowlingBash"],"picked":"SKIP","floor":37.0},{"not_picked":["MasterReality","WaveOfTheHand","Collect"],"picked":"SKIP","floor":37.0},{"not_picked":["JustLucky","Crescendo","BowlingBash"],"picked":"SKIP","floor":38.0},{"not_picked":["Swivel+1","Vengeance+1","CutThroughFate+1"],"picked":"SKIP","floor":38.0}],"player_experience":20793560,"relics_obtained":[{"floor":6.0,"key":"StoneCalendar"},{"floor":8.0,"key":"CaptainsWheel"},{"floor":9.0,"key":"Pocketwatch"},{"floor":14.0,"key":"Toy Ornithopter"},{"floor":24.0,"key":"Omamori"},{"floor":26.0,"key":"Matryoshka"},{"floor":28.0,"key":"Letter Opener"},{"floor":31.0,"key":"Potion Belt"}],"event_choices":[{"cards_removed":["JustLucky"],"damage_healed":0.0,"max_hp_gain":0.0,"max_hp_loss":0.0,"gold_gain":0.0,"event_name":"WeMeetAgain","player_choice":"Gave Card","floor":2.0,"gold_loss":0.0,"damage_taken":0.0,"relics_obtained":["Prayer Wheel"]},{"damage_healed":17.0,"max_hp_gain":0.0,"max_hp_loss":0.0,"gold_gain":0.0,"event_name":"The Cleric","player_choice":"Healed","floor":7.0,"gold_loss":35.0,"damage_taken":0.0},{"damage_healed":0.0,"max_hp_gain":0.0,"max_hp_loss":0.0,"gold_gain":50.0,"event_name":"Golden Shrine","player_choice":"Pray","floor":13.0,"gold_loss":0.0,"damage_taken":0.0}],"is_beta":false,"boss_relics":[{"not_picked":["Fusion Hammer","Sozu"],"picked":"Empty Cage"},{"not_picked":["Tiny House","Calling Bell"],"picked":"Astrolabe"}],"items_purged_floors":[19,39],"is_endless":false,"potions_floor_spawned":[5,6,10,14,18,20,21,29,30,33,36],"killed_by":"Reptomancer","ascension_level":20}}