{"host":"kiah4uoohy01p0hv","time":1610560612,"event":{"mods":["AchievementEnabler","Aspiration","BaseMod","BetterRewards","CCEM","Colored Map","Colored Powertips","Conspire","Highlight Path","Hubris","Infinite Spire","Minty Spire (QoL Compilation)","Permanent Neow","Replay The Spire","Spicy Shops","Spikes Relics","StSLib"],"gold_per_floor":[115,115,190,190,202,202,235,235,235,235,235,235,12,28,28,124,124,141,141,141,156,169,187,187,215,294,321,261,261,261,261,261],"floor_reached":31,"language":"ENG","playtime":2350,"items_purged":[],"score":394,"play_id":"5cba212d-f0f2-4e82-ae9d-f9f180a2880e","local_time":"20210114035652","is_ascension_mode":false,"campfire_choices":[{"data":"Crippling Poison","floor":6,"key":"SMITH"},{"data":"infinitespire:Neurotoxin","floor":8,"key":"SMITH"},{"data":"Bane","floor":10,"key":"SMITH"},{"data":"Terror","floor":15,"key":"SMITH"},{"data":"ReplayTheSpireMod:Necrosis","floor":24,"key":"SMITH"}],"circlet_count":0,"master_deck":["conspire:GhostlyStrike","conspire:GhostlyStrike","conspire:GhostlyStrike","conspire:GhostlyStrike","conspire:GhostlyStrike","conspire:GhostlyDefend","conspire:GhostlyDefend","conspire:GhostlyDefend","conspire:GhostlyDefend","conspire:GhostlyDefend","Survivor","Neutralize","Bane+1","Crippling Poison+1","infinitespire:Neurotoxin+1","Backflip","Poisoned Stab","infinitespire:Neurotoxin+1","Terror+1","ReplayTheSpireMod:Necrosis+1","Heel Hook+1","Dodge and Roll+1","ReplayTheSpireMod:The Works+1","Expertise+1","infinitespire:Execution","Poisoned Stab"],"relics":["Ring of the Snake","NeowsBlessing","MealTicket","Byrd Skull","hubris:BottledRain","Potion Belt","aspiration:HummingbirdHeart","DollysMirror","hubris:Backtick","The Specimen","aspiration:VileToxins","conspire:DecoderRing","StoneCalendar","hubris:Icosahedron"],"acts_visited":["Exordium","TheCity"],"potions_floor_usage":[16,16,16,25,25,29,29],"damage_taken":[{"damage":0,"enemies":"Small Slimes","floor":1,"turns":1},{"damage":0,"enemies":"2 Louse","floor":5,"turns":1},{"damage":0,"enemies":"Lagavulin","floor":7,"turns":1},{"damage":0,"enemies":"Cultist","floor":14,"turns":2},{"damage":0,"enemies":"The Guardian","floor":16,"turns":8},{"damage":6,"enemies":"Chosen","floor":18,"turns":5},{"damage":0,"enemies":"3 Byrds","floor":21,"turns":3},{"damage":0,"enemies":"Snake Plant","floor":22,"turns":4},{"damage":5,"enemies":"Cultist and Chosen","floor":23,"turns":4},{"damage":11,"enemies":"conspire:SneckoGhost","floor":25,"turns":6},{"damage":26,"enemies":"Nightmare","floor":27,"turns":7},{"damage":3,"enemies":"Colosseum Slavers","floor":29,"turns":3},{"damage":7,"enemies":"Shelled Parasite and Fungi","floor":31,"turns":3}],"seed_played":"8774243261350624960","potions_obtained":[{"floor":5,"key":"Toxic Potion"},{"floor":14,"key":"Dexterity Potion"},{"floor":16,"key":"CunningPotion"},{"floor":21,"key":"Adrenaline Potion"},{"floor":25,"key":"DuplicationPotion"},{"floor":27,"key":"SkillPotion"}],"is_trial":false,"path_per_floor":["M","?","?","?","M","R","E","R","T","R","?","T","$","M","R","B",null,"M","?","?","M","M","M","R","E","T","NM","?","?","?","M"],"character_chosen":"THE_SILENT","items_purchased":["Backflip","Poisoned Stab","DollysMirror","Poison Potion"],"campfire_rested":0,"item_purchase_floors":[13,13,13,13],"current_hp_per_floor":[70,70,59,59,59,59,59,59,59,59,41,41,56,56,56,56,70,64,64,51,51,51,46,46,35,35,9,9,6,6,0,0],"gold":261,"neow_bonus":"THREE_ENEMY_KILL","is_daily":false,"chose_seed":false,"campfire_upgraded":5,"win_rate":0.0,"timestamp":1610560612,"path_taken":["M","?","?","?","M","R","E","R","T","R","?","?","$","M","R","BOSS","M","?","?","M","M","M","R","E","T","NM","?","?","?","M"],"items_purchased_type":["Card","Card","Relic","Potion"],"build_version":"2020-12-22","purchased_purges":0,"victory":false,"max_hp_per_floor":[70,70,70,70,70,70,70,70,70,70,70,70,70,70,70,70,70,70,70,75,75,75,75,75,75,75,75,75,75,75,75,75],"card_choices":[{"not_picked":["Dodge and Roll","Flying Knee"],"picked":"Bane","floor":1},{"not_picked":["Distraction","Endless Agony"],"picked":"Crippling Poison","floor":5},{"not_picked":["PiercingWail","Replay:Poison Smokescreen"],"picked":"infinitespire:Neurotoxin","floor":7},{"not_picked":["Endless Agony","Underhanded Strike"],"picked":"Terror","floor":14},{"not_picked":["aspiration:Lunge","Grand Finale"],"picked":"ReplayTheSpireMod:Necrosis","floor":16},{"not_picked":["Tactician","Pace"],"picked":"Heel Hook+1","floor":18},{"not_picked":["All Out Attack+1","Dagger Spray"],"picked":"Dodge and Roll+1","floor":21},{"not_picked":["hubris:Counter","Underhanded Strike"],"picked":"ReplayTheSpireMod:The Works+1","floor":22},{"not_picked":["Dagger Spray","hubris:SlightOfHand+1"],"picked":"Expertise+1","floor":23},{"not_picked":["Quick Slash","Blade Dance","Dagger Throw"],"picked":"SKIP","floor":25},{"not_picked":["infinitespire:DeathsTouch","infinitespire:SealOfDarkness+"],"picked":"infinitespire:Execution","floor":27},{"not_picked":["Blade Dance+1","Expertise"],"picked":"Poisoned Stab","floor":27}],"player_experience":235796,"relics_obtained":[{"floor":2,"key":"MealTicket"},{"floor":7,"key":"Byrd Skull"},{"floor":9,"key":"hubris:BottledRain"},{"floor":12,"key":"aspiration:HummingbirdHeart"},{"floor":25,"key":"aspiration:VileToxins"},{"floor":26,"key":"conspire:DecoderRing"},{"floor":27,"key":"StoneCalendar"}],"event_choices":[{"damage_healed":0,"gold_gain":75,"player_choice":"Gather Gold","damage_taken":11,"max_hp_gain":0,"max_hp_loss":0,"event_name":"World of Goop","floor":3,"gold_loss":0},{"damage_healed":0,"gold_gain":0,"player_choice":"Agree","damage_taken":0,"max_hp_gain":0,"max_hp_loss":0,"event_name":"conspire:LoneGhost","floor":4,"gold_loss":0},{"damage_healed":0,"gold_gain":0,"player_choice":"Success","damage_taken":18,"relics_obtained":["Potion Belt"],"max_hp_gain":0,"max_hp_loss":0,"event_name":"Scrap Ooze","floor":11,"gold_loss":0},{"damage_healed":0,"gold_gain":0,"player_choice":"Ignored","damage_taken":0,"max_hp_gain":0,"max_hp_loss":0,"event_name":"Ghosts","floor":19,"gold_loss":0},{"damage_healed":0,"gold_gain":0,"player_choice":"Shed Blood","damage_taken":18,"max_hp_gain":5,"max_hp_loss":0,"event_name":"Forgotten Altar","floor":20,"gold_loss":0},{"damage_healed":0,"gold_gain":0,"player_choice":"Fight","damage_taken":0,"max_hp_gain":0,"max_hp_loss":0,"event_name":"Colosseum","floor":29,"gold_loss":0},{"damage_healed":0,"gold_gain":0,"player_choice":"Fled From Nobs","damage_taken":0,"max_hp_gain":0,"max_hp_loss":0,"event_name":"Colosseum","floor":29,"gold_loss":0}],"is_beta":false,"boss_relics":[{"not_picked":["hubris:Stopwatch","aspiration:RitualDagger"],"picked":"hubris:Backtick"}],"items_purged_floors":[],"is_endless":true,"potions_floor_spawned":[5,14,16,21,25,27],"killed_by":"Shelled Parasite and Fungi","ascension_level":0}}