{"host":"fa96ppy4vc5r7pma","time":1610582229,"event":{"mods":["BaseMod","Best Route Mod","Bestiary","Block Reminder","Colored Map","Dark Map","Dota2Spire","Ekko","GungeonMod","Hermit","Highlight Path","Hubris","Jorbs\u0027s Wanderer Trilogy","Minty Spire (QoL Compilation)","Permanent Neow","Quick Restart","Random Character Button","Relic Stats","Replay The Spire","StSLib","The Bladedancer","The Blue Laboratory","The Cursed","The Servant 0.9.4","Waifu the Spire","WarShipGirlsR/????R mod"],"gold_per_floor":[109,303,323,323,334,334,360,360,360,408,408,138,148,158,158,260,260,277,277,258,198,198,198,209,219,244,24,35,134,134,134],"floor_reached":30,"language":"ENG","playtime":1166,"items_purged":[],"score":230,"play_id":"6283296d-eeb9-4b28-92b5-44782656bc04","local_time":"20210113185709","is_ascension_mode":false,"campfire_choices":[{"floor":6,"key":"REST"},{"data":"Zap","floor":8,"key":"SMITH"},{"floor":11,"key":"REST"},{"data":"Crystallizer","floor":15,"key":"SMITH"},{"data":"BasicCrystalCard","floor":23,"key":"SMITH"}],"circlet_count":0,"master_deck":["Strike_B","Strike_B","Strike_B","Defend_B","Defend_B","Defend_B","Defend_B","Zap+1","Dualcast","Ball Lightning","Conserve Battery","FTL","Skim","Crystallizer+1","Consume+1","Cold Snap","Coolheaded","Echo Form+1","BasicCrystalCard+1","Sweeping Beam+1","ReplayRNGCard+1","Coolheaded+1","Defragment","ReplayTheSpireMod:Calculation Training+1"],"relics":["Cracked Core","Iron Hammer","DemoMod:PoisonVial","Dota2Spire:PowerTreads","Blood Vial","SlaversCollar","Toxic Egg 2","Nunchaku","PreservedInsect"],"acts_visited":["Exordium","TheCity"],"potions_floor_usage":[],"damage_taken":[{"damage":2,"enemies":"Small Slimes","floor":1,"turns":4},{"damage":0,"enemies":"2 Louse","floor":3,"turns":3},{"damage":0,"enemies":"Cultist","floor":5,"turns":2},{"damage":13,"enemies":"Lagavulin","floor":7,"turns":5},{"damage":21,"enemies":"Exordium Thugs","floor":13,"turns":3},{"damage":0,"enemies":"Looter","floor":14,"turns":3},{"damage":13,"enemies":"Fading Forest","floor":16,"turns":11},{"damage":6,"enemies":"Shell Parasite","floor":18,"turns":6},{"damage":22,"enemies":"2 Thieves","floor":20,"turns":5},{"damage":18,"enemies":"Snecko","floor":24,"turns":4},{"damage":20,"enemies":"Shelled Parasite and Fungi","floor":25,"turns":9},{"damage":22,"enemies":"Cultist and Chosen","floor":28,"turns":6},{"damage":16,"enemies":"Colosseum Slavers","floor":30,"turns":1}],"seed_played":"-6860303933280664942","potions_obtained":[{"floor":1,"key":"Strength Potion"},{"floor":5,"key":"Dexterity Potion"},{"floor":7,"key":"blueLaboratory:TeslaPotion"}],"is_trial":false,"path_per_floor":["M","?","M","?","M","R","E","R","T","T","R","$","M","M","R","B",null,"M","?","M","?","T","R","M","M","T","$","M","?","?"],"character_chosen":"DEFECT","items_purchased":["Blood Vial","Crystallizer","Consume+1","Defragment","PreservedInsect"],"campfire_rested":2,"item_purchase_floors":[12,12,12,27,27],"current_hp_per_floor":[80,48,48,48,48,72,59,59,59,59,82,82,61,63,63,62,82,76,76,56,56,56,56,40,22,22,22,2,2,0,0],"gold":134,"neow_bonus":"TEN_PERCENT_HP_BONUS","is_daily":false,"chose_seed":false,"campfire_upgraded":3,"win_rate":0.0,"timestamp":1610582229,"path_taken":["M","?","M","?","?","R","E","R","T","?","R","?","M","M","R","BOSS","M","?","M","?","?","R","M","M","T","$","M","?","?"],"items_purchased_type":["Relic","Card","Card","Card","Relic"],"build_version":"2020-12-22","purchased_purges":0,"victory":false,"max_hp_per_floor":[82,82,82,82,82,82,82,82,82,82,82,82,82,82,82,82,82,82,82,82,82,82,82,82,82,82,82,82,82,82,82],"relic_stats":{"Blood Vial":14,"Nunchaku":[1],"counters":[13,62],"PreservedInsect":0,"obtain_stats":[{"Blood Vial":12,"SlaversCollar":17,"Dota2Spire:PowerTreads":10,"Nunchaku":26,"DemoMod:PoisonVial":9,"DemoMod:GlassGuonStoneRelic":1,"Iron Hammer":7,"PreservedInsect":27,"Toxic Egg 2":22,"Cracked Core":0},{"Blood Vial":4,"SlaversCollar":7,"Dota2Spire:PowerTreads":4,"Nunchaku":11,"DemoMod:PoisonVial":4,"DemoMod:GlassGuonStoneRelic":1,"Iron Hammer":4,"PreservedInsect":11,"Toxic Egg 2":9,"Cracked Core":0},{"Blood Vial":14,"SlaversCollar":31,"Dota2Spire:PowerTreads":14,"Nunchaku":55,"DemoMod:PoisonVial":14,"DemoMod:GlassGuonStoneRelic":4,"Iron Hammer":14,"PreservedInsect":55,"Toxic Egg 2":42,"Cracked Core":0}]},"card_choices":[{"not_picked":["ReplaySolidLightProjector","Turbo"],"picked":"Ball Lightning","floor":1},{"not_picked":["Go for the Eyes","BasicCrystalCard"],"picked":"Conserve Battery","floor":2},{"not_picked":["ReplayTheSpireMod:Reroute Power","Compile Driver"],"picked":"FTL","floor":3},{"not_picked":["Undo","Turbo","Hyperbeam"],"picked":"SKIP","floor":5},{"not_picked":["Cold Snap","Hologram"],"picked":"Skim","floor":7},{"not_picked":["Ball Lightning","Darkness"],"picked":"Cold Snap","floor":13},{"not_picked":["Go for the Eyes","Streamline"],"picked":"Coolheaded","floor":14},{"not_picked":["Meteor Strike","ReplayTheSpireMod:Omega Cannon"],"picked":"Echo Form","floor":16},{"not_picked":["Hologram+1","Streamline"],"picked":"BasicCrystalCard","floor":18},{"not_picked":["BasicCrystalCard","Gash+1"],"picked":"Sweeping Beam+1","floor":20},{"not_picked":["Sweeping Beam","Redo+1"],"picked":"ReplayRNGCard+1","floor":24},{"not_picked":["Blizzard+1","Hologram+1"],"picked":"Coolheaded+1","floor":25},{"not_picked":["Hologram+1","Gash"],"picked":"ReplayTheSpireMod:Calculation Training+1","floor":28}],"player_experience":128892,"relics_obtained":[{"floor":7,"key":"Iron Hammer"},{"floor":9,"key":"DemoMod:PoisonVial"},{"floor":10,"key":"Dota2Spire:PowerTreads"},{"floor":22,"key":"Toxic Egg 2"},{"floor":26,"key":"Nunchaku"}],"event_choices":[{"cards_removed":["Strike_B"],"damage_healed":0,"gold_gain":0,"player_choice":"Offered Basic","damage_taken":0,"max_hp_gain":0,"max_hp_loss":0,"event_name":"Bonfire Elementals","floor":4,"gold_loss":0},{"damage_healed":0,"gold_gain":99,"player_choice":"Stole From Cult","damage_taken":0,"max_hp_gain":0,"max_hp_loss":0,"event_name":"Nest","floor":29,"gold_loss":0},{"damage_healed":0,"gold_gain":0,"player_choice":"Fight","damage_taken":0,"max_hp_gain":0,"max_hp_loss":0,"event_name":"Colosseum","floor":30,"gold_loss":0}],"is_beta":false,"boss_relics":[{"not_picked":["Replay:Bronze Core","Runic Pyramid"],"picked":"SlaversCollar"}],"items_purged_floors":[],"is_endless":false,"potions_floor_spawned":[1,5,7,20,25],"killed_by":"Colosseum Slavers","ascension_level":0}}