{"host":"rihxvzvzrfpivboj","time":1610558475,"event":{"mods":["Act Like it!","BaseMod","Better Third Choice","Block Reminder","Colored Map","Colored Powertips","GifTheSpireLib","Googly Eyes","Jorbs\u0027s Wanderer Trilogy","Keyboard Shortcuts","KomeijiMod","Minty Spire (QoL Compilation)","Quick Restart","Relic Sorter","StSLib","The Runesmith","Unceasing Turn Reminder","Waifu the Spire"],"gold_per_floor":[124,139,150,176,189,219,236,252,252,252,277,290,290,324,324,429,429,440,458,477,494,508,538,538,538,592,366,399,399,428,451,463,576,588,616,60,73,83,133,133,160,160,160,192,192,192,203,236,236,236],"floor_reached":51,"language":"ENG","playtime":3817,"items_purged":["stsjorbsmod:MistyStep"],"score":1226,"play_id":"671d5f04-662c-4c40-afc9-9de1c87b61cc","local_time":"20210113182115","is_ascension_mode":true,"campfire_choices":[{"floor":10.0,"key":"RECALL"},{"floor":15.0,"key":"REST"},{"floor":24,"key":"REST"},{"floor":32,"key":"REST"},{"floor":40,"key":"REST"},{"floor":45,"key":"REST"},{"floor":49,"key":"REST"}],"circlet_count":0,"master_deck":["stsjorbsmod:ForbiddenGrimoire+1","stsjorbsmod:Strike_Wanderer","stsjorbsmod:Strike_Wanderer+1","stsjorbsmod:Strike_Wanderer","stsjorbsmod:Strike_Wanderer","stsjorbsmod:Defend_Wanderer+1","stsjorbsmod:Defend_Wanderer","stsjorbsmod:Defend_Wanderer","stsjorbsmod:Defend_Wanderer+1","stsjorbsmod:FreshAdventure","stsjorbsmod:EyeOfTheStorm+1","stsjorbsmod:Mania","stsjorbsmod:Hurt","stsjorbsmod:Prestidigitation","stsjorbsmod:Trauma","stsjorbsmod:LoseGrip","stsjorbsmod:TinyHut","stsjorbsmod:Mania","stsjorbsmod:Mindworm","stsjorbsmod:Patron","stsjorbsmod:TollTheDead","stsjorbsmod:SiphonEnergy","stsjorbsmod:Hibernate+1","stsjorbsmod:MageArmor","stsjorbsmod:MagicMirror","stsjorbsmod:BookOfTongues+1","stsjorbsmod:HoldMonster+1","stsjorbsmod:GatherPower","stsjorbsmod:RayOfFrost+1","stsjorbsmod:FindFamiliar+1","stsjorbsmod:FlameWard+1"],"relics":["Fusion Hammer","Ancient Tea Set","CaptainsWheel","Pen Nib","NlothsMask","Thread and Needle","Snecko Eye","Mummified Hand","Strawberry","Du-Vu Doll","MawBank","SacredBark","OrangePellets","Matryoshka","War Paint","Lizard Tail","Singing Bowl","Gremlin Horn","Juzu Bracelet","Centennial Puzzle","Letter Opener","Mercury Hourglass","Bottled Tornado","Akabeko"],"acts_visited":["Exordium","TheCity","TheBeyond"],"potions_floor_usage":[22,23,30,30,35,41,44,50],"damage_taken":[{"damage":0.0,"enemies":"Cultist","floor":1.0,"turns":4.0},{"damage":2.0,"enemies":"Jaw Worm","floor":2.0,"turns":3.0},{"damage":0.0,"enemies":"Small Slimes","floor":3.0,"turns":2.0},{"damage":0.0,"enemies":"Exordium Wildlife","floor":4.0,"turns":3.0},{"damage":0.0,"enemies":"Blue Slaver","floor":5.0,"turns":1.0},{"damage":5.0,"enemies":"3 Sentries","floor":6.0,"turns":3.0},{"damage":3.0,"enemies":"Looter","floor":7.0,"turns":3.0},{"damage":0.0,"enemies":"Large Slime","floor":8.0,"turns":1.0},{"damage":3.0,"enemies":"Lagavulin","floor":11.0,"turns":2.0},{"damage":4.0,"enemies":"2 Fungi Beasts","floor":12.0,"turns":3.0},{"damage":0.0,"enemies":"Gremlin Nob","floor":14.0,"turns":2.0},{"damage":19.0,"enemies":"Hexaghost","floor":16.0,"turns":4.0},{"damage":9,"enemies":"2 Thieves","floor":18,"turns":3},{"damage":0,"enemies":"Spheric Guardian","floor":19,"turns":2},{"damage":3,"enemies":"Snecko","floor":20,"turns":3},{"damage":0,"enemies":"3 Cultists","floor":21,"turns":3},{"damage":0,"enemies":"Cultist and Chosen","floor":22,"turns":3},{"damage":40,"enemies":"Slavers","floor":23,"turns":6},{"damage":3,"enemies":"Gremlin Leader","floor":28,"turns":4},{"damage":11,"enemies":"Slavers","floor":30,"turns":5},{"damage":0,"enemies":"Centurion and Healer","floor":31,"turns":6},{"damage":0,"enemies":"Champ","floor":33,"turns":5},{"damage":0,"enemies":"3 Darklings","floor":35,"turns":6},{"damage":0,"enemies":"Orb Walker","floor":37,"turns":2},{"damage":0,"enemies":"Sphere and 2 Shapes","floor":38,"turns":2},{"damage":0,"enemies":"Mind Bloom Boss Battle","floor":39,"turns":3},{"damage":0,"enemies":"Reptomancer","floor":41,"turns":3},{"damage":3,"enemies":"Giant Head","floor":44,"turns":4},{"damage":8,"enemies":"Transient","floor":47,"turns":5},{"damage":9,"enemies":"Reptomancer","floor":48,"turns":4},{"damage":0,"enemies":"Donu and Deca","floor":50,"turns":5}],"seed_played":"-708789099390297314","potions_obtained":[{"floor":3.0,"key":"Dexterity Potion"},{"floor":4.0,"key":"UndeadPotion"},{"floor":7.0,"key":"FearPotion"},{"floor":8.0,"key":"FearPotion"},{"floor":12.0,"key":"FearPotion"},{"floor":16.0,"key":"Fruit Juice"},{"floor":20,"key":"SkillPotion"},{"floor":22,"key":"FairyPotion"},{"floor":23,"key":"BlessingOfTheForge"},{"floor":28,"key":"stsjorbsmod:LiquidVirtue"},{"floor":31,"key":"LiquidMemories"},{"floor":33,"key":"FearPotion"},{"floor":37,"key":"SmokeBomb"},{"floor":39,"key":"SkillPotion"},{"floor":47,"key":"Weak Potion"}],"is_trial":false,"path_per_floor":["M","M","M","M","M","E","M","M","T","R","E","M","?","E","R","B",null,"M","M","M","M","M","E","R","?","T","$","E","?","E","M","R","B",null,"M","$","M","M","?","R","E","?","T","E","R","T","M","E","R","B",null],"character_chosen":"WANDERER","items_purchased":["Strawberry","OrangePellets","Matryoshka","War Paint"],"campfire_rested":6,"item_purchase_floors":[27,36,36,36],"current_hp_per_floor":[68,66,66,66,66,61,58,58,58,58,55,51,51,51,68,49,68,59,59,56,56,61,27,50,50,50,57,54,37,26,26,53,53,91,91,91,91,91,91,91,91,93,93,92,95,95,89,82,99,99],"gold":236,"neow_bonus":"BOSS_RELIC","is_daily":false,"chose_seed":false,"campfire_upgraded":0,"win_rate":0.0,"timestamp":1610558475,"path_taken":["M","M","M","M","M","E","M","M","T","R","E","M","?","E","R","BOSS","M","?","M","M","M","E","R","?","T","?","E","?","E","M","R","BOSS","M","$","M","M","?","R","E","?","T","E","R","?","M","E","R","BOSS"],"items_purchased_type":["Relic","Relic","Relic","Relic"],"build_version":"2020-12-22","purchased_purges":1,"victory":true,"max_hp_per_floor":[68,68,68,68,68,68,68,68,68,68,68,68,68,68,68,68,68,68,68,68,68,73,79,79,79,79,86,86,91,91,91,91,91,91,91,91,91,91,91,91,91,93,93,95,95,95,97,99,99,99],"card_choices":[{"not_picked":["stsjorbsmod:DoubleCheck","stsjorbsmod:Materialize"],"picked":"stsjorbsmod:Mania","floor":1.0},{"not_picked":["stsjorbsmod:FracturedMind","stsjorbsmod:Prestidigitation"],"picked":"stsjorbsmod:Hurt","floor":2.0},{"not_picked":["stsjorbsmod:ArcaneWeapon","stsjorbsmod:MagicMissiles"],"picked":"stsjorbsmod:Prestidigitation","floor":3.0},{"not_picked":["stsjorbsmod:UnseenServant","stsjorbsmod:BurningFlask"],"picked":"stsjorbsmod:Trauma","floor":4.0},{"not_picked":["stsjorbsmod:Introspection","stsjorbsmod:Will"],"picked":"stsjorbsmod:LoseGrip","floor":5.0},{"not_picked":["stsjorbsmod:ChatteringStrike","stsjorbsmod:BlackTentacles"],"picked":"stsjorbsmod:TinyHut","floor":6.0},{"not_picked":["stsjorbsmod:Prepare","stsjorbsmod:WeightOfMemory"],"picked":"stsjorbsmod:Mania","floor":7.0},{"not_picked":["stsjorbsmod:Materialize","stsjorbsmod:TinyHut"],"picked":"stsjorbsmod:Mindworm","floor":8.0},{"not_picked":["stsjorbsmod:ChainLightning","stsjorbsmod:ChatteringStrike"],"picked":"stsjorbsmod:Patron","floor":11.0},{"not_picked":["stsjorbsmod:SmithingStrike","stsjorbsmod:FlameWard"],"picked":"stsjorbsmod:MistyStep","floor":12.0},{"not_picked":["stsjorbsmod:FranticSearch","stsjorbsmod:ColorSpray"],"picked":"stsjorbsmod:TollTheDead","floor":14.0},{"not_picked":["stsjorbsmod:ArcaneForm","stsjorbsmod:Determination"],"picked":"stsjorbsmod:SiphonEnergy","floor":16.0},{"not_picked":["stsjorbsmod:ArcaneWeapon","stsjorbsmod:TrueStrike"],"picked":"stsjorbsmod:Hibernate+1","floor":18},{"not_picked":["stsjorbsmod:RefuseToForget","stsjorbsmod:ArcaneWeapon"],"picked":"stsjorbsmod:MageArmor","floor":19},{"not_picked":["stsjorbsmod:DoubleCheck","stsjorbsmod:TinyHut","stsjorbsmod:Counterspell"],"picked":"SKIP","floor":20},{"not_picked":["stsjorbsmod:ChainLightning","stsjorbsmod:Counterspell"],"picked":"stsjorbsmod:MagicMirror","floor":21},{"not_picked":["stsjorbsmod:Mindworm","stsjorbsmod:AnimateObjects+1","stsjorbsmod:ThirstingSword"],"picked":"SKIP","floor":22},{"not_picked":["stsjorbsmod:BlackTentacles","stsjorbsmod:BurningFlask"],"picked":"stsjorbsmod:BookOfTongues+1","floor":23},{"not_picked":["stsjorbsmod:Prestidigitation+1","stsjorbsmod:Message+1","stsjorbsmod:BookOfTongues"],"picked":"SKIP","floor":28},{"not_picked":["stsjorbsmod:Hibernate","stsjorbsmod:LocateObject"],"picked":"stsjorbsmod:HoldMonster","floor":30},{"not_picked":["stsjorbsmod:Counterspell","stsjorbsmod:Hurt","stsjorbsmod:WeightOfMemory"],"picked":"SKIP","floor":31},{"not_picked":["stsjorbsmod:ThirstingSword","stsjorbsmod:Fear"],"picked":"stsjorbsmod:GatherPower","floor":33},{"not_picked":["stsjorbsmod:TinyHut","stsjorbsmod:Introspection","stsjorbsmod:Counterspell+1"],"picked":"SKIP","floor":35},{"not_picked":["stsjorbsmod:ChainLightning+1","stsjorbsmod:MagicMissiles","stsjorbsmod:MagicMirror+1"],"picked":"SKIP","floor":37},{"not_picked":["stsjorbsmod:WanderingMind","stsjorbsmod:DoubleCheck"],"picked":"stsjorbsmod:RayOfFrost+1","floor":38},{"not_picked":["stsjorbsmod:DisguiseSelf","stsjorbsmod:ParryingBlow"],"picked":"stsjorbsmod:FindFamiliar+1","floor":39},{"not_picked":["stsjorbsmod:FracturedMind+1","stsjorbsmod:AnimateObjects"],"picked":"stsjorbsmod:FlameWard+1","floor":41},{"not_picked":["stsjorbsmod:WanderingMind+1","stsjorbsmod:Mania","stsjorbsmod:Materialize"],"picked":"Singing Bowl","floor":42},{"not_picked":["stsjorbsmod:RayOfFrost+1","stsjorbsmod:LoseGrip+1","stsjorbsmod:Rest"],"picked":"Singing Bowl","floor":44},{"not_picked":["stsjorbsmod:Firebolt+1","stsjorbsmod:BookOfTongues+1","stsjorbsmod:Feast"],"picked":"Singing Bowl","floor":47},{"not_picked":["stsjorbsmod:OldPocket","stsjorbsmod:RayOfFrost+1","stsjorbsmod:ParryingBlow"],"picked":"Singing Bowl","floor":48}],"player_experience":1051689,"relics_obtained":[{"floor":6.0,"key":"Ancient Tea Set"},{"floor":9.0,"key":"CaptainsWheel"},{"floor":11.0,"key":"Pen Nib"},{"floor":14.0,"key":"Thread and Needle"},{"floor":23,"key":"Mummified Hand"},{"floor":28,"key":"Du-Vu Doll"},{"floor":30,"key":"MawBank"},{"floor":39,"key":"Lizard Tail"},{"floor":41,"key":"Singing Bowl"},{"floor":42,"key":"Gremlin Horn"},{"floor":43,"key":"Juzu Bracelet"},{"floor":43,"key":"Centennial Puzzle"},{"floor":44,"key":"Letter Opener"},{"floor":46,"key":"Mercury Hourglass"},{"floor":46,"key":"Bottled Tornado"},{"floor":48,"key":"Akabeko"}],"event_choices":[{"damage_healed":0.0,"max_hp_gain":0.0,"max_hp_loss":0.0,"gold_gain":0.0,"event_name":"FaceTrader","player_choice":"Trade","floor":13.0,"gold_loss":0.0,"damage_taken":0.0,"relics_obtained":["NlothsMask"]},{"damage_healed":0,"gold_gain":0,"player_choice":"Read","damage_taken":0,"max_hp_gain":0,"max_hp_loss":0,"event_name":"The Library","floor":25,"gold_loss":0,"cards_obtained":["stsjorbsmod:ScorchingRay"]},{"damage_healed":0,"gold_gain":0,"player_choice":"Shed Blood","damage_taken":22,"max_hp_gain":5,"max_hp_loss":0,"event_name":"Forgotten Altar","floor":29,"gold_loss":0},{"damage_healed":0,"gold_gain":0,"player_choice":"Fight","damage_taken":0,"max_hp_gain":0,"max_hp_loss":0,"event_name":"MindBloom","floor":39,"gold_loss":0}],"is_beta":false,"boss_relics":[{"not_picked":["Philosopher\u0027s Stone","Cursed Key"],"picked":"Snecko Eye"},{"not_picked":["Velvet Choker","Runic Pyramid"],"picked":"SacredBark"}],"items_purged_floors":[27],"is_endless":false,"potions_floor_spawned":[3,4,7,8,12,16,20,22,23,28,31,33,37,39,47],"ascension_level":2}}