{"host":"vyjryxuuuxkt43k4","time":1610554155,"event":{"mods":["BaseMod","Colored Map","DeckTracker","Minty Spire (QoL Compilation)","Permanent Neow","Quick Restart","StSLib","SuperFastMode","everything is the same but u backflip on backflip"],"gold_per_floor":[113,288,190,201,201,219,252,252,277,287,297,297,323,338,338,338,338],"floor_reached":16,"language":"KOR","playtime":647,"items_purged":["Doubt"],"score":118,"play_id":"cd67f88a-c95c-4304-bfdb-7cee7153a011","local_time":"20210114010915","is_ascension_mode":true,"campfire_choices":[{"data":"Neutralize","floor":8,"key":"SMITH"},{"data":"Cloak And Dagger","floor":12,"key":"SMITH"},{"data":"Dodge and Roll","floor":15,"key":"SMITH"}],"circlet_count":0,"master_deck":["Strike_G","Strike_G","Strike_G","Strike_G","Defend_G","Defend_G","Defend_G","Defend_G","Defend_G","Survivor","Neutralize+1","Backstab","PiercingWail","Dagger Spray","Tools of the Trade","Dagger Throw","Escape Plan","Quick Slash","Cloak And Dagger+1","Dodge and Roll+1","PiercingWail"],"relics":["Ring of the Snake","Snake Skull","Bronze Scales","Smiling Mask","Tiny Chest"],"acts_visited":["Exordium"],"potions_floor_usage":[7,13],"damage_taken":[{"damage":2,"enemies":"Cultist","floor":1,"turns":5},{"damage":0,"enemies":"Jaw Worm","floor":4,"turns":3},{"damage":5,"enemies":"Small Slimes","floor":6,"turns":4},{"damage":27,"enemies":"Gremlin Nob","floor":7,"turns":4},{"damage":0,"enemies":"Gremlin Gang","floor":10,"turns":4},{"damage":0,"enemies":"Blue Slaver","floor":11,"turns":3},{"damage":4,"enemies":"3 Sentries","floor":13,"turns":5},{"damage":0,"enemies":"Looter","floor":14,"turns":3},{"damage":69,"enemies":"Slime Boss","floor":16,"turns":11}],"seed_played":"-6430531203493647025","potions_obtained":[{"floor":1,"key":"Regen Potion"},{"floor":7,"key":"FairyPotion"},{"floor":11,"key":"Fire Potion"}],"is_trial":false,"path_per_floor":["M","?","$","M","?","M","E","R","T","M","M","R","E","M","R","B"],"character_chosen":"THE_SILENT","items_purchased":["PiercingWail"],"campfire_rested":0,"item_purchase_floors":[3],"current_hp_per_floor":[68,68,68,68,68,63,46,46,46,46,46,46,42,42,42,0,0],"gold":338,"neow_bonus":"RANDOM_COMMON_RELIC","is_daily":false,"chose_seed":false,"campfire_upgraded":3,"win_rate":0.0,"timestamp":1610554155,"path_taken":["M","?","$","M","?","M","E","R","T","M","?","R","E","M","R","BOSS"],"items_purchased_type":["Card"],"build_version":"2020-12-22","purchased_purges":1,"victory":false,"max_hp_per_floor":[70,70,70,70,70,70,70,70,70,70,70,70,70,70,70,70,70],"card_choices":[{"not_picked":["Leg Sweep","Outmaneuver"],"picked":"Backstab","floor":1},{"not_picked":["Deadly Poison","Underhanded Strike"],"picked":"Dagger Spray","floor":4},{"not_picked":["Dodge and Roll","Blade Dance"],"picked":"Dagger Throw","floor":6},{"not_picked":["Sucker Punch","Reflex"],"picked":"Escape Plan","floor":7},{"not_picked":["Bane","Wraith Form v2"],"picked":"Quick Slash","floor":10},{"not_picked":["Deflect","Bane"],"picked":"Cloak And Dagger","floor":11},{"not_picked":["Bane","Backflip"],"picked":"Dodge and Roll","floor":13},{"not_picked":["Deadly Poison","Flying Knee"],"picked":"PiercingWail","floor":14}],"player_experience":259044,"relics_obtained":[{"floor":7,"key":"Bronze Scales"},{"floor":9,"key":"Smiling Mask"},{"floor":13,"key":"Tiny Chest"}],"event_choices":[{"damage_healed":0,"gold_gain":175,"player_choice":"AGREE","damage_taken":0,"max_hp_gain":0,"max_hp_loss":0,"event_name":"Liars Game","floor":2,"gold_loss":0,"cards_obtained":["Doubt"]},{"damage_healed":0,"gold_gain":0,"cards_transformed":["Strike_G"],"player_choice":"Transformed","damage_taken":0,"max_hp_gain":0,"max_hp_loss":0,"event_name":"Transmorgrifier","floor":5,"gold_loss":0,"cards_obtained":["Tools of the Trade"]}],"is_beta":false,"boss_relics":[],"items_purged_floors":[3],"is_endless":false,"potions_floor_spawned":[1,7,11],"killed_by":"Slime Boss","ascension_level":1}}