{"host":"uv231blk40vjdojr","time":1610549176,"event":{"mods":["AchievementEnabler","BaseMod","Bestiary","Minty Spire (QoL Compilation)","Relic Stats"],"gold_per_floor":[363,20,34,34,53,53,81,81,81,92,92,92],"floor_reached":11,"language":"ENG","playtime":340,"items_purged":["Defend_P"],"score":73,"play_id":"3821d4a8-4aa9-410e-81b0-94202e3d8918","local_time":"20210113154616","is_ascension_mode":false,"campfire_choices":[{"data":"Eruption","floor":6,"key":"SMITH"},{"data":"Omniscience","floor":8,"key":"SMITH"}],"circlet_count":0,"master_deck":["Strike_P","Strike_P","Strike_P","Strike_P","Defend_P","Defend_P","Defend_P","Eruption+1","Vigilance","Omniscience+1","Weave","JustLucky","Weave"],"relics":["PureWater","Kunai","Damaru"],"acts_visited":["Exordium"],"potions_floor_usage":[],"damage_taken":[{"damage":0,"enemies":"Cultist","floor":1,"turns":2},{"damage":1,"enemies":"Jaw Worm","floor":3,"turns":3},{"damage":0,"enemies":"2 Louse","floor":5,"turns":2},{"damage":24,"enemies":"Lagavulin","floor":7,"turns":6},{"damage":22,"enemies":"Lots of Slimes","floor":10,"turns":5},{"damage":6,"enemies":"3 Sentries","floor":11,"turns":2}],"seed_played":"4865036213647864414","potions_obtained":[{"floor":3,"key":"Weak Potion"},{"floor":5,"key":"Strength Potion"}],"is_trial":false,"path_per_floor":["M","$","M","$","M","R","E","R","T","M","E"],"character_chosen":"WATCHER","items_purchased":["Omniscience","Weave","JustLucky"],"campfire_rested":0,"item_purchase_floors":[2,2,2],"current_hp_per_floor":[51,51,50,50,50,50,26,26,26,4,0,0],"gold":92,"neow_bonus":"TWO_FIFTY_GOLD","is_daily":false,"chose_seed":false,"campfire_upgraded":2,"win_rate":0.0,"timestamp":1610549176,"path_taken":["M","$","M","$","M","R","E","R","T","?","E"],"items_purchased_type":["Card","Card","Card"],"build_version":"2020-12-22","purchased_purges":1,"victory":false,"max_hp_per_floor":[72,72,72,72,72,72,72,72,72,72,72,72],"relic_stats":{"counters":[6,20],"Kunai":[4],"obtain_stats":[{"Damaru":9,"Kunai":7,"PureWater":0},{"Damaru":4,"Kunai":4,"PureWater":0},{"Damaru":13,"Kunai":13,"PureWater":0}]},"card_choices":[{"not_picked":["BowlingBash","CarveReality","Pray"],"picked":"SKIP","floor":1},{"not_picked":["FollowUp","FlyingSleeves"],"picked":"Weave","floor":3},{"not_picked":["Consecrate","Prostrate","FlyingSleeves"],"picked":"SKIP","floor":5},{"not_picked":["ThirdEye","MentalFortress","Brilliance"],"picked":"SKIP","floor":7},{"not_picked":["EmptyBody","BowlingBash","LikeWater"],"picked":"SKIP","floor":10}],"player_experience":680756,"relics_obtained":[{"floor":7,"key":"Kunai"},{"floor":9,"key":"Damaru"}],"event_choices":[],"is_beta":false,"boss_relics":[],"items_purged_floors":[2],"is_endless":false,"potions_floor_spawned":[3,5],"killed_by":"3 Sentries","ascension_level":0}}