{"host":"aav8addp4mncoxty","time":1610544117,"event":{"mods":["AchievementEnabler","Act Like it!","BaseMod","CapriCore","GungeonMod","Hallownest","Hermit","Koishi","Lobotomy","Marisa£¨Ùöéë¡¡Øª×âÞÞ£©","Minty Spire (QoL Compilation)","Reimu£¨ÚÏ???£©","Replay The Spire","StSLib","Td1madao Mod","The Animator","The Bug Knight","The Cursed","The Jungle","The Runesmith","WarShipGirlsR/??á´Ò³R mod"],"gold_per_floor":[111,111,111,186,202,227,237,8,34,94,94,16,34,46,46,146,146,156,156,167,25,35,70,84,114,138,149,160,173,202,202,202],"floor_reached":31,"language":"KOR","playtime":3063,"items_purged":["Regret"],"score":324,"play_id":"24275d9e-6d52-4799-865c-b9f05a1f24dc","local_time":"20210113222157","is_ascension_mode":false,"campfire_choices":[{"floor":11.0,"key":"REST"},{"data":"rmod:ammunitionsupply","floor":15.0,"key":"SMITH"}],"circlet_count":0,"master_deck":["rmod:strick","rmod:strick+1","rmod:strick","rmod:strick","rmod:defend","rmod:defend","rmod:defend+1","rmod:defend","rmod:basicallowance","rmod:maingunfire","rmod:ammunitionsupply+1","MHz","rmod:firesupport","Bloodbath","rmod:advancebysurprise","DreamingCurrent","rmod:intelligenceanalysis","rmod:advancebysurprise","rmod:firesupport+1","ShyLook","rmod:highspeedmaneuver","RedShoes","rmod:acesubmarine+1","UniverseFragment","rmod:supportaircraftcarrier","Wellcheers","rmod:abidefaith","ReplayTheSpireMod:Uncanny Aura","rmod:timeschanged+1","OldLady","rmod:mineteam","WallGazer","rmod:windflower","rmod:aluminumsupply","rmod:maintain","rmod:firesupport+1","GreedKing","rmod:goodfighter+1","OSAHOGD","rmod:luckystar+1"],"relics":["rmod:firstchargereward","CogitoBucket","Sundial","Ancient Tea Set","Membership Card","Replay:Wax Seal","Molten Egg 2","HandDrill","FleshIdol","Black Star","PreservedInsect","DemoMod:PoisonVial","RuthlessExorcism:ReiMu","AspirationHeart","Art of War","ReplayTheSpireMod:Shallot","Vajra","Omamori","Bag of Preparation"],"acts_visited":["Exordium","Exordium"],"potions_floor_usage":[24,24,31],"damage_taken":[{"damage":0.0,"enemies":"2 Louse","floor":1.0,"turns":2.0},{"damage":5.0,"enemies":"Jaw Worm","floor":5.0,"turns":3.0},{"damage":8.0,"enemies":"HollowMod:MossKnight","floor":6.0,"turns":10.0},{"damage":10.0,"enemies":"Small Slimes","floor":7.0,"turns":2.0},{"damage":11.0,"enemies":"Exordium Wildlife","floor":13.0,"turns":4.0},{"damage":8.0,"enemies":"Red Slaver","floor":14.0,"turns":11.0},{"damage":36.0,"enemies":"Hexaghost","floor":16.0,"turns":6.0},{"damage":16.0,"enemies":"theJungle:5_Spyders","floor":18.0,"turns":5.0},{"damage":11.0,"enemies":"theJungle:MUSHROOMGANG","floor":20.0,"turns":3.0},{"damage":57.0,"enemies":"theJungle:2_Snecko_Cultists","floor":22.0,"turns":5.0},{"damage":22.0,"enemies":"theJungle:Cassacara","floor":23.0,"turns":4.0},{"damage":49,"enemies":"theJungle:Lyon","floor":24,"turns":10},{"damage":5,"enemies":"theJungle:2_Phrogs","floor":25,"turns":5},{"damage":41,"enemies":"theJungle:2_Flameangoes","floor":27,"turns":5},{"damage":2,"enemies":"theJungle:JungleHuntersEncounter","floor":28,"turns":2},{"damage":27,"enemies":"theJungle:SlimyTreeVines","floor":29,"turns":5},{"damage":21,"enemies":"theJungle:Cassacara","floor":30,"turns":3},{"damage":108,"enemies":"theJungle:2_Snecko_Cultists","floor":31,"turns":4}],"seed_played":"-3539163143850298011","potions_obtained":[{"floor":7.0,"key":"ZuzhouPotion:ReiMu"},{"floor":10.0,"key":"LifebloodPotion"},{"floor":13.0,"key":"Block Potion"},{"floor":18.0,"key":"DemoMod:LeadSkinPotion"},{"floor":22.0,"key":"Languid Potion"},{"floor":30,"key":"Regen Potion"}],"is_trial":false,"path_per_floor":["M","?","?","?","M","E","M","$","T","?","R","$","M","M","R","B",null,"M","?","M","$","M","E","M","E","T","M","M","M","E","M"],"character_chosen":"PRAEFECT","items_purchased":["Membership Card","HandDrill","Adrenaline Potion","PreservedInsect","rmod:mineteam"],"campfire_rested":1,"item_purchase_floors":[8,12,21,21,21],"current_hp_per_floor":[75,75,60,49,44,40,42,42,42,12,34,34,48,75,75,69,75,72,72,72,72,38,41,79,82,82,60,70,79,72,0,0],"gold":202,"neow_bonus":"","is_daily":false,"chose_seed":false,"campfire_upgraded":1,"win_rate":0.0,"timestamp":1610544117,"path_taken":["M","?","?","?","M","E","M","$","T","?","R","$","M","M","R","BOSS","M","?","M","$","M","E","M","E","T","?","M","M","E","M"],"items_purchased_type":["Relic","Relic","Potion","Relic","Card"],"build_version":"2020-12-22","purchased_purges":1,"victory":false,"max_hp_per_floor":[75,75,75,75,75,75,75,75,75,75,75,75,75,75,75,75,75,75,75,75,75,75,75,83,83,83,83,83,83,83,83,83],"card_choices":[{"not_picked":["rmod:steelsupply","rmod:tearstotiara"],"picked":"rmod:ammunitionsupply","floor":1.0},{"not_picked":["Scorched","MeatLantern","PunishingBird"],"picked":"Singing Bowl","floor":1.0},{"not_picked":["FieryBird","CrumblingArmor"],"picked":"MHz","floor":1.0},{"not_picked":["rmod:fuelsupply","rmod:spoils"],"picked":"rmod:firesupport","floor":5.0},{"not_picked":["VoidDream","Murderer"],"picked":"Bloodbath","floor":5.0},{"not_picked":["rmod:goodsister","rmod:aluminumsupply"],"picked":"rmod:advancebysurprise","floor":6.0},{"not_picked":["BeautyBeast","QueenBee"],"picked":"DreamingCurrent","floor":6.0},{"not_picked":["rmod:supportescort","rmod:expeditionaryescort"],"picked":"rmod:intelligenceanalysis","floor":7.0},{"not_picked":["HappyTeddy","Yin","SpiderBud"],"picked":"Singing Bowl","floor":7.0},{"not_picked":["rmod:fuelsupply","rmod:tearstotiara+1"],"picked":"rmod:advancebysurprise","floor":10.0},{"not_picked":["rmod:heivgo","rmod:shuttlebombing"],"picked":"rmod:firesupport+1","floor":13.0},{"not_picked":["Funeral","Alriune"],"picked":"ShyLook","floor":13.0},{"not_picked":["rmod:intelligenceanalysis+1","rmod:goodsister"],"picked":"rmod:highspeedmaneuver","floor":14.0},{"not_picked":["Freischutz","SpiderBud"],"picked":"RedShoes","floor":14.0},{"not_picked":["rmod:saltedfish","rmod:secretscript"],"picked":"rmod:acesubmarine+1","floor":16.0},{"not_picked":["FairyFestival","Porccubus","Woodsman"],"picked":"Singing Bowl","floor":16.0},{"not_picked":["Scarecrow","OldLady"],"picked":"UniverseFragment","floor":16.0},{"not_picked":["rmod:intelligenceanalysis+1","rmod:maintain"],"picked":"rmod:supportaircraftcarrier","floor":18.0},{"not_picked":["Mercenary","Scorched"],"picked":"Wellcheers","floor":18.0},{"not_picked":["rmod:circuitoustactics","rmod:fletcherpendant+1"],"picked":"rmod:timeschanged+1","floor":20.0},{"not_picked":["LittlePrince","PunishingBird"],"picked":"OldLady","floor":20.0},{"not_picked":["FairyFestival","FieryBird"],"picked":"WallGazer","floor":22.0},{"not_picked":["rmod:tearstotiara+1","rmod:launchingtorpedo+1","rmod:unsinkable+1"],"picked":"SKIP","floor":22.0},{"not_picked":["Laetitia","NakedNest","MeatLantern"],"picked":"Singing Bowl","floor":23.0},{"not_picked":["rmod:fuelsupply+1","rmod:firesupport+1"],"picked":"rmod:windflower","floor":23.0},{"not_picked":["rmod:supportescort","rmod:firesupport+1"],"picked":"rmod:aluminumsupply","floor":24},{"not_picked":["Woodsman","PunishingBird","FairyFestival"],"picked":"Singing Bowl","floor":24},{"not_picked":["rmod:fuelsupply","rmod:fletcherpendant+1"],"picked":"rmod:maintain","floor":25},{"not_picked":["Murderer","PunishingBird","Variant"],"picked":"Singing Bowl","floor":25},{"not_picked":["rmod:goodsister","rmod:diaomin+1"],"picked":"rmod:firesupport+1","floor":27},{"not_picked":["Scarecrow","FieryBird","BlackSwan"],"picked":"Singing Bowl","floor":27},{"not_picked":["BeautyBeast","BigBird"],"picked":"GreedKing","floor":27},{"not_picked":["Scorched","NakedNest","FairyFestival"],"picked":"Singing Bowl","floor":28},{"not_picked":["rmod:fuelsupply","rmod:rockthrower+1","rmod:goodsister"],"picked":"SKIP","floor":28},{"not_picked":["rmod:saltedfish","rmod:intelligenceanalysis+1"],"picked":"rmod:goodfighter+1","floor":29},{"not_picked":["Scarecrow","Mercenary","Alriune"],"picked":"Singing Bowl","floor":29},{"not_picked":["Variant","MeatLantern"],"picked":"OSAHOGD","floor":29},{"not_picked":["rmod:mineteam","DemoMod:Spice"],"picked":"rmod:luckystar+1","floor":30},{"not_picked":["Woodsman","SpiderBud","Yin"],"picked":"Singing Bowl","floor":30}],"player_experience":227561,"relics_obtained":[{"floor":6.0,"key":"Ancient Tea Set"},{"floor":9.0,"key":"Replay:Wax Seal"},{"floor":10.0,"key":"Molten Egg 2"},{"floor":23.0,"key":"DemoMod:PoisonVial"},{"floor":23.0,"key":"RuthlessExorcism:ReiMu"},{"floor":25,"key":"Art of War"},{"floor":25,"key":"ReplayTheSpireMod:Shallot"},{"floor":26,"key":"Vajra"},{"floor":30,"key":"Omamori"},{"floor":30,"key":"Bag of Preparation"}],"event_choices":[{"damage_healed":0.0,"max_hp_gain":0.0,"max_hp_loss":0.0,"gold_gain":0.0,"event_name":"Big Fish","player_choice":"Box","floor":2.0,"gold_loss":0.0,"damage_taken":0.0,"relics_obtained":["Sundial"],"cards_obtained":["Regret"]},{"damage_healed":0.0,"max_hp_gain":0.0,"max_hp_loss":0.0,"gold_gain":0.0,"event_name":"Shining Light","player_choice":"Entered Light","floor":3.0,"gold_loss":0.0,"damage_taken":15.0,"cards_upgraded":["rmod:defend","rmod:strick"]},{"damage_healed":0.0,"max_hp_gain":0.0,"max_hp_loss":0.0,"gold_gain":75.0,"event_name":"World of Goop","player_choice":"Gather Gold","floor":4.0,"gold_loss":0.0,"damage_taken":11.0},{"damage_healed":0.0,"max_hp_gain":0.0,"max_hp_loss":0.0,"gold_gain":0.0,"event_name":"Match and Keep!","player_choice":"2 cards matched","floor":19.0,"gold_loss":0.0,"damage_taken":0.0,"cards_obtained":["rmod:abidefaith","ReplayTheSpireMod:Uncanny Aura"]}],"is_beta":false,"boss_relics":[{"not_picked":["Replay:Wanted Poster","Fusion Hammer"],"picked":"Black Star"}],"items_purged_floors":[8],"is_endless":false,"potions_floor_spawned":[7,13,18,22,30],"killed_by":"theJungle:2_Snecko_Cultists","ascension_level":0}}