{"host":"dpbezu80jg8zk7un","time":1610511158,"event":{"mods":["BaseMod","Colored Map","Colored Powertips","Custom Start","DeckTracker","Minty Spire (QoL Compilation)","Quick Restart","StSLib","SuperFastMode"],"gold_per_floor":[216,216,141,159,159,192,206,234,258,274,174,49,62,80,80,154,154,174,24,44,44,63,63,92,108,131,131,142,175,100,118,118,192,192,202,527,544,568,393,424,424,224,251,263,275,303,147,167,167,167,167,167,167,167,200,200],"floor_reached":57,"language":"KOR","playtime":2233,"items_purged":["Defend_P","Strike_P","Strike_P","Defend_P","Strike_P","Defend_P"],"score":2753,"play_id":"9e947646-6957-4295-aa96-4e397b9bc9f3","local_time":"20210113131238","is_ascension_mode":true,"campfire_choices":[{"data":"Worship","floor":15.0,"key":"SMITH"},{"data":"Ragnarok","floor":23.0,"key":"SMITH"},{"data":"Scrawl","floor":27.0,"key":"SMITH"},{"floor":32.0,"key":"REST"},{"floor":41.0,"key":"RECALL"},{"data":"EmptyMind","floor":49.0,"key":"SMITH"},{"data":"MentalFortress","floor":53.0,"key":"SMITH"}],"circlet_count":0,"master_deck":["AscendersBane","Strike_P+1","Eruption+1","Vigilance","EmptyFist","Ragnarok+1","FollowUp","Establishment","Worship+1","Scrawl+1","DeusExMachina","InnerPeace","Wallop","FearNoEvil","MentalFortress+1","EmptyMind+1","InnerPeace+1"],"relics":["PureWater","Nunchaku","Strawberry","Runic Pyramid","Ginger","Lantern","Bird Faced Urn","VioletLotus","Old Coin","Centennial Puzzle","White Beast Statue","PreservedInsect","MawBank","Akabeko"],"acts_visited":["Exordium","TheCity","TheBeyond","TheEnding"],"potions_floor_usage":[56,56],"damage_taken":[{"damage":3.0,"enemies":"2 Louse","floor":1.0,"turns":4.0},{"damage":0.0,"enemies":"Jaw Worm","floor":4.0,"turns":3.0},{"damage":20.0,"enemies":"Gremlin Nob","floor":6.0,"turns":3.0},{"damage":0.0,"enemies":"Small Slimes","floor":7.0,"turns":1.0},{"damage":16.0,"enemies":"3 Sentries","floor":8.0,"turns":7.0},{"damage":0.0,"enemies":"Looter","floor":10.0,"turns":1.0},{"damage":0.0,"enemies":"3 Louse","floor":13.0,"turns":2.0},{"damage":1.0,"enemies":"Exordium Wildlife","floor":14.0,"turns":3.0},{"damage":4.0,"enemies":"Hexaghost","floor":16.0,"turns":6.0},{"damage":0.0,"enemies":"Spheric Guardian","floor":18.0,"turns":3.0},{"damage":0.0,"enemies":"Chosen","floor":20.0,"turns":2.0},{"damage":13.0,"enemies":"Snecko","floor":22.0,"turns":3.0},{"damage":5.0,"enemies":"Gremlin Leader","floor":24.0,"turns":4.0},{"damage":8.0,"enemies":"3 Cultists","floor":25.0,"turns":3.0},{"damage":0.0,"enemies":"Sentry and Sphere","floor":28.0,"turns":2.0},{"damage":37.0,"enemies":"Slavers","floor":29.0,"turns":4.0},{"damage":0.0,"enemies":"Cultist and Chosen","floor":31.0,"turns":2.0},{"damage":24.0,"enemies":"Champ","floor":33.0,"turns":4.0},{"damage":12.0,"enemies":"3 Shapes","floor":35.0,"turns":6.0},{"damage":0.0,"enemies":"Mind Bloom Boss Battle","floor":36.0,"turns":3.0},{"damage":0.0,"enemies":"Orb Walker","floor":37.0,"turns":2.0},{"damage":13.0,"enemies":"Nemesis","floor":40.0,"turns":3.0},{"damage":0.0,"enemies":"Transient","floor":44.0,"turns":6.0},{"damage":0.0,"enemies":"Spire Growth","floor":45.0,"turns":2.0},{"damage":7.0,"enemies":"Giant Head","floor":46.0,"turns":3.0},{"damage":0.0,"enemies":"Sphere and 2 Shapes","floor":48.0,"turns":3.0},{"damage":30.0,"enemies":"Donu and Deca","floor":50.0,"turns":5.0},{"damage":11.0,"enemies":"Awakened One","floor":51.0,"turns":5.0},{"damage":21,"enemies":"Shield and Spear","floor":55,"turns":2},{"damage":38,"enemies":"The Heart","floor":56,"turns":6}],"seed_played":"-6415834319012980170","potions_obtained":[{"floor":7.0,"key":"Dexterity Potion"},{"floor":10.0,"key":"ColorlessPotion"},{"floor":13.0,"key":"LiquidBronze"},{"floor":16.0,"key":"Energy Potion"},{"floor":22.0,"key":"CultistPotion"},{"floor":24.0,"key":"Fruit Juice"},{"floor":33.0,"key":"Explosive Potion"},{"floor":35.0,"key":"Fire Potion"},{"floor":44.0,"key":"Ancient Potion"},{"floor":45.0,"key":"FearPotion"}],"is_trial":false,"path_per_floor":["M","?","$","M","?","E","M","E","T","M","$","$","M","M","R","B",null,"M","$","M","?","M","R","E","M","T","R","M","E","?","M","R","B",null,"M","?","M","T","$","E","R","$","T","M","M","E","$","M","R","B","B",null,"R","$","E","B",null],"character_chosen":"WATCHER","items_purchased":["MentalFortress","EmptyMind"],"campfire_rested":1,"item_purchase_floors":[47,47],"current_hp_per_floor":[58,63,63,63,41,21,21,12,12,12,12,12,12,11,11,7,62,62,62,62,62,49,49,44,36,36,36,36,4,4,6,31,9,66,56,58,60,60,60,49,49,49,49,51,53,48,48,52,52,26,19,69,69,69,52,18],"gold":200,"neow_bonus":"HUNDRED_GOLD","is_daily":false,"chose_seed":false,"campfire_upgraded":5,"win_rate":0.0,"timestamp":1610511158,"path_taken":["M","?","$","M","?","E","M","E","T","M","?","$","M","M","R","BOSS","M","$","M","?","M","R","E","M","T","R","M","E","?","M","R","BOSS","M","?","M","?","$","E","R","?","T","?","M","E","$","?","R","BOSS","BOSS","R","$","E","BOSS"],"items_purchased_type":["Card","Card"],"build_version":"2020-12-22","purchased_purges":6,"victory":true,"max_hp_per_floor":[68,73,73,73,73,73,73,80,80,80,80,80,80,80,80,80,80,80,80,80,80,80,80,80,80,80,80,80,85,85,85,85,85,85,85,85,85,85,85,85,85,85,85,85,85,85,85,85,85,85,85,85,85,85,85,85],"card_choices":[{"not_picked":["FlurryOfBlows","FollowUp"],"picked":"EmptyFist","floor":1.0},{"not_picked":["CrushJoints","Consecrate"],"picked":"Ragnarok","floor":4.0},{"not_picked":["Indignation","SandsOfTime","Halt"],"picked":"SKIP","floor":6.0},{"not_picked":["JustLucky","Consecrate","Crescendo"],"picked":"SKIP","floor":7.0},{"not_picked":["Crescendo","Consecrate"],"picked":"FollowUp","floor":8.0},{"not_picked":["FlyingSleeves","ThirdEye","ForeignInfluence"],"picked":"SKIP","floor":10.0},{"not_picked":["Protect","WindmillStrike"],"picked":"Establishment","floor":13.0},{"not_picked":["ThirdEye","CutThroughFate"],"picked":"Worship","floor":14.0},{"not_picked":["Devotion","Ragnarok"],"picked":"Scrawl","floor":16.0},{"not_picked":["EmptyMind","FlurryOfBlows","PathToVictory"],"picked":"SKIP","floor":18.0},{"not_picked":["LikeWater","ThirdEye","JustLucky+1"],"picked":"SKIP","floor":20.0},{"not_picked":["ThirdEye","Vengeance"],"picked":"DeusExMachina","floor":22.0},{"not_picked":["Halt","FlyingSleeves"],"picked":"InnerPeace","floor":24.0},{"not_picked":["Halt+1","ThirdEye"],"picked":"Wallop","floor":25.0},{"not_picked":["SashWhip","TalkToTheHand+1","Vengeance+1"],"picked":"SKIP","floor":28.0},{"not_picked":["CutThroughFate","Indignation","Prostrate"],"picked":"SKIP","floor":29.0},{"not_picked":["Evaluate","EmptyBody","BowlingBash"],"picked":"SKIP","floor":31.0},{"not_picked":["Prostrate","LikeWater","ClearTheMind"],"picked":"SKIP","floor":35.0},{"not_picked":["WheelKick","Consecrate+1","WreathOfFlame"],"picked":"SKIP","floor":37.0},{"not_picked":["Protect","Establishment"],"picked":"FearNoEvil","floor":40.0},{"not_picked":["Crescendo+1","SashWhip","CutThroughFate"],"picked":"SKIP","floor":44.0},{"not_picked":["PathToVictory+1","Crescendo","Conclude"],"picked":"SKIP","floor":45.0},{"not_picked":["CrushJoints","JustLucky","FollowUp"],"picked":"SKIP","floor":46.0},{"not_picked":["ClearTheMind","Crescendo+1"],"picked":"InnerPeace+1","floor":48.0},{"not_picked":["CrushJoints","Wish","Protect"],"picked":"SKIP","floor":55}],"player_experience":2872208,"relics_obtained":[{"floor":6.0,"key":"Nunchaku"},{"floor":8.0,"key":"Strawberry"},{"floor":24.0,"key":"Ginger"},{"floor":26.0,"key":"Lantern"},{"floor":29.0,"key":"Bird Faced Urn"},{"floor":36.0,"key":"Old Coin"},{"floor":38.0,"key":"Centennial Puzzle"},{"floor":40.0,"key":"White Beast Statue"},{"floor":43.0,"key":"PreservedInsect"},{"floor":46.0,"key":"MawBank"},{"floor":55,"key":"Akabeko"}],"event_choices":[{"damage_healed":0.0,"max_hp_gain":5.0,"max_hp_loss":0.0,"gold_gain":0.0,"event_name":"Big Fish","player_choice":"Donut","floor":2.0,"gold_loss":0.0,"damage_taken":0.0},{"damage_healed":0.0,"max_hp_gain":0.0,"max_hp_loss":0.0,"gold_gain":0.0,"event_name":"Shining Light","player_choice":"Entered Light","floor":5.0,"gold_loss":0.0,"damage_taken":22.0,"cards_upgraded":["Strike_P","Eruption"]},{"damage_healed":0.0,"max_hp_gain":0.0,"max_hp_loss":0.0,"gold_gain":0.0,"event_name":"The Mausoleum","player_choice":"Ignored","floor":21.0,"gold_loss":0.0,"damage_taken":0.0},{"cards_removed":["Defend_P"],"damage_healed":0.0,"max_hp_gain":0.0,"max_hp_loss":0.0,"gold_gain":0.0,"event_name":"Beggar","player_choice":"Gave Gold","floor":30.0,"gold_loss":75.0,"damage_taken":0.0},{"damage_healed":0.0,"max_hp_gain":0.0,"max_hp_loss":0.0,"gold_gain":0.0,"event_name":"MindBloom","player_choice":"Fight","floor":36.0,"gold_loss":0.0,"damage_taken":0.0}],"is_beta":false,"boss_relics":[{"not_picked":["Sozu","Philosopher\u0027s Stone"],"picked":"Runic Pyramid"},{"not_picked":["Cursed Key","Fusion Hammer"],"picked":"VioletLotus"}],"items_purged_floors":[3,11,12,19,39,42],"is_endless":false,"potions_floor_spawned":[7,10,13,14,16,18,20,22,24,33,35,44,45,46,48,55],"ascension_level":20}}