{"host":"qxeepl7ydvsgmfdb","time":1610551595,"event":{"mods":["AchievementEnabler","BaseMod","Colored Powertips","Minty Spire (QoL Compilation)","Quick Restart","slay the spire mod where everything is the same but ironclad has a cowboy hat"],"gold_per_floor":[118,135,85,85,132,132,159,177,177,203,213,69,69,84,84,186,186,200,200,200,218,245,276,276,305,356,376,394,394,412,30,30,135,135,153,4,58,58,76,76,4,0,0,20,70,82,82,82,82,82,82],"floor_reached":50,"language":"ENG","playtime":1507,"items_purged":["Strike_G+1"],"score":718,"play_id":"7a3f550c-adda-4773-826c-9748cf7acc05","local_time":"20210113102635","is_ascension_mode":true,"campfire_choices":[{"data":"Dagger Spray","floor":6.0,"key":"SMITH"},{"floor":13.0,"key":"REST"},{"data":"Noxious Fumes","floor":15.0,"key":"SMITH"},{"floor":24.0,"key":"REST"},{"floor":32.0,"key":"REST"},{"floor":40.0,"key":"REST"},{"floor":49.0,"key":"REST"}],"circlet_count":0,"master_deck":["Strike_G+1","Strike_G+1","Strike_G+1","Defend_G+1","Defend_G+1","Defend_G+1","Defend_G+1","Survivor","Neutralize+1","Poisoned Stab","Dagger Spray+1","Deflect","Blade Dance","Noxious Fumes+1","Adrenaline","Poisoned Stab","Deadly Poison","Poisoned Stab","Die Die Die","Slice","Deadly Poison","Prepared","Cloak And Dagger","Blade Dance","Deadly Poison+1","Catalyst"],"relics":["Ring of the Snake","NeowsBlessing","Kunai","Regal Pillow","Omamori","Whetstone","Dream Catcher","Strawberry","SacredBark","Bag of Preparation","Eternal Feather","Toy Ornithopter","Oddly Smooth Stone","White Beast Statue","Black Star","Pen Nib","Incense Burner","Red Mask","Bottled Flame","Tough Bandages"],"acts_visited":["Exordium","TheCity","TheBeyond"],"potions_floor_usage":[50],"damage_taken":[{"damage":0.0,"enemies":"Cultist","floor":1.0,"turns":1.0},{"damage":0.0,"enemies":"2 Louse","floor":2.0,"turns":1.0},{"damage":0.0,"enemies":"Gremlin Nob","floor":7.0,"turns":1.0},{"damage":1.0,"enemies":"Jaw Worm","floor":8.0,"turns":3.0},{"damage":14.0,"enemies":"3 Sentries","floor":10.0,"turns":6.0},{"damage":9.0,"enemies":"Red Slaver","floor":11.0,"turns":3.0},{"damage":0.0,"enemies":"Lots of Slimes","floor":14.0,"turns":1.0},{"damage":10.0,"enemies":"Hexaghost","floor":16.0,"turns":9.0},{"damage":13.0,"enemies":"Shell Parasite","floor":18.0,"turns":6.0},{"damage":10.0,"enemies":"3 Byrds","floor":21.0,"turns":4.0},{"damage":13.0,"enemies":"Book of Stabbing","floor":23.0,"turns":5.0},{"damage":33.0,"enemies":"Gremlin Leader","floor":25.0,"turns":4.0},{"damage":22.0,"enemies":"Centurion and Healer","floor":27.0,"turns":6.0},{"damage":12.0,"enemies":"Sentry and Sphere","floor":28.0,"turns":5.0},{"damage":8.0,"enemies":"Shelled Parasite and Fungi","floor":30.0,"turns":4.0},{"damage":37.0,"enemies":"Collector","floor":33.0,"turns":9.0},{"damage":20.0,"enemies":"3 Darklings","floor":35.0,"turns":4.0},{"damage":1.0,"enemies":"2 Orb Walkers","floor":37.0,"turns":4.0},{"damage":17.0,"enemies":"Orb Walker","floor":39.0,"turns":3.0},{"damage":27.0,"enemies":"4 Shapes","floor":44.0,"turns":4.0},{"damage":14.0,"enemies":"Mind Bloom Boss Battle","floor":45.0,"turns":5.0},{"damage":39.0,"enemies":"Writhing Mass","floor":46.0,"turns":6.0},{"damage":102,"enemies":"Awakened One","floor":50,"turns":10}],"seed_played":"3204733196377186801","potions_obtained":[{"floor":2.0,"key":"Strength Potion"},{"floor":7.0,"key":"AttackPotion"},{"floor":11.0,"key":"Poison Potion"},{"floor":16.0,"key":"DuplicationPotion"},{"floor":23.0,"key":"ColorlessPotion"},{"floor":30.0,"key":"BlessingOfTheForge"},{"floor":33.0,"key":"ColorlessPotion"},{"floor":35.0,"key":"SteroidPotion"},{"floor":37.0,"key":"Energy Potion"},{"floor":39.0,"key":"ColorlessPotion"},{"floor":44.0,"key":"LiquidBronze"},{"floor":45.0,"key":"Swift Potion"},{"floor":46.0,"key":"Fire Potion"}],"is_trial":false,"path_per_floor":["M","M","?","?","T","R","E","M","T","E","M","$","R","M","R","B",null,"M","?","?","M","T","E","R","E","T","M","M","?","M","$","R","B",null,"M","$","?","?","M","R","$","?","T","M","?","M","$","?","R","B"],"character_chosen":"THE_SILENT","items_purchased":["Strawberry","White Beast Statue","PowerPotion","Pen Nib","Catalyst"],"campfire_rested":5,"item_purchase_floors":[12,31,31,36,41],"current_hp_per_floor":[63,63,63,60,60,60,60,59,59,45,36,43,77,77,77,67,75,62,62,62,52,52,39,77,44,44,22,15,9,6,6,56,29,65,50,50,54,54,37,77,77,77,77,50,46,17,17,36,77,0,0],"gold":82,"neow_bonus":"THREE_ENEMY_KILL","is_daily":false,"chose_seed":false,"campfire_upgraded":2,"win_rate":0.0,"timestamp":1610551595,"path_taken":["M","?","?","?","?","R","E","M","T","E","?","?","R","M","R","BOSS","M","?","?","M","?","E","R","E","T","?","M","?","M","$","R","BOSS","M","?","?","?","?","R","$","?","T","M","?","M","$","?","R","BOSS"],"items_purchased_type":["Relic","Relic","Potion","Relic","Card"],"build_version":"2020-12-22","purchased_purges":1,"victory":false,"max_hp_per_floor":[70,70,70,70,70,70,70,70,70,70,70,77,77,77,77,77,77,77,77,77,77,77,77,77,77,77,77,77,77,77,77,77,77,77,77,77,77,77,77,77,77,77,77,77,77,77,77,77,77,77,77],"card_choices":[{"not_picked":["Deflect","Dagger Throw"],"picked":"Poisoned Stab","floor":1.0},{"not_picked":["Skewer","Sucker Punch"],"picked":"Dagger Spray","floor":2.0},{"not_picked":["Sucker Punch","Well Laid Plans","Infinite Blades"],"picked":"SKIP","floor":7.0},{"not_picked":["Underhanded Strike","Quick Slash","Prepared"],"picked":"SKIP","floor":8.0},{"not_picked":["Outmaneuver","Concentrate"],"picked":"Deflect","floor":10.0},{"not_picked":["Flying Knee","Quick Slash","Dodge and Roll"],"picked":"SKIP","floor":11.0},{"not_picked":["Deflect","Underhanded Strike"],"picked":"Blade Dance","floor":13.0},{"not_picked":["Riddle With Holes","Sucker Punch"],"picked":"Noxious Fumes","floor":14.0},{"not_picked":["Grand Finale","Venomology"],"picked":"Adrenaline","floor":16.0},{"not_picked":["Skewer","Expertise"],"picked":"Poisoned Stab","floor":18.0},{"not_picked":["Quick Slash","Bane"],"picked":"Poisoned Stab","floor":21.0},{"not_picked":["Dodge and Roll+1","Blade Dance+1"],"picked":"Die Die Die","floor":23.0},{"not_picked":["Escape Plan","Prepared+1"],"picked":"Slice","floor":24.0},{"not_picked":["Quick Slash+1","Dodge and Roll"],"picked":"Deadly Poison","floor":25.0},{"not_picked":["Grand Finale","Backflip","Bane"],"picked":"SKIP","floor":27.0},{"not_picked":["Slice","Caltrops+1","Sucker Punch"],"picked":"SKIP","floor":28.0},{"not_picked":["Well Laid Plans","Expertise","Dodge and Roll"],"picked":"SKIP","floor":30.0},{"not_picked":["Quick Slash","Outmaneuver"],"picked":"Prepared","floor":32.0},{"not_picked":["Backflip+1","Acrobatics"],"picked":"Cloak And Dagger","floor":35.0},{"not_picked":["Infinite Blades+1","Poisoned Stab+1"],"picked":"Blade Dance","floor":37.0},{"not_picked":["Dodge and Roll","Bane","PiercingWail"],"picked":"SKIP","floor":39.0},{"not_picked":["Quick Slash","Die Die Die"],"picked":"Deadly Poison+1","floor":40.0},{"not_picked":["Prepared+1","Cloak And Dagger+1","Deadly Poison"],"picked":"SKIP","floor":44.0},{"not_picked":["Endless Agony+1","Flying Knee+1","Tactician"],"picked":"SKIP","floor":46.0}],"player_experience":132554,"relics_obtained":[{"floor":5.0,"key":"Regal Pillow"},{"floor":7.0,"key":"Omamori"},{"floor":9.0,"key":"Whetstone"},{"floor":10.0,"key":"Dream Catcher"},{"floor":22.0,"key":"Bag of Preparation"},{"floor":23.0,"key":"Eternal Feather"},{"floor":25.0,"key":"Toy Ornithopter"},{"floor":26.0,"key":"Oddly Smooth Stone"},{"floor":37.0,"key":"Incense Burner"},{"floor":43.0,"key":"Bottled Flame"},{"floor":45.0,"key":"Tough Bandages"}],"event_choices":[{"cards_removed":["Strike_G"],"damage_healed":0.0,"max_hp_gain":0.0,"max_hp_loss":0.0,"gold_gain":0.0,"event_name":"The Cleric","player_choice":"Card Removal","floor":3.0,"gold_loss":50.0,"damage_taken":0.0},{"damage_healed":0.0,"max_hp_gain":0.0,"max_hp_loss":0.0,"gold_gain":0.0,"event_name":"Scrap Ooze","player_choice":"Success","floor":4.0,"gold_loss":0.0,"damage_taken":3.0,"relics_obtained":["Kunai"]},{"damage_healed":0.0,"max_hp_gain":0.0,"max_hp_loss":0.0,"gold_gain":0.0,"event_name":"The Library","player_choice":"Read","floor":19.0,"gold_loss":0.0,"damage_taken":0.0,"cards_obtained":["Deadly Poison"]},{"damage_healed":0.0,"max_hp_gain":0.0,"max_hp_loss":0.0,"gold_gain":0.0,"event_name":"Back to Basics","player_choice":"Simplicity","floor":20.0,"gold_loss":0.0,"damage_taken":0.0,"cards_upgraded":["Strike_G","Strike_G","Strike_G","Defend_G","Defend_G","Defend_G","Defend_G","Defend_G"]},{"damage_healed":0.0,"max_hp_gain":0.0,"max_hp_loss":0.0,"gold_gain":0.0,"event_name":"Knowing Skull","player_choice":"","floor":29.0,"potions_obtained":[],"gold_loss":0.0,"damage_taken":6.0,"cards_obtained":[]},{"damage_healed":0.0,"max_hp_gain":0.0,"max_hp_loss":0.0,"gold_gain":0.0,"event_name":"Mysterious Sphere","player_choice":"Fight","floor":37.0,"gold_loss":0.0,"damage_taken":0.0},{"cards_removed":["Defend_G"],"damage_healed":0.0,"max_hp_gain":0.0,"max_hp_loss":0.0,"gold_gain":0.0,"event_name":"Falling","player_choice":"Removed Skill","floor":38.0,"gold_loss":0.0,"damage_taken":0.0},{"damage_healed":0.0,"max_hp_gain":0.0,"max_hp_loss":0.0,"gold_gain":0.0,"event_name":"Tomb of Lord Red Mask","player_choice":"Paid","floor":42.0,"gold_loss":4.0,"damage_taken":0.0,"relics_obtained":["Red Mask"]},{"damage_healed":0.0,"max_hp_gain":0.0,"max_hp_loss":0.0,"gold_gain":0.0,"event_name":"MindBloom","player_choice":"Fight","floor":45.0,"gold_loss":0.0,"damage_taken":0.0},{"damage_healed":19.0,"max_hp_gain":0.0,"max_hp_loss":0.0,"gold_gain":0.0,"event_name":"Winding Halls","player_choice":"Writhe","floor":48.0,"gold_loss":0.0,"damage_taken":0.0,"cards_obtained":["Writhe"]}],"is_beta":false,"boss_relics":[{"not_picked":["Runic Dome","Snecko Eye"],"picked":"SacredBark"},{"not_picked":["Cursed Key","Ring of the Serpent"],"picked":"Black Star"}],"items_purged_floors":[31],"is_endless":false,"potions_floor_spawned":[2,7,11,16,23,30,33,35,37,39,44,45,46],"killed_by":"Awakened One","ascension_level":7}}