{"host":"d42v9a78iaxjks5w","time":1610543031,"event":{"mods":["BaseMod","Colored Map","Colored Powertips","Downfall","Minty Spire (QoL Compilation)","StSLib"],"gold_per_floor":[109,109,209,229,243,243,270,270,270,290,290,187,187,203,203,308,308,322,341,290,205,215,215,247,247,247],"floor_reached":25,"language":"ENG","playtime":921,"items_purged":[],"score":221,"play_id":"6a2d3494-8486-4532-9b1a-bab5b685150a","local_time":"20210113070351","is_ascension_mode":true,"campfire_choices":[{"data":"Neutralize","floor":6,"key":"SMITH"},{"data":"Noxious Fumes","floor":8,"key":"SMITH"},{"data":"Bane","floor":13,"key":"SMITH"},{"data":"Poisoned Stab","floor":15,"key":"SMITH"},{"floor":23,"key":"REST"}],"circlet_count":0,"master_deck":["Strike_G","Strike_G","Strike_G","Strike_G","Strike_G","Defend_G","Defend_G","Defend_G","Defend_G","Defend_G","Survivor","Neutralize+1","Corpse Explosion","Flying Knee","Deadly Poison","Prepared","Noxious Fumes+1","Sucker Punch","Bane+1","Deadly Poison","Poisoned Stab+1","Tools of the Trade","Backflip+1","Catalyst","Bane","Backflip+1"],"relics":["Ring of the Snake","Torii","Girya","SacredBark","Paper Crane","Red Mask"],"acts_visited":["Exordium","TheCity"],"potions_floor_usage":[22,25],"damage_taken":[{"damage":0,"enemies":"Small Slimes","floor":1,"turns":3},{"damage":1,"enemies":"Jaw Worm","floor":4,"turns":4},{"damage":0,"enemies":"Cultist","floor":5,"turns":3},{"damage":30,"enemies":"Gremlin Nob","floor":7,"turns":5},{"damage":1,"enemies":"2 Fungi Beasts","floor":10,"turns":3},{"damage":1,"enemies":"Looter","floor":14,"turns":3},{"damage":10,"enemies":"Hexaghost","floor":16,"turns":7},{"damage":44,"enemies":"2 Thieves","floor":18,"turns":3},{"damage":0,"enemies":"3 Byrds","floor":19,"turns":2},{"damage":1,"enemies":"3 Cultists","floor":22,"turns":3},{"damage":36,"enemies":"Masked Bandits","floor":24,"turns":5},{"damage":20,"enemies":"Book of Stabbing","floor":25,"turns":7}],"seed_played":"5452699283663805672","potions_obtained":[{"floor":4,"key":"sneckomod:MuddlingPotion"},{"floor":10,"key":"LiquidMemories"},{"floor":18,"key":"ColorlessPotion"}],"is_trial":false,"path_per_floor":["M","?","?","M","M","R","E","R","T","M","?","$","R","M","R","B",null,"M","M","$","?","M","R","?","E"],"character_chosen":"THE_SILENT","items_purchased":["Bane","Deadly Poison","Bane"],"campfire_rested":1,"item_purchase_floors":[12,12,20],"current_hp_per_floor":[70,75,75,74,74,74,44,44,44,43,43,43,43,42,42,32,75,31,31,31,31,30,52,16,0,0],"gold":247,"neow_bonus":"ONE_RANDOM_RARE_CARD","is_daily":false,"chose_seed":false,"campfire_upgraded":4,"win_rate":0.0,"timestamp":1610543031,"path_taken":["M","?","?","M","M","R","E","R","T","?","?","$","R","M","R","BOSS","M","M","$","?","M","R","?","E"],"items_purchased_type":["Card","Card","Card"],"build_version":"2020-12-22","purchased_purges":0,"victory":false,"max_hp_per_floor":[70,75,75,75,75,75,75,75,75,75,75,75,75,75,75,75,75,75,75,75,75,75,75,75,75,75],"card_choices":[{"not_picked":["Tactician","Dodge and Roll"],"picked":"Flying Knee","floor":1},{"not_picked":["Prepared","Blade Dance"],"picked":"Deadly Poison","floor":4},{"not_picked":["Flying Knee","Dagger Throw"],"picked":"Prepared","floor":5},{"not_picked":["Heel Hook","Acrobatics"],"picked":"Noxious Fumes","floor":7},{"not_picked":["Prepared","Dagger Spray"],"picked":"Sucker Punch","floor":10},{"not_picked":["Prepared","Heel Hook"],"picked":"Poisoned Stab","floor":14},{"not_picked":["Burst","A Thousand Cuts"],"picked":"Tools of the Trade","floor":16},{"not_picked":["Accuracy","Backstab"],"picked":"Backflip+1","floor":18},{"not_picked":["Backstab+1","Deadly Poison"],"picked":"Catalyst","floor":19},{"not_picked":["Caltrops","Tactician"],"picked":"Backflip+1","floor":22}],"player_experience":85359,"relics_obtained":[{"floor":7,"key":"Torii"},{"floor":9,"key":"Girya"},{"floor":24,"key":"Red Mask"}],"event_choices":[{"damage_healed":0,"gold_gain":0,"player_choice":"Donut","damage_taken":0,"max_hp_gain":5,"max_hp_loss":0,"event_name":"Big Fish","floor":2,"gold_loss":0},{"damage_healed":0,"gold_gain":100,"player_choice":"Pray","damage_taken":0,"max_hp_gain":0,"max_hp_loss":0,"event_name":"Golden Shrine","floor":3,"gold_loss":0},{"damage_healed":0,"gold_gain":0,"player_choice":"Ignored","damage_taken":0,"max_hp_gain":0,"max_hp_loss":0,"event_name":"Golden Wing","floor":11,"gold_loss":0},{"damage_healed":0,"gold_gain":0,"player_choice":"Obtained Relic","damage_taken":0,"relics_obtained":["Paper Crane"],"max_hp_gain":0,"max_hp_loss":0,"event_name":"Addict","floor":21,"gold_loss":85},{"damage_healed":0,"gold_gain":0,"player_choice":"Fought Bandits","damage_taken":0,"max_hp_gain":0,"max_hp_loss":0,"event_name":"Masked Bandits","floor":24,"gold_loss":0}],"is_beta":false,"boss_relics":[{"not_picked":["Ectoplasm","Coffee Dripper"],"picked":"SacredBark"}],"items_purged_floors":[],"is_endless":false,"potions_floor_spawned":[4,10,18],"killed_by":"Book of Stabbing","ascension_level":2}}