{"host":"kiauivt48syq9iz6","time":1610565556,"event":{"mods":["A Magickal Journey","BaseMod","Conspire","Downfall","Hermit","Minty Spire (QoL Compilation)","Replay The Spire","SIMod","Somnambulant","StSLib","The Animator","The Construct","The Cursed","The Disciple","The Forsaken","The Judge","The Marked","The Runesmith","The Servant 0.9.4","The Spell Scribe"],"gold_per_floor":[115,17,17,28,28,28,53,53,53,53,65,79,91,103,103,205,205,224,36,36,80,93,93,113,123,150,150,169,187,198,217,217,217,217],"floor_reached":33,"language":"ENG","playtime":1784,"items_purged":[],"score":303,"play_id":"9cd995e2-a203-4bec-96a5-e7ac46df1b5b","local_time":"20210113121916","is_ascension_mode":false,"campfire_choices":[{"data":"expansioncontent:Chronoboost","floor":6,"key":"SMITH"},{"data":"ReplayTheSpireMod:Doomed","floor":23,"key":"PURGE"},{"floor":27,"key":"REST"},{"data":"Creative AI","floor":32,"key":"SMITH"}],"circlet_count":0,"master_deck":["Strike_B","Strike_B","Strike_B","Strike_B","Defend_B","Defend_B","Defend_B","Defend_B","Zap+1","Dualcast","Conserve Battery","expansioncontent:Chronoboost+1","Beam Cell+1","Panic Button+1","Scrape","Seek","Stack","Cold Snap","Creative AI+1","Reinforced Body","Capacitor","Hologram+1","Hologram+1","Go for the Eyes+1","Sweeping Beam","Barrage","Electrodynamics","conspire:SharedLibrary","ReplayTheSpireMod:IOU","Sunder+1","Fusion","Redo","Conserve Battery","Defragment","Conserve Battery","Lockon"],"relics":["Cracked Core","Peace Pipe","Durian","InkBottle","Cursed Key","Replay:Frozen Program","Nilry\u0027s Codex","Replay:WaspNest","Prayer Wheel","Blue Doll"],"acts_visited":["Exordium","TheCity"],"potions_floor_usage":[7,7,16,22,32,33,33],"damage_taken":[{"damage":0,"enemies":"Cultist","floor":1,"turns":3},{"damage":5,"enemies":"Small Slimes","floor":4,"turns":4},{"damage":19,"enemies":"Lagavulin","floor":7,"turns":6},{"damage":4,"enemies":"2 Louse","floor":11,"turns":2},{"damage":7,"enemies":"Blue Slaver","floor":12,"turns":3},{"damage":0,"enemies":"Looter","floor":13,"turns":2},{"damage":1,"enemies":"2 Fungi Beasts","floor":14,"turns":3},{"damage":38,"enemies":"Slime Boss","floor":16,"turns":12},{"damage":17,"enemies":"Spheric Guardian","floor":18,"turns":7},{"damage":6,"enemies":"Chosen","floor":22,"turns":8},{"damage":22,"enemies":"3 Cultists","floor":24,"turns":6},{"damage":0,"enemies":"Centurion and Healer","floor":25,"turns":8},{"damage":13,"enemies":"Snake Plant","floor":28,"turns":5},{"damage":47,"enemies":"Cultist and Chosen","floor":29,"turns":8},{"damage":2,"enemies":"conspire:HollyBat","floor":30,"turns":10},{"damage":0,"enemies":"Centurion and Healer","floor":31,"turns":7},{"damage":9,"enemies":"Collector","floor":33,"turns":3}],"seed_played":"-4147835739420699294","potions_obtained":[{"floor":1,"key":"EssenceOfSteel"},{"floor":4,"key":"PowerPotion"},{"floor":14,"key":"Dexterity Potion"},{"floor":18,"key":"Regen Potion"},{"floor":29,"key":"Block Potion"},{"floor":30,"key":"Adrenaline Potion"},{"floor":31,"key":"Fruit Juice"}],"is_trial":false,"path_per_floor":["M","$","?","M","?","R","E","$","T","T","M","M","M","M","R","B",null,"M","$","?","?","M","R","M","M","T","R","M","M","M","M","R","B"],"character_chosen":"DEFECT","items_purchased":["expansioncontent:Chronoboost","Capacitor","Replay:Frozen Program"],"campfire_rested":1,"item_purchase_floors":[2,19,19],"current_hp_per_floor":[75,75,80,75,75,75,56,56,61,61,57,50,50,49,74,36,85,68,68,52,52,61,61,39,39,39,64,51,4,2,2,7,0,0],"gold":217,"neow_bonus":"UPGRADE_CARD","is_daily":false,"chose_seed":false,"campfire_upgraded":2,"win_rate":0.0,"timestamp":1610565556,"path_taken":["M","?","?","M","?","R","E","?","T","?","M","M","M","M","R","BOSS","M","$","?","?","M","R","M","M","T","R","?","M","M","M","R","BOSS"],"items_purchased_type":["Card","Card","Relic"],"build_version":"2020-12-22","purchased_purges":0,"victory":false,"max_hp_per_floor":[75,75,80,80,80,80,80,80,85,85,85,85,85,85,85,85,85,85,85,85,85,85,85,85,85,85,85,85,85,85,85,90,90,90],"card_choices":[{"not_picked":["Auto Shields","Redo"],"picked":"Conserve Battery","floor":1},{"not_picked":["Hologram","Rebound"],"picked":"Beam Cell","floor":4},{"not_picked":["Steam","Gash"],"picked":"Panic Button","floor":7},{"not_picked":["Cold Snap","Streamline"],"picked":"Scrape","floor":11},{"not_picked":["BasicCrystalCard","Panic Button"],"picked":"Seek","floor":12},{"not_picked":["ReplayTheSpireMod:GoodbyeWorld","FTL"],"picked":"Stack","floor":13},{"not_picked":["Leap","ReplayTheSpireMod:System Scan"],"picked":"Cold Snap","floor":14},{"not_picked":["Seek","ReplayTheSpireMod:Fabricate Wheel"],"picked":"Creative AI","floor":16},{"not_picked":["FTL","Reprogram"],"picked":"Reinforced Body","floor":18},{"not_picked":["Stack","Capacitor+1"],"picked":"Hologram+1","floor":21},{"not_picked":["FIFO Queue","ReplayTheSpireMod:Calculation Training+1"],"picked":"Hologram+1","floor":21},{"not_picked":["Steam+1","Double Energy"],"picked":"Go for the Eyes+1","floor":22},{"not_picked":["Panic Button+1","Stack"],"picked":"Sweeping Beam","floor":24},{"not_picked":["Go for the Eyes","Steam Power"],"picked":"Barrage","floor":24},{"not_picked":["Hello World","Panic Button"],"picked":"Electrodynamics","floor":25},{"not_picked":["Gash","Stack+1"],"picked":"conspire:SharedLibrary","floor":25},{"not_picked":["Coolheaded","Steam+1"],"picked":"Sunder+1","floor":28},{"not_picked":["Sweeping Beam","Cold Snap"],"picked":"Fusion","floor":28},{"not_picked":["Panic Button","Double Energy"],"picked":"Redo","floor":29},{"not_picked":["BasicCrystalCard","Ball Lightning"],"picked":"Conserve Battery","floor":29},{"not_picked":["Auto Shields","Gash"],"picked":"Defragment","floor":30},{"not_picked":["BasicCrystalCard","Redo"],"picked":"Conserve Battery","floor":30},{"not_picked":["Go for the Eyes","Storm"],"picked":"Lockon","floor":31},{"not_picked":["Hello World","Steam+1","Chaos"],"picked":"SKIP","floor":31}],"player_experience":151454,"relics_obtained":[{"floor":7,"key":"Peace Pipe"},{"floor":9,"key":"Durian"},{"floor":10,"key":"InkBottle"},{"floor":20,"key":"Nilry\u0027s Codex"},{"floor":21,"key":"Replay:WaspNest"},{"floor":26,"key":"Blue Doll"}],"event_choices":[{"damage_healed":0,"gold_gain":0,"player_choice":"Donut","damage_taken":0,"max_hp_gain":5,"max_hp_loss":0,"event_name":"Big Fish","floor":3,"gold_loss":0},{"damage_healed":0,"gold_gain":0,"player_choice":"Obtained Book","damage_taken":16,"max_hp_gain":0,"max_hp_loss":0,"event_name":"Cursed Tome","floor":20,"gold_loss":0}],"is_beta":false,"boss_relics":[{"not_picked":["Runic Dome","ReplayTheSpireMod:DimensionalGlitch"],"picked":"Cursed Key"}],"items_purged_floors":[],"is_endless":false,"potions_floor_spawned":[1,4,14,18,29,30,31],"killed_by":"Collector","ascension_level":0}}