{"host":"fmwbmnqnrup981we","time":1610573361,"event":{"mods":["AchievementEnabler","Act Like it!","BaseMod","Better Match","Better Note","Better Skull","Better Synergies","Better Third Choice","Better Vampires","Block Reminder","Curses Come First","Downfall","Duelist Mod","Elementarium","GungeonMod","HexUI Lib","HornydragonMod","Marked Mod","Minty Spire (QoL Compilation)","Pikachu Mod","Quick Restart","Relic Stats","SIMod","StSLib","The Bug Knight","The Death Knight","The Forsaken","The Marked","The Necromancer","The Runesmith","The Servant 0.9.4","The Wild Card","TheHero","TheVacant","TheVelvet","Transform Curses","Waifu the Spire","Yuri Mod","everything is the same but u backflip on backflip"],"gold_per_floor":[116,116,116,116,66,66,66],"floor_reached":6,"language":"ENG","playtime":133,"items_purged":[],"score":34,"play_id":"472ac7ea-5001-419c-ae4e-9f2602342260","local_time":"20210113212921","is_ascension_mode":true,"campfire_choices":[],"circlet_count":0,"master_deck":["Strike_P","Strike_P","Strike_P","Strike_P","Defend_P","Defend_P","Defend_P","Defend_P","Eruption","Vigilance","MarkedMod:SlowDance","Scrawl"],"relics":["PureWater","Golden Idol","Pyrelight"],"acts_visited":["Exordium"],"potions_floor_usage":[],"damage_taken":[{"damage":7,"enemies":"Jaw Worm","floor":1,"turns":5},{"damage":65,"enemies":"Lagavulin","floor":6,"turns":7}],"seed_played":"-5966983120556598906","potions_obtained":[{"floor":1,"key":"GamblersBrew"}],"is_trial":false,"path_per_floor":["M","?","?","?","?","E"],"character_chosen":"WATCHER","items_purchased":[],"campfire_rested":0,"item_purchase_floors":[],"current_hp_per_floor":[65,65,65,65,65,0,0],"gold":66,"neow_bonus":"ONE_RANDOM_RARE_CARD","is_daily":false,"chose_seed":false,"campfire_upgraded":0,"win_rate":0.0,"timestamp":1610573361,"path_taken":["M","?","?","?","?","E"],"items_purchased_type":[],"build_version":"2020-12-22","purchased_purges":0,"victory":false,"max_hp_per_floor":[72,72,72,72,72,72,72],"relic_stats":{"counters":[2,12],"Golden Idol":0,"obtain_stats":[{"Golden Idol":2,"DemoMod:GlassGuonStoneRelic":1,"Pyrelight":4,"PureWater":0},{"Golden Idol":1,"DemoMod:GlassGuonStoneRelic":1,"Pyrelight":1,"PureWater":0},{"Golden Idol":5,"DemoMod:GlassGuonStoneRelic":5,"Pyrelight":5,"PureWater":0}]},"card_choices":[{"not_picked":["SashWhip","CrushJoints"],"picked":"Scrawl","floor":1}],"player_experience":441805,"relics_obtained":[],"event_choices":[{"damage_healed":0,"gold_gain":0,"player_choice":"Take Wound","damage_taken":0,"relics_obtained":["Golden Idol"],"max_hp_gain":0,"max_hp_loss":0,"event_name":"Golden Idol","floor":2,"gold_loss":0,"cards_obtained":["Injury"]},{"cards_removed":["Injury"],"damage_healed":0,"gold_gain":0,"player_choice":"Card Removal","damage_taken":0,"max_hp_gain":0,"max_hp_loss":0,"event_name":"The Cleric","floor":5,"gold_loss":50}],"is_beta":false,"boss_relics":[],"items_purged_floors":[],"is_endless":false,"potions_floor_spawned":[1],"killed_by":"Lagavulin","ascension_level":1}}