{"host":"udyc8f81k2jocuhg","time":1610549777,"event":{"mods":["2.2 Compatiblity","BaseMod","Better Third Choice","Colored Powertips","Conspire","Custom Start","GifTheSpireLib","Hermit","Minty Spire (QoL Compilation)","Permanent Neow","Quick Restart","Relic Filter","Relic Stats","Replay The Spire","Shop Mod","Spikes Relics","StSLib","Stuff the Spire"],"gold_per_floor":[365,377,302,316,333,362,362,388,388,388,415,432,432,432],"floor_reached":13,"language":"ENG","playtime":778,"items_purged":[],"score":234,"play_id":"81f8d9ec-4041-427f-b6bf-b058b32d3fe7","local_time":"20210113155617","is_ascension_mode":true,"campfire_choices":[{"data":"Zap","floor":7,"key":"SMITH"},{"data":"Capacitor","floor":10,"key":"SMITH"}],"circlet_count":0,"master_deck":["AscendersBane","Strike_B","Strike_B","Strike_B","Strike_B","Defend_B+1","Defend_B+1","Defend_B+1","Defend_B+1","Zap+1","Dualcast","Dualcast","Glacier","Cold Snap","Cold Snap","Capacitor+1","Cold Snap","ReplayTheSpireMod:Calculation Training+1"],"relics":["Cracked Core","Replay:Ringing Soul","RetroEgg","Replay:Bottled Eggs","SuspiciousGoo"],"acts_visited":["Exordium"],"potions_floor_usage":[6,6],"damage_taken":[{"damage":6,"enemies":"Small Slimes","floor":1,"turns":4},{"damage":7,"enemies":"Jaw Worm","floor":2,"turns":2},{"damage":0,"enemies":"Cultist","floor":4,"turns":3},{"damage":6,"enemies":"Blue Slaver","floor":5,"turns":3},{"damage":0,"enemies":"3 Sentries","floor":6,"turns":2},{"damage":29,"enemies":"Gremlin Nob","floor":8,"turns":5},{"damage":18,"enemies":"3 Sentries","floor":11,"turns":16},{"damage":0,"enemies":"Exordium Wildlife","floor":12,"turns":4},{"damage":8,"enemies":"Gremlin Nob","floor":13,"turns":2}],"seed_played":"-2014609479950871235","potions_obtained":[{"floor":2,"key":"AttackPotion"},{"floor":4,"key":"SteroidPotion"},{"floor":11,"key":"Dexterity Potion"}],"is_trial":false,"path_per_floor":["M","M","?","M","M","E","R","E","T","R","E","M","E"],"character_chosen":"DEFECT","items_purchased":[],"campfire_rested":0,"item_purchase_floors":[],"current_hp_per_floor":[58,51,51,51,45,48,48,22,22,22,4,7,0,0],"gold":432,"neow_bonus":"TWO_FIFTY_GOLD","is_daily":false,"chose_seed":false,"campfire_upgraded":2,"win_rate":0.0,"timestamp":1610549777,"path_taken":["M","M","?","M","M","E","R","E","T","R","E","M","E"],"items_purchased_type":[],"build_version":"2020-12-22","purchased_purges":0,"victory":false,"max_hp_per_floor":[71,71,71,71,71,74,74,77,77,77,77,80,80,80],"relic_stats":{"counters":[9,41],"obtain_stats":[{"Replay:Ringing Soul":6,"RetroEgg":8,"SuspiciousGoo":11,"Replay:Bottled Eggs":9,"Cracked Core":0},{"Replay:Ringing Soul":5,"RetroEgg":6,"SuspiciousGoo":7,"Replay:Bottled Eggs":6,"Cracked Core":0},{"Replay:Ringing Soul":14,"RetroEgg":19,"SuspiciousGoo":35,"Replay:Bottled Eggs":19,"Cracked Core":0}]},"card_choices":[{"not_picked":["Rebound","Hologram"],"picked":"Glacier","floor":1},{"not_picked":["StuffTheSpire:LoadUp","ReplayTheSpireMod:Repulse"],"picked":"Cold Snap","floor":2},{"not_picked":["Panic Button","Compile Driver"],"picked":"Cold Snap","floor":4},{"not_picked":["Redo","Stack","Turbo"],"picked":"SKIP","floor":5},{"not_picked":["Rebound","Coolheaded"],"picked":"Capacitor","floor":6},{"not_picked":["Skim","Go for the Eyes"],"picked":"Cold Snap","floor":8},{"not_picked":["Rebound","Scrape","All For One"],"picked":"SKIP","floor":11},{"not_picked":["StuffTheSpire:Plugnplay","Hologram"],"picked":"ReplayTheSpireMod:Calculation Training","floor":12}],"player_experience":1990761,"relics_obtained":[{"floor":6,"key":"Replay:Ringing Soul"},{"floor":8,"key":"RetroEgg"},{"floor":9,"key":"Replay:Bottled Eggs"},{"floor":11,"key":"SuspiciousGoo"}],"event_choices":[{"cards_removed":["Strike_R"],"damage_healed":0,"gold_gain":0,"player_choice":"Card Removal","damage_taken":0,"max_hp_gain":0,"max_hp_loss":0,"event_name":"The Cleric","floor":3,"gold_loss":75}],"is_beta":false,"boss_relics":[],"items_purged_floors":[],"is_endless":false,"potions_floor_spawned":[2,4,11],"killed_by":"Gremlin Nob","ascension_level":16}}