{"host":"fq1bpa5mgr3rtgnr","time":1610506564,"event":{"mods":["AchievementEnabler","BaseMod","Colored Map","Colored Powertips","Highlight Path","Minty Spire (QoL Compilation)","Relic Stats","StSLib","The Animator"],"gold_per_floor":[229,247,19,19,38,38,38,58,83,103,155,188,209,227,227,227,227],"floor_reached":16,"language":"ENG","playtime":2000,"items_purged":["animator:Strike"],"score":106,"play_id":"804c5312-71c1-4cd6-a2b5-aa6596df1fe3","local_time":"20210112215604","is_ascension_mode":false,"campfire_choices":[{"data":"animator:Shalltear","floor":6,"key":"SMITH"},{"data":"animator:IchigoKurosaki","floor":15,"key":"SMITH"}],"circlet_count":0,"master_deck":["animator:Strike_Konosuba","animator:Defend_Konosuba","animator:Strike","animator:Defend","animator:Defend","animator:Defend","animator:Kazuma","animator:Aqua","animator:IrohaTamaki","animator:Shalltear+1","animator:IchigoKurosaki+1","animator:Melzalgald","animator:PandorasActor","animator:Demiurge","animator:Cocytus","animator:Kazuma","animator:Rimuru","animator:Megumin+3","animator:PandorasActor"],"relics":["animator:LivingPicture","animator:TheMissingPiece","Golden Idol","PreservedInsect","Boot"],"acts_visited":["Exordium"],"potions_floor_usage":[11,13,16],"damage_taken":[{"damage":0,"enemies":"Cultist","floor":1,"turns":5},{"damage":1,"enemies":"Jaw Worm","floor":2,"turns":6},{"damage":1,"enemies":"2 Louse","floor":5,"turns":3},{"damage":9,"enemies":"Red Slaver","floor":8,"turns":3},{"damage":3,"enemies":"Exordium Wildlife","floor":10,"turns":4},{"damage":2,"enemies":"Lagavulin","floor":11,"turns":7},{"damage":0,"enemies":"Blue Slaver","floor":12,"turns":3},{"damage":0,"enemies":"2 Fungi Beasts","floor":13,"turns":3},{"damage":0,"enemies":"Red Slaver","floor":14,"turns":2},{"damage":55,"enemies":"The Guardian","floor":16,"turns":20}],"seed_played":"-3403287940621519307","potions_obtained":[{"floor":2,"key":"Block Potion"},{"floor":10,"key":"Fire Potion"},{"floor":12,"key":"ColorlessPotion"},{"floor":14,"key":"SmokeBomb"}],"is_trial":false,"path_per_floor":["M","M","$","?","M","R","?","M","T","M","E","M","M","M","R","B"],"character_chosen":"THE_ANIMATOR","items_purchased":["animator:IchigoKurosaki","animator:Melzalgald"],"campfire_rested":0,"item_purchase_floors":[3,3],"current_hp_per_floor":[66,66,66,50,51,51,51,42,42,39,39,43,45,45,45,0,0],"gold":227,"neow_bonus":"HUNDRED_GOLD","is_daily":false,"chose_seed":false,"campfire_upgraded":2,"win_rate":0.0,"timestamp":1610506564,"path_taken":["M","?","?","?","M","R","?","M","T","?","E","M","M","M","R","BOSS"],"items_purchased_type":["Card","Card"],"build_version":"2020-12-22","purchased_purges":1,"victory":false,"max_hp_per_floor":[66,66,66,66,66,66,66,66,66,66,66,66,66,66,66,66,66],"relic_stats":{"counters":[10,56],"Golden Idol":32,"PreservedInsect":28,"Boot":[16],"obtain_stats":[{"Golden Idol":4,"animator:TheMissingPiece":0,"animator:LivingPicture":0,"PreservedInsect":9,"Boot":11},{"Golden Idol":2,"animator:TheMissingPiece":0,"animator:LivingPicture":0,"PreservedInsect":4,"Boot":6},{"Golden Idol":11,"animator:TheMissingPiece":0,"animator:LivingPicture":0,"PreservedInsect":17,"Boot":28}]},"card_choices":[{"not_picked":["animator:Gluttony","animator:Pride"],"picked":"animator:IrohaTamaki","floor":1},{"not_picked":["animator:Guy","animator:Demiurge"],"picked":"animator:Shalltear","floor":2},{"not_picked":["animator:Hakurou","animator:YuiTsuruno"],"picked":"animator:PandorasActor","floor":5},{"not_picked":["animator:Sebas","animator:PandorasActor"],"picked":"animator:Cocytus","floor":8},{"not_picked":["animator:Benimaru","animator:SilverFang"],"picked":"animator:Kazuma","floor":10},{"not_picked":["animator:Cocytus","animator:RoyMustang"],"picked":"animator:Rimuru","floor":11},{"not_picked":["animator:Verdia","animator:Guy"],"picked":"animator:Megumin","floor":12},{"not_picked":["animator:NarberalGamma","animator:Entoma"],"picked":"animator:PandorasActor","floor":13},{"not_picked":["animator:OrikoMikuni","animator:Father","animator:Kazuma"],"picked":"SKIP","floor":14}],"player_experience":386885,"relics_obtained":[{"floor":9,"key":"PreservedInsect"},{"floor":11,"key":"Boot"}],"event_choices":[{"damage_healed":0,"gold_gain":0,"player_choice":"Take Damage","damage_taken":16,"relics_obtained":["Golden Idol"],"max_hp_gain":0,"max_hp_loss":0,"event_name":"Golden Idol","floor":4,"gold_loss":0},{"damage_healed":0,"gold_gain":0,"cards_transformed":["animator:Strike"],"player_choice":"Transformed","damage_taken":0,"max_hp_gain":0,"max_hp_loss":0,"event_name":"Transmorgrifier","floor":7,"gold_loss":0,"cards_obtained":["animator:Demiurge"]}],"is_beta":false,"boss_relics":[],"items_purged_floors":[3],"is_endless":false,"potions_floor_spawned":[2,10,12,14],"killed_by":"The Guardian","ascension_level":0}}