{"host":"4328iixd8pca51w5","time":1610531464,"event":{"mods":["2.2 Compatiblity","AchievementEnabler","BaseMod","CapriCore","Colored Map","KOR Keyword Fix","Minty Spire (QoL Compilation)","StSLib","WarShipGirlsR/??á´Ò³R mod"],"gold_per_floor":[119,138,313,313,238,269,269,295,320,220,238,82,114,114,114,211,211,230,250,26,43,56,85,85,85,85,85,98,127,145,170,170,275,275,288,306,106,122,138,138,172,63,63,15,32,32,49,79,79,79,79],"floor_reached":50,"language":"KOR","playtime":2521,"items_purged":["rmod:strick","rmod:defend","rmod:defend"],"score":877,"play_id":"a67692c1-f42c-45dd-a5be-846c0054ab3b","local_time":"20210113185104","is_ascension_mode":true,"campfire_choices":[{"data":"rmod:basicallowance","floor":7.0,"key":"SMITH"},{"data":"rmod:royalracing","floor":15.0,"key":"SMITH"},{"data":"rmod:guardianhero","floor":24.0,"key":"SMITH"},{"data":"rmod:rockthrower","floor":27.0,"key":"SMITH"},{"data":"rmod:sl","floor":32.0,"key":"SMITH"},{"data":"rmod:robin","floor":40.0,"key":"SMITH"},{"data":"rmod:goodfighter","floor":46.0,"key":"SMITH"},{"floor":49.0,"key":"REST"}],"circlet_count":0,"master_deck":["rmod:strick","rmod:defend","rmod:basicallowance+1","rmod:maingunfire+1","rmod:fletcherpendant","rmod:fletcherpendant","rmod:guardianhero+1","rmod:wife","rmod:royalracing+1","rmod:overbreakdown+1","rmod:luckystar+1","rmod:aviationdawn+1","rmod:fletcherpendant","rmod:rockthrower+1","rmod:luckystar+1","rmod:rockthrower+1","rmod:highspeedmaneuver","rmod:intelligenceanalysis","rmod:wolves","rmod:sl+1","rmod:robin+1","rmod:windflower+1","rmod:aviationdawn","rmod:aviationdawn+1","rmod:goodfighter+1","rmod:aluminumsupply+1","rmod:circuitoustactics","rmod:steelsupply+1","rmod:circuitoustactics","rmod:robin+1","rmod:advancebysurprise","rmod:fletcherpendant"],"relics":["rmod:firstchargereward","Akabeko","rmod:extraamm","Potion Belt","MealTicket","Sling","Ancient Tea Set","Astrolabe","Bronze Scales","Matryoshka","Boot","TungstenRod","Incense Burner","Darkstone Periapt","SlaversCollar","Vajra","War Paint","Letter Opener","StrikeDummy"],"acts_visited":["Exordium","TheCity","TheBeyond"],"potions_floor_usage":[50,50,50,50,50],"damage_taken":[{"damage":0.0,"enemies":"2 Louse","floor":1.0,"turns":1.0},{"damage":0.0,"enemies":"Jaw Worm","floor":2.0,"turns":1.0},{"damage":6.0,"enemies":"Gremlin Nob","floor":6.0,"turns":3.0},{"damage":22.0,"enemies":"3 Sentries","floor":8.0,"turns":8.0},{"damage":0.0,"enemies":"Small Slimes","floor":11.0,"turns":2.0},{"damage":0.0,"enemies":"Lagavulin","floor":13.0,"turns":7.0},{"damage":18.0,"enemies":"Slime Boss","floor":16.0,"turns":11.0},{"damage":0.0,"enemies":"3 Byrds","floor":18.0,"turns":3.0},{"damage":0.0,"enemies":"Chosen","floor":19.0,"turns":2.0},{"damage":5.0,"enemies":"Shelled Parasite and Fungi","floor":21.0,"turns":2.0},{"damage":13.0,"enemies":"Centurion and Healer","floor":22.0,"turns":4.0},{"damage":0.0,"enemies":"Gremlin Leader","floor":23.0,"turns":2.0},{"damage":0.0,"enemies":"Snecko","floor":28.0,"turns":3.0},{"damage":4.0,"enemies":"Slavers","floor":29.0,"turns":3.0},{"damage":0.0,"enemies":"Snake Plant","floor":30.0,"turns":2.0},{"damage":0.0,"enemies":"Gremlin Leader","floor":31.0,"turns":2.0},{"damage":34.0,"enemies":"Champ","floor":33.0,"turns":7.0},{"damage":11.0,"enemies":"3 Darklings","floor":35.0,"turns":4.0},{"damage":0.0,"enemies":"Orb Walker","floor":36.0,"turns":2.0},{"damage":12.0,"enemies":"3 Darklings","floor":38.0,"turns":4.0},{"damage":6.0,"enemies":"Jaw Worm Horde","floor":39.0,"turns":3.0},{"damage":12.0,"enemies":"Giant Head","floor":41.0,"turns":5.0},{"damage":11.0,"enemies":"Spire Growth","floor":45.0,"turns":3.0},{"damage":21.0,"enemies":"Maw","floor":47.0,"turns":4.0},{"damage":12.0,"enemies":"Nemesis","floor":48.0,"turns":3.0},{"damage":45,"enemies":"Time Eater","floor":50,"turns":2}],"seed_played":"-2800721616244710895","potions_obtained":[{"floor":8.0,"key":"SteroidPotion"},{"floor":11.0,"key":"EssenceOfSteel"},{"floor":13.0,"key":"CultistPotion"},{"floor":19.0,"key":"ColorlessPotion"},{"floor":22.0,"key":"Energy Potion"},{"floor":23.0,"key":"GamblersBrew"},{"floor":33.0,"key":"PowerPotion"},{"floor":36.0,"key":"Dexterity Potion"},{"floor":41.0,"key":"Swift Potion"},{"floor":48.0,"key":"SteroidPotion"}],"is_trial":false,"path_per_floor":["M","M","?","?","$","E","R","E","T","$","M","$","E","?","R","B",null,"M","M","$","M","M","E","R","?","T","R","M","E","M","E","R","B",null,"M","M","$","M","M","R","E","$","T","$","M","R","M","E","R","B"],"character_chosen":"PRAEFECT","items_purchased":["Sling","Bronze Scales","rmod:rockthrower","rmod:goodfighter","rmod:circuitoustactics","rmod:robin","Strength Potion"],"campfire_rested":1,"item_purchase_floors":[12,20,20,37,42,42,44],"current_hp_per_floor":[68,68,68,61,61,55,55,33,33,48,48,63,63,63,63,45,68,68,68,75,70,57,57,57,57,57,57,57,53,53,53,53,19,61,50,50,65,53,47,47,35,50,50,65,54,54,33,21,43,0,0],"gold":79,"neow_bonus":"RANDOM_COMMON_RELIC","is_daily":false,"chose_seed":false,"campfire_upgraded":7,"win_rate":0.0,"timestamp":1610531464,"path_taken":["M","M","?","?","?","E","R","E","T","$","?","$","E","?","R","BOSS","M","M","$","M","M","E","R","?","T","R","M","E","M","E","R","BOSS","M","M","$","M","M","R","E","$","T","$","?","R","M","E","R","BOSS"],"items_purchased_type":["Relic","Relic","Card","Card","Card","Card","Potion"],"build_version":"2020-12-22","purchased_purges":3,"victory":false,"max_hp_per_floor":[75,75,75,75,75,75,75,75,75,75,75,75,75,75,75,75,75,75,75,75,75,75,75,75,75,75,75,75,75,75,75,75,75,75,75,75,75,75,75,75,75,75,75,75,75,75,75,75,75,75,75],"card_choices":[{"not_picked":["rmod:highspeedshooting","rmod:diamondstrike"],"picked":"rmod:fletcherpendant","floor":1.0},{"not_picked":["rmod:shuttlebombing","rmod:highspeedshooting"],"picked":"rmod:fletcherpendant","floor":2.0},{"not_picked":["rmod:generalist","rmod:diamondstrike","rmod:fuelsupply"],"picked":"SKIP","floor":6.0},{"not_picked":["rmod:supportescort","rmod:unsinkable"],"picked":"rmod:guardianhero","floor":8.0},{"not_picked":["rmod:generalist","rmod:overbreakdown"],"picked":"rmod:wife","floor":11.0},{"not_picked":["rmod:diaomin","rmod:secretscript"],"picked":"rmod:royalracing","floor":13.0},{"not_picked":["rmod:victimresponsibility","rmod:combined+1","rmod:overbreakdown+1"],"picked":"SKIP","floor":18.0},{"not_picked":["rmod:steelsupply","rmod:launchingtorpedo+1"],"picked":"rmod:fletcherpendant","floor":19.0},{"not_picked":["rmod:garrisonisland","rmod:highspeedshooting+1"],"picked":"rmod:luckystar+1","floor":21.0},{"not_picked":["rmod:selfconfidence","rmod:lonelyqueen"],"picked":"rmod:rockthrower+1","floor":22.0},{"not_picked":["rmod:combined","rmod:concentratefire+1"],"picked":"rmod:highspeedmaneuver","floor":23.0},{"not_picked":["rmod:firesupport","rmod:unsinkable"],"picked":"rmod:intelligenceanalysis","floor":28.0},{"not_picked":["rmod:luckystar+1","rmod:diamondstrike+1"],"picked":"rmod:wolves","floor":29.0},{"not_picked":["rmod:mineteam","rmod:diaomin"],"picked":"rmod:sl","floor":30.0},{"not_picked":["rmod:highspeedshooting","rmod:tearstotiara"],"picked":"rmod:robin","floor":31.0},{"not_picked":["rmod:secretscript","rmod:seals"],"picked":"rmod:windflower","floor":33.0},{"not_picked":["rmod:slowdown","rmod:gendarmerie"],"picked":"rmod:aviationdawn","floor":35.0},{"not_picked":["rmod:victimresponsibility+1","rmod:overbreakdown"],"picked":"rmod:aviationdawn+1","floor":36.0},{"not_picked":["rmod:diamondstrike","rmod:maintain+1"],"picked":"rmod:aluminumsupply+1","floor":38.0},{"not_picked":["rmod:fletcherpendant+1","rmod:luckystar"],"picked":"rmod:circuitoustactics","floor":39.0},{"not_picked":["rmod:launchingtorpedo+1","rmod:firesupport"],"picked":"rmod:steelsupply+1","floor":41.0},{"not_picked":["rmod:tearstotiara","rmod:guardianhero","rmod:overbreakdown+1"],"picked":"SKIP","floor":45.0},{"not_picked":["rmod:overbreakdown","rmod:spoils"],"picked":"rmod:advancebysurprise","floor":47.0},{"not_picked":["rmod:launchingtorpedo+1","rmod:expeditionaryescort"],"picked":"rmod:fletcherpendant","floor":48.0}],"player_experience":182622,"relics_obtained":[{"floor":6.0,"key":"rmod:extraamm"},{"floor":8.0,"key":"Potion Belt"},{"floor":9.0,"key":"MealTicket"},{"floor":13.0,"key":"Ancient Tea Set"},{"floor":23.0,"key":"Matryoshka"},{"floor":26.0,"key":"Boot"},{"floor":26.0,"key":"TungstenRod"},{"floor":29.0,"key":"Incense Burner"},{"floor":31.0,"key":"Darkstone Periapt"},{"floor":41.0,"key":"Vajra"},{"floor":43.0,"key":"War Paint"},{"floor":43.0,"key":"Letter Opener"},{"floor":48.0,"key":"StrikeDummy"}],"event_choices":[{"damage_healed":0.0,"max_hp_gain":0.0,"max_hp_loss":0.0,"gold_gain":175.0,"event_name":"Liars Game","player_choice":"AGREE","floor":3.0,"gold_loss":0.0,"damage_taken":0.0,"cards_obtained":["Doubt"]},{"cards_removed":["Doubt"],"damage_healed":0.0,"max_hp_gain":0.0,"max_hp_loss":0.0,"gold_gain":0.0,"event_name":"Golden Wing","player_choice":"Card Removal","floor":4.0,"gold_loss":0.0,"damage_taken":7.0},{"damage_healed":0.0,"max_hp_gain":0.0,"max_hp_loss":0.0,"gold_gain":0.0,"event_name":"Upgrade Shrine","player_choice":"Upgraded","floor":25.0,"gold_loss":0.0,"damage_taken":0.0,"cards_upgraded":["rmod:maingunfire"]}],"is_beta":false,"boss_relics":[{"not_picked":["Cursed Key","Fusion Hammer"],"picked":"Astrolabe"},{"not_picked":["SacredBark","Runic Pyramid"],"picked":"SlaversCollar"}],"items_purged_floors":[5,10,37],"is_endless":false,"potions_floor_spawned":[8,11,13,19,22,23,33,36,41,48],"killed_by":"Time Eater","ascension_level":6}}