{"host":"zxkjcgzis4pm3za5","time":1610561116,"event":{"mods":["AchievementEnabler","Act Like it!","BaseMod","Colored Map","Colored Powertips","Friendly Minions","GifTheSpireLib","Minty Spire (QoL Compilation)","Quick Restart","RNG Fix","Random Character Button","Relic Sorter","Relic Stats","StSLib"],"gold_per_floor":[213,213,213,237,312,312,345,345,345,368,368,389,420,195,195,195,195],"floor_reached":16,"language":"ENG","playtime":367,"items_purged":["Strike_B"],"score":184,"play_id":"a7f7efca-548d-4b2f-a9aa-66efa771f544","local_time":"20210113233516","is_ascension_mode":true,"campfire_choices":[{"data":"Zap","floor":6,"key":"SMITH"},{"floor":11,"key":"REST"},{"data":"Biased Cognition","floor":15,"key":"SMITH"}],"circlet_count":0,"master_deck":["AscendersBane","Strike_B","Strike_B","Strike_B","Defend_B","Defend_B","Defend_B","Zap+1","Dualcast","Self Repair","Sweeping Beam","Coolheaded","Seek","Chill","Biased Cognition+1"],"relics":["Cracked Core","Golden Idol","Anchor","Lantern","Emotion Chip","Meat on the Bone"],"acts_visited":["Exordium"],"potions_floor_usage":[13],"damage_taken":[{"damage":2,"enemies":"Jaw Worm","floor":1,"turns":4},{"damage":0,"enemies":"Small Slimes","floor":4,"turns":3},{"damage":38,"enemies":"Gremlin Nob","floor":7,"turns":5},{"damage":0,"enemies":"2 Louse","floor":10,"turns":2},{"damage":5,"enemies":"Large Slime","floor":12,"turns":5},{"damage":19,"enemies":"Lagavulin","floor":13,"turns":8},{"damage":25,"enemies":"The Guardian","floor":16,"turns":9}],"seed_played":"-220084524815675642","potions_obtained":[{"floor":10,"key":"DistilledChaos"}],"is_trial":false,"path_per_floor":["M","?","?","M","?","R","E","?","T","M","R","M","E","$","R","B"],"character_chosen":"DEFECT","items_purchased":["Biased Cognition"],"campfire_rested":1,"item_purchase_floors":[14],"current_hp_per_floor":[62,55,55,55,44,44,13,6,6,13,32,34,22,22,22,0,0],"gold":195,"neow_bonus":"HUNDRED_GOLD","is_daily":false,"chose_seed":false,"campfire_upgraded":2,"win_rate":0.0,"timestamp":1610561116,"path_taken":["M","?","?","M","?","R","E","?","T","?","R","M","E","$","R","BOSS"],"items_purchased_type":["Card"],"build_version":"2020-12-22","purchased_purges":1,"victory":false,"max_hp_per_floor":[71,71,66,66,66,66,66,66,66,66,66,66,66,66,66,66,66],"relic_stats":{"Emotion Chip":[19,10,9,0,0],"counters":[7,36],"Golden Idol":27,"obtain_stats":[{"Anchor":7,"Lantern":8,"Emotion Chip":9,"Golden Idol":3,"Cracked Core":0,"Meat on the Bone":13},{"Anchor":3,"Lantern":3,"Emotion Chip":3,"Golden Idol":1,"Cracked Core":0,"Meat on the Bone":6},{"Anchor":12,"Lantern":12,"Emotion Chip":12,"Golden Idol":4,"Cracked Core":0,"Meat on the Bone":27}],"Meat on the Bone":0},"card_choices":[{"not_picked":["Hologram","Stack","Steam"],"picked":"SKIP","floor":1},{"not_picked":["Blizzard","Hologram"],"picked":"Self Repair","floor":4},{"not_picked":["Capacitor","Darkness"],"picked":"Sweeping Beam","floor":7},{"not_picked":["Compile Driver","Steam"],"picked":"Coolheaded","floor":10},{"not_picked":["Cold Snap","Rip and Tear"],"picked":"Seek","floor":12},{"not_picked":["Self Repair","White Noise"],"picked":"Chill","floor":13}],"player_experience":214075,"relics_obtained":[{"floor":7,"key":"Anchor"},{"floor":9,"key":"Emotion Chip"},{"floor":13,"key":"Meat on the Bone"}],"event_choices":[{"cards_removed":["Defend_B"],"damage_healed":0,"gold_gain":0,"player_choice":"Card Removal","damage_taken":7,"max_hp_gain":0,"max_hp_loss":0,"event_name":"Golden Wing","floor":2,"gold_loss":0},{"damage_healed":0,"gold_gain":0,"player_choice":"Lose Max HP","damage_taken":0,"relics_obtained":["Golden Idol"],"max_hp_gain":0,"max_hp_loss":5,"event_name":"Golden Idol","floor":3,"gold_loss":0},{"damage_healed":0,"gold_gain":75,"player_choice":"Gather Gold","damage_taken":11,"max_hp_gain":0,"max_hp_loss":0,"event_name":"World of Goop","floor":5,"gold_loss":0},{"damage_healed":0,"gold_gain":0,"player_choice":"Success","damage_taken":7,"relics_obtained":["Lantern"],"max_hp_gain":0,"max_hp_loss":0,"event_name":"Scrap Ooze","floor":8,"gold_loss":0}],"is_beta":false,"boss_relics":[],"items_purged_floors":[14],"is_endless":false,"potions_floor_spawned":[10],"killed_by":"The Guardian","ascension_level":14}}