{"host":"s6mlqkqtr3ey2mm2","time":1610573287,"event":{"mods":["2.2 Compatiblity","AchievementEnabler","Aspiration","BaseMod","Beaked The Cultist","Better Note","Better Vampires","BetterRewards","Challenge The Spire","Colored Map","Colored Powertips","Conspire","Curses Come First","Downfall","Emptier Cage","Energized Spire","GifTheSpireLib","GungeonMod","Halation","Hermit","Hubris","Infinite Spire","Ironclad Rager","Magitek Elite","Marked Mod","Minty Spire (QoL Compilation)","Poor People Problems","Quick Restart","RatMod","Replay The Spire","Retaliation","Robot Space Explorer","Shade Mod","Somnambulant","Spicy Shops","StSLib","Stuff the Spire","The Blue Laboratory","The Construct","The Druid","The Hierophant","The IronCluck","The Necromancer","The Poker Player","The Runesmith","The Servant 0.9.4","The Valiant","vexMod"],"gold_per_floor":[199,212,212,229,229,154,154,169,181,181,181,181],"floor_reached":10,"language":"ENG","playtime":672,"items_purged":[],"score":58,"play_id":"48713fa8-3327-4f55-8db6-086b885879ce","local_time":"20210113162807","is_ascension_mode":false,"campfire_choices":[{"floor":1,"key":"RECALL"},{"data":"hexamod:FastForward","floor":6,"key":"SMITH"}],"circlet_count":0,"master_deck":["hexamod:Strike","hexamod:Strike","hexamod:Strike","hexamod:Defend","hexamod:Defend","hexamod:Defend","hexamod:Defend","hexamod:Sear","hexamod:Float","hexamod:FastForward+1","Pain","hexamod:BurningTouch","hexamod:Haunt+1","hexamod:ShieldOfDarkness","hexamod:BurningTouch"],"relics":["hexamod:SpiritBrand","WarpedTongs","downfall:HeartBlessingRed","Replay:Arrowhead"],"acts_visited":["Exordium"],"potions_floor_usage":[],"damage_taken":[{"damage":0,"enemies":"conspire:RoseBush","floor":2,"turns":3},{"damage":3,"enemies":"Cultist","floor":4,"turns":3},{"damage":15,"enemies":"Jaw Worm","floor":8,"turns":3},{"damage":13,"enemies":"Exordium Wildlife","floor":9,"turns":4},{"damage":42,"enemies":"Gremlin Nob","floor":10,"turns":4}],"seed_played":"2776304135134195602","potions_obtained":[{"floor":8,"key":"blueLaboratory:HummingbirdPotion"},{"floor":9,"key":"blueLaboratory:PolymorphPotion"}],"is_trial":false,"path_per_floor":["R","M","?","M","?","R","T","M","M","E"],"character_chosen":"THE_SPIRIT","items_purchased":[],"campfire_rested":0,"item_purchase_floors":[],"current_hp_per_floor":[70,70,70,67,67,67,67,52,39,0,0,0],"gold":181,"neow_bonus":"HUNDRED_GOLD","is_daily":false,"chose_seed":false,"campfire_upgraded":1,"win_rate":0.0,"timestamp":1610573287,"path_taken":["R","M","?","?","?","R","T","M","M","E"],"items_purchased_type":[],"build_version":"2020-12-22","purchased_purges":0,"victory":false,"max_hp_per_floor":[70,70,70,70,70,70,70,70,70,70,70,70],"card_choices":[{"not_picked":["hexamod:RadiantFlame","hexamod:RainOfEmbers"],"picked":"hexamod:FastForward","floor":2},{"not_picked":["hexamod:Hexaguard","hexamod:RainOfEmbers"],"picked":"hexamod:BurningTouch","floor":4},{"not_picked":["hexamod:NightmareGuise","hexamod:RainOfEmbers"],"picked":"hexamod:ShieldOfDarkness","floor":8},{"not_picked":["hexamod:SecondSeal","hexamod:ShieldOfDarkness"],"picked":"hexamod:BurningTouch","floor":9}],"player_experience":94050,"relics_obtained":[{"floor":7,"key":"Replay:Arrowhead"}],"event_choices":[{"damage_healed":0,"gold_gain":0,"player_choice":"Rummage","damage_taken":0,"relics_obtained":["WarpedTongs"],"max_hp_gain":0,"max_hp_loss":0,"event_name":"Accursed Blacksmith","floor":3,"gold_loss":0,"cards_obtained":["Pain"]}],"is_beta":false,"boss_relics":[],"items_purged_floors":[],"is_endless":false,"potions_floor_spawned":[8,9],"killed_by":"Gremlin Nob","ascension_level":0}}