{"host":"vlqejv0notyktumz","time":1610580965,"event":{"mods":["AchievementEnabler","BaseMod","Googly Eyes","Minty Spire (QoL Compilation)"],"gold_per_floor":[118,118,17,30,30,61,81,81,104,104,148,22,61,29,29,29,29],"floor_reached":16,"language":"ENG","playtime":367,"items_purged":["Strike_G","Strike_G"],"score":168,"play_id":"508a5295-3d63-4213-aa6f-24b3b5f842a0","local_time":"20210113173605","is_ascension_mode":true,"campfire_choices":[{"data":"Survivor","floor":8,"key":"SMITH"},{"floor":10,"key":"REST"},{"floor":15,"key":"REST"}],"circlet_count":0,"master_deck":["Strike_G","Strike_G","Strike_G","Defend_G","Defend_G","Defend_G","Defend_G","Defend_G","Survivor+1","Neutralize","Crippling Poison","Poisoned Stab","Caltrops","Catalyst","Backstab","Backstab","Deadly Poison","Cloak And Dagger"],"relics":["Ring of the Snake","PreservedInsect","Golden Idol","Pen Nib","Anchor","MealTicket","Boot","Thread and Needle"],"acts_visited":["Exordium"],"potions_floor_usage":[6],"damage_taken":[{"damage":0,"enemies":"Small Slimes","floor":1,"turns":3},{"damage":0,"enemies":"Jaw Worm","floor":4,"turns":5},{"damage":23,"enemies":"Gremlin Nob","floor":6,"turns":4},{"damage":0,"enemies":"Cultist","floor":7,"turns":4},{"damage":32,"enemies":"3 Sentries","floor":11,"turns":14},{"damage":24,"enemies":"Lagavulin","floor":13,"turns":4},{"damage":34,"enemies":"Slime Boss","floor":16,"turns":7}],"seed_played":"-5047584993699034480","potions_obtained":[{"floor":1,"key":"SmokeBomb"},{"floor":4,"key":"Poison Potion"},{"floor":7,"key":"SmokeBomb"}],"is_trial":false,"path_per_floor":["M","?","$","M","?","E","M","R","T","R","E","$","E","?","R","B"],"character_chosen":"THE_SILENT","items_purchased":["Poisoned Stab","Deadly Poison"],"campfire_rested":2,"item_purchase_floors":[3,12],"current_hp_per_floor":[63,63,63,63,60,37,37,37,37,56,24,39,15,15,34,0,0],"gold":29,"neow_bonus":"RANDOM_COMMON_RELIC","is_daily":false,"chose_seed":false,"campfire_upgraded":1,"win_rate":0.0,"timestamp":1610580965,"path_taken":["M","?","$","M","?","E","M","R","T","R","E","$","E","?","R","BOSS"],"items_purchased_type":["Card","Card"],"build_version":"2020-12-22","purchased_purges":2,"victory":false,"max_hp_per_floor":[70,65,65,65,65,65,65,65,65,65,65,65,65,65,65,65,65],"card_choices":[{"not_picked":["Dodge and Roll","Poisoned Stab"],"picked":"Crippling Poison","floor":1},{"not_picked":["Flying Knee","Poisoned Stab"],"picked":"Caltrops","floor":4},{"not_picked":["Dagger Throw","Sucker Punch"],"picked":"Catalyst","floor":6},{"not_picked":["Slice","Caltrops"],"picked":"Backstab","floor":7},{"not_picked":["Quick Slash","Distraction"],"picked":"Backstab","floor":11},{"not_picked":["Quick Slash","Sucker Punch"],"picked":"Cloak And Dagger","floor":13}],"player_experience":335996,"relics_obtained":[{"floor":6,"key":"Anchor"},{"floor":9,"key":"MealTicket"},{"floor":11,"key":"Boot"},{"floor":13,"key":"Thread and Needle"}],"event_choices":[{"damage_healed":0,"gold_gain":0,"player_choice":"Lose Max HP","damage_taken":0,"relics_obtained":["Golden Idol"],"max_hp_gain":0,"max_hp_loss":5,"event_name":"Golden Idol","floor":2,"gold_loss":0},{"damage_healed":0,"gold_gain":0,"player_choice":"Success","damage_taken":3,"relics_obtained":["Pen Nib"],"max_hp_gain":0,"max_hp_loss":0,"event_name":"Scrap Ooze","floor":5,"gold_loss":0},{"damage_healed":0,"gold_gain":0,"player_choice":"Left Gold","damage_taken":0,"max_hp_gain":0,"max_hp_loss":0,"event_name":"World of Goop","floor":14,"gold_loss":32}],"is_beta":false,"boss_relics":[],"items_purged_floors":[3,12],"is_endless":false,"potions_floor_spawned":[1,4,7],"killed_by":"Slime Boss","ascension_level":9}}