{"host":"9ndbo4kgsfoemf7y","time":1610550964,"event":{"mods":["AchievementEnabler","BaseMod","Colored Map","DeckTracker","Keyboard Shortcuts","Minty Spire (QoL Compilation)","Permanent Neow","Quick Restart","Relic Stats","StSLib","SuperFastMode"],"gold_per_floor":[114,134,134,147,147,182,182,202,202,202,202,202,222,232,232,331,331,349,369,369,142,142,142,142],"floor_reached":23,"language":"KOR","playtime":810,"items_purged":["Writhe"],"score":261,"play_id":"44423e65-6650-4f87-ba66-7a25fc246cdf","local_time":"20210114001604","is_ascension_mode":true,"campfire_choices":[{"data":"Buffer","floor":7.0,"key":"SMITH"},{"floor":12.0,"key":"REST"},{"data":"Defragment","floor":15.0,"key":"SMITH"}],"circlet_count":0,"master_deck":["Strike_B","Defend_B","Defend_B","Defend_B","Defend_B","Zap+1","Dualcast","Defragment+1","Chill","Static Discharge","Capacitor","Buffer+1","Capacitor","Conserve Battery","Self Repair","Biased Cognition","Doom and Gloom+1","Redo","Necronomicurse"],"relics":["Cracked Core","Turnip","Regal Pillow","Dead Branch","Bottled Tornado","Empty Cage","Sundial","Medical Kit","Necronomicon"],"acts_visited":["Exordium","TheCity"],"potions_floor_usage":[],"damage_taken":[{"damage":16.0,"enemies":"Small Slimes","floor":1.0,"turns":4.0},{"damage":0.0,"enemies":"2 Louse","floor":2.0,"turns":3.0},{"damage":1.0,"enemies":"Cultist","floor":4.0,"turns":3.0},{"damage":16.0,"enemies":"3 Sentries","floor":6.0,"turns":7.0},{"damage":16.0,"enemies":"2 Fungi Beasts","floor":8.0,"turns":3.0},{"damage":0.0,"enemies":"Gremlin Nob","floor":11.0,"turns":1.0},{"damage":0.0,"enemies":"Large Slime","floor":13.0,"turns":6.0},{"damage":24.0,"enemies":"Gremlin Gang","floor":14.0,"turns":5.0},{"damage":12.0,"enemies":"Slime Boss","floor":16.0,"turns":10.0},{"damage":18.0,"enemies":"2 Thieves","floor":18.0,"turns":4.0},{"damage":2.0,"enemies":"Spheric Guardian","floor":19.0,"turns":3.0},{"damage":38,"enemies":"Book of Stabbing","floor":23,"turns":5}],"seed_played":"-5586208760624474746","potions_obtained":[{"floor":1.0,"key":"LiquidBronze"},{"floor":6.0,"key":"SmokeBomb"},{"floor":8.0,"key":"SpeedPotion"},{"floor":16.0,"key":"LiquidMemories"}],"is_trial":false,"path_per_floor":["M","M","?","M","?","E","R","M","T","?","E","R","M","M","R","B",null,"M","M","?","$","?","E"],"character_chosen":"DEFECT","items_purchased":["Medical Kit"],"campfire_rested":1,"item_purchase_floors":[21],"current_hp_per_floor":[52,52,52,51,48,32,32,16,16,16,16,51,51,27,27,22,57,46,51,51,51,35,0,0],"gold":142,"neow_bonus":"ONE_RARE_RELIC","is_daily":false,"chose_seed":false,"campfire_upgraded":2,"win_rate":0.0,"timestamp":1610550964,"path_taken":["M","M","?","M","?","E","R","M","T","?","E","R","M","M","R","BOSS","M","M","?","$","?","E"],"items_purchased_type":["Relic"],"build_version":"2020-12-22","purchased_purges":1,"victory":false,"max_hp_per_floor":[68,68,68,68,68,68,68,68,68,68,68,68,68,68,68,68,68,68,68,68,68,68,68,68],"relic_stats":{"Regal Pillow":15,"counters":[12,54],"Sundial":[0],"Dead Branch":[12],"Turnip":[14],"Necronomicon":[0],"Medical Kit":[1],"obtain_stats":[{"Regal Pillow":5,"Sundial":20,"Dead Branch":6,"Turnip":0,"Necronomicon":22,"Bottled Tornado":9,"Cracked Core":0,"Empty Cage":17,"Medical Kit":21},{"Regal Pillow":3,"Sundial":11,"Dead Branch":4,"Turnip":0,"Necronomicon":11,"Bottled Tornado":5,"Cracked Core":0,"Empty Cage":9,"Medical Kit":11},{"Regal Pillow":10,"Sundial":49,"Dead Branch":17,"Turnip":0,"Necronomicon":49,"Bottled Tornado":20,"Cracked Core":0,"Empty Cage":42,"Medical Kit":49}]},"card_choices":[{"not_picked":["Force Field","Streamline"],"picked":"Defragment","floor":1.0},{"not_picked":["Ball Lightning","Steam"],"picked":"Chill","floor":2.0},{"not_picked":["Ball Lightning","Darkness"],"picked":"Capacitor","floor":4.0},{"not_picked":["Steam","Chill"],"picked":"Buffer","floor":6.0},{"not_picked":["Go for the Eyes","Tempest"],"picked":"Capacitor","floor":8.0},{"not_picked":["Streamline","Chill"],"picked":"Conserve Battery","floor":13.0},{"not_picked":["Steam Power","Heatsinks"],"picked":"Self Repair","floor":14.0},{"not_picked":["Meteor Strike","Reboot"],"picked":"Biased Cognition","floor":16.0},{"not_picked":["Leap","Streamline"],"picked":"Doom and Gloom+1","floor":18.0},{"not_picked":["Turbo","Streamline"],"picked":"Redo","floor":19.0}],"player_experience":815688,"relics_obtained":[{"floor":6.0,"key":"Dead Branch"},{"floor":9.0,"key":"Bottled Tornado"},{"floor":22,"key":"Necronomicon"}],"event_choices":[{"damage_healed":0.0,"max_hp_gain":0.0,"max_hp_loss":0.0,"gold_gain":0.0,"cards_transformed":["Strike_B"],"event_name":"Living Wall","player_choice":"Change","floor":3.0,"gold_loss":0.0,"damage_taken":0.0,"cards_obtained":["Static Discharge"]},{"damage_healed":0.0,"max_hp_gain":0.0,"max_hp_loss":0.0,"gold_gain":0.0,"event_name":"Scrap Ooze","player_choice":"Success","floor":5.0,"gold_loss":0.0,"damage_taken":3.0,"relics_obtained":["Regal Pillow"]},{"damage_healed":0.0,"max_hp_gain":0.0,"max_hp_loss":0.0,"gold_gain":0.0,"event_name":"Upgrade Shrine","player_choice":"Upgraded","floor":10.0,"gold_loss":0.0,"damage_taken":0.0,"cards_upgraded":["Zap"]},{"damage_healed":0.0,"max_hp_gain":0.0,"max_hp_loss":0.0,"gold_gain":0.0,"event_name":"The Mausoleum","player_choice":"Opened","floor":20.0,"gold_loss":0.0,"damage_taken":0.0,"relics_obtained":["Sundial"],"cards_obtained":["Writhe"]},{"damage_healed":0,"gold_gain":0,"player_choice":"Obtained Book","damage_taken":16,"max_hp_gain":0,"max_hp_loss":0,"event_name":"Cursed Tome","floor":22,"gold_loss":0}],"is_beta":false,"boss_relics":[{"not_picked":["Cursed Key","Coffee Dripper"],"picked":"Empty Cage"}],"items_purged_floors":[21],"is_endless":false,"potions_floor_spawned":[1,6,8,11,16],"killed_by":"Book of Stabbing","ascension_level":6}}