{"host":"fuszjwm6fqgjjp4d","time":1610523106,"event":{"mods":["BaseMod","Bestiary","Colored Map","DeckTracker","Minty Spire (QoL Compilation)","Permanent Neow","Relic Sorter","Relic Stats","StSLib"],"gold_per_floor":[114,124,124,144,163,197,197,225,248,264,264,264,414,489,489,587,887,911,911,911,924,943,943,943,943,943,943,185,206,206,219,219,219,219],"floor_reached":33,"language":"ENG","playtime":887,"items_purged":["Doubt"],"score":535,"play_id":"7625509c-e7a5-4e02-ab9a-88334f96c6fc","local_time":"20210113013146","is_ascension_mode":true,"campfire_choices":[{"data":"Blade Dance","floor":7.0,"key":"SMITH"},{"data":"Cloak And Dagger","floor":11.0,"key":"SMITH"},{"data":"Choke","floor":15.0,"key":"SMITH"},{"data":"Finisher","floor":23.0,"key":"SMITH"},{"data":"Blade Dance","floor":25.0,"key":"SMITH"},{"data":"Blade Dance","floor":27.0,"key":"SMITH"},{"floor":32,"key":"REST"}],"circlet_count":0,"master_deck":["AscendersBane","Strike_G","Strike_G","Strike_G","Strike_G","Strike_G","Defend_G","Defend_G","Defend_G","Defend_G","Defend_G","Survivor","Neutralize","Crippling Poison","Poisoned Stab","Cloak And Dagger+1","Blade Dance+1","Choke+1","Blade Dance+1","All Out Attack","Burst","CurseOfTheBell","Blade Dance+1","Finisher+1","Apotheosis+1","Backflip","Blade Dance"],"relics":["SlaversCollar","Matryoshka","Lantern","StrikeDummy","Bag of Preparation","Golden Idol","Calling Bell","MealTicket","Singing Bowl","Old Coin","MutagenicStrength","Nunchaku","Blue Candle","Bottled Lightning","Potion Belt"],"acts_visited":["Exordium","TheCity"],"potions_floor_usage":[33],"damage_taken":[{"damage":9.0,"enemies":"Jaw Worm","floor":1.0,"turns":6.0},{"damage":11.0,"enemies":"Small Slimes","floor":2.0,"turns":5.0},{"damage":0.0,"enemies":"2 Louse","floor":4.0,"turns":3.0},{"damage":6.0,"enemies":"Exordium Wildlife","floor":5.0,"turns":7.0},{"damage":11.0,"enemies":"3 Sentries","floor":6.0,"turns":12.0},{"damage":11.0,"enemies":"Lagavulin","floor":8.0,"turns":6.0},{"damage":0.0,"enemies":"Looter","floor":10.0,"turns":2.0},{"damage":12.0,"enemies":"Slime Boss","floor":16.0,"turns":9.0},{"damage":21.0,"enemies":"Shell Parasite","floor":18.0,"turns":2.0},{"damage":0.0,"enemies":"Chosen","floor":21.0,"turns":1.0},{"damage":10.0,"enemies":"Snecko","floor":22.0,"turns":4.0},{"damage":37,"enemies":"Snake Plant","floor":29,"turns":4},{"damage":13,"enemies":"Sentry and Sphere","floor":31,"turns":4},{"damage":48,"enemies":"Champ","floor":33,"turns":7}],"seed_played":"3245089836702698459","potions_obtained":[{"floor":1.0,"key":"PowerPotion"},{"floor":2.0,"key":"Swift Potion"},{"floor":5.0,"key":"LiquidMemories"},{"floor":16.0,"key":"FairyPotion"},{"floor":18.0,"key":"FearPotion"},{"floor":31,"key":"SkillPotion"}],"is_trial":false,"path_per_floor":["M","M","?","M","M","E","R","E","T","M","R","?","?","?","R","B",null,"M","?","?","M","M","R","?","R","T","R","$","M","?","M","R","B"],"character_chosen":"THE_SILENT","items_purchased":["Apotheosis","Bottled Lightning","Potion Belt","Backflip"],"campfire_rested":1,"item_purchase_floors":[28,28,28,28],"current_hp_per_floor":[50,39,61,61,55,44,44,33,33,33,33,33,33,22,22,10,48,27,27,27,29,21,21,21,21,21,21,36,21,21,8,27,0,0],"gold":219,"neow_bonus":"BOSS_RELIC","is_daily":false,"chose_seed":false,"campfire_upgraded":6,"win_rate":0.0,"timestamp":1610523106,"path_taken":["M","M","?","M","M","E","R","E","T","M","R","?","?","?","R","BOSS","M","?","?","M","M","R","?","R","T","R","$","M","?","?","R","BOSS"],"items_purchased_type":["Card","Relic","Relic","Card"],"build_version":"2020-12-22","purchased_purges":1,"victory":false,"max_hp_per_floor":[66,66,66,66,66,66,66,66,66,66,66,60,60,60,60,60,60,60,60,60,62,64,64,64,64,64,64,64,66,66,66,66,66,66],"relic_stats":{"Nunchaku":[6],"Singing Bowl":6,"counters":[14,72],"Golden Idol":39,"Blue Candle":[2],"MealTicket":15,"Bag of Preparation":[16],"obtain_stats":[{"Potion Belt":28,"Lantern":8,"Singing Bowl":17,"Golden Idol":12,"Blue Candle":26,"Bag of Preparation":9,"Old Coin":17,"Calling Bell":17,"SlaversCollar":0,"Nunchaku":26,"Matryoshka":6,"MutagenicStrength":19,"MealTicket":17,"Bottled Lightning":28,"StrikeDummy":9,"Ring of the Snake":0},{"Potion Belt":11,"Lantern":6,"Singing Bowl":8,"Golden Idol":7,"Blue Candle":11,"Bag of Preparation":6,"Old Coin":8,"Calling Bell":8,"SlaversCollar":0,"Nunchaku":11,"Matryoshka":5,"MutagenicStrength":9,"MealTicket":8,"Bottled Lightning":11,"StrikeDummy":6,"Ring of the Snake":0},{"Potion Belt":57,"Lantern":39,"Singing Bowl":50,"Golden Idol":41,"Blue Candle":57,"Bag of Preparation":39,"Old Coin":50,"Calling Bell":50,"SlaversCollar":0,"Nunchaku":57,"Matryoshka":33,"MutagenicStrength":52,"MealTicket":50,"Bottled Lightning":57,"StrikeDummy":39,"Ring of the Snake":0}]},"card_choices":[{"not_picked":["Blade Dance","PiercingWail"],"picked":"Crippling Poison","floor":1.0},{"not_picked":["Endless Agony","Acrobatics"],"picked":"Poisoned Stab","floor":2.0},{"not_picked":["Tactician","Sucker Punch"],"picked":"Cloak And Dagger","floor":4.0},{"not_picked":["Sucker Punch","Quick Slash"],"picked":"Blade Dance","floor":5.0},{"not_picked":["Dagger Throw","Eviscerate"],"picked":"Choke","floor":6.0},{"not_picked":["Finisher","Underhanded Strike"],"picked":"Blade Dance","floor":8.0},{"not_picked":["Sucker Punch","Flying Knee"],"picked":"All Out Attack","floor":10.0},{"not_picked":["A Thousand Cuts","Bullet Time"],"picked":"Burst","floor":16.0},{"not_picked":["Quick Slash","Dagger Throw"],"picked":"Blade Dance","floor":18.0},{"not_picked":["Infinite Blades","Accuracy","Blur"],"picked":"Singing Bowl","floor":21.0},{"not_picked":["Dagger Spray","Well Laid Plans","Prepared"],"picked":"Singing Bowl","floor":22.0},{"not_picked":["Prepared","Dagger Spray","Accuracy"],"picked":"Singing Bowl","floor":29},{"not_picked":["Dagger Throw","Reflex"],"picked":"Blade Dance","floor":31}],"player_experience":1285078,"relics_obtained":[{"floor":6.0,"key":"Matryoshka"},{"floor":8.0,"key":"Lantern"},{"floor":9.0,"key":"StrikeDummy"},{"floor":9.0,"key":"Bag of Preparation"},{"floor":17.0,"key":"MealTicket"},{"floor":17.0,"key":"Singing Bowl"},{"floor":17.0,"key":"Old Coin"},{"floor":26.0,"key":"Nunchaku"},{"floor":26.0,"key":"Blue Candle"}],"event_choices":[{"damage_healed":22.0,"max_hp_gain":0.0,"max_hp_loss":0.0,"gold_gain":0.0,"event_name":"Big Fish","player_choice":"Banana","floor":3.0,"gold_loss":0.0,"damage_taken":0.0},{"damage_healed":0.0,"max_hp_gain":0.0,"max_hp_loss":6.0,"gold_gain":0.0,"event_name":"Golden Idol","player_choice":"Lose Max HP","floor":12.0,"gold_loss":0.0,"damage_taken":0.0,"relics_obtained":["Golden Idol"]},{"damage_healed":0.0,"max_hp_gain":0.0,"max_hp_loss":0.0,"gold_gain":150.0,"event_name":"Liars Game","player_choice":"AGREE","floor":13.0,"gold_loss":0.0,"damage_taken":0.0,"cards_obtained":["Doubt"]},{"damage_healed":0.0,"max_hp_gain":0.0,"max_hp_loss":0.0,"gold_gain":75.0,"event_name":"World of Goop","player_choice":"Gather Gold","floor":14.0,"gold_loss":0.0,"damage_taken":11.0},{"damage_healed":0.0,"max_hp_gain":0.0,"max_hp_loss":0.0,"gold_gain":0.0,"event_name":"Drug Dealer","player_choice":"Inject Mutagens","floor":19.0,"gold_loss":0.0,"damage_taken":0.0,"relics_obtained":["MutagenicStrength"]},{"damage_healed":0.0,"max_hp_gain":0.0,"max_hp_loss":0.0,"gold_gain":0.0,"event_name":"The Library","player_choice":"Read","floor":20.0,"gold_loss":0.0,"damage_taken":0.0,"cards_obtained":["Finisher"]},{"damage_healed":0.0,"max_hp_gain":0.0,"max_hp_loss":0.0,"gold_gain":0.0,"event_name":"Vampires","player_choice":"Ignored","floor":24.0,"gold_loss":0.0,"damage_taken":0.0},{"damage_healed":0,"gold_gain":0,"player_choice":"Forge","damage_taken":0,"max_hp_gain":0,"max_hp_loss":0,"event_name":"Accursed Blacksmith","floor":30,"gold_loss":0,"cards_upgraded":["Apotheosis"]}],"is_beta":false,"boss_relics":[{"not_picked":["Tiny House","HoveringKite"],"picked":"Calling Bell"}],"items_purged_floors":[28],"is_endless":false,"potions_floor_spawned":[1,2,5,16,18,31],"killed_by":"Champ","ascension_level":20}}