{"host":"mmro3auxcbu5pwad","time":1610580930,"event":{"mods":["Aspiration","BaseMod","Conspire","Energized Spire","Halation","Hubris","Infinite Spire","Minty Spire (QoL Compilation)","Permanent Neow","Replay The Spire","StSLib","vexMod"],"gold_per_floor":[110,129,129,29,47,47,47,64,64,81,99,110,39,58,58,158,158,170,189,205,205,205,205],"floor_reached":22,"language":"ENG","playtime":815,"items_purged":["Defend_B"],"score":182,"play_id":"9e8a38cd-7487-4927-be2f-c73ab9416c55","local_time":"20210114003530","is_ascension_mode":false,"campfire_choices":[{"data":"Defend_B","floor":6,"key":"SMITH"},{"data":"Tempest","floor":15,"key":"SMITH"}],"circlet_count":0,"master_deck":["Strike_B","Strike_B","Strike_B","Strike_B","Defend_B","Defend_B","Defend_B+1","Zap","Dualcast","Reinforced Body+1","Go for the Eyes","Ball Lightning","Go for the Eyes","Pot Of Greed","Pot Of Greed","Coolheaded","Tempest+1","Skim","All For One","Capacitor+1","Tempest","Ball Lightning+1"],"relics":["conspire:RoyalGoblet","hubris:BundleOfHerbs","Grinning Jar","energizedSpire:DeadBattery"],"acts_visited":["Exordium","TheCity"],"potions_floor_usage":[18],"damage_taken":[{"damage":8,"enemies":"Small Slimes","floor":1,"turns":2},{"damage":10,"enemies":"Cultist","floor":2,"turns":4},{"damage":0,"enemies":"2 Louse","floor":5,"turns":3},{"damage":0,"enemies":"Large Slime","floor":8,"turns":5},{"damage":0,"enemies":"Blue Slaver","floor":10,"turns":2},{"damage":9,"enemies":"Lots of Slimes","floor":11,"turns":5},{"damage":13,"enemies":"3 Louse","floor":12,"turns":3},{"damage":0,"enemies":"Blue Slaver","floor":14,"turns":3},{"damage":23,"enemies":"Hexaghost","floor":16,"turns":12},{"damage":19,"enemies":"2 Thieves","floor":18,"turns":3},{"damage":0,"enemies":"Chosen","floor":19,"turns":4},{"damage":50,"enemies":"3 Cultists","floor":20,"turns":7},{"damage":6,"enemies":"Cultist and Chosen","floor":22,"turns":2}],"seed_played":"6140236936856406625","potions_obtained":[{"floor":2,"key":"Elixir"},{"floor":5,"key":"AttackPotion"},{"floor":8,"key":"BlessingOfTheForge"},{"floor":18,"key":"SteroidPotion"},{"floor":19,"key":"SpeedPotion"}],"is_trial":false,"path_per_floor":["M","M","?","$","M","R","?","M","T","M","M","M","$","M","R","B",null,"M","M","M","?","M"],"character_chosen":"DEFECT","items_purchased":["Go for the Eyes","Skim"],"campfire_rested":0,"item_purchase_floors":[4,13],"current_hp_per_floor":[67,57,57,57,57,57,57,57,57,57,53,40,40,40,40,17,75,56,56,6,6,0,0],"gold":205,"neow_bonus":"BOSS_RELIC","is_daily":false,"chose_seed":false,"campfire_upgraded":2,"win_rate":0.0,"timestamp":1610580930,"path_taken":["M","M","?","$","M","R","?","M","T","M","M","M","$","?","R","BOSS","M","M","M","?","M"],"items_purchased_type":["Card","Card"],"build_version":"2020-12-22","purchased_purges":1,"victory":false,"max_hp_per_floor":[75,75,75,75,75,75,75,75,75,75,75,75,75,75,75,75,75,75,75,75,75,75,75],"card_choices":[{"not_picked":["Force Field","Leap","Steam Power"],"picked":"SKIP","floor":1},{"not_picked":["Panic Button","Cold Snap"],"picked":"Reinforced Body","floor":2},{"not_picked":["Hologram","Rebound"],"picked":"Ball Lightning","floor":5},{"not_picked":["Barrage","Cold Snap"],"picked":"Go for the Eyes","floor":8},{"not_picked":["Conserve Battery","Static Discharge"],"picked":"Coolheaded","floor":10},{"not_picked":["Turbo","Self Repair"],"picked":"Tempest","floor":11},{"not_picked":["Blizzard","aspiration:Polymerization","Rebound"],"picked":"SKIP","floor":12},{"not_picked":["Cold Snap","Stack","Force Field"],"picked":"SKIP","floor":14},{"not_picked":["Reboot","Meteor Strike"],"picked":"All For One","floor":16},{"not_picked":["ReplaySolidLightProjector+1","Leap"],"picked":"Capacitor+1","floor":18},{"not_picked":["Coolheaded","White Noise"],"picked":"Tempest","floor":19},{"not_picked":["Streamline","Rip and Tear"],"picked":"Ball Lightning+1","floor":20}],"player_experience":32520,"relics_obtained":[{"floor":9,"key":"Grinning Jar"}],"event_choices":[{"damage_healed":0,"gold_gain":0,"player_choice":"Gave Potion","damage_taken":0,"relics_obtained":["hubris:BundleOfHerbs"],"max_hp_gain":0,"max_hp_loss":0,"event_name":"WeMeetAgain","floor":7,"gold_loss":0}],"is_beta":false,"boss_relics":[{"not_picked":["Astrolabe","energizedSpire:OgreHead"],"picked":"energizedSpire:DeadBattery"}],"items_purged_floors":[4],"is_endless":false,"potions_floor_spawned":[2,5,8,18,19],"killed_by":"Cultist and Chosen","ascension_level":0}}