{"host":"rolltorest","time":1610525565,"event":{"mods":["BaseMod","Minty Spire (QoL Compilation)","Relic Stats","Slay the Relics Exporter","StSLib"],"gold_per_floor":[119,34,52,52,52,84,84,116,116,126,56,72,72,106,106,177,177,197,197,197,224,269,269,281,281,281,316,316,358,6,20,20,20,20],"floor_reached":33,"language":"ENG","playtime":746,"items_purged":["Bite"],"score":677,"play_id":"603602d9-d221-4c3f-8d99-eb3ed74b7cf8","local_time":"20210113001245","is_ascension_mode":true,"campfire_choices":[{"data":"Blade Dance","floor":7,"key":"SMITH"},{"floor":15,"key":"REST"},{"floor":23,"key":"REST"},{"floor":28,"key":"REST"},{"floor":32,"key":"REST"}],"circlet_count":0,"master_deck":["AscendersBane","Defend_G","Defend_G","Defend_G","Defend_G","Defend_G","Survivor","Neutralize","Blade Dance","Predator","Backstab","Eviscerate","Blade Dance+1","PiercingWail","Bouncing Flask","Phantasmal Killer","CurseOfTheBell","Dagger Spray+1","Bite","Bite","Bite","Bite","Dash","Cloak And Dagger","Master of Strategy"],"relics":["Ring of the Snake","NeowsBlessing","Mango","The Courier","Matryoshka","Mercury Hourglass","Calling Bell","Omamori","Paper Crane","Ginger","Necronomicon","CeramicFish","MutagenicStrength","Frozen Egg 2","Ninja Scroll","Nunchaku","Sundial","Cauldron"],"acts_visited":["Exordium","TheCity"],"potions_floor_usage":[16,24,29,29,33,33],"damage_taken":[{"damage":0,"enemies":"2 Louse","floor":1,"turns":1},{"damage":0,"enemies":"Small Slimes","floor":3,"turns":1},{"damage":0,"enemies":"3 Sentries","floor":6,"turns":1},{"damage":23,"enemies":"Lagavulin","floor":8,"turns":6},{"damage":0,"enemies":"Cultist","floor":10,"turns":2},{"damage":11,"enemies":"Looter","floor":12,"turns":3},{"damage":32,"enemies":"Gremlin Nob","floor":14,"turns":4},{"damage":25,"enemies":"Hexaghost","floor":16,"turns":8},{"damage":14,"enemies":"3 Byrds","floor":18,"turns":5},{"damage":19,"enemies":"Spheric Guardian","floor":21,"turns":4},{"damage":7,"enemies":"3 Cultists","floor":24,"turns":4},{"damage":16,"enemies":"Slavers","floor":27,"turns":4},{"damage":23,"enemies":"Book of Stabbing","floor":29,"turns":4},{"damage":13,"enemies":"Cultist and Chosen","floor":31,"turns":4},{"damage":35,"enemies":"Automaton","floor":33,"turns":6}],"seed_played":"4854981796271912241","potions_obtained":[{"floor":3,"key":"DuplicationPotion"},{"floor":8,"key":"DuplicationPotion"},{"floor":16,"key":"CunningPotion"},{"floor":27,"key":"Energy Potion"},{"floor":30,"key":"CunningPotion"},{"floor":30,"key":"GamblersBrew"}],"is_trial":false,"path_per_floor":["M","$","M","?","?","E","R","E","T","M","$","M","?","E","R","B",null,"M","?","?","M","?","R","M","?","T","E","R","E","$","M","R","B"],"character_chosen":"THE_SILENT","items_purchased":["Predator","Well Laid Plans","Cauldron","Master of Strategy"],"campfire_rested":4,"item_purchase_floors":[2,11,30,30],"current_hp_per_floor":[59,59,59,64,64,78,78,55,55,55,55,44,44,12,37,12,67,53,32,32,13,13,30,33,33,33,21,38,27,27,22,39,6,6],"gold":20,"neow_bonus":"THREE_ENEMY_KILL","is_daily":false,"chose_seed":false,"campfire_upgraded":1,"win_rate":0.0,"timestamp":1610525565,"path_taken":["M","$","M","?","?","E","R","E","T","M","$","?","?","E","R","BOSS","M","?","?","?","?","R","M","?","T","E","R","E","$","M","R","BOSS"],"items_purchased_type":["Card","Card","Relic","Card"],"build_version":"2020-12-18","purchased_purges":1,"victory":false,"max_hp_per_floor":[66,66,66,71,71,85,85,85,85,85,85,85,85,85,85,85,85,85,85,85,85,59,59,59,59,59,59,59,59,59,59,59,59,59],"relic_stats":{"Nunchaku":[5],"counters":[15,57],"Sundial":[0],"CeramicFish":81,"Necronomicon":[8],"Ginger":[3],"obtain_stats":[{"NeowsBlessing":0,"CeramicFish":20,"Mango":6,"The Courier":8,"Omamori":17,"Ginger":17,"Paper Crane":17,"Frozen Egg 2":26,"Mercury Hourglass":14,"Calling Bell":17,"Cauldron":30,"Nunchaku":27,"Matryoshka":9,"Ninja Scroll":26,"Sundial":29,"MutagenicStrength":25,"Necronomicon":19,"Ring of the Snake":0},{"NeowsBlessing":0,"CeramicFish":9,"Mango":3,"The Courier":4,"Omamori":8,"Ginger":8,"Paper Crane":8,"Frozen Egg 2":11,"Mercury Hourglass":7,"Calling Bell":8,"Cauldron":13,"Nunchaku":12,"Matryoshka":4,"Ninja Scroll":11,"Sundial":13,"MutagenicStrength":11,"Necronomicon":9,"Ring of the Snake":0},{"NeowsBlessing":0,"CeramicFish":31,"Mango":3,"The Courier":9,"Omamori":26,"Ginger":26,"Paper Crane":26,"Frozen Egg 2":39,"Mercury Hourglass":18,"Calling Bell":26,"Cauldron":47,"Nunchaku":43,"Matryoshka":9,"Ninja Scroll":39,"Sundial":47,"MutagenicStrength":39,"Necronomicon":31,"Ring of the Snake":0}],"Ring of the Snake":[30],"Mercury Hourglass":[168]},"card_choices":[{"not_picked":["Prepared","Catalyst"],"picked":"Blade Dance","floor":1},{"not_picked":["Slice","Backflip"],"picked":"Backstab","floor":3},{"not_picked":["Flechettes","Dagger Throw"],"picked":"Blade Dance","floor":6},{"not_picked":["Sucker Punch","Bane"],"picked":"PiercingWail","floor":8},{"not_picked":["Deflect","Grand Finale","Underhanded Strike"],"picked":"SKIP","floor":10},{"not_picked":["Deflect","Underhanded Strike","Prepared"],"picked":"SKIP","floor":12},{"not_picked":["Dodge and Roll","Flying Knee"],"picked":"Bouncing Flask","floor":14},{"not_picked":["Doppelganger","Bullet Time"],"picked":"Phantasmal Killer","floor":16},{"not_picked":["Slice","Dodge and Roll","Backstab"],"picked":"SKIP","floor":18},{"not_picked":["PiercingWail","Dagger Throw"],"picked":"Dagger Spray+1","floor":21},{"not_picked":["Deadly Poison","Quick Slash","Outmaneuver"],"picked":"SKIP","floor":24},{"not_picked":["Blade Dance","Skewer"],"picked":"Dash","floor":27},{"not_picked":["Tactician","Doppelganger"],"picked":"Cloak And Dagger","floor":29},{"not_picked":["Flying Knee","Quick Slash","Poisoned Stab"],"picked":"SKIP","floor":31}],"player_experience":1716758,"relics_obtained":[{"floor":6,"key":"Mango"},{"floor":8,"key":"The Courier"},{"floor":9,"key":"Matryoshka"},{"floor":14,"key":"Mercury Hourglass"},{"floor":17,"key":"Omamori"},{"floor":17,"key":"Paper Crane"},{"floor":17,"key":"Ginger"},{"floor":19,"key":"Necronomicon"},{"floor":26,"key":"Frozen Egg 2"},{"floor":26,"key":"Ninja Scroll"},{"floor":27,"key":"Nunchaku"},{"floor":29,"key":"Sundial"}],"event_choices":[{"damage_healed":0,"gold_gain":0,"player_choice":"Donut","damage_taken":0,"max_hp_gain":5,"max_hp_loss":0,"event_name":"Big Fish","floor":4,"gold_loss":0},{"damage_healed":0,"gold_gain":0,"cards_transformed":["Strike_G"],"player_choice":"Transformed","damage_taken":0,"max_hp_gain":0,"max_hp_loss":0,"event_name":"Transmorgrifier","floor":5,"gold_loss":0,"cards_obtained":["Eviscerate"]},{"damage_healed":0,"gold_gain":0,"player_choice":"Ignored","damage_taken":0,"max_hp_gain":0,"max_hp_loss":0,"event_name":"Shining Light","floor":13,"gold_loss":0},{"damage_healed":0,"gold_gain":0,"player_choice":"Obtained Book","damage_taken":21,"max_hp_gain":0,"max_hp_loss":0,"event_name":"Cursed Tome","floor":19,"gold_loss":0},{"cards_removed":["Well Laid Plans"],"damage_healed":0,"gold_gain":0,"player_choice":"Gave Card","damage_taken":0,"relics_obtained":["CeramicFish"],"max_hp_gain":0,"max_hp_loss":0,"event_name":"WeMeetAgain","floor":20,"gold_loss":0},{"damage_healed":0,"gold_gain":0,"player_choice":"Became a vampire","damage_taken":0,"max_hp_gain":0,"max_hp_loss":26,"event_name":"Vampires","floor":22,"gold_loss":0,"cards_obtained":["Bite","Bite","Bite","Bite","Bite"]},{"damage_healed":0,"gold_gain":0,"player_choice":"Inject Mutagens","damage_taken":0,"relics_obtained":["MutagenicStrength"],"max_hp_gain":0,"max_hp_loss":0,"event_name":"Drug Dealer","floor":25,"gold_loss":0}],"is_beta":true,"boss_relics":[{"not_picked":["Tiny House","Coffee Dripper"],"picked":"Calling Bell"}],"items_purged_floors":[30],"is_endless":false,"potions_floor_spawned":[3,8,14,16,18,21,27],"killed_by":"Automaton","ascension_level":20}}