{"host":"6swbl1yqdi8v28pk","time":1610568085,"event":{"mods":["AchievementEnabler","BaseMod","Colored Map","Minty Spire (QoL Compilation)","Quick Restart"],"gold_per_floor":[114,129,144,219,234,264,279,309,309,324,324,339,354,369,369,469,469,484,143,158,108,33,72,72,111,120,120,135,150,180,95,95,204,204,219,219,234,184,243,282,291,29,63,102,102,102,102,117,117,126],"floor_reached":51,"language":"SPA","playtime":1360,"items_purged":["Strike_P","Doubt","Pain","Regret"],"score":1177,"play_id":"dc7c2541-6064-49bc-a5bc-9ffc5b73804b","local_time":"20210113140125","daily_mods":["Cursed Run","Vintage","Lethality"],"is_ascension_mode":false,"campfire_choices":[{"data":"ReachHeaven","floor":15,"key":"SMITH"},{"data":"Judgement","floor":24,"key":"SMITH"},{"data":"TalkToTheHand","floor":27,"key":"SMITH"},{"data":"Eruption","floor":32,"key":"SMITH"},{"floor":41,"key":"REST"},{"data":"Ragnarok","floor":46,"key":"SMITH"},{"data":"BowlingBash","floor":49,"key":"SMITH"}],"circlet_count":0,"master_deck":["Strike_P","Strike_P","Strike_P","Defend_P+1","Defend_P","Defend_P","Defend_P","Eruption+1","Vigilance+1","BowlingBash+1","ReachHeaven+1","Judgement+1","Ragnarok+1","EmptyMind","TalkToTheHand+1","WheelKick+1","EmptyFist+1","Crescendo+1","Decay","PathToVictory+1","Clumsy"],"relics":["Cursed Key","Darkstone Periapt","Du-Vu Doll","Pen Nib","Happy Flower","PreservedInsect","Potion Belt","Meat on the Bone","Orichalcum","White Beast Statue","Bottled Flame","Smiling Mask","War Paint","Blue Candle","Pantograph","SacredBark","Blood Vial","ClockworkSouvenir","CeramicFish","Centennial Puzzle","Bronze Scales","Gremlin Horn","Juzu Bracelet","Dream Catcher","Bag of Marbles","InkBottle","Black Star","Toxic Egg 2","Ginger","Akabeko","The Courier","Vajra","TeardropLocket","Bag of Preparation","Ancient Tea Set","Dead Branch","Yang"],"acts_visited":["Exordium","TheCity","TheBeyond"],"potions_floor_usage":[23,25,33,33,37,40,50,50],"damage_taken":[{"damage":0,"enemies":"Cultist","floor":1,"turns":3},{"damage":1,"enemies":"Jaw Worm","floor":2,"turns":3},{"damage":1,"enemies":"2 Louse","floor":3,"turns":3},{"damage":6,"enemies":"Exordium Thugs","floor":5,"turns":4},{"damage":0,"enemies":"Gremlin Nob","floor":6,"turns":1},{"damage":4,"enemies":"Exordium Wildlife","floor":7,"turns":2},{"damage":0,"enemies":"Lagavulin","floor":8,"turns":3},{"damage":8,"enemies":"Looter","floor":10,"turns":2},{"damage":0,"enemies":"Large Slime","floor":12,"turns":2},{"damage":0,"enemies":"Red Slaver","floor":13,"turns":2},{"damage":0,"enemies":"3 Louse","floor":14,"turns":2},{"damage":0,"enemies":"Slime Boss","floor":16,"turns":3},{"damage":3,"enemies":"Shell Parasite","floor":18,"turns":2},{"damage":0,"enemies":"Spheric Guardian","floor":20,"turns":1},{"damage":0,"enemies":"Slavers","floor":23,"turns":3},{"damage":0,"enemies":"Gremlin Leader","floor":25,"turns":1},{"damage":6,"enemies":"Snecko","floor":28,"turns":3},{"damage":1,"enemies":"Snake Plant","floor":29,"turns":2},{"damage":4,"enemies":"Book of Stabbing","floor":30,"turns":2},{"damage":10,"enemies":"Collector","floor":33,"turns":5},{"damage":5,"enemies":"Orb Walker","floor":35,"turns":2},{"damage":25,"enemies":"3 Darklings","floor":37,"turns":3},{"damage":0,"enemies":"Reptomancer","floor":40,"turns":1},{"damage":5,"enemies":"Giant Head","floor":44,"turns":2},{"damage":0,"enemies":"Writhing Mass","floor":48,"turns":1},{"damage":31,"enemies":"Donu and Deca","floor":50,"turns":3}],"seed_played":"-4624312993155624390","potions_obtained":[{"floor":2,"key":"Ambrosia"},{"floor":3,"key":"Fire Potion"},{"floor":5,"key":"LiquidBronze"},{"floor":7,"key":"FearPotion"},{"floor":10,"key":"AttackPotion"},{"floor":13,"key":"DistilledChaos"},{"floor":16,"key":"Strength Potion"},{"floor":23,"key":"EssenceOfSteel"},{"floor":25,"key":"BottledMiracle"},{"floor":33,"key":"GamblersBrew"},{"floor":35,"key":"Explosive Potion"},{"floor":36,"key":"EntropicBrew"},{"floor":37,"key":"Strength Potion"},{"floor":40,"key":"ColorlessPotion"}],"is_trial":false,"path_per_floor":["M","M","M","?","M","E","M","E","T","M","?","M","M","M","R","B",null,"M","$","M","$","?","E","R","E","T","R","M","M","E","?","R","B",null,"M","?","M","$","T","E","R","$","T","E","?","R","?","M","R","B",null],"character_chosen":"WATCHER","items_purchased":["Ragnarok","ClockworkSouvenir","TeardropLocket","Crescendo+1"],"campfire_rested":1,"item_purchase_floors":[19,19,42,42],"current_hp_per_floor":[72,71,70,59,53,53,49,49,55,47,73,73,73,73,73,84,84,81,81,83,83,83,84,84,84,90,90,84,85,83,83,83,86,96,91,91,68,68,74,76,102,102,108,103,103,103,103,105,105,83],"gold":126,"neow_bonus":"","is_daily":true,"chose_seed":false,"campfire_upgraded":6,"win_rate":0.0,"timestamp":1610568085,"path_taken":["M","M","M","?","M","E","M","E","T","M","?","M","M","M","R","BOSS","M","$","M","$","?","E","R","E","T","R","M","M","E","?","R","BOSS","M","?","M","$","?","E","R","?","T","E","?","R","?","M","R","BOSS"],"items_purchased_type":["Card","Relic","Relic","Card"],"build_version":"2020-12-22","purchased_purges":4,"victory":true,"max_hp_per_floor":[72,72,72,72,72,72,72,72,78,78,78,78,78,78,78,84,84,84,84,84,84,84,84,84,84,90,90,90,90,90,90,90,96,96,96,96,96,96,102,102,102,102,108,108,108,108,108,108,108,114],"card_choices":[{"not_picked":["Halt","ClearTheMind"],"picked":"BowlingBash","floor":6},{"not_picked":["FollowUp","ClearTheMind"],"picked":"ReachHeaven","floor":8},{"not_picked":["Blasphemy","LessonLearned"],"picked":"Judgement","floor":16},{"not_picked":["LikeWater","SashWhip"],"picked":"EmptyMind","floor":23},{"not_picked":["Meditate","JustLucky+1"],"picked":"TalkToTheHand","floor":25},{"not_picked":["Protect","FlurryOfBlows","Perseverance"],"picked":"SKIP","floor":30},{"not_picked":["Halt+1","EmptyMind+1"],"picked":"WheelKick+1","floor":40},{"not_picked":["FlurryOfBlows+1","CrushJoints+1"],"picked":"EmptyFist+1","floor":41},{"not_picked":["Weave+1","CrushJoints"],"picked":"PathToVictory+1","floor":44}],"player_experience":144353,"relics_obtained":[{"floor":1,"key":"Pen Nib"},{"floor":2,"key":"Happy Flower"},{"floor":3,"key":"PreservedInsect"},{"floor":5,"key":"Potion Belt"},{"floor":6,"key":"Meat on the Bone"},{"floor":7,"key":"Orichalcum"},{"floor":8,"key":"White Beast Statue"},{"floor":9,"key":"Bottled Flame"},{"floor":10,"key":"Smiling Mask"},{"floor":12,"key":"War Paint"},{"floor":13,"key":"Blue Candle"},{"floor":14,"key":"Pantograph"},{"floor":18,"key":"Blood Vial"},{"floor":20,"key":"CeramicFish"},{"floor":23,"key":"Centennial Puzzle"},{"floor":25,"key":"Bronze Scales"},{"floor":26,"key":"Gremlin Horn"},{"floor":28,"key":"Juzu Bracelet"},{"floor":29,"key":"Dream Catcher"},{"floor":30,"key":"Bag of Marbles"},{"floor":35,"key":"Toxic Egg 2"},{"floor":37,"key":"Ginger"},{"floor":39,"key":"Akabeko"},{"floor":40,"key":"The Courier"},{"floor":40,"key":"Vajra"},{"floor":43,"key":"Bag of Preparation"},{"floor":44,"key":"Ancient Tea Set"},{"floor":44,"key":"Dead Branch"},{"floor":48,"key":"Yang"}],"event_choices":[{"damage_healed":0,"gold_gain":75,"player_choice":"Gather Gold","damage_taken":11,"max_hp_gain":0,"max_hp_loss":0,"event_name":"World of Goop","floor":4,"gold_loss":0},{"damage_healed":26,"gold_gain":0,"player_choice":"Banana","damage_taken":0,"max_hp_gain":0,"max_hp_loss":0,"event_name":"Big Fish","floor":11,"gold_loss":0},{"cards_removed":["Decay"],"damage_healed":0,"gold_gain":0,"player_choice":"Gave Gold","damage_taken":0,"max_hp_gain":0,"max_hp_loss":0,"event_name":"Beggar","floor":22,"gold_loss":75},{"damage_healed":0,"gold_gain":0,"player_choice":"Obtained Relic","damage_taken":0,"relics_obtained":["InkBottle"],"max_hp_gain":0,"max_hp_loss":0,"event_name":"Addict","floor":31,"gold_loss":85},{"damage_healed":0,"gold_gain":0,"player_choice":"Got Potions","damage_taken":0,"max_hp_gain":0,"max_hp_loss":0,"event_name":"Lab","floor":36,"gold_loss":0},{"damage_healed":0,"gold_gain":0,"player_choice":"Memory 1","damage_taken":0,"max_hp_gain":0,"max_hp_loss":0,"event_name":"SensoryStone","floor":45,"gold_loss":0},{"cards_removed":["Shame"],"damage_healed":0,"gold_gain":0,"player_choice":"Purged","damage_taken":0,"max_hp_gain":0,"max_hp_loss":0,"event_name":"Purifier","floor":47,"gold_loss":0}],"is_beta":false,"boss_relics":[{"not_picked":["Ectoplasm","Empty Cage"],"picked":"SacredBark"},{"not_picked":["Tiny House","Velvet Choker"],"picked":"Black Star"}],"items_purged_floors":[19,21,38,42],"is_endless":false,"potions_floor_spawned":[2,3,5,7,10,12,13,14,16,18,20,23,25,28,29,30,33,35,37,40,44,48],"ascension_level":0}}