{"host":"8wq2kaef3mxk27dm","time":1610518268,"event":{"mods":["Abigail Mod","Act Like it!","Aspiration","Bard","Bartender","BaseMod","CCEM","Colored Map","Duelist Mod","Friendly Minions","GifTheSpireLib","Hallownest","Hermit","HololiveMod","Hubris","Koishi","Mad Scientist","Minty Spire (QoL Compilation)","Quarter Circle Forward PUNCH!","Railgun Mod","Reimu??????","StSLib","Stuff the Spire","The Administrix","The Bladedancer","The Bug Knight","The Construct","The Cursed","The Gatherer","The Juggle","The Mystic","The Necromancer","Trackpad"],"gold_per_floor":[80,80,91,91,110,142,142,142,142,169,0,13,40,86,86,186,186,197,197,211,211,266,301,301,326,351,132,132,146,146,178,178,281,281,297,297,117,134,144,172,172,236,236,255,285,285,185,215,215,215,215,215,40,71,71],"floor_reached":56,"language":"ENG","playtime":6362,"items_purged":["Hololive_Strike","Hololive_Strike","Hololive_Defend"],"score":1614,"play_id":"34f75ecf-da25-4ba7-929c-bc747ed3e1f3","local_time":"20210113001108","is_ascension_mode":true,"campfire_choices":[{"data":"Hololive_CallHoshimachiSuisei","floor":7,"key":"SMITH"},{"floor":15,"key":"RECALL"},{"data":"Hololive_DDD","floor":24,"key":"SMITH"},{"data":"Hololive_CallOzoraSubaru","floor":28,"key":"SMITH"},{"data":"Hololive_Spy","floor":32,"key":"SMITH"},{"data":"Hololive_Rebirth","floor":46,"key":"SMITH"},{"data":"Hololive_CallHimemoriLuna","floor":49,"key":"SMITH"},{"data":"Hololive_CallShirakamiFubuki","floor":52,"key":"SMITH"}],"circlet_count":0,"master_deck":["Hololive_CallMoonaHoshinova","Hololive_CallShirakamiFubuki+1","Hololive_Psychosis","Hololive_ManjiGathering","Hololive_LuckPotion","Hololive_CallHimemoriLuna+1","Hololive_CallNatsuiroMatsuri","Hololive_CallHoshimachiSuisei+1","Hololive_Defend","Hololive_CallYogiri","Hololive_CocoNews","Hololive_CallMomosuzuNene+22","Hololive_CallRoboco","Hololive_CallOzoraSubaru+1","Hololive_StrengthChampion","Hololive_Recruit+1","Hololive_CallAmaneKanata","Hololive_CallFriendA","Hololive_ILoveYou","Hololive_DDD+1","Warcry","Hololive_MaximGun","Hololive_Spy+1","Envenom","Hololive_Rebirth+1","Hololive_CallRosalyn+1","Hololive_Spy+1"],"relics":["Hololive_TheStar","Hallownest:DreamNailRelic","Cleaning_Rag","Lizard Tail","Bag of Marbles","Tiny Chest","CCEMRelics:Barrel","qcfpunch:Crimson_Sash","qcfpunch:School_Backpack","trackpad:ByrdBGone","StuffTheSpire:Experiment12","Potion Belt","trackpad:GuardianSpirit","CCEMRelics:OrganicArmor","RedLine:ReiMu","hubris:Towel","Hallownest:StagBellRelic1","Orichalcum","aspiration:SneckoTail","trackpad:ToughGloves","trackpad:WondrousWand","CCEMRelics:CocoNut","trackpad:BottledTsunami","trackpad:AdjectivePendant"],"acts_visited":["Exordium","Hallownest:Greenpath","Hallownest:CityofTears","TheEnding"],"potions_floor_usage":[10,35,38,42,55],"damage_taken":[{"damage":0,"enemies":"Hallownest:monsterHuskWarrior","floor":1,"turns":3},{"damage":0,"enemies":"Hallownest:2_Tiktiks_and_1_Crawlid","floor":3,"turns":2},{"damage":0,"enemies":"Hallownest:2_MossCreeps","floor":5,"turns":3},{"damage":0,"enemies":"Hallownest:eliteMossKnight","floor":6,"turns":6},{"damage":0,"enemies":"Hallownest:eliteVengeflyKing","floor":10,"turns":4},{"damage":3,"enemies":"Hallownest:1_Baldur_1_Crawlid_1_Warrior","floor":12,"turns":4},{"damage":0,"enemies":"Hallownest:eliteMossKnight","floor":13,"turns":4},{"damage":0,"enemies":"Hallownest:BossFalseKnight","floor":16,"turns":5},{"damage":0,"enemies":"Hallownest:Guard_and_Sentry","floor":18,"turns":4},{"damage":0,"enemies":"Hallownest:3_Youths","floor":20,"turns":4},{"damage":0,"enemies":"Hallownest:Glutton_and_Coward","floor":22,"turns":4},{"damage":0,"enemies":"Hallownest:eliteSoulWarrior","floor":23,"turns":4},{"damage":0,"enemies":"Hallownest:eliteWatcherKnight","floor":25,"turns":10},{"damage":0,"enemies":"Hallownest:2_Husk_Sentries","floor":29,"turns":3},{"damage":0,"enemies":"Hallownest:eliteSoulWarrior","floor":31,"turns":4},{"damage":6,"enemies":"Hallownest:BossMantisLord","floor":33,"turns":6},{"damage":17,"enemies":"Hallownest:2_Littles","floor":35,"turns":5},{"damage":0,"enemies":"Hallownest:Shield_Heavy","floor":38,"turns":4},{"damage":0,"enemies":"Hallownest:2_Wing_and_1_Kings","floor":39,"turns":5},{"damage":0,"enemies":"Hallownest:eliteHiveKnight","floor":40,"turns":5},{"damage":0,"enemies":"Hallownest:2_Primals","floor":42,"turns":3},{"damage":0,"enemies":"Hallownest:Xero_Hu_Marmu","floor":44,"turns":8},{"damage":0,"enemies":"Hallownest:eliteCollector","floor":45,"turns":5},{"damage":0,"enemies":"Hallownest:eliteHiveKnight","floor":48,"turns":5},{"damage":43,"enemies":"Hallownest:BossHollowKnight","floor":50,"turns":7},{"damage":0,"enemies":"Shield and Spear","floor":54,"turns":5},{"damage":1,"enemies":"The Heart","floor":55,"turns":6}],"seed_played":"1604969863148891621","potions_obtained":[{"floor":3,"key":"GamblersBrew"},{"floor":10,"key":"Fruit Juice"},{"floor":12,"key":"CultistPotion"},{"floor":22,"key":"SpeedPotion"},{"floor":29,"key":"Explosive Potion"},{"floor":33,"key":"GrandPatriotsElixir:ReiMu"},{"floor":35,"key":"Block Potion"},{"floor":39,"key":"MagicPotion:ReiMu"},{"floor":42,"key":"GamblersBrew"}],"is_trial":false,"path_per_floor":["M","?","M","?","M","E","R","?","T","E","?","M","E","T","R","B",null,"M","?","M","?","M","E","R","E","T","$","R","M","T","E","R","B",null,"M","?","?","M","M","E","T","?","T","M","E","R","$","E","R","B",null,"R","$","E","B",null],"character_chosen":"Hololive_HololiveCharacter","items_purchased":["Potion Belt","FearPotion"],"campfire_rested":0,"item_purchase_floors":[27,53],"current_hp_per_floor":[35,35,35,35,35,35,35,35,35,40,40,37,37,37,37,37,40,40,40,40,40,40,40,40,40,40,40,40,40,40,40,40,34,40,23,23,23,23,23,23,23,23,23,23,32,32,32,32,32,7,30,30,30,34,33],"gold":71,"neow_bonus":"THREE_CARDS","is_daily":false,"chose_seed":false,"campfire_upgraded":7,"win_rate":0.0,"timestamp":1610518268,"path_taken":["M","?","?","?","M","E","R","?","T","E","?","M","E","?","R","BOSS","M","?","M","?","M","E","R","E","T","$","R","M","?","E","R","BOSS","M","?","?","?","M","E","?","?","T","?","E","R","$","E","R","BOSS","R","$","E","BOSS"],"items_purchased_type":["Relic","Potion"],"build_version":"2020-12-22","purchased_purges":3,"victory":true,"max_hp_per_floor":[35,35,35,35,35,35,35,35,35,40,40,40,40,40,40,40,40,40,40,40,40,40,40,40,40,40,40,40,40,40,40,40,40,40,40,40,40,40,40,40,40,40,40,40,45,45,45,45,45,45,45,45,45,45,45],"card_choices":[{"not_picked":["Hololive_OvertimeWork","Hololive_FlyingPonyTail"],"picked":"Hololive_LuckPotion","floor":0},{"not_picked":["Hololive_HuntDinosaur","Hololive_Trident","Hololive_FlyingPonyTail"],"picked":"Hololive_Psychosis","floor":1},{"not_picked":["Hololive_Psychosis","Hololive_Breathe","Hololive_Rebound"],"picked":"Hololive_CallMoonaHoshinova","floor":3},{"not_picked":["Hololive_RevenueBasedLive","Hololive_Trident","Hololive_CallRoboco"],"picked":"Hololive_CocoNews","floor":5},{"not_picked":["Hololive_Yoholoon","Hololive_Nanodesu","Hololive_CallHimemoriLuna"],"picked":"Hololive_CallMomosuzuNene","floor":6},{"not_picked":["Hololive_OpenUp","Hololive_FlyingPonyTail","Hololive_CallYogiri"],"picked":"Hololive_CallRoboco","floor":10},{"not_picked":["Hololive_Drill","Hololive_Rebound","Hololive_OvertimeWork"],"picked":"Hololive_CallOzoraSubaru","floor":12},{"not_picked":["Hololive_Yoholoon","Hololive_LuckPotion","Hololive_FlyingPonyTail"],"picked":"Hololive_StrengthChampion","floor":13},{"not_picked":["Hololive_AWSL","Hololive_Rebirth","Hololive_BeCareful"],"picked":"Hololive_Recruit","floor":16},{"not_picked":["Hololive_CallAkiRosenthal","Hololive_HuntDinosaur","Hololive_CocoNews"],"picked":"Hololive_CallAmaneKanata","floor":18},{"not_picked":["Hololive_RevenueBasedLive+1","Hololive_CallAkiRosenthal","Hololive_CallCivia+1"],"picked":"Hololive_CallFriendA","floor":20},{"not_picked":["Hololive_CallArtia","Hololive_CallRoboco+1","Hololive_Yoholoon"],"picked":"Hololive_ILoveYou","floor":22},{"not_picked":["Hololive_Breathe","Hololive_CallShiroganeNoel+1","Hololive_CallShiranuiFlare"],"picked":"Hololive_DDD","floor":23},{"not_picked":["StuffTheSpire:Incineration","Armaments"],"picked":"Warcry","floor":25},{"not_picked":["Hololive_CallOzoraSubaru","Hololive_CallHimemoriLuna","Hololive_CallAkiRosenthal"],"picked":"Hololive_MaximGun","floor":25},{"not_picked":["Blood for Blood","Thunderclap","True Grit"],"picked":"SKIP","floor":29},{"not_picked":["Hololive_Sequa","Hololive_CallFriendA","Hololive_CallCivia+1","Hololive_CallRoboco"],"picked":"SKIP","floor":29},{"not_picked":["Hololive_Breathe","Hololive_OvertimeWork+1","Hololive_CallMoonaHoshinova"],"picked":"Hololive_Spy","floor":31},{"not_picked":["Reinforced Body","Ball Lightning","hubris:PowerSurge"],"picked":"SKIP","floor":31},{"not_picked":["Storm of Steel","Venomology"],"picked":"Envenom","floor":33},{"not_picked":["Hololive_OpenUp","Hololive_Recruit","Hololive_HighAtkLowDef"],"picked":"Hololive_Rebirth","floor":33},{"not_picked":["Hololive_CallNatsuiroMatsuri+1","Hololive_CocoNews+1","Hololive_Spy"],"picked":"Hololive_CallRosalyn+1","floor":35},{"not_picked":["Reprogram","Stack+1","Defragment"],"picked":"SKIP","floor":35},{"not_picked":["Hololive_Sequa","Hololive_Rebound","Hololive_Breathe+1","Hololive_HuntDinosaur+1"],"picked":"SKIP","floor":38},{"not_picked":["Hololive_FlyingPonyTail+1","Hololive_LuckPotion+1","Hololive_Breathe","Hololive_Sequa"],"picked":"SKIP","floor":39},{"not_picked":["Hololive_Breathe","Hololive_Trident+1","Hololive_Psychosis+1","Hololive_CallAZKi"],"picked":"SKIP","floor":40},{"not_picked":["Hololive_CallAmaneKanata","Hololive_CallHoshimachiSuisei","Hololive_CallYukihanaLamy","Hololive_CallShirakamiFubuki+1"],"picked":"SKIP","floor":44},{"not_picked":["Hololive_Recruit","Hololive_Psychosis+1","Hololive_CallYogiri"],"picked":"Hololive_Spy+1","floor":45},{"not_picked":["Hololive_FlyingPonyTail","Hololive_Recruit","Hololive_OpenUp","Hololive_OvertimeWork+1"],"picked":"SKIP","floor":48},{"not_picked":["Hololive_Sequa+1","Hololive_FlareMind","Hololive_Breathe","Hololive_OvertimeWork+1"],"picked":"SKIP","floor":54}],"player_experience":211686,"relics_obtained":[{"floor":6,"key":"Cleaning_Rag"},{"floor":9,"key":"Lizard Tail"},{"floor":10,"key":"Bag of Marbles"},{"floor":13,"key":"CCEMRelics:Barrel"},{"floor":23,"key":"qcfpunch:School_Backpack"},{"floor":25,"key":"trackpad:ByrdBGone"},{"floor":26,"key":"StuffTheSpire:Experiment12"},{"floor":30,"key":"trackpad:GuardianSpirit"},{"floor":31,"key":"CCEMRelics:OrganicArmor"},{"floor":40,"key":"Orichalcum"},{"floor":41,"key":"aspiration:SneckoTail"},{"floor":42,"key":"trackpad:ToughGloves"},{"floor":43,"key":"trackpad:WondrousWand"},{"floor":45,"key":"CCEMRelics:CocoNut"},{"floor":48,"key":"trackpad:BottledTsunami"},{"floor":54,"key":"trackpad:AdjectivePendant"}],"event_choices":[],"is_beta":false,"boss_relics":[{"not_picked":["StuffTheSpire:ModemDavis","Philosopher\u0027s Stone"],"picked":"qcfpunch:Crimson_Sash"},{"not_picked":["hubris:CrackedHourglass","aspiration:RitualDagger"],"picked":"RedLine:ReiMu"}],"items_purged_floors":[27,47,53],"is_endless":false,"potions_floor_spawned":[3,10,12,13,22,29,33,35,39,42],"ascension_level":1}}