{"host":"eejrqhjknvwl59ep","time":1610533489,"event":{"mods":["BaseMod","Downfall","Hubris","Infinite Spire","Minty Spire (QoL Compilation)","StSLib"],"gold_per_floor":[114,114,129,129,94,127,171,171,171,171,208,230,251,274,274,396,396,424,452,452,461,495,495,495,539,539,539,166,186,186,229,229,343,343,372,332,361,227,227,277,297,325,325,325,393,438,438,438,438,444],"floor_reached":51,"language":"ENG","playtime":2959,"items_purged":[],"score":1037,"play_id":"6d432e7b-18c8-44c5-b4ad-3e13910ad592","local_time":"20210113112449","daily_mods":["SealedDeck","Heirloom","Time Dilation","Flight"],"is_ascension_mode":false,"campfire_choices":[{"data":"sneckomod:QuickMove","floor":8,"key":"SMITH"},{"data":"sneckomod:UnknownUncommonSkill","floor":10,"key":"SMITH"},{"data":"sneckomod:UnknownClassSLIMEBOUND","floor":15,"key":"SMITH"},{"data":"sneckomod:CheapStock","floor":23,"key":"SMITH"},{"data":"sneckomod:UnknownClassBLUE","floor":24,"key":"SMITH"},{"data":"Backflip","floor":27,"key":"SMITH"},{"data":"sneckomod:Unknown3Cost","floor":30,"key":"SMITH"},{"data":"sneckomod:UnknownBlock","floor":32,"key":"SMITH"},{"data":"sneckomod:MorePower","floor":44,"key":"SMITH"},{"data":"sneckomod:UnknownRareSkill","floor":47,"key":"SMITH"},{"data":"sneckomod:Unknown3Cost","floor":49,"key":"SMITH"}],"circlet_count":0,"master_deck":["sneckomod:Unknown1Cost","sneckomod:UnknownClassSLIMEBOUND+1","sneckomod:Unknown1Cost","sneckomod:UnknownClassHEXA_GHOST_PURPLE","sneckomod:QuickMove+1","sneckomod:IronFang","sneckomod:DiceBlock","sneckomod:DiceCrush+1","sneckomod:DiceCrush+1","sneckomod:UnknownUncommonAttack","sneckomod:UnknownClassGUARDIAN","sneckomod:CheapStock+1","sneckomod:UnknownClassPURPLE","sneckomod:UnknownUncommonSkill+1","sneckomod:DiceBlock","sneckomod:DiceBlock","sneckomod:UnknownVulnerable","sneckomod:UnknownBlock+1","sneckomod:Unknown1Cost","sneckomod:Unknown3Cost+1","sneckomod:UnknownWeak+1","sneckomod:Unknown0Cost+1","Backflip+1","sneckomod:SoulDraw","sneckomod:UnknownClassGREEN","sneckomod:CheapStock+1","sneckomod:UnknownClassRED+1","sneckomod:UnknownRareSkill+1","sneckomod:MorePower+1","sneckomod:DiceBlock+1","sneckomod:UnknownUncommonSkill","sneckomod:Unknown2Cost","sneckomod:CheapStock","sneckomod:UnknownUncommonSkill+1","sneckomod:SnekBeam+1","Madness","Madness","sneckomod:UnknownClassRED+1","sneckomod:Unknown3Cost+1","sneckomod:UnknownRarePower+1","sneckomod:Unknown3Cost+1"],"relics":["sneckomod:SneckoSoul","StoneCalendar","Mercury Hourglass","Akabeko","CeramicFish","FossilizedHelix","infinitespire:Midas Blood","hubris:VirtuousBlindfold","hubris:Towel","Lantern","Guardian:PocketSentry","Happy Flower","Guardian:BottledAnomaly","hubris:SlimyHat","Sozu","Strawberry","Whetstone","Eternal Feather","Turnip","infinitespire:PuzzleCube"],"acts_visited":["Exordium","TheCity","TheBeyond"],"potions_floor_usage":[11,46],"damage_taken":[{"damage":0,"enemies":"Small Slimes","floor":1,"turns":1},{"damage":0,"enemies":"Cultist","floor":3,"turns":2},{"damage":29,"enemies":"3 Sentries","floor":6,"turns":5},{"damage":17,"enemies":"Gremlin Nob","floor":7,"turns":3},{"damage":3,"enemies":"Lagavulin","floor":11,"turns":4},{"damage":0,"enemies":"2 Louse","floor":12,"turns":1},{"damage":0,"enemies":"Exordium Thugs","floor":13,"turns":4},{"damage":0,"enemies":"Gremlin Gang","floor":14,"turns":3},{"damage":27,"enemies":"The Guardian","floor":16,"turns":9},{"damage":0,"enemies":"2 Thieves","floor":18,"turns":5},{"damage":0,"enemies":"Spheric Guardian","floor":19,"turns":3},{"damage":18,"enemies":"Shelled Parasite and Fungi","floor":22,"turns":6},{"damage":2,"enemies":"Book of Stabbing","floor":25,"turns":4},{"damage":0,"enemies":"Snecko","floor":29,"turns":4},{"damage":0,"enemies":"Gremlin Leader","floor":31,"turns":4},{"damage":0,"enemies":"Automaton","floor":33,"turns":8},{"damage":0,"enemies":"Orb Walker","floor":35,"turns":4},{"damage":3,"enemies":"3 Shapes","floor":37,"turns":3},{"damage":19,"enemies":"Reptomancer","floor":40,"turns":6},{"damage":2,"enemies":"Giant Head","floor":42,"turns":7},{"damage":11,"enemies":"2 Orb Walkers","floor":45,"turns":3},{"damage":0,"enemies":"Reptomancer","floor":46,"turns":6},{"damage":32,"enemies":"Donu and Deca","floor":50,"turns":6}],"seed_played":"2485078719826010455","potions_obtained":[{"floor":6,"key":"AttackPotion"},{"floor":11,"key":"Fruit Juice"},{"floor":16,"key":"sneckomod:MuddlingPotion"},{"floor":18,"key":"sneckomod:DiceRollPotion"},{"floor":19,"key":"BlessingOfTheForge"}],"is_trial":true,"path_per_floor":["M","?","M","T","$","E","E","R","T","R","E","M","M","M","R","B",null,"M","M","?","?","M","R","R","E","T","R","$","M","R","E","R","B",null,"M","?","M","$","?","E","?","E","T","R","?","E","R","?","R","B",null],"character_chosen":"THE_SNECKO","items_purchased":["sneckomod:UnknownClassPURPLE","sneckomod:UnknownClassGREEN","Happy Flower","Guardian:BottledAnomaly","sneckomod:Unknown2Cost","sneckomod:CheapStock"],"campfire_rested":0,"item_purchase_floors":[5,28,28,28,38,38],"current_hp_per_floor":[96,96,96,96,97,69,60,60,60,60,62,63,64,65,65,43,107,108,109,109,109,92,92,92,92,92,92,93,93,93,94,94,95,113,113,113,111,112,112,101,86,84,84,105,107,111,127,127,127,95],"gold":444,"neow_bonus":"","is_daily":false,"chose_seed":false,"campfire_upgraded":11,"win_rate":0.0,"timestamp":1610533489,"path_taken":["M","?","?","?","?","E","E","R","T","R","E","?","M","M","R","BOSS","M","?","?","?","?","R","R","E","T","R","$","?","R","E","R","BOSS","M","?","?","?","?","E","?","E","T","R","?","E","R","?","R","BOSS"],"items_purchased_type":["Card","Card","Relic","Relic","Card","Card"],"build_version":"2020-12-22","purchased_purges":0,"victory":true,"max_hp_per_floor":[96,96,96,96,97,98,98,98,98,98,103,104,105,106,106,107,107,108,109,109,109,110,110,110,110,110,110,111,111,111,112,112,113,113,113,113,114,115,115,123,123,123,123,123,125,127,127,127,127,127],"card_choices":[{"not_picked":["sneckomod:SoulDraw","sneckomod:SoulRoll"],"picked":"sneckomod:UnknownClassGUARDIAN","floor":1},{"not_picked":["sneckomod:Nope","sneckomod:UnknownEthereal"],"picked":"sneckomod:CheapStock","floor":3},{"not_picked":["sneckomod:WideSting","sneckomod:UnknownCommonSkill"],"picked":"sneckomod:UnknownUncommonSkill","floor":6},{"not_picked":["sneckomod:UnknownUncommonSkill","sneckomod:Nope"],"picked":"sneckomod:DiceBlock","floor":7},{"not_picked":["sneckomod:DiceBoulder","sneckomod:MasterEye"],"picked":"sneckomod:DiceBlock","floor":11},{"not_picked":["sneckomod:UnknownUncommonAttack","sneckomod:UnknownStrike"],"picked":"sneckomod:UnknownVulnerable","floor":12},{"not_picked":["sneckomod:UnknownClassSLIMEBOUND","sneckomod:DiceCrush"],"picked":"sneckomod:UnknownBlock","floor":13},{"not_picked":["sneckomod:IronFang","sneckomod:SoulRoll"],"picked":"sneckomod:Unknown1Cost","floor":14},{"not_picked":["sneckomod:DangerNoodle","sneckomod:Mudshield"],"picked":"sneckomod:Unknown3Cost","floor":16},{"not_picked":["sneckomod:WideSting","sneckomod:UnknownCommonAttack"],"picked":"sneckomod:UnknownWeak+1","floor":18},{"not_picked":["sneckomod:SnakeSap","sneckomod:TrashToTreasure+1"],"picked":"sneckomod:Unknown0Cost+1","floor":19},{"not_picked":["sneckomod:QuickBite","sneckomod:Unknown2Cost"],"picked":"sneckomod:UnknownClassBLUE","floor":22},{"not_picked":["sneckomod:DefensiveFlair+1","sneckomod:SoulExchange"],"picked":"sneckomod:SoulDraw","floor":25},{"not_picked":["sneckomod:SoulCleanse","sneckomod:DiceBlock"],"picked":"sneckomod:CheapStock+1","floor":29},{"not_picked":["sneckomod:DiceCrush","sneckomod:DefensiveFlair+1"],"picked":"sneckomod:UnknownClassRED+1","floor":31},{"not_picked":["sneckomod:DangerNoodle","sneckomod:SerpentMind"],"picked":"sneckomod:UnknownRareSkill","floor":33},{"not_picked":["sneckomod:Restock","sneckomod:UnknownRareSkill"],"picked":"sneckomod:MorePower","floor":33},{"not_picked":["sneckomod:SnekBeam","sneckomod:DiceCrush"],"picked":"sneckomod:DiceBlock","floor":35},{"not_picked":["sneckomod:SoulDraw","sneckomod:DiceBoulder"],"picked":"sneckomod:UnknownUncommonSkill","floor":37},{"not_picked":["sneckomod:UnknownEthereal+1","sneckomod:Unknown1Cost+1"],"picked":"sneckomod:UnknownUncommonSkill+1","floor":40},{"not_picked":["sneckomod:IronFang","sneckomod:QuickBite+1"],"picked":"sneckomod:SnekBeam","floor":40},{"not_picked":["sneckomod:UnknownWeak","sneckomod:SoulDraw+1","sneckomod:CheapStock+1"],"picked":"SKIP","floor":42},{"not_picked":["sneckomod:UnknownClassHEXA_GHOST_PURPLE+1","sneckomod:UnknownClassGREEN+1"],"picked":"sneckomod:UnknownClassRED+1","floor":45},{"not_picked":["sneckomod:QuickMove","sneckomod:UnknownClassHEXA_GHOST_PURPLE+1"],"picked":"sneckomod:Unknown3Cost","floor":45},{"not_picked":["sneckomod:UnknownDexterity+1","sneckomod:UnknownClassSLIMEBOUND+1"],"picked":"sneckomod:UnknownRarePower+1","floor":46},{"not_picked":["sneckomod:UnknownClassBLUE+1","sneckomod:UnknownClassGREEN+1"],"picked":"sneckomod:Unknown3Cost+1","floor":46},{"not_picked":["sneckomod:SoulExchange","sneckomod:WideSting","sneckomod:MasterEye"],"picked":"SKIP","floor":46}],"player_experience":255188,"relics_obtained":[{"floor":4,"key":"Mercury Hourglass"},{"floor":6,"key":"Akabeko"},{"floor":7,"key":"CeramicFish"},{"floor":9,"key":"FossilizedHelix"},{"floor":11,"key":"infinitespire:Midas Blood"},{"floor":25,"key":"Lantern"},{"floor":26,"key":"Guardian:PocketSentry"},{"floor":31,"key":"hubris:SlimyHat"},{"floor":40,"key":"Strawberry"},{"floor":42,"key":"Whetstone"},{"floor":43,"key":"Eternal Feather"},{"floor":45,"key":"Turnip"},{"floor":46,"key":"infinitespire:PuzzleCube"}],"event_choices":[{"damage_healed":0,"gold_gain":0,"player_choice":"Bought 0 Potions","damage_taken":0,"max_hp_gain":0,"max_hp_loss":0,"event_name":"The Woman in Blue","floor":2,"gold_loss":0},{"damage_healed":0,"gold_gain":0,"player_choice":"Read","damage_taken":0,"max_hp_gain":0,"max_hp_loss":0,"event_name":"The Library","floor":21,"gold_loss":0,"cards_obtained":["Backflip"]},{"damage_healed":0,"gold_gain":0,"player_choice":"Upgraded Two","damage_taken":0,"max_hp_gain":0,"max_hp_loss":0,"event_name":"Designer","floor":36,"gold_loss":40,"cards_upgraded":["sneckomod:DiceBlock","sneckomod:DiceCrush"]},{"damage_healed":0,"gold_gain":0,"player_choice":"Embrace Madness","damage_taken":15,"max_hp_gain":0,"max_hp_loss":0,"event_name":"Winding Halls","floor":41,"gold_loss":0,"cards_obtained":["Madness","Madness"]},{"damage_healed":0,"gold_gain":0,"player_choice":"Fight","damage_taken":0,"max_hp_gain":0,"max_hp_loss":0,"event_name":"Mysterious Sphere","floor":45,"gold_loss":0},{"cards_removed":["sneckomod:UnknownClassBLUE"],"damage_healed":0,"gold_gain":0,"player_choice":"Removed Skill","damage_taken":0,"max_hp_gain":0,"max_hp_loss":0,"event_name":"Falling","floor":48,"gold_loss":0}],"is_beta":false,"boss_relics":[{"not_picked":["hubris:HollowSoul","Calling Bell"],"picked":"hubris:VirtuousBlindfold"},{"not_picked":["Empty Cage","infinitespire:Cupcake"],"picked":"Sozu"}],"items_purged_floors":[],"is_endless":false,"potions_floor_spawned":[6,11,16,18,19,25,29,33,35,40],"ascension_level":0}}