{"host":"5h7tnviy6ct1qpjn","time":1610551788,"event":{"mods":["AchievementEnabler","BaseMod","BetterRewards","Colored Powertips","Minty Spire (QoL Compilation)","Shop Mod","StSLib"],"gold_per_floor":[117,133,153,153,167,167,197,57,125,125,139,139,158,174,174,174,174],"floor_reached":16,"language":"ENG","playtime":2097,"items_purged":[],"score":104,"play_id":"1c67f20e-0dd3-4023-9c91-31c918148167","local_time":"20210113162948","is_ascension_mode":false,"campfire_choices":[{"floor":6,"key":"RECALL"},{"data":"Eruption","floor":10,"key":"SMITH"},{"data":"Halt","floor":12,"key":"SMITH"},{"floor":15,"key":"REST"}],"circlet_count":0,"master_deck":["Strike_P","Strike_P","Strike_P","Strike_P","Defend_P","Defend_P","Defend_P","Defend_P","Eruption+1","Vigilance","Consecrate","EmptyBody","LikeWater+1","FearNoEvil","EmptyBody","PathToVictory","Study+1","Halt+1","MasterReality+1","FollowUp","Crescendo","Consecrate"],"relics":["Frozen Egg 2","Torii","Pantograph"],"acts_visited":["Exordium"],"potions_floor_usage":[],"damage_taken":[{"damage":5,"enemies":"Jaw Worm","floor":1,"turns":5},{"damage":2,"enemies":"Cultist","floor":2,"turns":5},{"damage":0,"enemies":"2 Louse","floor":3,"turns":2},{"damage":0,"enemies":"Exordium Thugs","floor":5,"turns":4},{"damage":22,"enemies":"Lagavulin","floor":7,"turns":9},{"damage":2,"enemies":"Exordium Wildlife","floor":11,"turns":4},{"damage":10,"enemies":"Gremlin Gang","floor":13,"turns":5},{"damage":4,"enemies":"Lots of Slimes","floor":14,"turns":4},{"damage":77,"enemies":"Hexaghost","floor":16,"turns":11}],"seed_played":"5309576743220107002","potions_obtained":[{"floor":7,"key":"Energy Potion"},{"floor":11,"key":"Strength Potion"}],"is_trial":false,"path_per_floor":["M","M","M","?","M","R","E","$","T","R","M","R","M","M","R","B"],"character_chosen":"WATCHER","items_purchased":["Frozen Egg 2","Consecrate","EmptyBody","LikeWater+1","MasterReality+1"],"campfire_rested":1,"item_purchase_floors":[0,0,0,0,8],"current_hp_per_floor":[67,65,65,70,70,70,48,48,48,48,46,46,36,32,53,0,0],"gold":174,"neow_bonus":"","is_daily":false,"chose_seed":false,"campfire_upgraded":2,"win_rate":0.0,"timestamp":1610551788,"path_taken":["M","M","M","?","M","R","E","?","T","R","M","R","M","M","R","BOSS"],"items_purchased_type":["Relic","Card","Card","Card","Card"],"build_version":"2020-12-22","purchased_purges":0,"victory":false,"max_hp_per_floor":[72,72,72,72,72,72,72,72,72,72,72,72,72,72,72,72,72],"card_choices":[{"not_picked":["EmptyFist","Evaluate"],"picked":"FearNoEvil","floor":1},{"not_picked":["Protect","Evaluate"],"picked":"EmptyBody","floor":2},{"not_picked":["EmptyFist","SignatureMove"],"picked":"PathToVictory","floor":3},{"not_picked":["Tantrum","EmptyMind"],"picked":"Study+1","floor":5},{"not_picked":["EmptyBody","TalkToTheHand"],"picked":"Halt","floor":7},{"not_picked":["FlyingSleeves","Ragnarok"],"picked":"FollowUp","floor":11},{"not_picked":["CutThroughFate","EmptyBody"],"picked":"Crescendo","floor":13},{"not_picked":["SandsOfTime","Nirvana+1"],"picked":"Consecrate","floor":14}],"player_experience":49006,"relics_obtained":[{"floor":7,"key":"Torii"},{"floor":9,"key":"Pantograph"}],"event_choices":[{"cards_removed":["ThirdEye"],"damage_healed":5,"gold_gain":0,"player_choice":"Offered Common","damage_taken":0,"max_hp_gain":0,"max_hp_loss":0,"event_name":"Bonfire Elementals","floor":4,"gold_loss":0},{"cards_removed":["ThirdEye"],"damage_healed":5,"gold_gain":0,"player_choice":"Offered Special","damage_taken":0,"max_hp_gain":0,"max_hp_loss":0,"event_name":"Bonfire Elementals","floor":4,"gold_loss":0}],"is_beta":false,"boss_relics":[],"items_purged_floors":[],"is_endless":false,"potions_floor_spawned":[7,11],"killed_by":"Hexaghost","ascension_level":0}}