{"host":"7rmsgc3rayi00cdt","time":1610555076,"event":{"mods":["BaseMod","Minty Spire (QoL Compilation)"],"gold_per_floor":[113,132,132,147,166,166,186,219,246,246,246,246,276,111,111,184,184,198,198,40,54,72,72,98,98,98,109,109,109],"floor_reached":28,"language":"ENG","playtime":923,"items_purged":[],"score":516,"play_id":"bfb9f476-6f4f-4819-9c00-9627596d51e2","local_time":"20210113162436","is_ascension_mode":true,"campfire_choices":[{"floor":6,"key":"REST"},{"floor":10,"key":"REST"},{"floor":12,"key":"REST"},{"data":"Zap","floor":15,"key":"SMITH"},{"floor":23,"key":"REST"}],"circlet_count":0,"master_deck":["AscendersBane","Strike_B","Strike_B","Strike_B","Defend_B+1","Defend_B","Defend_B","Defend_B+1","Zap+1","Dualcast","Gash","Beam Cell","Leap","Gash","Go for the Eyes","Core Surge","Gash","Buffer","Rebound","Streamline","Static Discharge","BootSequence"],"relics":["Cracked Core","Shuriken","Oddly Smooth Stone","Anchor","Regal Pillow","Fusion Hammer","Enchiridion","Pen Nib","Dream Catcher","Torii"],"acts_visited":["Exordium","TheCity"],"potions_floor_usage":[8,13,22,24,27],"damage_taken":[{"damage":12,"enemies":"2 Louse","floor":1,"turns":3},{"damage":0,"enemies":"Cultist","floor":2,"turns":3},{"damage":0,"enemies":"Small Slimes","floor":4,"turns":3},{"damage":8,"enemies":"Exordium Thugs","floor":5,"turns":4},{"damage":8,"enemies":"Blue Slaver","floor":7,"turns":3},{"damage":22,"enemies":"Lagavulin","floor":8,"turns":6},{"damage":0,"enemies":"Gremlin Nob","floor":13,"turns":3},{"damage":42,"enemies":"Hexaghost","floor":16,"turns":10},{"damage":11,"enemies":"Spheric Guardian","floor":18,"turns":4},{"damage":0,"enemies":"Shell Parasite","floor":21,"turns":6},{"damage":0,"enemies":"Cultist and Chosen","floor":22,"turns":5},{"damage":15,"enemies":"Gremlin Leader","floor":24,"turns":5},{"damage":14,"enemies":"Centurion and Healer","floor":27,"turns":7},{"damage":30,"enemies":"3 Cultists","floor":28,"turns":5}],"seed_played":"-573963796434695937","potions_obtained":[{"floor":1,"key":"Weak Potion"},{"floor":4,"key":"Fire Potion"},{"floor":18,"key":"Swift Potion"},{"floor":22,"key":"AttackPotion"},{"floor":24,"key":"SkillPotion"}],"is_trial":false,"path_per_floor":["M","M","?","M","M","R","M","E","T","R","?","R","E","$","R","B",null,"M","?","$","M","M","R","E","?","T","M","M"],"character_chosen":"DEFECT","items_purchased":["Regal Pillow","Pen Nib"],"campfire_rested":4,"item_purchase_floors":[14,20],"current_hp_per_floor":[48,48,48,48,40,65,57,35,35,60,34,59,59,59,59,17,68,57,36,36,36,36,76,61,36,36,22,0,0],"gold":109,"neow_bonus":"TWENTY_PERCENT_HP_BONUS","is_daily":false,"chose_seed":false,"campfire_upgraded":1,"win_rate":0.0,"timestamp":1610555076,"path_taken":["M","M","?","?","M","R","M","E","T","R","?","R","E","?","R","BOSS","M","?","$","M","M","R","E","?","T","M","M"],"items_purchased_type":["Relic","Relic"],"build_version":"2020-12-22","purchased_purges":0,"victory":false,"max_hp_per_floor":[85,85,85,85,85,85,85,85,85,85,85,85,85,85,85,85,85,85,85,85,85,85,85,85,90,90,90,90,90],"card_choices":[{"not_picked":["Hello World","Hologram"],"picked":"Gash","floor":1},{"not_picked":["Turbo","Capacitor"],"picked":"Beam Cell","floor":2},{"not_picked":["Redo","Rebound"],"picked":"Leap","floor":4},{"not_picked":["Conserve Battery","Redo"],"picked":"Gash","floor":5},{"not_picked":["White Noise","Sweeping Beam"],"picked":"Go for the Eyes","floor":7},{"not_picked":["Chaos","Coolheaded"],"picked":"Core Surge","floor":8},{"not_picked":["Turbo","Steam"],"picked":"Gash","floor":13},{"not_picked":["Fission","Thunder Strike"],"picked":"Buffer","floor":16},{"not_picked":["Barrage","Consume+1"],"picked":"Rebound","floor":18},{"not_picked":["Doom and Gloom","Steam"],"picked":"Streamline","floor":21},{"not_picked":["Melter","Coolheaded"],"picked":"Static Discharge","floor":22},{"not_picked":["Hologram","Sweeping Beam"],"picked":"BootSequence","floor":24},{"not_picked":["Streamline","Steam","Defragment"],"picked":"SKIP","floor":27}],"player_experience":762279,"relics_obtained":[{"floor":8,"key":"Shuriken"},{"floor":9,"key":"Oddly Smooth Stone"},{"floor":13,"key":"Anchor"},{"floor":19,"key":"Enchiridion"},{"floor":24,"key":"Dream Catcher"},{"floor":26,"key":"Torii"}],"event_choices":[{"cards_removed":["Strike_B"],"damage_healed":0,"gold_gain":0,"player_choice":"Purged","damage_taken":0,"max_hp_gain":0,"max_hp_loss":0,"event_name":"Purifier","floor":3,"gold_loss":0},{"damage_healed":0,"gold_gain":0,"player_choice":"Entered Light","damage_taken":26,"max_hp_gain":0,"max_hp_loss":0,"event_name":"Shining Light","floor":11,"gold_loss":0,"cards_upgraded":["Defend_B","Defend_B"]},{"damage_healed":0,"gold_gain":0,"player_choice":"Obtained Book","damage_taken":21,"max_hp_gain":0,"max_hp_loss":0,"event_name":"Cursed Tome","floor":19,"gold_loss":0},{"damage_healed":0,"gold_gain":0,"player_choice":"Shed Blood","damage_taken":30,"max_hp_gain":5,"max_hp_loss":0,"event_name":"Forgotten Altar","floor":25,"gold_loss":0}],"is_beta":false,"boss_relics":[{"not_picked":["Philosopher\u0027s Stone","Ectoplasm"],"picked":"Fusion Hammer"}],"items_purged_floors":[],"is_endless":false,"potions_floor_spawned":[1,4,18,22,24],"killed_by":"3 Cultists","ascension_level":16}}