{"host":"fuszjwm6fqgjjp4d","time":1610552686,"event":{"mods":["BaseMod","Bestiary","Colored Map","DeckTracker","Minty Spire (QoL Compilation)","Permanent Neow","Relic Sorter","Relic Stats","StSLib"],"gold_per_floor":[118,118,128,128,142,142,152,187,212,212,287,314,314,333,333,333,333],"floor_reached":16,"language":"ENG","playtime":598,"items_purged":[],"score":220,"play_id":"e7fd8260-72cb-4abb-bb4d-338af8bd717c","local_time":"20210113094446","is_ascension_mode":true,"campfire_choices":[{"data":"Bane","floor":6.0,"key":"SMITH"},{"floor":15.0,"key":"REST"}],"circlet_count":0,"master_deck":["AscendersBane","Strike_G","Strike_G","Strike_G","Strike_G+1","Defend_G","Defend_G","Defend_G","Defend_G","Defend_G+1","Survivor","Neutralize","Crippling Poison+1","Backflip","Endless Agony","Bane+1","Blur","Skewer","Catalyst","Bane"],"relics":["Ring of the Snake","Juzu Bracelet","Anchor","Vajra","Lantern"],"acts_visited":["Exordium"],"potions_floor_usage":[16,16],"damage_taken":[{"damage":4.0,"enemies":"Jaw Worm","floor":1.0,"turns":6.0},{"damage":3.0,"enemies":"Cultist","floor":3.0,"turns":5.0},{"damage":1.0,"enemies":"Small Slimes","floor":5.0,"turns":5.0},{"damage":0.0,"enemies":"3 Louse","floor":7.0,"turns":2.0},{"damage":6.0,"enemies":"3 Sentries","floor":8.0,"turns":4.0},{"damage":9.0,"enemies":"Lagavulin","floor":12.0,"turns":6.0},{"damage":1.0,"enemies":"Exordium Thugs","floor":14.0,"turns":5.0},{"damage":25,"enemies":"Hexaghost","floor":16,"turns":9}],"seed_played":"6267261563334714113","potions_obtained":[{"floor":1.0,"key":"EntropicBrew"},{"floor":12.0,"key":"Swift Potion"},{"floor":14.0,"key":"Swift Potion"}],"is_trial":false,"path_per_floor":["M","?","M","?","M","R","M","E","T","?","?","E","?","M","R","B"],"character_chosen":"THE_SILENT","items_purchased":[],"campfire_rested":1,"item_purchase_floors":[],"current_hp_per_floor":[55,55,52,52,51,51,51,45,45,25,14,5,5,4,23,0,0],"gold":333,"neow_bonus":"RANDOM_COMMON_RELIC","is_daily":false,"chose_seed":false,"campfire_upgraded":1,"win_rate":0.0,"timestamp":1610552686,"path_taken":["M","?","M","?","M","R","M","E","T","?","?","E","?","M","R","BOSS"],"items_purchased_type":[],"build_version":"2020-12-22","purchased_purges":0,"victory":false,"max_hp_per_floor":[66,66,66,66,66,66,66,66,66,66,66,66,66,66,66,66,66],"relic_stats":{"counters":[8,42],"Juzu Bracelet":2,"obtain_stats":[{"Anchor":8,"Lantern":12,"Vajra":9,"Juzu Bracelet":0,"Ring of the Snake":0},{"Anchor":5,"Lantern":6,"Vajra":5,"Juzu Bracelet":0,"Ring of the Snake":0},{"Anchor":22,"Lantern":28,"Vajra":22,"Juzu Bracelet":0,"Ring of the Snake":0}],"Ring of the Snake":[16]},"card_choices":[{"not_picked":["Deadly Poison","Underhanded Strike"],"picked":"Crippling Poison","floor":1.0},{"not_picked":["Acrobatics","Expertise"],"picked":"Backflip","floor":3.0},{"not_picked":["Masterful Stab","Dagger Throw"],"picked":"Bane","floor":5.0},{"not_picked":["Dagger Spray","Cloak And Dagger"],"picked":"Blur","floor":7.0},{"not_picked":["Doppelganger","Flying Knee"],"picked":"Skewer","floor":8.0},{"not_picked":["PiercingWail","Escape Plan"],"picked":"Catalyst","floor":12.0},{"not_picked":["Outmaneuver","Prepared"],"picked":"Bane","floor":14.0}],"player_experience":1287441,"relics_obtained":[{"floor":8.0,"key":"Anchor"},{"floor":9.0,"key":"Vajra"},{"floor":12.0,"key":"Lantern"}],"event_choices":[{"damage_healed":0.0,"max_hp_gain":0.0,"max_hp_loss":0.0,"gold_gain":0.0,"event_name":"Upgrade Shrine","player_choice":"Upgraded","floor":2.0,"gold_loss":0.0,"damage_taken":0.0,"cards_upgraded":["Crippling Poison"]},{"damage_healed":0.0,"max_hp_gain":0.0,"max_hp_loss":0.0,"gold_gain":0.0,"cards_transformed":["Strike_G"],"event_name":"Transmorgrifier","player_choice":"Transformed","floor":4.0,"gold_loss":0.0,"damage_taken":0.0,"cards_obtained":["Endless Agony"]},{"damage_healed":0.0,"max_hp_gain":0.0,"max_hp_loss":0.0,"gold_gain":0.0,"event_name":"Shining Light","player_choice":"Entered Light","floor":10.0,"gold_loss":0.0,"damage_taken":20.0,"cards_upgraded":["Strike_G","Defend_G"]},{"damage_healed":0.0,"max_hp_gain":0.0,"max_hp_loss":0.0,"gold_gain":75.0,"event_name":"World of Goop","player_choice":"Gather Gold","floor":11.0,"gold_loss":0.0,"damage_taken":11.0},{"damage_healed":0.0,"max_hp_gain":0.0,"max_hp_loss":0.0,"gold_gain":0.0,"event_name":"Liars Game","player_choice":"Ignored","floor":13.0,"gold_loss":0.0,"damage_taken":0.0}],"is_beta":false,"boss_relics":[],"items_purged_floors":[],"is_endless":false,"potions_floor_spawned":[1,12,14],"killed_by":"Hexaghost","ascension_level":20}}