{"host":"6jrnojxwearbrjzo","time":1610555469,"event":{"mods":["BaseMod","Colored Map","Conspire","Highlight Path","Minty Spire (QoL Compilation)","Quick Restart","Replay The Spire","Shop Mod","Spicy Shops","StSLib","The Servant 0.9.4"],"gold_per_floor":[114,114,289,64,64,64,79,94,94,109,124,139,162,198,198,316,316,341,111,132,159,186,230,230,270,270,270,270,270,299,328,328,442,442,463,463,463,11,36,36,63,90,140,467,500,525,525,583,583,591],"floor_reached":51,"language":"ZHS","playtime":1772,"items_purged":["Doubt","Normality","Bite"],"score":1045,"play_id":"5be3ef01-7324-448c-82a4-78065a001043","local_time":"20210114003109","daily_mods":["Cursed Run","Vintage","Lethality"],"is_ascension_mode":false,"campfire_choices":[{"data":"Eruption","floor":6,"key":"SMITH"},{"data":"Vigilance","floor":15,"key":"SMITH"},{"data":"Strike_P","floor":24,"key":"SMITH"},{"data":"DeusExMachina","floor":27,"key":"SMITH"},{"data":"Bite","floor":32,"key":"SMITH"},{"data":"TalkToTheHand","floor":49,"key":"SMITH"}],"circlet_count":0,"master_deck":["Defend_P","Defend_P","Defend_P","Eruption+1","Vigilance+1","ForeignInfluence+1","Steam+1","DeusExMachina+1","Wireheading+1","ClearTheMind","Bite+1","Bite","Bite","Bite","Doubt","Vault","Writhe","CurseOfTheBell","CurseOfTheBell","Apotheosis","FollowUp","TalkToTheHand+1","ReplayTheSpireMod:Faulty Equipment"],"relics":["Cursed Key","Darkstone Periapt","Du-Vu Doll","Bag of Marbles","Guide Book","Smiling Mask","Damaru","Onion Ring","Potion Belt","Divine Protection","Replay:Bandana","Quantum Egg","Snecko Heart","Replay:Wax Seal","ReplayTheSpireMod:CursedCoin","MealTicket","Ginger","Frozen Egg 2","Garlic","Regal Pillow","Anchor","Boot","conspire:BottledYoYo","PreservedInsect","Vajra","Replay:Ancient Bell","Akabeko","Chameleon Ring","Turnip","Simple Rune","Shuriken","TheAbacus","Bag of Preparation","StrikeDummy","Replay:Bottled Snecko","Ancient Tea Set","Old Coin","Mirror","Juzu Bracelet","Incense Burner"],"acts_visited":["Exordium","TheCity","TheBeyond"],"potions_floor_usage":[13,16,16,18,23,33,33,50,50],"damage_taken":[{"damage":4,"enemies":"Jaw Worm","floor":1,"turns":2},{"damage":0,"enemies":"2 Louse","floor":7,"turns":1},{"damage":0,"enemies":"Small Slimes","floor":8,"turns":1},{"damage":0,"enemies":"Looter","floor":10,"turns":1},{"damage":2,"enemies":"Exordium Thugs","floor":11,"turns":3},{"damage":0,"enemies":"3 Louse","floor":12,"turns":2},{"damage":0,"enemies":"Large Slime","floor":13,"turns":2},{"damage":0,"enemies":"Gremlin Nob","floor":14,"turns":2},{"damage":0,"enemies":"Slime Boss","floor":16,"turns":3},{"damage":0,"enemies":"3 Byrds","floor":18,"turns":2},{"damage":0,"enemies":"Shell Parasite","floor":20,"turns":1},{"damage":0,"enemies":"Snecko","floor":21,"turns":3},{"damage":0,"enemies":"Chosen and Byrds","floor":22,"turns":3},{"damage":0,"enemies":"Replay:Snechameleon","floor":23,"turns":3},{"damage":40,"enemies":"Gremlin Leader","floor":25,"turns":6},{"damage":0,"enemies":"Snake Plant","floor":30,"turns":2},{"damage":5,"enemies":"conspire:HollyBat","floor":31,"turns":5},{"damage":79,"enemies":"Automaton","floor":33,"turns":8},{"damage":0,"enemies":"Orb Walker","floor":35,"turns":2},{"damage":12,"enemies":"3 Shapes","floor":39,"turns":3},{"damage":0,"enemies":"3 Darklings","floor":41,"turns":3},{"damage":0,"enemies":"Spire Growth","floor":42,"turns":3},{"damage":0,"enemies":"4 Shapes","floor":44,"turns":3},{"damage":14,"enemies":"Sphere and 2 Shapes","floor":45,"turns":3},{"damage":0,"enemies":"Transient","floor":46,"turns":6},{"damage":18,"enemies":"Mind Bloom Boss Battle","floor":48,"turns":6},{"damage":44,"enemies":"Time Eater","floor":50,"turns":8}],"seed_played":"-4624312993155624390","potions_obtained":[{"floor":10,"key":"BlessingOfTheForge"},{"floor":11,"key":"Fire Potion"},{"floor":12,"key":"LiquidBronze"},{"floor":16,"key":"Explosive Potion"},{"floor":18,"key":"Flashbang"},{"floor":21,"key":"FearPotion"},{"floor":22,"key":"SteroidPotion"},{"floor":35,"key":"LiquidMemories"},{"floor":39,"key":"Languid Potion"},{"floor":42,"key":"SkillPotion"},{"floor":46,"key":"FearPotion"}],"is_trial":false,"path_per_floor":["M","?","?","$","$","R","M","M","T","M","M","M","M","E","R","B",null,"M","$","M","M","M","E","R","E","T","R","?","?","M","M","R","B",null,"M","?","?","$","M","$","M","M","T","M","M","M","?","?","R","B",null],"character_chosen":"WATCHER","items_purchased":["Guide Book","ReplayTheSpireMod:CursedCoin","MealTicket","Ginger","FairyPotion","Shuriken","TheAbacus","FollowUp"],"campfire_rested":0,"item_purchase_floors":[4,19,19,19,19,38,38,38],"current_hp_per_floor":[68,68,74,74,74,74,74,74,80,80,78,78,78,78,78,86,90,90,96,96,96,96,96,96,56,62,62,62,62,66,81,81,45,126,126,126,126,126,116,126,126,126,132,132,124,132,132,114,114,100],"gold":591,"neow_bonus":"","is_daily":true,"chose_seed":false,"campfire_upgraded":6,"win_rate":0.0,"timestamp":1610555469,"path_taken":["M","?","?","?","$","R","M","M","T","M","M","M","M","E","R","BOSS","M","$","M","M","M","E","R","E","T","R","?","?","M","?","R","BOSS","M","?","?","$","M","$","M","M","T","M","M","M","?","?","R","BOSS"],"items_purchased_type":["Relic","Relic","Relic","Relic","Potion","Relic","Relic","Card"],"build_version":"2020-12-22","purchased_purges":3,"victory":true,"max_hp_per_floor":[72,72,78,78,78,78,78,78,84,84,84,84,84,84,84,90,90,90,96,96,96,96,96,96,96,102,102,102,102,102,102,102,108,126,126,126,126,126,126,126,126,126,132,132,132,132,132,132,132,138],"card_choices":[{"not_picked":["Conclude","Evaluate","WaveOfTheHand"],"picked":"SKIP","floor":14},{"not_picked":["MasterReality","Replay:AllIn"],"picked":"DeusExMachina","floor":16},{"not_picked":["ThirdEye","Crescendo"],"picked":"Wireheading+1","floor":23},{"not_picked":["FlurryOfBlows","Replay:Hum"],"picked":"ClearTheMind","floor":25},{"not_picked":["DeusExMachina","Establishment+1"],"picked":"Vault","floor":33},{"not_picked":["conspire:Blindness","Parasite"],"picked":"Writhe","floor":34},{"not_picked":["Replay:Hysterical Blindness","AbeCurse"],"picked":"CurseOfTheBell","floor":34},{"not_picked":["ReplayTheSpireMod:Doomed","ReplayTheSpireMod:Splinters"],"picked":"CurseOfTheBell","floor":34},{"not_picked":["Secret Weapon","Enlightenment"],"picked":"Apotheosis","floor":37},{"not_picked":["BattleHymn+1","Collect"],"picked":"TalkToTheHand","floor":48}],"player_experience":60047,"relics_obtained":[{"floor":1,"key":"Bag of Marbles"},{"floor":7,"key":"Smiling Mask"},{"floor":8,"key":"Damaru"},{"floor":9,"key":"Onion Ring"},{"floor":10,"key":"Potion Belt"},{"floor":11,"key":"Divine Protection"},{"floor":12,"key":"Replay:Bandana"},{"floor":13,"key":"Quantum Egg"},{"floor":14,"key":"Blood Vial"},{"floor":18,"key":"Replay:Wax Seal"},{"floor":20,"key":"Frozen Egg 2"},{"floor":21,"key":"Garlic"},{"floor":22,"key":"Regal Pillow"},{"floor":23,"key":"Anchor"},{"floor":25,"key":"Boot"},{"floor":26,"key":"conspire:BottledYoYo"},{"floor":30,"key":"PreservedInsect"},{"floor":31,"key":"Vajra"},{"floor":35,"key":"Simple Rune"},{"floor":39,"key":"Bag of Preparation"},{"floor":41,"key":"StrikeDummy"},{"floor":42,"key":"Replay:Bottled Snecko"},{"floor":43,"key":"Ancient Tea Set"},{"floor":44,"key":"Old Coin"},{"floor":45,"key":"Mirror"},{"floor":46,"key":"Juzu Bracelet"},{"floor":48,"key":"Incense Burner"}],"event_choices":[{"damage_healed":0,"gold_gain":175,"player_choice":"AGREE","damage_taken":0,"max_hp_gain":0,"max_hp_loss":0,"event_name":"Liars Game","floor":3,"gold_loss":0,"cards_obtained":["Doubt"]},{"damage_healed":0,"gold_gain":0,"player_choice":"Became a vampire (Vial)","damage_taken":0,"max_hp_gain":0,"max_hp_loss":0,"event_name":"Vampires","floor":28,"relics_lost":["Blood Vial"],"gold_loss":0,"cards_obtained":["Bite","Bite","Bite","Bite","Bite"]},{"cards_removed":["Hallucinations","conspire:Blindness","Hallucinations"],"damage_healed":0,"gold_gain":0,"player_choice":"Removed Curses","damage_taken":0,"max_hp_gain":0,"max_hp_loss":0,"event_name":"Fountain of Cleansing","floor":29,"gold_loss":0},{"damage_healed":0,"gold_gain":0,"player_choice":"Leave","damage_taken":0,"max_hp_gain":0,"max_hp_loss":0,"event_name":"conspire:Investor","floor":36,"gold_loss":0},{"damage_healed":0,"gold_gain":0,"player_choice":"Memory 1","damage_taken":0,"max_hp_gain":0,"max_hp_loss":0,"event_name":"SensoryStone","floor":37,"gold_loss":0},{"cards_removed":["Overencumbered"],"damage_healed":0,"gold_gain":0,"player_choice":"Purged","damage_taken":0,"max_hp_gain":0,"max_hp_loss":0,"event_name":"Purifier","floor":47,"gold_loss":0},{"damage_healed":0,"gold_gain":0,"player_choice":"Fight","damage_taken":0,"max_hp_gain":0,"max_hp_loss":0,"event_name":"MindBloom","floor":48,"gold_loss":0}],"is_beta":false,"boss_relics":[{"not_picked":["Astrolabe","Pandora\u0027s Box"],"picked":"Snecko Heart"},{"not_picked":["Replay:Drink Me","Snecko Eye"],"picked":"Replay:Ancient Bell"},{"not_picked":["Happy Flower","War Paint"],"picked":"Akabeko"},{"not_picked":["Yang","Kunai"],"picked":"Chameleon Ring"},{"not_picked":["Durian","CaptainsWheel"],"picked":"Turnip"}],"items_purged_floors":[4,19,38],"is_endless":false,"potions_floor_spawned":[10,11,12,16,18,21,22,35,39,42,46],"ascension_level":0}}