{"host":"xt797mi8yhee06c1","time":1610554071,"event":{"mods":["Arknights The Spire","BaseMod","Bestiary","Koishi","Marisa£¨Ùöéë¡¡Øª×âÞÞ£©","Minty Spire (QoL Compilation)","Poor People Problems","Prisma Mod","Relic Filter","Shop Mod","Spicy Shops","StSLib","The Marked","The Runesmith","The Servant 0.9.4","WarShipGirlsR/??á´Ò³R mod"],"gold_per_floor":[112,43,61,31,31,63,63,81,157,157,185,185,185,205,205,301,301,317,317,337,349,380,407,407,322,394,394,394],"floor_reached":27,"language":"KOR","playtime":1507,"items_purged":[],"score":239,"play_id":"663fa1ac-c34b-4de7-9942-a30bdf505f27","local_time":"20210114010751","is_ascension_mode":false,"campfire_choices":[{"data":"PrismaMod:IllyaUncommonDefend","floor":7.0,"key":"SMITH"},{"data":"PrismaMod:IllyaHassanGift","floor":10.0,"key":"SMITH"},{"data":"PrismaMod:IllyaCarnivalOrbs","floor":15.0,"key":"SMITH"},{"floor":24,"key":"REST"}],"circlet_count":0,"master_deck":["PrismaMod:IllyaCommonAttack","PrismaMod:IllyaCommonDefend+1","PrismaMod:IllyaCommonAttack","PrismaMod:IllyaCommonDefend","PrismaMod:IllyaCommonAttack","PrismaMod:IllyaCommonDefend+1","PrismaMod:IllyaCommonAttack","PrismaMod:IllyaCommonDefend","PrismaMod:IllyaCommonAttack+1","PrismaMod:IllyaCommonDefend","PrismaMod:IllyaUncommonAttack","PrismaMod:IllyaUncommonDefend+1","PrismaMod:IllyaSaphire","PrismaMod:IllyaInstallAvenger","PrismaMod:IllyaDetonatingBlow","PrismaMod:IllyaHassanGift+1","PrismaMod:IllyaCommandSeal","PrismaMod:IllyaGrail","PrismaMod:IllyaInstallSaber","PrismaMod:IllyaAOECommonAttack+1","PrismaMod:IllyaBerserCAR","PrismaMod:IllyaDevil","PrismaMod:IllyaCarnivalOrbs+1","PrismaMod:IllyaInstallAssassin","PrismaMod:IllyaCommandSeal","PrismaMod:IllyaDevil","PrismaMod:IllyaPoisoningPhantasm+1","PrismaMod:IllyaSaphire","PrismaMod:IllyaMaid+1"],"relics":["PrismaMod:PrismaZwei","War Paint","Girya","Runesmith:Nanobots","Pen Nib","Darkstone Periapt","Red Mask","WingedGreaves","Nunchaku","Eternal Feather"],"acts_visited":["Exordium","TheCity"],"potions_floor_usage":[22,23,23],"damage_taken":[{"damage":0.0,"enemies":"Small Slimes","floor":1.0,"turns":5.0},{"damage":11.0,"enemies":"Jaw Worm","floor":3.0,"turns":4.0},{"damage":9.0,"enemies":"3 Sentries","floor":6.0,"turns":7.0},{"damage":0.0,"enemies":"Cultist","floor":8.0,"turns":4.0},{"damage":1.0,"enemies":"Gremlin Nob","floor":11.0,"turns":5.0},{"damage":0.0,"enemies":"3 Louse","floor":14.0,"turns":3.0},{"damage":25.0,"enemies":"Slime Boss","floor":16.0,"turns":7.0},{"damage":1.0,"enemies":"Spheric Guardian","floor":18.0,"turns":4.0},{"damage":10,"enemies":"2 Thieves","floor":20,"turns":4},{"damage":8,"enemies":"Cultist and Chosen","floor":21,"turns":5},{"damage":12,"enemies":"Masked Bandits","floor":22,"turns":4},{"damage":57,"enemies":"Gremlin Leader","floor":23,"turns":7},{"damage":36,"enemies":"Book of Stabbing","floor":27,"turns":5}],"seed_played":"6883134999381845316","potions_obtained":[{"floor":1.0,"key":"Dexterity Potion"},{"floor":3.0,"key":"EssenceOfSteel"},{"floor":6.0,"key":"ColorlessPotion"},{"floor":16.0,"key":"SpeedPotion"},{"floor":22,"key":"BlessingOfTheForge"},{"floor":23,"key":"Explosive Potion"}],"is_trial":false,"path_per_floor":["M","$","M","?","$","E","R","M","T","R","E","?","?","M","R","B",null,"M","?","M","M","?","E","R","?","T","E"],"character_chosen":"ILLYA","items_purchased":["PrismaMod:IllyaInstallAvenger"],"campfire_rested":1,"item_purchase_floors":[2],"current_hp_per_floor":[75,75,64,64,64,61,61,64,64,64,69,54,47,50,50,28,75,75,75,65,60,54,6,28,28,28,0,0],"gold":394,"neow_bonus":"RANDOM_COMMON_RELIC","is_daily":false,"chose_seed":false,"campfire_upgraded":3,"win_rate":0.0,"timestamp":1610554071,"path_taken":["M","$","M","?","?","E","R","M","T","R","E","?","?","M","R","BOSS","M","?","M","?","?","E","R","?","T","E"],"items_purchased_type":["Card"],"build_version":"2020-12-22","purchased_purges":0,"victory":false,"max_hp_per_floor":[75,75,75,75,75,75,75,75,75,75,75,75,75,75,75,75,75,75,75,75,75,75,75,75,75,75,75,75],"card_choices":[{"not_picked":["PrismaMod:IllyaPoisoningPhantasm","PrismaMod:IllyaUncommonEvoke"],"picked":"PrismaMod:IllyaSaphire","floor":1.0},{"not_picked":["PrismaMod:IllyaFriendMaker","PrismaMod:IllyaUberPoisonBlock"],"picked":"PrismaMod:IllyaDetonatingBlow","floor":3.0},{"not_picked":[],"picked":"PrismaMod:IllyaHassanGift","floor":4.0},{"not_picked":[],"picked":"PrismaMod:IllyaCommandSeal","floor":4.0},{"not_picked":[],"picked":"PrismaMod:IllyaGrail","floor":4.0},{"not_picked":[],"picked":"PrismaMod:IllyaInstallSaber","floor":4.0},{"not_picked":["PrismaMod:IllyaRussianRoulette","PrismaMod:IllyaMinorZwei"],"picked":"PrismaMod:IllyaAOECommonAttack","floor":6.0},{"not_picked":["PrismaMod:IllyaCheapChannelDefend","PrismaMod:IllyaCommonEvoke"],"picked":"PrismaMod:IllyaBerserCAR","floor":8.0},{"not_picked":["PrismaMod:IllyaAOECommonAttack","PrismaMod:IllyaBerserCAR"],"picked":"PrismaMod:IllyaDevil","floor":11.0},{"not_picked":["PrismaMod:IllyaAOECommonAttack","PrismaMod:IllyaUncommonAOEAttack"],"picked":"PrismaMod:IllyaCarnivalOrbs","floor":14.0},{"not_picked":["PrismaMod:IllyaInstallCaster","PrismaMod:IllyaInstallBerserker"],"picked":"PrismaMod:IllyaInstallAssassin","floor":16.0},{"not_picked":["PrismaMod:IllyaBride","PrismaMod:IllyaBoysLove"],"picked":"PrismaMod:IllyaCommandSeal","floor":18.0},{"not_picked":["PrismaMod:IllyaCheapChannelAttack","PrismaMod:IllyaBlindPoisonToss"],"picked":"PrismaMod:IllyaDevil","floor":20},{"not_picked":["PrismaMod:IllyaUpgradeOrbs+1","PrismaMod:IllyaFriendMaker"],"picked":"PrismaMod:IllyaPoisoningPhantasm+1","floor":21},{"not_picked":["PrismaMod:IllyaPartialInstallAssassin","PrismaMod:IllyaHassanGift"],"picked":"PrismaMod:IllyaSaphire","floor":22},{"not_picked":["PrismaMod:IllyaMinorRapidFire","PrismaMod:IllyaFriendMaker"],"picked":"PrismaMod:IllyaMaid+1","floor":23}],"player_experience":340334,"relics_obtained":[{"floor":6.0,"key":"Girya"},{"floor":9.0,"key":"Runesmith:Nanobots"},{"floor":11.0,"key":"Pen Nib"},{"floor":22,"key":"Red Mask"},{"floor":23,"key":"WingedGreaves"},{"floor":26,"key":"Eternal Feather"}],"event_choices":[{"damage_healed":0.0,"max_hp_gain":0.0,"max_hp_loss":0.0,"gold_gain":0.0,"event_name":"Shining Light","player_choice":"Entered Light","floor":12.0,"gold_loss":0.0,"damage_taken":15.0,"cards_upgraded":["PrismaMod:IllyaCommonAttack","PrismaMod:IllyaAOECommonAttack"]},{"damage_healed":0.0,"max_hp_gain":0.0,"max_hp_loss":0.0,"gold_gain":0.0,"event_name":"Scrap Ooze","player_choice":"Success","floor":13.0,"gold_loss":0.0,"damage_taken":7.0,"relics_obtained":["Darkstone Periapt"]},{"damage_healed":0.0,"max_hp_gain":0.0,"max_hp_loss":0.0,"gold_gain":0.0,"event_name":"The Woman in Blue","player_choice":"Bought 0 Potions","floor":19.0,"gold_loss":0.0,"damage_taken":0.0},{"damage_healed":0,"gold_gain":0,"player_choice":"Fought Bandits","damage_taken":0,"max_hp_gain":0,"max_hp_loss":0,"event_name":"Masked Bandits","floor":22,"gold_loss":0},{"damage_healed":0,"gold_gain":0,"player_choice":"Obtained Relic","damage_taken":0,"relics_obtained":["Nunchaku"],"max_hp_gain":0,"max_hp_loss":0,"event_name":"Addict","floor":25,"gold_loss":85}],"is_beta":false,"boss_relics":[{"not_picked":["Cursed Key","Pandora\u0027s Box"],"picked":"PrismaMod:PrismaZwei"}],"items_purged_floors":[],"is_endless":false,"potions_floor_spawned":[1,3,6,16,18,21,22,23],"killed_by":"Book of Stabbing","ascension_level":0}}