{"host":"dftyqn972q7tuon4","time":1610565610,"event":{"mods":["AchievementEnabler","BaseMod","Better Altar","Better Match","Better Note","Better Sensory Stone","Better Skull","Better Third Choice","Colored Powertips","Highlight Path","Minty Spire (QoL Compilation)","Permanent Neow","Quick Restart","StSLib"],"gold_per_floor":[10,30,30,40,315,315,334,334,334,354,354,366,401,418,418,521,521,538,549,549,73,85,85,101,112,139,139,169,187,215,165,165,260,260,270,320,117,170,170,205,205,234,234,234,44,44,69,98,98,98],"floor_reached":51,"language":"ENG","playtime":3359,"items_purged":["Strike_R","Strike_R","Strike_R","Strike_R"],"score":1134,"play_id":"608c1092-7d87-4f35-b06a-245cd090b53e","local_time":"20210113202010","is_ascension_mode":true,"campfire_choices":[{"data":"Mayhem","floor":6.0,"key":"SMITH"},{"data":"Uppercut","floor":11.0,"key":"SMITH"},{"data":"Pommel Strike","floor":15.0,"key":"SMITH"},{"data":"Mayhem","floor":23.0,"key":"SMITH"},{"data":"Demon Form","floor":27.0,"key":"SMITH"},{"data":"Cleave","floor":32,"key":"SMITH"},{"floor":41,"key":"REST"},{"floor":44,"key":"REST"},{"floor":49,"key":"REST"}],"circlet_count":0,"master_deck":["Defend_R","Defend_R","Defend_R","Defend_R","Bash","Shrug It Off","Cleave+1","Mayhem+1","Pommel Strike+1","Uppercut+1","Offering","Burning Pact","Dropkick","Demon Form+1","Feel No Pain","Carnage+1","Mayhem+1","Ghostly Armor+1","Sever Soul+1","Seeing Red+1","Bloodletting+1","Offering+1","Wild Strike","Ghostly Armor+1","Armaments+1","Bludgeon+1","Panacea+1","Ghostly Armor+1","Seeing Red+1","Dark Embrace","Reckless Charge+1","Searing Blow"],"relics":["Burning Blood","Ice Cream","MealTicket","Meat on the Bone","Empty Cage","Toxic Egg 2","Smiling Mask","Tiny Chest","Juzu Bracelet","Fusion Hammer","Turnip","Medical Kit","WingedGreaves","Unceasing Top","Mercury Hourglass","StoneCalendar","Shuriken","HornCleat","Oddly Smooth Stone"],"acts_visited":["Exordium","TheCity","TheBeyond"],"potions_floor_usage":[28,29,33,40,40,48,50],"damage_taken":[{"damage":1.0,"enemies":"Cultist","floor":1.0,"turns":4.0},{"damage":4.0,"enemies":"Jaw Worm","floor":2.0,"turns":3.0},{"damage":8.0,"enemies":"2 Louse","floor":4.0,"turns":3.0},{"damage":16.0,"enemies":"Large Slime","floor":7.0,"turns":6.0},{"damage":23.0,"enemies":"Gremlin Gang","floor":10.0,"turns":4.0},{"damage":16.0,"enemies":"3 Louse","floor":12.0,"turns":3.0},{"damage":20.0,"enemies":"3 Sentries","floor":13.0,"turns":5.0},{"damage":11.0,"enemies":"Large Slime","floor":14.0,"turns":5.0},{"damage":40.0,"enemies":"Hexaghost","floor":16.0,"turns":10.0},{"damage":28.0,"enemies":"3 Byrds","floor":18.0,"turns":4.0},{"damage":13.0,"enemies":"Chosen","floor":19.0,"turns":4.0},{"damage":42.0,"enemies":"Snake Plant","floor":22.0,"turns":4.0},{"damage":13.0,"enemies":"Snecko","floor":24.0,"turns":3.0},{"damage":16.0,"enemies":"Cultist and Chosen","floor":25.0,"turns":6.0},{"damage":41,"enemies":"Book of Stabbing","floor":28,"turns":6},{"damage":15,"enemies":"Centurion and Healer","floor":29,"turns":7},{"damage":20,"enemies":"Gremlin Leader","floor":30,"turns":5},{"damage":32,"enemies":"Collector","floor":33,"turns":6},{"damage":16,"enemies":"3 Darklings","floor":35,"turns":3},{"damage":18,"enemies":"Mind Bloom Boss Battle","floor":36,"turns":4},{"damage":49,"enemies":"2 Orb Walkers","floor":38,"turns":4},{"damage":21,"enemies":"Reptomancer","floor":40,"turns":4},{"damage":23,"enemies":"Nemesis","floor":42,"turns":5},{"damage":18,"enemies":"Giant Head","floor":47,"turns":4},{"damage":18,"enemies":"Nemesis","floor":48,"turns":3},{"damage":43,"enemies":"Time Eater","floor":50,"turns":7}],"seed_played":"-7399683198833188809","potions_obtained":[{"floor":7.0,"key":"PowerPotion"},{"floor":10.0,"key":"CultistPotion"},{"floor":13.0,"key":"Fire Potion"},{"floor":14.0,"key":"Fire Potion"},{"floor":16.0,"key":"FearPotion"},{"floor":22.0,"key":"Swift Potion"},{"floor":29,"key":"BloodPotion"},{"floor":30,"key":"Swift Potion"},{"floor":33,"key":"LiquidMemories"},{"floor":38,"key":"DistilledChaos"},{"floor":42,"key":"DistilledChaos"},{"floor":48,"key":"PowerPotion"}],"is_trial":false,"path_per_floor":["M","M","?","M","?","R","M","?","T","M","R","M","E","M","R","B",null,"M","M","?","$","M","R","M","M","T","R","E","M","E","$","R","B",null,"M","?","$","?","?","E","R","E","T","R","$","T","E","E","R","B",null],"character_chosen":"IRONCLAD","items_purchased":["Toxic Egg 2","Mayhem","Medical Kit","Seeing Red+1","Dark Embrace"],"campfire_rested":3,"item_purchase_floors":[21,21,37,45,45],"current_hp_per_floor":[77,79,79,77,77,77,67,80,80,63,63,53,39,46,46,24,66,56,49,49,64,40,40,45,47,47,47,24,27,25,40,40,26,67,57,57,72,41,41,38,62,57,57,80,80,80,68,56,80,55],"gold":98,"neow_bonus":"ONE_RARE_RELIC","is_daily":false,"chose_seed":false,"campfire_upgraded":6,"win_rate":0.0,"timestamp":1610565610,"path_taken":["M","?","?","M","?","R","?","?","T","M","R","M","E","M","R","BOSS","M","?","?","$","M","R","M","M","T","R","E","M","E","$","R","BOSS","M","?","$","?","?","E","R","E","T","R","$","?","E","E","R","BOSS"],"items_purchased_type":["Relic","Card","Relic","Card","Card"],"build_version":"2020-12-22","purchased_purges":4,"victory":true,"max_hp_per_floor":[80,80,80,80,80,80,80,80,80,80,80,80,80,80,80,80,80,80,80,80,80,80,80,80,80,80,80,80,80,80,80,80,80,80,80,80,80,80,80,80,80,80,80,80,80,80,80,80,80,80],"card_choices":[{"not_picked":["Headbutt","Wild Strike"],"picked":"Shrug It Off","floor":1.0},{"not_picked":["True Grit","Flex"],"picked":"Cleave","floor":2.0},{"not_picked":["Good Instincts","Enlightenment"],"picked":"Mayhem","floor":3.0},{"not_picked":["Sword Boomerang","Cleave"],"picked":"Pommel Strike","floor":4.0},{"not_picked":["Headbutt","Perfected Strike"],"picked":"Uppercut","floor":7.0},{"not_picked":["Sword Boomerang","Clothesline","Flex"],"picked":"SKIP","floor":10.0},{"not_picked":["Rampage","Perfected Strike"],"picked":"Offering","floor":12.0},{"not_picked":["Reckless Charge","Perfected Strike"],"picked":"Burning Pact","floor":13.0},{"not_picked":["Cleave","Dual Wield"],"picked":"Dropkick","floor":14.0},{"not_picked":["Corruption","Brutality"],"picked":"Demon Form","floor":16.0},{"not_picked":["Metallicize","Intimidate"],"picked":"Feel No Pain","floor":18.0},{"not_picked":["Shrug It Off","Cleave+1"],"picked":"Carnage+1","floor":19.0},{"not_picked":["Headbutt","Feel No Pain","Clash"],"picked":"SKIP","floor":22.0},{"not_picked":["Inflame","Twin Strike"],"picked":"Ghostly Armor+1","floor":24.0},{"not_picked":["Shrug It Off+1","Warcry+1"],"picked":"Sever Soul+1","floor":25.0},{"not_picked":["Disarm+1","Heavy Blade"],"picked":"Seeing Red+1","floor":28},{"not_picked":["Warcry+1","Combust"],"picked":"Bloodletting+1","floor":29},{"not_picked":["Cleave","Havoc+1","Clothesline"],"picked":"SKIP","floor":30},{"not_picked":["Corruption","Demon Form"],"picked":"Offering+1","floor":33},{"not_picked":["Disarm+1","Metallicize+1"],"picked":"Wild Strike","floor":35},{"not_picked":["Body Slam+1","Warcry+1"],"picked":"Ghostly Armor+1","floor":36},{"not_picked":["Anger+1","Iron Wave"],"picked":"Armaments+1","floor":38},{"not_picked":["Fiend Fire+1","Offering+1"],"picked":"Bludgeon+1","floor":39},{"not_picked":["Enlightenment+1","Dramatic Entrance+1"],"picked":"Panacea+1","floor":39},{"not_picked":["Anger+1","Wild Strike+1","Twin Strike+1"],"picked":"SKIP","floor":40},{"not_picked":["Entrench+1","Feel No Pain"],"picked":"Ghostly Armor+1","floor":42},{"not_picked":["Iron Wave","True Grit+1"],"picked":"Reckless Charge+1","floor":47},{"not_picked":["Warcry+1","Feed"],"picked":"Searing Blow","floor":48}],"player_experience":625312,"relics_obtained":[{"floor":9.0,"key":"MealTicket"},{"floor":13.0,"key":"Meat on the Bone"},{"floor":26.0,"key":"Smiling Mask"},{"floor":28,"key":"Tiny Chest"},{"floor":30,"key":"Juzu Bracelet"},{"floor":36,"key":"Turnip"},{"floor":38,"key":"WingedGreaves"},{"floor":40,"key":"Unceasing Top"},{"floor":42,"key":"Mercury Hourglass"},{"floor":43,"key":"StoneCalendar"},{"floor":46,"key":"Shuriken"},{"floor":47,"key":"HornCleat"},{"floor":48,"key":"Oddly Smooth Stone"}],"event_choices":[{"damage_healed":0.0,"max_hp_gain":0.0,"max_hp_loss":0.0,"gold_gain":1.0,"event_name":"betterStone:BetterStone","player_choice":"1","floor":3.0,"gold_loss":0.0,"damage_taken":0.0},{"damage_healed":0.0,"max_hp_gain":0.0,"max_hp_loss":0.0,"gold_gain":275.0,"event_name":"Golden Shrine","player_choice":"Desecrate","floor":5.0,"gold_loss":0.0,"damage_taken":0.0,"cards_obtained":["Regret"]},{"damage_healed":13.0,"max_hp_gain":0.0,"max_hp_loss":0.0,"gold_gain":0.0,"event_name":"Wheel of Change","player_choice":"Full Heal","floor":8.0,"gold_loss":0.0,"damage_taken":0.0},{"damage_healed":0.0,"max_hp_gain":0.0,"max_hp_loss":0.0,"gold_gain":0.0,"event_name":"Ghosts","player_choice":"Ignored","floor":20.0,"gold_loss":0.0,"damage_taken":0.0},{"damage_healed":0,"gold_gain":0,"player_choice":"Fight","damage_taken":0,"max_hp_gain":0,"max_hp_loss":0,"event_name":"MindBloom","floor":36,"gold_loss":0},{"damage_healed":0,"gold_gain":0,"player_choice":"Fight","damage_taken":0,"max_hp_gain":0,"max_hp_loss":0,"event_name":"Mysterious Sphere","floor":38,"gold_loss":0},{"damage_healed":0,"gold_gain":0,"player_choice":"2","damage_taken":0,"max_hp_gain":0,"max_hp_loss":0,"event_name":"betterMatch:BetterMatch","floor":39,"gold_loss":0,"cards_obtained":["betterMatch:RareCard","betterMatch:ColorlessUncommonCard"]}],"is_beta":false,"boss_relics":[{"not_picked":["Black Blood","Velvet Choker"],"picked":"Empty Cage"},{"not_picked":["Tiny House","Busted Crown"],"picked":"Fusion Hammer"}],"items_purged_floors":[21,31,37,45],"is_endless":false,"potions_floor_spawned":[7,10,13,14,16,22,29,30,33,38,42,48],"ascension_level":7}}