{"host":"z6c1sol8rulx2ubz","time":1610570567,"event":{"mods":["AchievementEnabler","Act Like it!","BaseMod","Better Note","Better Third Choice","Downfall","Elementarium","Gold Saver","Hallownest","Hermit","Hubris","Infinite Spire","Jorbs\u0027s Wanderer Trilogy","Minty Spire (QoL Compilation)","Potionbrewer","Quick Restart","Rare Cards Sparkle","StSLib","The Animator","The Bug Knight","The Cursed","The Dragon Tamer","The Necromancer","Wandering Minibosses"],"gold_per_floor":[249,249,264,264,277,309,329,38,38,54,54,65,85,85,85,183,183,196,196,196,207,207,207,133,152,152,169,169,169,169,169,169,169,169],"floor_reached":33,"language":"ENG","playtime":3130,"items_purged":[],"score":247,"play_id":"746d6374-2cbb-43cd-8384-1e38f55b9c18","local_time":"20210113204247","is_ascension_mode":false,"campfire_choices":[{"floor":15,"key":"REST"},{"floor":23,"key":"RECALL"},{"data":"HollowMod:PureNailStrike","floor":28,"key":"SMITH"},{"data":"HollowMod:SoulEater","floor":30,"key":"SMITH"},{"data":"HollowMod:ChannelNail","floor":32,"key":"SMITH"}],"circlet_count":0,"master_deck":["HollowMod:NailStrikeStart","HollowMod:NailStrikeStart","HollowMod:NailStrikeStart","HollowMod:NailStrikeStart","HollowMod:QuickDashStart","HollowMod:QuickDashStart","HollowMod:QuickDashStart","HollowMod:QuickDashStart","HollowMod:FocusHealStart","HollowMod:PogoStrike","HollowMod:ChannelNail+1","HollowMod:GoodIntentions","HollowMod:HeavyBlow","HollowMod:NewJinnsSoul","HollowMod:GoodIntentions","HollowMod:SoulEater+1","HollowMod:MonomonsArchive","HollowMod:ZotesMagnificence","HollowMod:CloakDash","HollowMod:MylasSalvation","HollowMod:MantisMark","HollowMod:PureNailStrike+1"],"relics":["HollowMod:VesselMask","Hallownest:DreamNailRelic","Juzu Bracelet","Turnip","potionbrewer:Keyblade","Black Star","SlaversCollar","Sundial","Du-Vu Doll"],"acts_visited":["Hallownest:Greenpath","Hallownest:CityofTears"],"potions_floor_usage":[6,12,16,16,16,27,29,33,33],"damage_taken":[{"damage":1,"enemies":"2_ Uuma","floor":1,"turns":6},{"damage":4,"enemies":"Hallownest:monsterHuskGuard","floor":3,"turns":4},{"damage":4,"enemies":"Hallownest:2_Tiktiks_and_1_Crawlid","floor":5,"turns":6},{"damage":72,"enemies":"Hallownest:eliteVengeflyKing","floor":6,"turns":11},{"damage":12,"enemies":"Hallownest:monsterFoolEater","floor":7,"turns":4},{"damage":6,"enemies":"Hallownest:MossCreep_and_Mosskin","floor":10,"turns":10},{"damage":7,"enemies":"Hallownest:1_Baldur_1_Crawlid_1_Warrior","floor":12,"turns":10},{"damage":12,"enemies":"Hallownest:Wandering_and_Horned","floor":13,"turns":7},{"damage":71,"enemies":"Hallownest:BossHornet","floor":16,"turns":27},{"damage":12,"enemies":"Hallownest:Guard_and_Sentry","floor":18,"turns":8},{"damage":15,"enemies":"Hallownest:3_Youths","floor":21,"turns":14},{"damage":35,"enemies":"Hallownest:3_Mistakes","floor":25,"turns":12},{"damage":20,"enemies":"Hallownest:2_Flukemon","floor":27,"turns":11},{"damage":62,"enemies":"Hallownest:BossMantisLord","floor":33,"turns":7}],"seed_played":"2138671938611829798","potions_obtained":[{"floor":5,"key":"LiquidMemories"},{"floor":10,"key":"potionbrewer:BoundlessPotion"},{"floor":12,"key":"Dexterity Potion"},{"floor":25,"key":"Regen Potion"}],"is_trial":false,"path_per_floor":["M","?","M","T","M","E","?","$","T","M","$","M","M","?","R","B",null,"M","?","AVR","M","?","R","$","M","T","M","R","?","R","$","R","B"],"character_chosen":"THE_BUGKNIGHT","items_purchased":["potionbrewer:Keyblade","HollowMod:SoulEater","champ:CounterPotion","SpeedPotion","HollowMod:MantisMark"],"campfire_rested":1,"item_purchase_floors":[8,8,8,8,24],"current_hp_per_floor":[79,79,81,81,83,17,11,11,11,17,17,20,18,40,66,7,89,83,83,83,78,78,78,78,49,49,50,50,50,50,50,50,0,0],"gold":169,"neow_bonus":"TWENTY_PERCENT_HP_BONUS","is_daily":false,"chose_seed":false,"campfire_upgraded":3,"win_rate":0.0,"timestamp":1610570567,"path_taken":["M","?","?","?","M","E","?","$","T","M","?","M","M","?","R","BOSS","M","?","AVR","M","?","R","?","M","T","M","R","?","R","$","R","BOSS"],"items_purchased_type":["Relic","Card","Potion","Potion","Card"],"build_version":"2020-12-22","purchased_purges":0,"victory":false,"max_hp_per_floor":[89,89,89,89,89,89,89,89,89,89,89,89,89,89,89,89,89,89,89,89,89,89,89,89,89,89,89,89,89,89,89,89,89,89],"card_choices":[{"not_picked":["HollowMod:SiblingsSouls","HollowMod:CycloneSlash"],"picked":"HollowMod:ChannelNail","floor":1},{"not_picked":["HollowMod:WraithStrike","HollowMod:InfectionAssault"],"picked":"HollowMod:GoodIntentions","floor":3},{"not_picked":["HollowMod:CornifersMapStart","HollowMod:InfectedAttack"],"picked":"HollowMod:HeavyBlow","floor":5},{"not_picked":["HollowMod:TaintedHusks","HollowMod:ShadowDash"],"picked":"HollowMod:NewJinnsSoul","floor":6},{"not_picked":["HollowMod:HowlingWraiths","HollowMod:SoulVessel"],"picked":"HollowMod:GoodIntentions","floor":7},{"not_picked":["HollowMod:HowlingWraiths","HollowMod:MidwifesHunger","HollowMod:QuirrelsAssistance"],"picked":"SKIP","floor":10},{"not_picked":["HollowMod:InfectedCysts","HollowMod:FastStrike"],"picked":"HollowMod:MonomonsArchive","floor":12},{"not_picked":["HollowMod:TaintedHusks","HollowMod:DesolateDive","HollowMod:RecoilStrike"],"picked":"SKIP","floor":13},{"not_picked":["HollowMod:HerrahsAnger","HollowMod:PureVessel"],"picked":"HollowMod:ZotesMagnificence","floor":16},{"not_picked":["HollowMod:AbyssShriek+1","HollowMod:SiblingsSouls","HollowMod:GoodIntentions"],"picked":"SKIP","floor":18},{"not_picked":["HollowMod:GreatSlash+1","HollowMod:SiblingsSouls"],"picked":"HollowMod:CloakDash","floor":21},{"not_picked":["HollowMod:SiblingsSouls","HollowMod:TaintedHusks","HollowMod:AbyssShriek"],"picked":"SKIP","floor":25},{"not_picked":["HollowMod:SharpenedShadows","HollowMod:CycloneSlash"],"picked":"HollowMod:PureNailStrike","floor":27}],"player_experience":286658,"relics_obtained":[{"floor":4,"key":"Juzu Bracelet"},{"floor":6,"key":"Turnip"},{"floor":26,"key":"Du-Vu Doll"}],"event_choices":[],"is_beta":false,"boss_relics":[{"not_picked":["Snecko Eye","expansioncontent:StudyCardRelic"],"picked":"Black Star"}],"items_purged_floors":[],"is_endless":false,"potions_floor_spawned":[5,10,12,13,25],"killed_by":"Hallownest:BossMantisLord","ascension_level":0}}