{"host":"natui9yr7uuq78xo","time":1610509614,"event":{"mods":["BaseMod","Better Third Choice","BetterRewards","Minty Spire (QoL Compilation)","StSLib","The Servant 0.9.4"],"gold_per_floor":[111,121,137,16,16,16,59,77,101,115,136,155,120,139,139,264,264,285,285,304,54,75,108,124,167,194,213,234,234,250,50,50,170,170,186,186,245,95,118,161,161,175,227,227,261,282,306,322,322,322],"floor_reached":51,"language":"ENG","playtime":4418,"items_purged":["Strike_S","Defend_S","Strike_S","Strike_S"],"score":787,"play_id":"357aaada-10fe-43e0-a65f-ed6a17f1dd66","local_time":"20210112174654","is_ascension_mode":false,"campfire_choices":[{"data":"Defy","floor":6.0,"key":"SMITH"},{"data":"DoubleEdge","floor":15.0,"key":"SMITH"},{"floor":29.0,"key":"REST"},{"floor":32.0,"key":"REST"},{"data":"1","floor":41,"key":"LIFT"},{"data":"Duplication","floor":49,"key":"SMITH"}],"circlet_count":0,"master_deck":["Defend_S+1","KidneyShot","Exchange","InstantArmor","Unruled","ReturningBlade","Spin","Revamp+1","DoubleEdge+1","Defy","Luminosity","FlawlessForm","Revamp+1","ShatteredReality+1","Replace+1","Alleviate","LightFlow","Comet+1","Dilation","SpecialFormula+1","SpecialFormula","Duplication+1","WasteNot","PendulumOfEternity","Foresight"],"relics":["SplendidAttire","NeowsBlessing","Golden Idol","Oddly Smooth Stone","Happy Flower","Astrolabe","War Paint","Bronze Scales","Red Mask","PreservedInsect","Girya","StoneCalendar","Toy Ornithopter","Question Card"],"acts_visited":["Exordium","TheCity","TheBeyond"],"potions_floor_usage":[40,50],"damage_taken":[{"damage":0.0,"enemies":"2 Louse","floor":1.0,"turns":1.0},{"damage":0.0,"enemies":"Jaw Worm","floor":2.0,"turns":1.0},{"damage":0.0,"enemies":"Cultist","floor":3.0,"turns":1.0},{"damage":15.0,"enemies":"3 Sentries","floor":7.0,"turns":7.0},{"damage":0.0,"enemies":"Looter","floor":8.0,"turns":3.0},{"damage":0.0,"enemies":"Exordium Wildlife","floor":10.0,"turns":3.0},{"damage":0.0,"enemies":"2 Fungi Beasts","floor":11.0,"turns":2.0},{"damage":0.0,"enemies":"3 Louse","floor":12.0,"turns":2.0},{"damage":0.0,"enemies":"Red Slaver","floor":14.0,"turns":3.0},{"damage":10.0,"enemies":"The Guardian","floor":16.0,"turns":9.0},{"damage":10.0,"enemies":"3 Byrds","floor":18.0,"turns":5.0},{"damage":0.0,"enemies":"2 Thieves","floor":20.0,"turns":3.0},{"damage":15.0,"enemies":"Cultist and Chosen","floor":22.0,"turns":5.0},{"damage":40.0,"enemies":"Slavers","floor":23.0,"turns":5.0},{"damage":4.0,"enemies":"Shelled Parasite and Fungi","floor":24.0,"turns":3.0},{"damage":6.0,"enemies":"Masked Bandits","floor":25.0,"turns":4.0},{"damage":3.0,"enemies":"Centurion and Healer","floor":27.0,"turns":6.0},{"damage":8.0,"enemies":"Snake Plant","floor":28.0,"turns":3.0},{"damage":0.0,"enemies":"Shelled Parasite and Fungi","floor":30.0,"turns":4.0},{"damage":2.0,"enemies":"Champ","floor":33.0,"turns":9.0},{"damage":0.0,"enemies":"3 Shapes","floor":35.0,"turns":3.0},{"damage":43.0,"enemies":"2 Orb Walkers","floor":37.0,"turns":5.0},{"damage":0.0,"enemies":"Orb Walker","floor":39.0,"turns":2.0},{"damage":0,"enemies":"Giant Head","floor":40,"turns":8},{"damage":0,"enemies":"Spire Growth","floor":42,"turns":5},{"damage":0,"enemies":"Nemesis","floor":45,"turns":5},{"damage":14,"enemies":"Maw","floor":46,"turns":8},{"damage":17,"enemies":"Jaw Worm Horde","floor":47,"turns":7},{"damage":25,"enemies":"Sphere and 2 Shapes","floor":48,"turns":4},{"damage":66,"enemies":"Time Eater","floor":50,"turns":10}],"seed_played":"5307314384440125625","potions_obtained":[{"floor":1.0,"key":"Explosive Potion"},{"floor":2.0,"key":"Ancient Potion"},{"floor":7.0,"key":"LiquidMemories"},{"floor":10.0,"key":"DuplicationPotion"},{"floor":22.0,"key":"FairyPotion"},{"floor":24.0,"key":"Fruit Juice"},{"floor":25.0,"key":"Regen Potion"},{"floor":28.0,"key":"DuplicationPotion"},{"floor":47,"key":"SpeedPotion"},{"floor":48,"key":"Energy Potion"}],"is_trial":false,"path_per_floor":["M","M","M","$","?","R","E","M","T","M","M","M","?","M","R","B",null,"M","?","M","$","M","E","M","?","T","M","M","R","M","$","R","B",null,"M","?","?","$","M","E","R","M","T","?","E","M","M","M","R","B",null],"character_chosen":"THE_SERVANT","items_purchased":["Defy","War Paint","Dilation"],"campfire_rested":2,"item_purchase_floors":[4,21,31],"current_hp_per_floor":[65,65,65,65,49,49,34,34,34,34,34,34,50,50,50,40,65,55,55,55,55,40,19,20,14,14,11,3,24,24,24,45,43,70,70,70,35,35,35,63,63,70,70,80,80,74,68,56,56,8],"gold":322,"neow_bonus":"THREE_ENEMY_KILL","is_daily":false,"chose_seed":false,"campfire_upgraded":3,"win_rate":0.0,"timestamp":1610509614,"path_taken":["M","M","M","$","?","R","E","M","T","M","M","M","?","M","R","BOSS","M","?","?","$","M","E","M","?","T","M","M","R","M","?","R","BOSS","M","?","?","?","M","E","R","M","T","?","E","M","M","M","R","BOSS"],"items_purchased_type":["Card","Relic","Card"],"build_version":"2020-12-22","purchased_purges":4,"victory":true,"max_hp_per_floor":[65,65,65,65,65,65,65,65,65,65,65,65,65,65,65,65,65,65,65,65,65,65,65,70,70,70,70,70,70,70,70,70,70,70,70,70,70,70,70,70,70,70,70,80,80,80,80,80,80,80],"card_choices":[{"not_picked":["Replace","ShatteredReality"],"picked":"InstantArmor","floor":1.0},{"not_picked":["Rewind","TimeWarp"],"picked":"Unruled","floor":2.0},{"not_picked":["Comet","ShiftingGears"],"picked":"ReturningBlade","floor":3.0},{"not_picked":["Solidify","GearUp"],"picked":"Spin","floor":7.0},{"not_picked":["FastForward","Revamp","Defy"],"picked":"SKIP","floor":8.0},{"not_picked":["FastForward","Defy"],"picked":"Revamp","floor":8.0},{"not_picked":["StarChef","Starlight","ShatteredReality"],"picked":"SKIP","floor":10.0},{"not_picked":["FastForward","InstantArmor"],"picked":"DoubleEdge","floor":11.0},{"not_picked":["ShatteredReality","Revamp"],"picked":"Defy","floor":12.0},{"not_picked":["Comet","Unruled"],"picked":"Luminosity","floor":14.0},{"not_picked":["Solidify","TheWorld"],"picked":"FlawlessForm","floor":16.0},{"not_picked":["Ricochet","Moonlight","FastForward"],"picked":"SKIP","floor":18.0},{"not_picked":["BestPractice","Rewind","Ricochet"],"picked":"SKIP","floor":20.0},{"not_picked":["BestPractice+1","Defy"],"picked":"Alleviate","floor":22.0},{"not_picked":["Ricochet","Read+1"],"picked":"LightFlow","floor":23.0},{"not_picked":["Replace","StarChef","ShatteredReality"],"picked":"SKIP","floor":24.0},{"not_picked":["Rearm","Snipe"],"picked":"Comet+1","floor":27.0},{"not_picked":["Advance+1","TimeWarp+1","Ricochet"],"picked":"SKIP","floor":28.0},{"not_picked":["Snipe","Sabotage","TimeWarp"],"picked":"SKIP","floor":30.0},{"not_picked":["Duplication","TheWorld"],"picked":"Sunlight","floor":33.0},{"not_picked":["Gouge+1","Rearm+1"],"picked":"SpecialFormula+1","floor":35.0},{"not_picked":["Spin+1","Dilation"],"picked":"SpecialFormula","floor":39.0},{"not_picked":["TimeWarp+1","InstantArmor+1"],"picked":"Duplication","floor":40},{"not_picked":["ShatteredReality","Ricochet+1"],"picked":"WasteNot","floor":42},{"not_picked":["Spin+1","Defy"],"picked":"PendulumOfEternity","floor":45},{"not_picked":["Rearm","Ricochet+1","DualDimension","Read+1"],"picked":"SKIP","floor":46},{"not_picked":["Shuttle+1","Comet+1","Revamp","Gouge+1"],"picked":"SKIP","floor":47},{"not_picked":["ShatteredReality","FastForward+1","DoubleEdge+1"],"picked":"Foresight","floor":48}],"player_experience":324235,"relics_obtained":[{"floor":7.0,"key":"Oddly Smooth Stone"},{"floor":9.0,"key":"Happy Flower"},{"floor":23.0,"key":"Bronze Scales"},{"floor":25.0,"key":"Red Mask"},{"floor":26.0,"key":"PreservedInsect"},{"floor":37.0,"key":"Girya"},{"floor":40,"key":"StoneCalendar"},{"floor":43,"key":"Toy Ornithopter"},{"floor":45,"key":"Question Card"}],"event_choices":[{"damage_healed":0.0,"max_hp_gain":0.0,"max_hp_loss":0.0,"gold_gain":0.0,"event_name":"Golden Idol","player_choice":"Take Damage","floor":5.0,"gold_loss":0.0,"damage_taken":16.0,"relics_obtained":["Golden Idol"]},{"damage_healed":16.0,"max_hp_gain":0.0,"max_hp_loss":0.0,"gold_gain":0.0,"event_name":"The Cleric","player_choice":"Healed","floor":13.0,"gold_loss":35.0,"damage_taken":0.0},{"damage_healed":0.0,"max_hp_gain":0.0,"max_hp_loss":0.0,"gold_gain":0.0,"event_name":"NoteForYourself","player_choice":"Ignored","floor":19.0,"gold_loss":0.0,"damage_taken":0.0},{"damage_healed":0.0,"max_hp_gain":0.0,"max_hp_loss":0.0,"gold_gain":0.0,"event_name":"Masked Bandits","player_choice":"Fought Bandits","floor":25.0,"gold_loss":0.0,"damage_taken":0.0},{"cards_removed":["Defy"],"damage_healed":0.0,"max_hp_gain":0.0,"max_hp_loss":0.0,"gold_gain":0.0,"event_name":"Falling","player_choice":"Removed Skill","floor":36.0,"gold_loss":0.0,"damage_taken":0.0},{"damage_healed":0.0,"max_hp_gain":0.0,"max_hp_loss":0.0,"gold_gain":0.0,"event_name":"Mysterious Sphere","player_choice":"Fight","floor":37.0,"gold_loss":0.0,"damage_taken":0.0},{"cards_removed":["Sunlight"],"damage_healed":0,"gold_gain":0,"player_choice":"Offered Rare","damage_taken":0,"max_hp_gain":10,"max_hp_loss":0,"event_name":"Bonfire Elementals","floor":44,"gold_loss":0}],"is_beta":false,"boss_relics":[{"not_picked":["Runic Pyramid","SlaversCollar"],"picked":"Astrolabe"},{"not_picked":["Cursed Key","Tiny House"],"picked":"SplendidAttire"}],"items_purged_floors":[4,21,31,38],"is_endless":false,"potions_floor_spawned":[1,2,7,10,22,24,25,28,33,35,47,48],"ascension_level":0}}