{"host":"sav7uxregyirlf69","time":1610547270,"event":{"mods":["AchievementEnabler","BaseMod","Colored Map","DeckTracker","Keyboard Shortcuts","Minty Spire (QoL Compilation)","READ ME - Guardian Mod","StSLib","SuperFastMode"],"gold_per_floor":[119,119,119,130,130,144,163,163,163,163,188,188,188],"floor_reached":12,"language":"KOR","playtime":166,"items_purged":[],"score":136,"play_id":"255f59fa-9c48-4861-8e92-42f7db3b69af","local_time":"20210113231430","is_ascension_mode":true,"campfire_choices":[{"floor":10,"key":"REST"}],"circlet_count":0,"master_deck":["AscendersBane","Strike_B","Strike_B","Strike_B+1","Strike_B","Defend_B","Defend_B","Defend_B+1","Defend_B","Zap","Dualcast","BootSequence","Beam Cell","Compile Driver"],"relics":["Cracked Core","Juzu Bracelet","Unceasing Top","Pear","Odd Mushroom"],"acts_visited":["Exordium"],"potions_floor_usage":[],"damage_taken":[{"damage":4,"enemies":"Jaw Worm","floor":1,"turns":4},{"damage":4,"enemies":"Small Slimes","floor":4,"turns":3},{"damage":1,"enemies":"Cultist","floor":6,"turns":3},{"damage":4,"enemies":"2 Fungi Beasts","floor":7,"turns":3},{"damage":19,"enemies":"The Mushroom Lair","floor":11,"turns":4},{"damage":57,"enemies":"3 Sentries","floor":12,"turns":8}],"seed_played":"-1955797834103381072","potions_obtained":[{"floor":11,"key":"FairyPotion"}],"is_trial":false,"path_per_floor":["M","?","?","M","?","M","M","?","T","R","?","E"],"character_chosen":"DEFECT","items_purchased":[],"campfire_rested":1,"item_purchase_floors":[],"current_hp_per_floor":[60,39,28,24,14,13,9,9,19,43,24,0,0],"gold":188,"neow_bonus":"RANDOM_COMMON_RELIC","is_daily":false,"chose_seed":false,"campfire_upgraded":0,"win_rate":0.0,"timestamp":1610547270,"path_taken":["M","?","?","M","?","M","M","?","T","R","?","E"],"items_purchased_type":[],"build_version":"2020-12-22","purchased_purges":0,"victory":false,"max_hp_per_floor":[71,71,71,71,71,71,71,71,81,81,81,81,81],"card_choices":[{"not_picked":["Hologram","Rebound"],"picked":"BootSequence","floor":1},{"not_picked":["Stack","Sweeping Beam"],"picked":"Beam Cell","floor":4},{"not_picked":["Scrape","Static Discharge","Redo"],"picked":"SKIP","floor":6},{"not_picked":["Steam Power","Sweeping Beam","Compile Driver"],"picked":"SKIP","floor":7},{"not_picked":["Conserve Battery","Meteor Strike"],"picked":"Compile Driver","floor":11}],"player_experience":1275232,"relics_obtained":[{"floor":9,"key":"Pear"},{"floor":11,"key":"Odd Mushroom"}],"event_choices":[{"damage_healed":0,"gold_gain":0,"player_choice":"Entered Light","damage_taken":21,"max_hp_gain":0,"max_hp_loss":0,"event_name":"Shining Light","floor":2,"gold_loss":0,"cards_upgraded":["Defend_B","Strike_B"]},{"damage_healed":0,"gold_gain":0,"player_choice":"Success","damage_taken":11,"relics_obtained":["Unceasing Top"],"max_hp_gain":0,"max_hp_loss":0,"event_name":"Scrap Ooze","floor":3,"gold_loss":0},{"damage_healed":0,"gold_gain":0,"player_choice":"Damaged","damage_taken":10,"max_hp_gain":0,"max_hp_loss":0,"event_name":"Wheel of Change","floor":5,"gold_loss":0},{"damage_healed":0,"gold_gain":0,"player_choice":"Ignored","damage_taken":0,"max_hp_gain":0,"max_hp_loss":0,"event_name":"Liars Game","floor":8,"gold_loss":0},{"damage_healed":0,"gold_gain":0,"player_choice":"Fought Mushrooms","damage_taken":0,"max_hp_gain":0,"max_hp_loss":0,"event_name":"Mushrooms","floor":11,"gold_loss":0}],"is_beta":false,"boss_relics":[],"items_purged_floors":[],"is_endless":false,"potions_floor_spawned":[11],"killed_by":"3 Sentries","ascension_level":20}}