{"host":"y3h3n3f7seyagppx","time":1610572483,"event":{"mods":["AlwaysNeverKeys","BaseMod","Better Vampires","Colored Powertips","DeckTracker","Emptier Cage","Minty Spire (QoL Compilation)","Permanent Neow","Quick Restart","Rare Cards Sparkle","Relic Sorter","Relic Stats","StSLib","Transform Curses"],"gold_per_floor":[114,79,96,96,108,141,159,185,231,251,281,41,41,41,41,115,165,185,235,29,29,47,47,78,95,118,118,133,133,160,176,176,250,250,266,12,12,12,25,56,75,107,133,166,166,194,234,257,257,257,257,257,257,11,54,54],"floor_reached":57,"language":"ENG","playtime":7178,"items_purged":["Pain","Strike_R"],"score":2956,"play_id":"71a7c930-c52a-4523-8a50-3040a993d7db","local_time":"20210113161443","is_ascension_mode":true,"campfire_choices":[{"data":"Armaments","floor":13,"key":"SMITH"},{"floor":15,"key":"REST"},{"data":"Whirlwind","floor":23,"key":"SMITH"},{"data":"Spot Weakness","floor":27,"key":"SMITH"},{"data":"Double Tap","floor":32,"key":"SMITH"},{"data":"Body Slam","floor":45,"key":"SMITH"},{"data":"Berserk","floor":49,"key":"SMITH"},{"data":"Impervious","floor":53,"key":"SMITH"}],"circlet_count":0,"master_deck":["AscendersBane","Strike_R","Strike_R","Strike_R","Strike_R","Defend_R","Defend_R","Defend_R","Defend_R+1","Bash+1","Impervious+1","Hemokinesis+1","Spot Weakness+1","Armaments+1","Reaper+1","Offering","Whirlwind+1","Exhume","Twin Strike+1","Double Tap+1","Sword Boomerang","Exhume","Body Slam+1","Reaper","Shockwave+1","Berserk+1","Metallicize","Metallicize+1"],"relics":["Burning Blood","HornCleat","Orichalcum","Art of War","Pen Nib","Nunchaku","Medical Kit","Red Skull","WarpedTongs","The Courier","StrikeDummy","Odd Mushroom","Lantern","Toolbox","Tiny House","Mercury Hourglass","Strawberry","Ancient Tea Set","Bag of Preparation","Runic Pyramid","Membership Card","Oddly Smooth Stone","Toxic Egg 2","CeramicFish","Pear","Akabeko","Centennial Puzzle"],"acts_visited":["Exordium","TheCity","TheBeyond","TheEnding"],"potions_floor_usage":[8,14,18,24,30,33,40,54,56],"damage_taken":[{"damage":0.0,"enemies":"2 Louse","floor":1.0,"turns":4.0},{"damage":10.0,"enemies":"Small Slimes","floor":3.0,"turns":5.0},{"damage":3.0,"enemies":"Cultist","floor":5.0,"turns":3.0},{"damage":53.0,"enemies":"Gremlin Nob","floor":6.0,"turns":5.0},{"damage":1.0,"enemies":"Blue Slaver","floor":7.0,"turns":5.0},{"damage":36,"enemies":"3 Sentries","floor":8,"turns":10},{"damage":3,"enemies":"The Mushroom Lair","floor":10,"turns":4},{"damage":19,"enemies":"Lagavulin","floor":11,"turns":7},{"damage":22,"enemies":"Hexaghost","floor":16,"turns":7},{"damage":11,"enemies":"Spheric Guardian","floor":18,"turns":5},{"damage":12,"enemies":"Chosen","floor":22,"turns":3},{"damage":14,"enemies":"Book of Stabbing","floor":24,"turns":3},{"damage":18,"enemies":"Snake Plant","floor":25,"turns":4},{"damage":0,"enemies":"Sentry and Sphere","floor":28,"turns":2},{"damage":25,"enemies":"Gremlin Leader","floor":30,"turns":6},{"damage":12,"enemies":"Cultist and Chosen","floor":31,"turns":4},{"damage":34,"enemies":"Automaton","floor":33,"turns":8},{"damage":6,"enemies":"3 Darklings","floor":35,"turns":5},{"damage":6,"enemies":"3 Shapes","floor":39,"turns":6},{"damage":8,"enemies":"Giant Head","floor":40,"turns":7},{"damage":10,"enemies":"Transient","floor":41,"turns":6},{"damage":14,"enemies":"Nemesis","floor":42,"turns":5},{"damage":11,"enemies":"Reptomancer","floor":44,"turns":5},{"damage":42,"enemies":"4 Shapes","floor":46,"turns":12},{"damage":14,"enemies":"Giant Head","floor":47,"turns":6},{"damage":8,"enemies":"Spire Growth","floor":48,"turns":4},{"damage":86,"enemies":"Awakened One","floor":50,"turns":12},{"damage":91,"enemies":"Donu and Deca","floor":51,"turns":11},{"damage":11,"enemies":"Shield and Spear","floor":55,"turns":6},{"damage":101,"enemies":"The Heart","floor":56,"turns":9}],"seed_played":"-2805409387835832648","potions_obtained":[{"floor":1.0,"key":"SkillPotion"},{"floor":3.0,"key":"BloodPotion"},{"floor":11,"key":"BlessingOfTheForge"},{"floor":16,"key":"BlessingOfTheForge"},{"floor":17,"key":"Explosive Potion"},{"floor":22,"key":"DistilledChaos"},{"floor":31,"key":"ColorlessPotion"},{"floor":33,"key":"BloodPotion"},{"floor":35,"key":"Dexterity Potion"},{"floor":39,"key":"LiquidMemories"},{"floor":40,"key":"BloodPotion"}],"is_trial":false,"path_per_floor":["M","?","M","?","M","E","M","E","T","?","E","$","R","?","R","B",null,"M","?","$","T","M","R","E","M","T","R","M","?","E","M","R","B",null,"M","$","?","$","M","E","M","E","T","E","R","M","E","M","R","B","B",null,"R","$","E","B",null],"character_chosen":"IRONCLAD","items_purchased":["Toolbox","BloodPotion","Pen Nib","Membership Card","Nunchaku","Oddly Smooth Stone","Medical Kit","Red Skull","HornCleat","Energy Potion"],"campfire_rested":1,"item_purchase_floors":[12,12,20,36,36,36,54,54,54,54],"current_hp_per_floor":[56,74,70,70,73,26,31,16,16,19,11,11,11,3,25,9,64,67,59,59,59,60,60,59,47,47,47,55,55,51,50,50,22,71,87,87,83,83,83,83,83,75,75,80,80,62,93,91,91,77,71,88,88,93,93,35],"gold":54,"neow_bonus":"THREE_RARE_CARDS","is_daily":false,"chose_seed":false,"campfire_upgraded":7,"win_rate":0.0,"timestamp":1610572483,"path_taken":["M","?","M","?","M","E","?","E","T","?","E","$","R","?","R","BOSS","M","?","$","?","M","R","E","M","T","R","M","?","E","M","R","BOSS","M","?","?","?","M","E","?","E","T","E","R","M","E","M","R","BOSS","BOSS","R","$","E","BOSS"],"items_purchased_type":["Relic","Potion","Relic","Relic","Relic","Relic","Relic","Relic","Relic","Potion"],"build_version":"2020-12-22","purchased_purges":2,"victory":true,"max_hp_per_floor":[75,75,75,75,75,75,75,75,75,75,75,75,75,75,75,75,80,80,80,80,80,80,80,87,87,87,87,87,87,87,87,87,87,87,87,87,83,83,83,83,83,83,83,93,93,93,93,93,93,93,93,93,93,93,93,93],"relic_stats":{"counters":[30,176],"CeramicFish":36,"Pen Nib":[23],"Bag of Preparation":[30],"Orichalcum":[132],"Medical Kit":[6],"Burning Blood":172,"WarpedTongs":[154],"Mercury Hourglass":[487],"Nunchaku":[16],"Centennial Puzzle":[3],"Art of War":[23],"obtain_stats":[{"Lantern":11,"Tiny House":17,"CeramicFish":43,"Bag of Preparation":30,"Ancient Tea Set":26,"Burning Blood":0,"Nunchaku":36,"Centennial Puzzle":55,"HornCleat":54,"Strawberry":24,"Toolbox":12,"Toxic Egg 2":42,"Red Skull":54,"Runic Pyramid":34,"Pear":44,"Oddly Smooth Stone":36,"The Courier":6,"Pen Nib":20,"Odd Mushroom":10,"Orichalcum":40,"Medical Kit":54,"Akabeko":47,"WarpedTongs":4,"Mercury Hourglass":21,"Art of War":9,"Membership Card":36,"StrikeDummy":8},{"Lantern":8,"Tiny House":9,"CeramicFish":22,"Bag of Preparation":15,"Ancient Tea Set":13,"Burning Blood":0,"Nunchaku":18,"Centennial Puzzle":29,"HornCleat":28,"Strawberry":12,"Toolbox":8,"Toxic Egg 2":22,"Red Skull":28,"Runic Pyramid":17,"Pear":23,"Oddly Smooth Stone":18,"The Courier":4,"Pen Nib":10,"Odd Mushroom":7,"Orichalcum":20,"Medical Kit":28,"Akabeko":25,"WarpedTongs":2,"Mercury Hourglass":10,"Art of War":6,"Membership Card":18,"StrikeDummy":6},{"Lantern":43,"Tiny House":50,"CeramicFish":112,"Bag of Preparation":72,"Ancient Tea Set":64,"Burning Blood":0,"Nunchaku":89,"Centennial Puzzle":167,"HornCleat":161,"Strawberry":61,"Toolbox":43,"Toxic Egg 2":112,"Red Skull":161,"Runic Pyramid":84,"Pear":117,"Oddly Smooth Stone":89,"The Courier":17,"Pen Nib":55,"Odd Mushroom":36,"Orichalcum":101,"Medical Kit":161,"Akabeko":134,"WarpedTongs":9,"Mercury Hourglass":55,"Art of War":32,"Membership Card":89,"StrikeDummy":32}]},"card_choices":[{"not_picked":["Demon Form","Barricade"],"picked":"Impervious","floor":0.0},{"not_picked":["Armaments","Heavy Blade"],"picked":"Hemokinesis","floor":1.0},{"not_picked":["Combust","Heavy Blade"],"picked":"Spot Weakness","floor":3.0},{"not_picked":["Dropkick","Wild Strike","Sever Soul"],"picked":"SKIP","floor":5.0},{"not_picked":["Sever Soul","Ghostly Armor","Intimidate"],"picked":"SKIP","floor":6.0},{"not_picked":["Combust","Inflame"],"picked":"Armaments","floor":7.0},{"not_picked":["Havoc","Combust","Iron Wave"],"picked":"SKIP","floor":8},{"not_picked":["Wild Strike","Infernal Blade"],"picked":"Reaper","floor":10},{"not_picked":["Wild Strike","Dark Embrace","Armaments"],"picked":"SKIP","floor":11},{"not_picked":["Double Tap","Brutality"],"picked":"Offering","floor":16},{"not_picked":["Anger","Flex"],"picked":"Whirlwind","floor":17},{"not_picked":["Sentinel","Cleave","Wild Strike"],"picked":"SKIP","floor":18},{"not_picked":["Anger","Sentinel","Entrench"],"picked":"SKIP","floor":22},{"not_picked":["Armaments","Ghostly Armor"],"picked":"Exhume","floor":24},{"not_picked":["Sword Boomerang","Headbutt"],"picked":"Twin Strike+1","floor":25},{"not_picked":["Rampage","Wild Strike","Cleave"],"picked":"SKIP","floor":28},{"not_picked":["Infernal Blade","Iron Wave"],"picked":"Double Tap","floor":30},{"not_picked":["Wild Strike","Heavy Blade"],"picked":"Sword Boomerang","floor":31},{"not_picked":["Immolate","Offering"],"picked":"Exhume","floor":33},{"not_picked":["Uppercut","Clash"],"picked":"Body Slam","floor":35},{"not_picked":["Flex+1","Hemokinesis+1","Evolve"],"picked":"SKIP","floor":39},{"not_picked":["Anger","Cleave","Clash+1"],"picked":"SKIP","floor":40},{"not_picked":["Anger","Cleave","Clash+1"],"picked":"SKIP","floor":40},{"not_picked":["Warcry+1","Power Through","Heavy Blade+1"],"picked":"SKIP","floor":41},{"not_picked":["Clothesline+1","Shrug It Off+1"],"picked":"Reaper","floor":42},{"not_picked":["Rampage","Flex+1","Dropkick"],"picked":"SKIP","floor":44},{"not_picked":["Rampage","Flex+1","Dropkick"],"picked":"SKIP","floor":44},{"not_picked":["Heavy Blade","Disarm+1"],"picked":"Shockwave+1","floor":46},{"not_picked":["Perfected Strike","Headbutt"],"picked":"Berserk","floor":47},{"not_picked":["Perfected Strike","Anger"],"picked":"Metallicize","floor":48},{"not_picked":["Iron Wave+1","Combust"],"picked":"Metallicize+1","floor":55}],"player_experience":20807668,"relics_obtained":[{"floor":6.0,"key":"The Courier"},{"floor":8,"key":"StrikeDummy"},{"floor":9,"key":"Art of War"},{"floor":10,"key":"Odd Mushroom"},{"floor":11,"key":"Lantern"},{"floor":21,"key":"Mercury Hourglass"},{"floor":24,"key":"Strawberry"},{"floor":26,"key":"Ancient Tea Set"},{"floor":30,"key":"Bag of Preparation"},{"floor":40,"key":"Orichalcum"},{"floor":42,"key":"Toxic Egg 2"},{"floor":43,"key":"CeramicFish"},{"floor":44,"key":"Pear"},{"floor":47,"key":"Akabeko"},{"floor":55,"key":"Centennial Puzzle"}],"event_choices":[{"damage_healed":18.0,"max_hp_gain":0.0,"max_hp_loss":0.0,"gold_gain":0.0,"event_name":"The Cleric","player_choice":"Healed","floor":2.0,"gold_loss":35.0,"damage_taken":0.0},{"damage_healed":0.0,"max_hp_gain":0.0,"max_hp_loss":0.0,"gold_gain":0.0,"event_name":"Accursed Blacksmith","player_choice":"Rummage","floor":4.0,"gold_loss":0.0,"damage_taken":0.0,"relics_obtained":["WarpedTongs"],"cards_obtained":["Pain"]},{"damage_healed":0,"gold_gain":0,"player_choice":"Fought Mushrooms","damage_taken":0,"max_hp_gain":0,"max_hp_loss":0,"event_name":"Mushrooms","floor":10,"gold_loss":0},{"damage_healed":0,"gold_gain":0,"player_choice":"Entered Light","damage_taken":23,"max_hp_gain":0,"max_hp_loss":0,"event_name":"Shining Light","floor":14,"gold_loss":0,"cards_upgraded":["Reaper","Defend_R"]},{"damage_healed":0,"gold_gain":50,"player_choice":"Touch","damage_taken":8,"max_hp_gain":0,"max_hp_loss":0,"event_name":"FaceTrader","floor":19,"gold_loss":0},{"damage_healed":0,"gold_gain":0,"player_choice":"Upgraded","damage_taken":0,"max_hp_gain":0,"max_hp_loss":0,"event_name":"Upgrade Shrine","floor":29,"gold_loss":0,"cards_upgraded":["Hemokinesis"]},{"damage_healed":0,"gold_gain":0,"player_choice":"Max HP","damage_taken":0,"max_hp_gain":0,"max_hp_loss":4,"event_name":"Winding Halls","floor":37,"gold_loss":0}],"is_beta":false,"boss_relics":[{"not_picked":["Busted Crown","Pandora\u0027s Box"],"picked":"Tiny House"},{"not_picked":["Empty Cage","Sozu"],"picked":"Runic Pyramid"}],"items_purged_floors":[12,20],"is_endless":false,"potions_floor_spawned":[1,3,11,16,22,31,33,35,39,40,47],"ascension_level":20}}