{"host":"0pl361p0raiipqb8","time":1610553744,"event":{"mods":["BaseMod","Downfall","Googly Eyes","Marisa????????","Minty Spire (QoL Compilation)","Replay The Spire","StSLib"],"gold_per_floor":[114,125,225,235,247,278,278,305,331,0,0,26,38,69,81,192,204,230,242,254,16,28,61,61,95,95,95,113,113,113,113,113,113,113,213,213,233,22,38,38,89,121,121,135,217,217,233,246,246,259,259,259],"floor_reached":53,"language":"ENG","playtime":5536,"items_purged":[],"score":881,"play_id":"1da4983d-6274-4caa-a909-134da4e6ebea","local_time":"20210113190224","is_ascension_mode":true,"campfire_choices":[{"floor":11.0,"key":"REST"},{"floor":15.0,"key":"REST"},{"floor":24.0,"key":"REST"},{"floor":27.0,"key":"REST"},{"floor":29,"key":"REST"},{"floor":34,"key":"REST"},{"floor":51,"key":"REST"}],"circlet_count":0,"master_deck":["Strike_P+1","Strike_P+1","Strike_P+1","Defend_P+1","Defend_P+1","Defend_P+1","Defend_P+1","Eruption","Vigilance","Crescendo","BowlingBash+1","Evaluate","FollowUp","EmptyBody","SashWhip","DevaForm","ThirdEye","Sanctity","Vault","CurseOfTheBell","EmptyBody","MasterReality","Alpha","Alpha","LikeWater","ThirdEye+1","Pot Of Greed","Pot Of Greed","Pot Of Greed","Judgement","WheelKick","EmptyBody","SpiritShield","Protect+1","MentalFortress","Protect","Sadistic Nature","Evaluate+1","Pot Of Greed","Madness","Madness","FearNoEvil","SashWhip+1","WaveOfTheHand","Looming Evil","CrushJoints+1","DevaForm","Replay:Vibes+1","Establishment"],"relics":["PureWater","Orichalcum","Replay:Baseball","PreservedInsect","Membership Card","Happy Flower","MawBank","Calling Bell","Pen Nib","Replay:Accelerometer","Incense Burner","Unceasing Top","Grinning Jar","Potion Belt","Honey Jar","Oddly Smooth Stone","Replay:PocketPolymizer","Torii","Eternal Feather","Ring of Peace","Ring of Hypnosis","ReplayTheSpireMod:Shallot"],"acts_visited":["Exordium","TheCity","TheBeyond"],"potions_floor_usage":[28,35,42,42,48,52],"damage_taken":[{"damage":6.0,"enemies":"Jaw Worm","floor":1.0,"turns":3.0},{"damage":0.0,"enemies":"Cultist","floor":2.0,"turns":2.0},{"damage":7.0,"enemies":"Small Slimes","floor":4.0,"turns":2.0},{"damage":11.0,"enemies":"Exordium Wildlife","floor":5.0,"turns":3.0},{"damage":18.0,"enemies":"3 Sentries","floor":6.0,"turns":5.0},{"damage":36.0,"enemies":"Lagavulin","floor":8.0,"turns":4.0},{"damage":0.0,"enemies":"Gremlin Nob","floor":12.0,"turns":2.0},{"damage":4.0,"enemies":"Large Slime","floor":14.0,"turns":3.0},{"damage":19.0,"enemies":"Fading Forest","floor":16.0,"turns":11.0},{"damage":24.0,"enemies":"Chosen","floor":18.0,"turns":7.0},{"damage":5.0,"enemies":"Shell Parasite","floor":22.0,"turns":6.0},{"damage":13.0,"enemies":"Book of Stabbing","floor":23.0,"turns":6.0},{"damage":29.0,"enemies":"Slavers","floor":25.0,"turns":6.0},{"damage":14,"enemies":"Snake Plant","floor":28,"turns":5},{"damage":51,"enemies":"Pondfish","floor":35,"turns":10},{"damage":5,"enemies":"3 Shapes","floor":37,"turns":4},{"damage":24,"enemies":"3 Darklings","floor":39,"turns":9},{"damage":2,"enemies":"2 Orb Walkers","floor":41,"turns":6},{"damage":0,"enemies":"Giant Head","floor":42,"turns":9},{"damage":8,"enemies":"4 Shapes","floor":44,"turns":6},{"damage":0,"enemies":"Maw","floor":47,"turns":8},{"damage":14,"enemies":"3 Darklings","floor":48,"turns":8},{"damage":0,"enemies":"Transient","floor":50,"turns":6},{"damage":51,"enemies":"Time Eater","floor":52,"turns":12}],"seed_played":"-8205880184426081350","potions_obtained":[{"floor":5.0,"key":"Toxic Potion"},{"floor":6.0,"key":"Adrenaline Potion"},{"floor":16.0,"key":"sneckomod:MuddlingPotion"},{"floor":18.0,"key":"Weak Potion"},{"floor":22.0,"key":"SteroidPotion"},{"floor":25.0,"key":"SkillPotion"},{"floor":35,"key":"Flashbang"},{"floor":37,"key":"Dexterity Potion"},{"floor":41,"key":"LiquidMemories"},{"floor":44,"key":"PowerPotion"}],"is_trial":false,"path_per_floor":["M","M","?","M","M","E","?","E","T","$","R","E","$","M","R","B",null,"M","?","?","$","M","E","R","E","T","R","M","R","?","PTL","PTL","?","R","B",null,"M","$","M","?","?","E","?","M","T","?","M","M","T","M","R","B",null],"character_chosen":"WATCHER","items_purchased":["Membership Card","DevaForm","Happy Flower","BottledMiracle","Unceasing Top","Alpha","LikeWater","Oddly Smooth Stone","MentalFortress","Protect","Sadistic Nature"],"campfire_rested":7,"item_purchase_floors":[10,10,10,10,21,21,21,38,38,38,38],"current_hp_per_floor":[73,73,73,66,55,37,37,1,1,1,24,24,24,20,43,38,79,55,55,55,55,50,37,60,31,31,54,40,63,63,63,63,48,73,22,84,79,79,55,44,42,42,42,34,34,34,34,20,20,20,72,21],"gold":259,"neow_bonus":"TEN_PERCENT_HP_BONUS","is_daily":false,"chose_seed":false,"campfire_upgraded":0,"win_rate":0.0,"timestamp":1610553744,"path_taken":["M","M","?","?","M","E","?","E","T","$","R","E","?","M","R","BOSS","M","?","?","$","M","E","R","E","T","R","M","R","?","PTL","PTL","?","R","BOSS","M","$","M","?","?","E","?","M","T","?","M","?","?","?","R","BOSS"],"items_purchased_type":["Relic","Card","Relic","Potion","Relic","Card","Card","Relic","Card","Card","Card"],"build_version":"2020-12-22","purchased_purges":0,"victory":true,"max_hp_per_floor":[79,79,79,79,79,79,79,79,79,79,79,79,79,79,79,79,79,79,79,79,79,79,79,79,79,79,79,79,79,79,79,79,84,84,84,84,84,84,84,84,84,84,84,84,84,84,84,84,84,84,84,84],"card_choices":[{"not_picked":["Halt","Replay:AtTheReady"],"picked":"Crescendo","floor":1.0},{"not_picked":["Fasting2","Wireheading"],"picked":"BowlingBash","floor":2.0},{"not_picked":["ClearTheMind","Crescendo"],"picked":"Evaluate","floor":4.0},{"not_picked":["BowlingBash","Prostrate"],"picked":"FollowUp","floor":5.0},{"not_picked":["Replay:Vibes","PathToVictory"],"picked":"EmptyBody","floor":6.0},{"not_picked":["Crescendo","Replay:Anticipation"],"picked":"SashWhip","floor":8.0},{"not_picked":["Weave","Swivel"],"picked":"ThirdEye","floor":12.0},{"not_picked":["Consecrate","Replay:AllIn"],"picked":"Sanctity","floor":14.0},{"not_picked":["Establishment","SpiritShield"],"picked":"Vault","floor":16.0},{"not_picked":["ForeignInfluence","Evaluate"],"picked":"EmptyBody","floor":18.0},{"not_picked":["Swivel","ClearTheMind"],"picked":"ThirdEye+1","floor":22.0},{"not_picked":["ThirdEye","Crescendo+1"],"picked":"Judgement","floor":23.0},{"not_picked":["Nirvana","Halt"],"picked":"WheelKick","floor":25.0},{"not_picked":["FlyingSleeves","Prostrate"],"picked":"EmptyBody","floor":28},{"not_picked":["Wish","Vault"],"picked":"SpiritShield","floor":35},{"not_picked":["CrushJoints","JustLucky","ReachHeaven"],"picked":"Protect+1","floor":37},{"not_picked":["Vengeance+1","Pray","Replay:Cycle+1"],"picked":"Evaluate+1","floor":39},{"not_picked":["Halt+1","Collect+1","Swivel+1"],"picked":"FearNoEvil","floor":41},{"not_picked":["Evaluate+1","Prostrate","PathToVictory"],"picked":"SashWhip+1","floor":42},{"not_picked":["WindmillStrike","JustLucky","Meditate+1"],"picked":"WaveOfTheHand","floor":44},{"not_picked":["ForeignInfluence","Replay:Cycle","Halt"],"picked":"CrushJoints+1","floor":47},{"not_picked":["SashWhip","EmptyFist","FlyingSleeves"],"picked":"DevaForm","floor":48},{"not_picked":["Weave+1","Evaluate+1","LikeWater"],"picked":"Replay:Vibes+1","floor":50}],"player_experience":225166,"relics_obtained":[{"floor":6.0,"key":"Orichalcum"},{"floor":8.0,"key":"Replay:Baseball"},{"floor":9.0,"key":"PreservedInsect"},{"floor":12.0,"key":"MawBank"},{"floor":17.0,"key":"Pen Nib"},{"floor":17.0,"key":"Replay:Accelerometer"},{"floor":17.0,"key":"Incense Burner"},{"floor":23.0,"key":"Grinning Jar"},{"floor":25.0,"key":"Potion Belt"},{"floor":41,"key":"Replay:PocketPolymizer"},{"floor":42,"key":"Torii"},{"floor":45,"key":"Eternal Feather"},{"floor":46,"key":"Ring of Peace"},{"floor":46,"key":"Ring of Hypnosis"},{"floor":49,"key":"ReplayTheSpireMod:Shallot"}],"event_choices":[{"damage_healed":0.0,"max_hp_gain":0.0,"max_hp_loss":0.0,"gold_gain":100.0,"event_name":"Golden Shrine","player_choice":"Pray","floor":3.0,"gold_loss":0.0,"damage_taken":0.0},{"damage_healed":0.0,"max_hp_gain":0.0,"max_hp_loss":0.0,"gold_gain":0.0,"event_name":"Ghosts","player_choice":"Ignored","floor":19.0,"gold_loss":0.0,"damage_taken":0.0},{"damage_healed":0.0,"max_hp_gain":0.0,"max_hp_loss":0.0,"gold_gain":0.0,"event_name":"The Library","player_choice":"Read","floor":20.0,"gold_loss":0.0,"damage_taken":0.0,"cards_obtained":["MasterReality"]},{"damage_healed":0,"gold_gain":0,"player_choice":"Simplicity","damage_taken":0,"max_hp_gain":0,"max_hp_loss":0,"event_name":"Back to Basics","floor":30,"gold_loss":0,"cards_upgraded":["Strike_P","Strike_P","Strike_P","Strike_P","Defend_P","Defend_P","Defend_P","Defend_P"]},{"damage_healed":0,"gold_gain":0,"player_choice":"Shed Blood","damage_taken":20,"max_hp_gain":5,"max_hp_loss":0,"event_name":"Forgotten Altar","floor":33,"gold_loss":0},{"damage_healed":0,"gold_gain":0,"player_choice":"Embrace Madness","damage_taken":11,"max_hp_gain":0,"max_hp_loss":0,"event_name":"Winding Halls","floor":40,"gold_loss":0,"cards_obtained":["Madness","Madness"]},{"damage_healed":0,"gold_gain":0,"player_choice":"Fight","damage_taken":0,"max_hp_gain":0,"max_hp_loss":0,"event_name":"Mysterious Sphere","floor":41,"gold_loss":0},{"damage_healed":0,"gold_gain":0,"player_choice":"Ignored","damage_taken":0,"max_hp_gain":0,"max_hp_loss":0,"event_name":"The Moai Head","floor":43,"gold_loss":0}],"is_beta":false,"boss_relics":[{"not_picked":["ReplayTheSpireMod:DimensionalGlitch","Sozu"],"picked":"Calling Bell"},{"not_picked":["Snecko Eye","Velvet Choker"],"picked":"Honey Jar"}],"items_purged_floors":[],"is_endless":false,"potions_floor_spawned":[5,6,16,18,22,25,35,37,41,44],"ascension_level":1}}