{"host":"qg654vxoo1kzp6cj","time":1610567681,"event":{"mods":["100% Spire Juice","2.2 Compatiblity","Act Like it!","Aspiration","BaseMod","Better Altar","Better Skull","Better Third Choice","Better Vampires","Conspire","Dio Mod","Displayed Cursed Tome","Dota2Spire","Downfall","Elementarium","Gensokyo","GifTheSpireLib","Good Game Mod","Hallownest","Hermit","Hubris","Ironclad Rager","Jedi Mod","KinomotoSakuraMod(????)","Melee Mod","Menagerie","Minty Spire (QoL Compilation)","MostiFishMod","Pale of the Ancients","Permanent Neow","Poor People Problems","Replay The Spire","Retaliation","Robot Space Explorer","Shade Mod","Spicy Shops","Spikes Relics","StSLib","Strawberry Spire","Stuff the Spire","The Alterego","The Animator","The Blackbeard","The Bug Knight","The Death Knight","The Druid","The Forsaken","The Kombatant","The Marked","The Runesmith","The Senshi","The Wild Card","TheHero","TheVelvet","Trackpad","Waifu the Spire","Wandering Minibosses","WarShipGirlsR/????R mod","vexMod"],"gold_per_floor":[99,117,150,166,178,30,55,151,167,236,264,39,66,79,93,191,191,191,202,221,221,234,267,267,301,320,336,355,51,51,138,156,256,256,256,269,269,283,283,314,337,100,100,100,100,100,100,114,130,130,130,158,13,13,13],"floor_reached":56,"language":"ENG","playtime":3616,"items_purged":["jedi:BattleThirst"],"score":1633,"play_id":"4897ff0d-add6-464f-9134-02b57dde8d14","local_time":"20210113145441","is_ascension_mode":false,"campfire_choices":[{"floor":1,"key":"RECALL"},{"data":"Apotheosis","floor":12,"key":"SMITH"},{"data":"blackbeard:BoostMorale","floor":18,"key":"SMITH"},{"floor":30,"key":"DIG"},{"floor":35,"key":"DIG"},{"floor":43,"key":"DIG"},{"floor":44,"key":"DIG"},{"floor":54,"key":"DIG"}],"circlet_count":0,"master_deck":["hexamod:Strike+1","hexamod:Strike+1","hexamod:Strike+1","hexamod:Defend+1","hexamod:Defend+1","hexamod:Defend+1","hexamod:Sear","hexamod:Float+1","blackbeard:BoostMorale+1","hexamod:SpectersWail","hexamod:ThermalTransfer+1","Apotheosis+1","hexamod:HauntingEcho+1","hexamod:GhostOfSpirePresent+1","hexamod:AdvancingGuard+1","hexamod:HeatCrush+1","hexamod:ShieldOfDarkness+1","hexamod:Firestarter","hexamod:BurningTouch+1","hexamod:FlamesFromBeyond+1","hexamod:SwordOfDarkness","hexamod:ThirdSeal","hexamod:UnlimitedPower+1","hexamod:SixthSeal","MostiFishMod:PreservedThorns+1","hexamod:FourthSeal","Escape Plan+1","Dagger Spray+1","Gensokyo:TurboGranny"],"relics":["hexamod:SpiritBrand","DaveBox","REME:ComplimentaryCards","SentryEyes","NeowsBlessing","BargainBundle","MostiFishMod:AdaptiveDefenses","ReplayTheSpireMod:TigerMarble","downfall:HeartBlessingRed","downfall:HeartBlessingBlue","downfall:HeartBlessingGreen","Singing Bowl","aspiration:SilentSkillbook","BionicSphere","conspire:BottledYoYo","Shovel","War Paint","strawberrySpire:GlyphStone","Juzu Bracelet","Prayer Wheel","wanderingMiniBosses:LockLocket","vexMod:BigBerry","conspire:DeflatedDodgeball","Dota2Spire:OctarineCore","jedi:arcanewood","Dota2Spire:MaskOfMadness","strawberrySpire:ElefentMask","theSenshi:SuperSailorFukuRelic","Bag of Marbles","StuffTheSpire:Experiment12","BrkXgEgg","theForsaken:HumbleEgg"],"acts_visited":["Exordium","Gensokyo:Gensokyo","Elementarium:Elementarium","TheEnding"],"potions_floor_usage":[11,16,23,23,27,28,32,33,33,50,50,50,55],"damage_taken":[{"damage":0,"enemies":"Gensokyo:3_Fairies","floor":2,"turns":1},{"damage":0,"enemies":"downfall:FleeingMerchant","floor":3,"turns":1},{"damage":0,"enemies":"Gensokyo:Gryphon","floor":4,"turns":1},{"damage":0,"enemies":"Gensokyo:Python","floor":5,"turns":2},{"damage":2,"enemies":"Gensokyo:VengefulSpirit","floor":8,"turns":6},{"damage":0,"enemies":"Gensokyo:Kitsune","floor":9,"turns":2},{"damage":0,"enemies":"Gensokyo:5_Fairies","floor":10,"turns":5},{"damage":6,"enemies":"Gensokyo:Cirno","floor":11,"turns":5},{"damage":7,"enemies":"Gensokyo:Aya","floor":13,"turns":4},{"damage":0,"enemies":"Gensokyo:Gryphon_and_Rabbit","floor":14,"turns":2},{"damage":0,"enemies":"Gensokyo:LivingMonolith","floor":15,"turns":2},{"damage":14,"enemies":"downfall:Ironclad","floor":16,"turns":4},{"damage":2,"enemies":"Elementarium:MUD_AND_TAR_GOLEMS","floor":19,"turns":2},{"damage":13,"enemies":"Elementarium:Cyclone","floor":20,"turns":4},{"damage":1,"enemies":"Elementarium:VoidBeast","floor":22,"turns":2},{"damage":6,"enemies":"Elementarium:FIRE_NOBILITY","floor":23,"turns":4},{"damage":1,"enemies":"Elementarium:WarGolem","floor":25,"turns":3},{"damage":0,"enemies":"Elementarium:STONE_GOLEMS","floor":26,"turns":2},{"damage":0,"enemies":"Elementarium:3_ELEMENTALS","floor":27,"turns":1},{"damage":0,"enemies":"Elementarium:VOID_CORRUPTION_AND_ORB_OF_FIRE","floor":28,"turns":4},{"damage":6,"enemies":"Elementarium:CYCLONE_AND_ORB_OF_FIRE","floor":31,"turns":5},{"damage":10,"enemies":"Elementarium:VoidBeast","floor":32,"turns":3},{"damage":0,"enemies":"downfall:Watcher","floor":33,"turns":7},{"damage":0,"enemies":"Gensokyo:3_Boulders","floor":36,"turns":3},{"damage":1,"enemies":"Gensokyo:AncientGuardian","floor":38,"turns":6},{"damage":28,"enemies":"Gensokyo:Marisa","floor":40,"turns":5},{"damage":0,"enemies":"Gensokyo:4_Bats","floor":48,"turns":2},{"damage":0,"enemies":"Gensokyo:SeedOfUnknown","floor":49,"turns":5},{"damage":95,"enemies":"downfall:Silent","floor":50,"turns":9},{"damage":0,"enemies":"downfall:CharBossMerchant","floor":52,"turns":7},{"damage":29,"enemies":"downfall:NeowBoss","floor":55,"turns":27}],"seed_played":"-4183407049193125527","potions_obtained":[{"floor":8,"key":"Ancient Potion"},{"floor":11,"key":"BlessingOfTheForge"},{"floor":13,"key":"Dota2Spire:Clarity"},{"floor":16,"key":"jedi:tentaclejuice"},{"floor":20,"key":"Energy Potion"},{"floor":25,"key":"EssenceOfSteel"},{"floor":26,"key":"ColorlessPotion"},{"floor":26,"key":"jedi:tentaclejuice"},{"floor":27,"key":"jedi:StrikingPotion"},{"floor":31,"key":"champ:CounterPotion"},{"floor":33,"key":"DDmod:CleansePotion"},{"floor":36,"key":"Dota2Spire:Clarity"},{"floor":38,"key":"jedi:wingpotion"},{"floor":40,"key":"Milkshake"},{"floor":49,"key":"Reflective Coating"},{"floor":52,"key":"Dexterity Potion"}],"is_trial":false,"path_per_floor":["R","M","$","M","M","COS","T","M","M","M","E","R","E","M","M","B",null,"R","M","M","?","M","E","T","E","M","M","M","$","R","M","M","B",null,"R","M","?","M","?","E","T","COS","R","R","$","?","?","M","M","B",null,"E","$","R","B",null],"character_chosen":"THE_SPIRIT","items_purchased":["BargainBundle","Apotheosis","hexamod:HauntingEcho","hexamod:GhostOfSpirePresent","hexamod:AdvancingGuard","hexamod:HeatCrush","strawberrySpire:GlyphStone","Juzu Bracelet","BrkXgEgg"],"campfire_rested":0,"item_purchase_floors":[3,3,3,3,3,3,29,29,53],"current_hp_per_floor":[70,70,70,70,70,70,70,68,68,68,62,72,75,77,83,76,88,88,88,81,81,82,78,78,79,81,83,87,87,87,85,81,85,150,150,156,156,161,161,138,138,138,138,138,138,155,155,159,165,83,176,180,180,180,151],"gold":13,"neow_bonus":"THREE_ENEMY_KILL","is_daily":false,"chose_seed":false,"campfire_upgraded":2,"win_rate":0.0,"timestamp":1610567681,"path_taken":["R","M","$","M","M","COS","T","M","?","M","E","R","E","M","M","BOSS","R","M","M","?","M","E","T","E","M","M","?","$","R","M","M","BOSS","R","M","?","M","?","E","T","COS","R","R","$","?","?","M","M","BOSS","E","$","R","BOSS"],"items_purchased_type":["Relic","Card","Card","Card","Card","Card","Relic","Relic","Relic"],"build_version":"2020-12-22","purchased_purges":1,"victory":true,"max_hp_per_floor":[70,70,70,70,70,70,70,70,70,70,70,80,82,84,86,88,88,88,90,92,92,94,96,96,98,100,102,106,106,106,110,116,120,150,150,156,156,162,162,166,166,166,166,166,166,166,166,170,176,176,176,180,180,180,180],"card_choices":[{"not_picked":["hexamod:HeatMetal","hexamod:NightmareStrike"],"picked":"hexamod:SpectersWail","floor":2},{"not_picked":["hexamod:BacktrackSmack","hexamod:NightmareGuise"],"picked":"hexamod:ThermalTransfer","floor":3},{"not_picked":["hexamod:HeatShield","hexamod:ThermalTransfer"],"picked":"hexamod:ShieldOfDarkness","floor":4},{"not_picked":["hexamod:PhantomFireball","hexamod:GhostLash"],"picked":"hexamod:Firestarter","floor":5},{"not_picked":["hexamod:SkipABeat","hexamod:SpectersWail"],"picked":"hexamod:BurningTouch","floor":8},{"not_picked":["hexamod:RetreatToShadows","hexamod:HauntingEcho"],"picked":"hexamod:FlamesFromBeyond","floor":9},{"not_picked":["hexamod:ThermalTransfer","hexamod:BurningTouch"],"picked":"hexamod:SwordOfDarkness","floor":10},{"not_picked":["hexamod:UnlimitedPower","hexamod:BurningTouch"],"picked":"hexamod:ThirdSeal","floor":11},{"not_picked":["hexamod:GhostLash","hexamod:SpectersWail"],"picked":"hexamod:UnlimitedPower","floor":13},{"not_picked":["hexamod:GhostLash","hexamod:EtherealExpedition","hexamod:ExtraCrispy"],"picked":"Singing Bowl","floor":13},{"not_picked":["hexamod:RetreatToShadows","hexamod:RecurringNightmare","hexamod:BacktrackSmack"],"picked":"Singing Bowl","floor":14},{"not_picked":["hexamod:HeatShield","hexamod:SkipABeat","hexamod:Firestarter"],"picked":"Singing Bowl","floor":15},{"not_picked":["hexamod:UnleashSpirits","hexamod:SearingWound"],"picked":"hexamod:SixthSeal","floor":16},{"not_picked":["hexamod:SearingWound","hexamod:SixthSeal","hexamod:WildfireWeapon"],"picked":"Singing Bowl","floor":16},{"not_picked":["Footwork","hexamod:GhostLash","MostiFishMod:PerfectParry"],"picked":"MostiFishMod:PreservedThorns+1","floor":19},{"not_picked":["hubris:Sniper","hexamod:Rewind","hexamod:InspiringFlames","hexamod:NightmareGuise"],"picked":"Singing Bowl","floor":19},{"not_picked":["Sucker Punch","Blade Dance","hexamod:Incineration","hexamod:RecurringNightmare"],"picked":"Singing Bowl","floor":20},{"not_picked":["Backflip","Bane+1","strawberrySpire:Insectonator","Dagger Spray"],"picked":"Singing Bowl","floor":22},{"not_picked":["MostiFishMod:FullyArmed","strawberrySpire:Insectonator","Dagger Spray","strawberrySpire:Plunge"],"picked":"Singing Bowl","floor":23},{"not_picked":["Finisher","Dagger Spray","Dagger Throw"],"picked":"hexamod:FourthSeal","floor":23},{"not_picked":["strawberrySpire:Trickbox+1","Quick Slash+1","strawberrySpire:SideSwipe","StuffTheSpire:Incursion"],"picked":"Singing Bowl","floor":25},{"not_picked":["hexamod:HauntingEcho","Slice","InfectiousVector","hubris:Counter"],"picked":"Singing Bowl","floor":26},{"not_picked":["strawberrySpire:Urgency","Blur","Corpse Explosion","Acrobatics"],"picked":"Singing Bowl","floor":27},{"not_picked":["Cloak And Dagger+1","hexamod:NightmareGuise","hexamod:Hexaguard","Dagger Throw"],"picked":"Singing Bowl","floor":28},{"not_picked":["Slice+1","StuffTheSpire:Fury","hexamod:PowerFromBeyond","Dagger Spray"],"picked":"Singing Bowl","floor":28},{"not_picked":["Backflip","MostiFishMod:PerfectParry","hexamod:SpectersWail","Terror+1"],"picked":"Singing Bowl","floor":31},{"not_picked":["strawberrySpire:Pant","conspire:DoublingDagger","Well Laid Plans","StuffTheSpire:BumpUp+1"],"picked":"Singing Bowl","floor":31},{"not_picked":["StuffTheSpire:BumpUp","hexamod:TimeWarp","All Out Attack","hexamod:RadiantFlame+1"],"picked":"Singing Bowl","floor":32},{"not_picked":["hexamod:Hexaguard","hexamod:NightmareGuise","Dodge and Roll+1","hexamod:GhostLash"],"picked":"Singing Bowl","floor":32},{"not_picked":["Deadly Poison","Reflex","Distraction+1","strawberrySpire:DreamfoilDart"],"picked":"Singing Bowl","floor":32},{"not_picked":["Malaise","Glass Knife","jedi:rejectivetoxin","jedi:brewingpoison"],"picked":"Singing Bowl","floor":33},{"not_picked":["jedi:rejectivetoxin","Tools of the Trade","Phantasmal Killer","hexamod:SearingWound"],"picked":"Singing Bowl","floor":33},{"not_picked":["Deadly Poison+1","hexamod:SkipABeat+1","hexamod:GhostLash","hexamod:SpectersWail"],"picked":"Singing Bowl","floor":36},{"not_picked":["hexamod:SwordOfDarkness","Outmaneuver+1","hexamod:AdvancingGuard","hexamod:BurningTouch"],"picked":"Singing Bowl","floor":36},{"not_picked":["Slice+1","hexamod:HauntingEcho+1","Deflect","conspire:DoublingDagger+1"],"picked":"Singing Bowl","floor":36},{"not_picked":["hexamod:Again","Well Laid Plans","Caltrops","hexamod:SoulSteal+1"],"picked":"Singing Bowl","floor":38},{"not_picked":["MostiFishMod:PerfectParry","hexamod:ShieldOfDarkness","StuffTheSpire:Incantation","Catalyst"],"picked":"Singing Bowl","floor":38},{"not_picked":["Eviscerate","MostiFishMod:WinterMarkForm","hexamod:RetreatToShadows+1","hexamod:SwordOfDarkness+1"],"picked":"Singing Bowl","floor":38},{"not_picked":["hexamod:GhostOfSpireFuture+1","strawberrySpire:Slide","Outmaneuver","strawberrySpire:Momentum"],"picked":"Singing Bowl","floor":40},{"not_picked":["hexamod:GhostflameBarrier+1","Terror","hexamod:BacktrackSmack+1","hexamod:Firestarter+1"],"picked":"Singing Bowl","floor":40},{"not_picked":["hexamod:FastForward","strawberrySpire:Pant","Riddle With Holes+1","StuffTheSpire:DoubleShiv+1"],"picked":"Singing Bowl","floor":48},{"not_picked":["hexamod:RainOfEmbers","hexamod:Incineration+1","MostiFishMod:PerfectParry+1","StuffTheSpire:Repulse+1"],"picked":"Singing Bowl","floor":48},{"not_picked":["strawberrySpire:Slide","hexamod:HauntingEcho+1","hexamod:GhostOfSpirePresent","hexamod:UnlimitedPower"],"picked":"Singing Bowl","floor":49},{"not_picked":["conspire:PoisonWeapons","Choke+1","hexamod:Hexaguard+1","hexamod:SpectersWail+1"],"picked":"Singing Bowl","floor":49},{"not_picked":["Deflect+1","hexamod:SpectersWail+1","Backstab","Slice+1"],"picked":"Singing Bowl","floor":49},{"not_picked":["hexamod:NightmareGuise+1","hexamod:RadiantFlame+1","Dagger Throw","Deadly Poison+1"],"picked":"Singing Bowl","floor":52},{"not_picked":["Deadly Poison+1","MostiFishMod:InvigoratingSolution+1","Slice+1","hexamod:AdvancingGuard"],"picked":"Singing Bowl","floor":52}],"player_experience":945479,"relics_obtained":[{"floor":11,"key":"ReplayTheSpireMod:TigerMarble"},{"floor":13,"key":"Singing Bowl"},{"floor":23,"key":"conspire:BottledYoYo"},{"floor":24,"key":"Shovel"},{"floor":25,"key":"War Paint"},{"floor":30,"key":"Prayer Wheel"},{"floor":31,"key":"wanderingMiniBosses:LockLocket"},{"floor":35,"key":"conspire:DeflatedDodgeball"},{"floor":40,"key":"jedi:arcanewood"},{"floor":41,"key":"Dota2Spire:MaskOfMadness"},{"floor":43,"key":"strawberrySpire:ElefentMask"},{"floor":44,"key":"theSenshi:SuperSailorFukuRelic"},{"floor":52,"key":"StuffTheSpire:Experiment12"},{"floor":54,"key":"theForsaken:HumbleEgg"}],"event_choices":[],"is_beta":false,"boss_relics":[{"not_picked":["conspire:RunicOctahedron","vexMod:EndlessSickness"],"picked":"aspiration:SilentSkillbook"},{"not_picked":["Pandora\u0027s Box","MostiFishMod:Hod"],"picked":"vexMod:BigBerry"}],"items_purged_floors":[29],"is_endless":false,"potions_floor_spawned":[8,11,13,16,20,26,27,33,36,49],"ascension_level":0}}