{"host":"t7mx8yfj1no5p62f","time":1610542626,"event":{"mods":["BaseMod","Bestiary","Colored Map","Colored Powertips","Minty Spire (QoL Compilation)","Relic Stats","StSLib"],"gold_per_floor":[15,34,51,51,68,68,29,29,29,62,22,22,22],"floor_reached":12,"language":"ENG","playtime":292,"items_purged":[],"score":156,"play_id":"49ce2bee-25b0-4c05-a4ac-bdaa1ddcb580","local_time":"20210113075706","is_ascension_mode":true,"campfire_choices":[{"data":"Rampage","floor":6,"key":"SMITH"},{"data":"Double Tap","floor":8,"key":"SMITH"}],"circlet_count":0,"master_deck":["AscendersBane","Strike_R","Strike_R","Strike_R","Strike_R","Strike_R","Defend_R","Defend_R","Defend_R","Defend_R","Bash","Double Tap+1","Rampage+1","Disarm","Cleave","Ghostly Armor","Shrug It Off"],"relics":["Burning Blood","Bottled Flame","Meat on the Bone"],"acts_visited":["Exordium"],"potions_floor_usage":[5],"damage_taken":[{"damage":2,"enemies":"Cultist","floor":1,"turns":4},{"damage":7,"enemies":"Jaw Worm","floor":2,"turns":3},{"damage":7,"enemies":"Small Slimes","floor":3,"turns":3},{"damage":20,"enemies":"Red Slaver","floor":5,"turns":4},{"damage":20,"enemies":"3 Sentries","floor":10,"turns":7},{"damage":56,"enemies":"Gremlin Nob","floor":12,"turns":4}],"seed_played":"7029424583201649432","potions_obtained":[{"floor":1,"key":"BlessingOfTheForge"}],"is_trial":false,"path_per_floor":["M","M","M","?","M","R","$","R","T","E","?","E"],"character_chosen":"IRONCLAD","items_purchased":["Ghostly Armor"],"campfire_rested":0,"item_purchase_floors":[7],"current_hp_per_floor":[72,71,70,70,56,56,56,56,56,42,42,0,0],"gold":22,"neow_bonus":"THREE_RARE_CARDS","is_daily":false,"chose_seed":false,"campfire_upgraded":2,"win_rate":0.0,"timestamp":1610542626,"path_taken":["M","M","M","?","M","R","$","R","T","E","?","E"],"items_purchased_type":["Card"],"build_version":"2020-12-22","purchased_purges":0,"victory":false,"max_hp_per_floor":[75,75,75,75,75,75,75,75,75,75,75,75,75],"relic_stats":{"counters":[6,25],"obtain_stats":[{"Bottled Flame":9,"Burning Blood":0,"Meat on the Bone":10},{"Bottled Flame":4,"Burning Blood":0,"Meat on the Bone":5},{"Bottled Flame":14,"Burning Blood":0,"Meat on the Bone":21}],"Burning Blood":30,"Meat on the Bone":0},"card_choices":[{"not_picked":["Barricade","Limit Break"],"picked":"Double Tap","floor":0},{"not_picked":["Headbutt","Heavy Blade"],"picked":"Rampage","floor":1},{"not_picked":["Clothesline","Hemokinesis","Seeing Red"],"picked":"SKIP","floor":2},{"not_picked":["Flex","Sever Soul"],"picked":"Disarm","floor":3},{"not_picked":["Fire Breathing","Dropkick"],"picked":"Cleave","floor":5},{"not_picked":["Clash","Berserk"],"picked":"Shrug It Off","floor":10}],"player_experience":1747581,"relics_obtained":[{"floor":9,"key":"Bottled Flame"},{"floor":10,"key":"Meat on the Bone"}],"event_choices":[{"damage_healed":0,"gold_gain":0,"player_choice":"Ignored","damage_taken":0,"max_hp_gain":0,"max_hp_loss":0,"event_name":"Liars Game","floor":4,"gold_loss":0},{"damage_healed":0,"gold_gain":0,"player_choice":"Left Gold","damage_taken":0,"max_hp_gain":0,"max_hp_loss":0,"event_name":"World of Goop","floor":11,"gold_loss":40}],"is_beta":false,"boss_relics":[],"items_purged_floors":[],"is_endless":false,"potions_floor_spawned":[1],"killed_by":"Gremlin Nob","ascension_level":20}}