{"host":"3a1ypf1irl30q4k8","time":1610573813,"event":{"mods":["AchievementEnabler","BaseMod","Bestiary","Colored Map","Minty Spire (QoL Compilation)","Relic Stats"],"gold_per_floor":[365,383,197,197,212,242,242,274,341,383,412,424,455,542,554,671,683,710,722,734,746,775,822,834,876,888,395,320,320,340,353,353,456,456,470,481,481,491,510,537,537,547,598,598,626,626,626,651,651,651,651,651,38,38,38],"floor_reached":54,"language":"ENG","playtime":3397,"items_purged":["Parasite","Anger","Bite"],"score":950,"play_id":"635a8f1b-d4f9-4a93-99c7-3a75a6678a09","local_time":"20210113213653","is_ascension_mode":true,"campfire_choices":[{"data":"Wild Strike","floor":7,"key":"SMITH"},{"data":"Shockwave","floor":12,"key":"SMITH"},{"data":"True Grit","floor":15,"key":"SMITH"},{"data":"Juggernaut","floor":24,"key":"SMITH"},{"floor":29,"key":"REST"},{"data":"True Grit","floor":32,"key":"SMITH"},{"floor":41,"key":"RECALL"},{"data":"Juggernaut","floor":44,"key":"SMITH"},{"data":"Cleave","floor":47,"key":"SMITH"},{"data":"Impervious","floor":49,"key":"SMITH"},{"data":"Shrug It Off","floor":52,"key":"SMITH"}],"circlet_count":0,"master_deck":["Defend_R","Defend_R","Defend_R","Bash","Clothesline","Ghostly Armor","Fire Breathing+1","Wild Strike+1","Burning Pact","Battle Trance","Shockwave+1","True Grit+1","Juggernaut+1","Anger+1","RitualDagger","Bite","Bite","Bite","Bite","J.A.X.","Feel No Pain+1","True Grit+1","Battle Trance+1","Impervious+1","Barricade+1","Shrug It Off+1","Headbutt+1","Fire Breathing+1","Juggernaut+1","Power Through+1","Cleave+1","PanicButton"],"relics":["Burning Blood","HornCleat","MawBank","MealTicket","Thread and Needle","Runic Cube","InkBottle","Champion Belt","Question Card","Strawberry","Anchor","Coffee Dripper","Sundial","Red Skull","Letter Opener","Ornamental Fan","Lee\u0027s Waffle"],"acts_visited":["Exordium","TheCity","TheBeyond","TheEnding"],"potions_floor_usage":[6,8,16,23,25,30,31,33,33,35,45,45,50,50],"damage_taken":[{"damage":7,"enemies":"Jaw Worm","floor":1,"turns":3},{"damage":7,"enemies":"Small Slimes","floor":2,"turns":3},{"damage":7,"enemies":"2 Louse","floor":5,"turns":3},{"damage":5,"enemies":"3 Sentries","floor":6,"turns":5},{"damage":20,"enemies":"Lagavulin","floor":8,"turns":6},{"damage":1,"enemies":"3 Sentries","floor":10,"turns":4},{"damage":0,"enemies":"2 Fungi Beasts","floor":11,"turns":2},{"damage":0,"enemies":"Exordium Wildlife","floor":13,"turns":3},{"damage":7,"enemies":"Hexaghost","floor":16,"turns":11},{"damage":20,"enemies":"Spheric Guardian","floor":18,"turns":6},{"damage":7,"enemies":"3 Byrds","floor":22,"turns":5},{"damage":38,"enemies":"Book of Stabbing","floor":23,"turns":6},{"damage":34,"enemies":"Gremlin Leader","floor":25,"turns":8},{"damage":32,"enemies":"3 Cultists","floor":30,"turns":7},{"damage":6,"enemies":"Snake Plant","floor":31,"turns":4},{"damage":42,"enemies":"Collector","floor":33,"turns":11},{"damage":12,"enemies":"3 Darklings","floor":35,"turns":7},{"damage":3,"enemies":"Orb Walker","floor":36,"turns":3},{"damage":6,"enemies":"3 Darklings","floor":38,"turns":5},{"damage":15,"enemies":"4 Shapes","floor":39,"turns":4},{"damage":30,"enemies":"Giant Head","floor":40,"turns":9},{"damage":15,"enemies":"Maw","floor":42,"turns":7},{"damage":36,"enemies":"Reptomancer","floor":45,"turns":6},{"damage":0,"enemies":"Nemesis","floor":48,"turns":7},{"damage":8,"enemies":"Donu and Deca","floor":50,"turns":8},{"damage":73,"enemies":"Shield and Spear","floor":54,"turns":3}],"seed_played":"2728597617999343773","potions_obtained":[{"floor":2,"key":"LiquidMemories"},{"floor":5,"key":"Weak Potion"},{"floor":10,"key":"AttackPotion"},{"floor":13,"key":"ColorlessPotion"},{"floor":16,"key":"GamblersBrew"},{"floor":23,"key":"FearPotion"},{"floor":25,"key":"BloodPotion"},{"floor":30,"key":"SpeedPotion"},{"floor":31,"key":"BloodPotion"},{"floor":35,"key":"EssenceOfSteel"},{"floor":42,"key":"ColorlessPotion"},{"floor":45,"key":"Energy Potion"},{"floor":48,"key":"Strength Potion"}],"is_trial":false,"path_per_floor":["M","M","$","?","M","E","R","E","T","E","M","R","M","?","R","B",null,"M","?","?","?","M","E","R","E","T","$","?","R","M","M","R","B",null,"M","M","?","M","M","E","R","M","T","R","E","?","R","E","R","B",null,"R","$","E"],"character_chosen":"IRONCLAD","items_purchased":["Ghostly Armor","Fire Breathing","Strawberry","Anchor","True Grit","SteroidPotion","Ornamental Fan","Lee\u0027s Waffle","PanicButton"],"campfire_rested":1,"item_purchase_floors":[3,3,27,27,27,27,53,53,53],"current_hp_per_floor":[79,78,77,77,76,77,77,63,63,68,74,74,77,66,66,65,77,63,57,53,53,53,27,27,13,13,35,35,53,37,41,41,41,60,60,60,60,60,53,41,41,36,36,36,10,10,10,28,28,32,60,60,67,0,0],"gold":38,"neow_bonus":"TWO_FIFTY_GOLD","is_daily":false,"chose_seed":false,"campfire_upgraded":9,"win_rate":0.0,"timestamp":1610573813,"path_taken":["M","M","$","?","M","E","R","E","T","E","M","R","M","?","R","BOSS","M","?","?","?","M","E","R","E","T","$","?","R","M","?","R","BOSS","M","M","?","M","?","E","R","M","T","R","E","?","R","E","R","BOSS","R","$","E"],"items_purchased_type":["Card","Card","Relic","Relic","Card","Potion","Relic","Relic","Card"],"build_version":"2020-12-22","purchased_purges":3,"victory":false,"max_hp_per_floor":[80,80,77,77,77,77,77,77,77,77,77,77,77,77,77,77,77,77,77,53,53,53,53,53,53,53,60,60,60,60,60,60,60,60,60,60,60,60,60,60,60,60,60,60,60,60,60,60,60,60,60,60,67,67,67],"relic_stats":{"Lee\u0027s Waffle":7,"counters":[26,146],"Letter Opener":[30],"MawBank":228,"Question Card":11,"Burning Blood":133,"Sundial":[2],"Ornamental Fan":[0],"MealTicket":15,"Champion Belt":[16],"obtain_stats":[{"Lee\u0027s Waffle":53,"Thread and Needle":10,"Letter Opener":48,"MawBank":8,"Question Card":26,"Burning Blood":0,"Anchor":27,"HornCleat":6,"Sundial":40,"Ornamental Fan":53,"Strawberry":27,"MealTicket":9,"Coffee Dripper":34,"Champion Belt":25,"InkBottle":23,"Red Skull":45,"Runic Cube":17},{"Lee\u0027s Waffle":25,"Thread and Needle":6,"Letter Opener":24,"MawBank":5,"Question Card":13,"Burning Blood":0,"Anchor":13,"HornCleat":4,"Sundial":21,"Ornamental Fan":25,"Strawberry":13,"MealTicket":5,"Coffee Dripper":16,"Champion Belt":13,"InkBottle":12,"Red Skull":23,"Runic Cube":9},{"Lee\u0027s Waffle":143,"Thread and Needle":24,"Letter Opener":135,"MawBank":20,"Question Card":65,"Burning Blood":0,"Anchor":65,"HornCleat":14,"Sundial":115,"Ornamental Fan":143,"Strawberry":65,"MealTicket":20,"Coffee Dripper":87,"Champion Belt":65,"InkBottle":57,"Red Skull":128,"Runic Cube":40}],"InkBottle":[22],"Runic Cube":[64]},"card_choices":[{"not_picked":["Havoc","Fire Breathing"],"picked":"Clothesline","floor":1},{"not_picked":["Feel No Pain","Iron Wave"],"picked":"Anger","floor":2},{"not_picked":["Armaments","Sentinel"],"picked":"Pommel Strike","floor":5},{"not_picked":["Sword Boomerang","Cleave"],"picked":"Wild Strike","floor":6},{"not_picked":["Sever Soul","Brutality"],"picked":"Burning Pact","floor":8},{"not_picked":["Berserk","Thunderclap"],"picked":"Battle Trance","floor":10},{"not_picked":["Blood for Blood","Thunderclap"],"picked":"Shockwave","floor":11},{"not_picked":["Inflame","Iron Wave"],"picked":"True Grit","floor":13},{"not_picked":["Offering","Limit Break"],"picked":"Juggernaut","floor":16},{"not_picked":["Warcry","Infernal Blade"],"picked":"Anger+1","floor":18},{"not_picked":["Havoc","Searing Blow","Twin Strike"],"picked":"SKIP","floor":22},{"not_picked":["Limit Break","Flex","Havoc+1"],"picked":"SKIP","floor":23},{"not_picked":["Dual Wield","Evolve"],"picked":"Feel No Pain+1","floor":25},{"not_picked":["Warcry","Clash","Rupture+1"],"picked":"Battle Trance+1","floor":30},{"not_picked":["True Grit","Iron Wave+1","Wild Strike+1"],"picked":"Impervious","floor":31},{"not_picked":["Demon Form","Impervious","Double Tap"],"picked":"Barricade","floor":33},{"not_picked":["Warcry","Anger+1","Sword Boomerang+1"],"picked":"Shrug It Off","floor":35},{"not_picked":["Thunderclap+1","Intimidate","Havoc","Pummel+1"],"picked":"SKIP","floor":36},{"not_picked":["Iron Wave","Twin Strike","Dropkick"],"picked":"Headbutt+1","floor":38},{"not_picked":["Perfected Strike+1","Inflame+1","Carnage"],"picked":"Fire Breathing+1","floor":39},{"not_picked":["Blood for Blood","Flex","Rupture"],"picked":"Juggernaut","floor":40},{"not_picked":["Body Slam","Cleave","Headbutt+1"],"picked":"Power Through+1","floor":42},{"not_picked":["Rampage+1","Havoc","Armaments+1","Headbutt+1"],"picked":"SKIP","floor":45},{"not_picked":["Perfected Strike","Battle Trance+1","Clash+1","Infernal Blade"],"picked":"SKIP","floor":48}],"player_experience":1049735,"relics_obtained":[{"floor":6,"key":"HornCleat"},{"floor":8,"key":"MawBank"},{"floor":9,"key":"MealTicket"},{"floor":10,"key":"Thread and Needle"},{"floor":23,"key":"InkBottle"},{"floor":25,"key":"Champion Belt"},{"floor":26,"key":"Question Card"},{"floor":40,"key":"Sundial"},{"floor":45,"key":"Red Skull"},{"floor":48,"key":"Letter Opener"}],"event_choices":[{"damage_healed":0,"gold_gain":0,"player_choice":"Grow","damage_taken":0,"max_hp_gain":0,"max_hp_loss":0,"event_name":"Living Wall","floor":4,"gold_loss":0,"cards_upgraded":["Fire Breathing"]},{"damage_healed":0,"gold_gain":75,"player_choice":"Gather Gold","damage_taken":11,"max_hp_gain":0,"max_hp_loss":0,"event_name":"World of Goop","floor":14,"gold_loss":0},{"damage_healed":0,"gold_gain":0,"player_choice":"Joined the Cult","damage_taken":6,"max_hp_gain":0,"max_hp_loss":0,"event_name":"Nest","floor":19,"gold_loss":0,"cards_obtained":["RitualDagger"]},{"damage_healed":0,"gold_gain":0,"player_choice":"Became a vampire","damage_taken":0,"max_hp_gain":0,"max_hp_loss":24,"event_name":"Vampires","floor":20,"gold_loss":0,"cards_obtained":["Bite","Bite","Bite","Bite","Bite"]},{"damage_healed":0,"gold_gain":0,"player_choice":"Obtain J.A.X.","damage_taken":0,"max_hp_gain":0,"max_hp_loss":0,"event_name":"Drug Dealer","floor":21,"gold_loss":0,"cards_obtained":["J.A.X."]},{"cards_removed":["Defend_R"],"damage_healed":0,"gold_gain":0,"player_choice":"Gave Gold","damage_taken":0,"max_hp_gain":0,"max_hp_loss":0,"event_name":"Beggar","floor":28,"gold_loss":75},{"damage_healed":0,"gold_gain":0,"player_choice":"Forge","damage_taken":0,"max_hp_gain":0,"max_hp_loss":0,"event_name":"Accursed Blacksmith","floor":37,"gold_loss":0,"cards_upgraded":["Barricade"]},{"damage_healed":0,"gold_gain":0,"cards_transformed":["Pommel Strike"],"player_choice":"Transformed","damage_taken":0,"max_hp_gain":0,"max_hp_loss":0,"event_name":"Transmorgrifier","floor":46,"gold_loss":0,"cards_obtained":["Cleave"]}],"is_beta":false,"boss_relics":[{"not_picked":["Runic Dome","SacredBark"],"picked":"Runic Cube"},{"not_picked":["Calling Bell","Philosopher\u0027s Stone"],"picked":"Coffee Dripper"}],"items_purged_floors":[3,27,53],"is_endless":false,"potions_floor_spawned":[2,5,10,13,16,23,25,30,31,35,42,45,48],"killed_by":"Shield and Spear","ascension_level":3}}