{"host":"5x08nt64u3vxxcfi","time":1610535467,"event":{"mods":["BaseMod","Minty Spire (QoL Compilation)","StSLib","SuperFastMode"],"gold_per_floor":[112,62,62,76,76,109,126,126,126,126,147,162,13,28,28,124,124,138,56,56,81,6,6,47,47,127,127,147,147,171,192,192,192,192],"floor_reached":33,"language":"KOR","playtime":878,"items_purged":["Strike_G"],"score":496,"play_id":"d77fc19a-778b-46b9-abad-42eea4ae146b","local_time":"20210113195747","is_ascension_mode":true,"campfire_choices":[{"data":"Footwork","floor":10.0,"key":"SMITH"},{"data":"Neutralize","floor":15.0,"key":"SMITH"},{"floor":23.0,"key":"REST"},{"floor":25.0,"key":"DIG"},{"floor":32,"key":"REST"}],"circlet_count":0,"master_deck":["AscendersBane","Strike_G+1","Defend_G","Defend_G","Defend_G+1","Defend_G","Survivor","Neutralize+1","Footwork+1","Prepared","Blade Dance","Quick Slash","Infinite Blades","Backflip","Well Laid Plans","Choke+1","Adrenaline","Backstab+1","Footwork","Slice+1","Accuracy","Dagger Spray+1","Accuracy","Cloak And Dagger","Dagger Throw+1"],"relics":["Ring of the Snake","NeowsBlessing","InkBottle","Golden Idol","Molten Egg 2","Black Star","Enchiridion","Shovel","Bronze Scales","Akabeko","Bottled Flame","Happy Flower"],"acts_visited":["Exordium","TheCity"],"potions_floor_usage":[],"damage_taken":[{"damage":0.0,"enemies":"Small Slimes","floor":1.0,"turns":1.0},{"damage":0.0,"enemies":"2 Louse","floor":4.0,"turns":1.0},{"damage":0.0,"enemies":"3 Sentries","floor":6.0,"turns":1.0},{"damage":3.0,"enemies":"Jaw Worm","floor":7.0,"turns":8.0},{"damage":12.0,"enemies":"Exordium Thugs","floor":11.0,"turns":8.0},{"damage":0.0,"enemies":"Large Slime","floor":12.0,"turns":8.0},{"damage":3.0,"enemies":"Looter","floor":14.0,"turns":4.0},{"damage":16.0,"enemies":"The Guardian","floor":16.0,"turns":10.0},{"damage":12.0,"enemies":"Shell Parasite","floor":18.0,"turns":8.0},{"damage":1.0,"enemies":"3 Byrds","floor":21.0,"turns":5.0},{"damage":15.0,"enemies":"Book of Stabbing","floor":24.0,"turns":6.0},{"damage":10.0,"enemies":"Sentry and Sphere","floor":28.0,"turns":5.0},{"damage":2.0,"enemies":"Snecko","floor":30.0,"turns":5.0},{"damage":0,"enemies":"Centurion and Healer","floor":31,"turns":3},{"damage":49,"enemies":"Champ","floor":33,"turns":9}],"seed_played":"-3446513761140162954","potions_obtained":[{"floor":6.0,"key":"BlessingOfTheForge"},{"floor":7.0,"key":"SpeedPotion"},{"floor":12.0,"key":"Energy Potion"},{"floor":16.0,"key":"Dexterity Potion"},{"floor":24.0,"key":"FearPotion"},{"floor":28.0,"key":"Explosive Potion"}],"is_trial":false,"path_per_floor":["M","?","?","M","?","E","M","?","T","R","M","M","$","M","R","B",null,"M","$","?","M","?","R","E","R","T","?","M","?","M","M","R","B"],"character_chosen":"THE_SILENT","items_purchased":["Well Laid Plans","Footwork","Slice+1"],"campfire_rested":2,"item_purchase_floors":[13,19,19],"current_hp_per_floor":[59,59,46,46,39,39,36,36,36,36,24,24,24,21,21,5,47,35,35,19,18,18,36,21,21,21,21,11,11,9,9,27,0,0],"gold":192,"neow_bonus":"THREE_ENEMY_KILL","is_daily":false,"chose_seed":false,"campfire_upgraded":2,"win_rate":0.0,"timestamp":1610535467,"path_taken":["M","?","?","M","?","E","M","?","T","R","M","M","$","?","R","BOSS","M","$","?","M","?","R","E","R","T","?","M","?","M","?","R","BOSS"],"items_purchased_type":["Card","Card","Card"],"build_version":"2020-12-22","purchased_purges":1,"victory":false,"max_hp_per_floor":[66,66,66,66,66,66,66,61,61,61,61,61,61,61,61,61,61,61,61,61,61,61,61,61,61,61,61,61,61,61,61,61,61,61],"card_choices":[{"not_picked":["Backflip","PiercingWail"],"picked":"Footwork","floor":1.0},{"not_picked":["Eviscerate","Heel Hook"],"picked":"Prepared","floor":4.0},{"not_picked":["Poisoned Stab","Flying Knee"],"picked":"Blade Dance","floor":6.0},{"not_picked":["Sucker Punch","Flying Knee"],"picked":"Quick Slash","floor":7.0},{"not_picked":["Acrobatics","Accuracy"],"picked":"Infinite Blades","floor":11.0},{"not_picked":["Reflex","Outmaneuver"],"picked":"Backflip","floor":12.0},{"not_picked":["Well Laid Plans","Glass Knife+1"],"picked":"Choke+1","floor":14.0},{"not_picked":["Burst","Tools of the Trade"],"picked":"Adrenaline","floor":16.0},{"not_picked":["Quick Slash+1","Dodge and Roll"],"picked":"Backstab+1","floor":18.0},{"not_picked":["Tactician","Bane+1"],"picked":"Accuracy","floor":21.0},{"not_picked":["Flying Knee+1","Skewer+1"],"picked":"Dagger Spray+1","floor":24.0},{"not_picked":["Dodge and Roll","Concentrate+1"],"picked":"Accuracy","floor":28.0},{"not_picked":["Flying Knee+1","Slice+1"],"picked":"Cloak And Dagger","floor":30.0},{"not_picked":["Cloak And Dagger","PiercingWail"],"picked":"Dagger Throw+1","floor":31}],"player_experience":101209,"relics_obtained":[{"floor":6.0,"key":"InkBottle"},{"floor":9.0,"key":"Molten Egg 2"},{"floor":20.0,"key":"Enchiridion"},{"floor":24.0,"key":"Shovel"},{"floor":24.0,"key":"Bronze Scales"},{"floor":25.0,"key":"Akabeko"},{"floor":26.0,"key":"Bottled Flame"}],"event_choices":[{"cards_removed":["Strike_G"],"damage_healed":0.0,"max_hp_gain":0.0,"max_hp_loss":0.0,"gold_gain":0.0,"event_name":"The Cleric","player_choice":"Card Removal","floor":2.0,"gold_loss":50.0,"damage_taken":0.0},{"damage_healed":0.0,"max_hp_gain":0.0,"max_hp_loss":0.0,"gold_gain":0.0,"event_name":"Shining Light","player_choice":"Entered Light","floor":3.0,"gold_loss":0.0,"damage_taken":13.0,"cards_upgraded":["Defend_G","Strike_G"]},{"cards_removed":["Strike_G"],"damage_healed":0.0,"max_hp_gain":0.0,"max_hp_loss":0.0,"gold_gain":0.0,"event_name":"Golden Wing","player_choice":"Card Removal","floor":5.0,"gold_loss":0.0,"damage_taken":7.0},{"damage_healed":0.0,"max_hp_gain":0.0,"max_hp_loss":5.0,"gold_gain":0.0,"event_name":"Golden Idol","player_choice":"Lose Max HP","floor":8.0,"gold_loss":0.0,"damage_taken":0.0,"relics_obtained":["Golden Idol"]},{"damage_healed":0.0,"max_hp_gain":0.0,"max_hp_loss":0.0,"gold_gain":0.0,"event_name":"Cursed Tome","player_choice":"Obtained Book","floor":20.0,"gold_loss":0.0,"damage_taken":16.0},{"cards_removed":["Strike_G"],"damage_healed":0.0,"max_hp_gain":0.0,"max_hp_loss":0.0,"gold_gain":0.0,"event_name":"Beggar","player_choice":"Gave Gold","floor":22.0,"gold_loss":75.0,"damage_taken":0.0},{"cards_removed":["Defend_G"],"damage_healed":0.0,"max_hp_gain":0.0,"max_hp_loss":0.0,"gold_gain":0.0,"event_name":"Back to Basics","player_choice":"Elegance","floor":27.0,"gold_loss":0.0,"damage_taken":0.0},{"damage_healed":0.0,"max_hp_gain":0.0,"max_hp_loss":0.0,"gold_gain":0.0,"event_name":"WeMeetAgain","player_choice":"Gave Potion","floor":29.0,"gold_loss":0.0,"damage_taken":0.0,"relics_obtained":["Happy Flower"]}],"is_beta":false,"boss_relics":[{"not_picked":["SacredBark","Pandora\u0027s Box"],"picked":"Black Star"}],"items_purged_floors":[13],"is_endless":false,"potions_floor_spawned":[6,7,12,16,24,28],"killed_by":"Champ","ascension_level":14}}