{"host":"ruzbe9usp9zhw4m7","time":1610502750,"event":{"mods":["BaseMod","Colored Map","Downfall","Googly Eyes","Hermit","Marisa????????","Minty Spire (QoL Compilation)","Replay The Spire","StSLib","The Bug Knight","The Cursed","The Disciple","The Servant 0.9.4"],"gold_per_floor":[99,111,123,209,229,229,255,255,255,430,430,430,430,446,457,562,562,562,562,562,3,3,3,3,32,42,42,42,56,83,68,86,188,188,188,204,215,226,243,65,65,65,77,77,2,19,33,33,47,47],"floor_reached":51,"language":"ENG","playtime":3827,"items_purged":[],"score":727,"play_id":"fc308946-d575-42dc-b46c-f00f0c7c99ac","local_time":"20210112195230","is_ascension_mode":false,"campfire_choices":[{"data":"hexamod:Float","floor":1,"key":"SMITH"},{"floor":9,"key":"REST"},{"data":"hexamod:BurningTouch","floor":13,"key":"SMITH"},{"data":"hexamod:HexaLevel","floor":18,"key":"SMITH"},{"floor":35,"key":"DIG"},{"floor":42,"key":"REST"},{"data":"hexamod:GhostOfSpirePast","floor":45,"key":"SMITH"}],"circlet_count":0,"master_deck":["hexamod:Strike","hexamod:Strike","hexamod:Strike","hexamod:Strike","hexamod:Defend","hexamod:Defend","hexamod:Defend","hexamod:Sear","hexamod:Float+1","hexamod:InspiringFlames","hexamod:ThermalTransfer","hexamod:CrushingStance","hexamod:BurningTouch+1","hexamod:FirstSeal","hexamod:HeatShield","hexamod:AdvancingGuard","hexamod:HexaLevel+1","hexamod:EmpoweredFlame","hexamod:SwordOfDarkness","hexamod:GhostOfSpirePast+1","RitualDagger+1","hexamod:Rewind","hexamod:RadiantFlame+1","hexamod:HeatMetal+1","hexamod:PhantomFireball","hexamod:HauntingEcho","hexamod:FifthSeal","hexamod:Hexaguard+1","hexamod:ExtraCrispy+1","hexamod:SoulSteal+1","hexamod:ThirdSeal","hexamod:DynamicBlow+1","hexamod:ExtraCrispy+1","hexamod:WildfireWeapon","hexamod:Firestarter","hexamod:Incineration","hexamod:Hexaguard","hexamod:SwordOfDarkness","hexamod:ThirdSeal","hexamod:CatchUp+1","hexamod:Rewind","hexamod:GhostOfSpirePresent+1","hexamod:ExtraCrispy","hexamod:RainOfEmbers+1"],"relics":["hexamod:SpiritBrand","Omamori","Potion Belt","HollowMod:PaleOreRelic","Simple Rune","hexamod:IceCube","Lantern","Medical Kit","Chameleon Ring","HollowMod:LifeEnderRelic","Pocketwatch","Replay:Ringing Soul","Smiling Mask","TungstenRod","Black Star","Onion Ring","Counterbalance","downfall:HeartBlessingGreen"],"acts_visited":["Exordium","TheCity","TheBeyond"],"potions_floor_usage":[30,30,30,32,33,33,47,49,50,50,50],"damage_taken":[{"damage":1,"enemies":"Jaw Worm","floor":2,"turns":5},{"damage":0,"enemies":"Cultist","floor":3,"turns":4},{"damage":0,"enemies":"2 Louse","floor":5,"turns":3},{"damage":1,"enemies":"Blue Slaver","floor":14,"turns":3},{"damage":0,"enemies":"3 Louse","floor":15,"turns":4},{"damage":32,"enemies":"downfall:Watcher","floor":16,"turns":9},{"damage":0,"enemies":"Chosen","floor":20,"turns":1},{"damage":0,"enemies":"downfall:FleeingMerchant","floor":21,"turns":4},{"damage":3,"enemies":"HollowMod:Nosk","floor":25,"turns":6},{"damage":2,"enemies":"3 Cultists","floor":26,"turns":6},{"damage":0,"enemies":"Chosen and Byrds","floor":29,"turns":6},{"damage":44,"enemies":"Book of Stabbing","floor":30,"turns":5},{"damage":2,"enemies":"downfall:FleeingMerchant","floor":31,"turns":4},{"damage":15,"enemies":"Centurion and Healer","floor":32,"turns":5},{"damage":13,"enemies":"downfall:Defect","floor":33,"turns":7},{"damage":9,"enemies":"Orb Walker","floor":36,"turns":4},{"damage":12,"enemies":"3 Shapes","floor":37,"turns":4},{"damage":21,"enemies":"Maw","floor":38,"turns":9},{"damage":37,"enemies":"3 Darklings","floor":39,"turns":5},{"damage":10,"enemies":"downfall:FleeingMerchant","floor":40,"turns":4},{"damage":54,"enemies":"4 Shapes","floor":43,"turns":5},{"damage":18,"enemies":"Sphere and 2 Shapes","floor":46,"turns":8},{"damage":37,"enemies":"Transient","floor":47,"turns":5},{"damage":27,"enemies":"Jaw Worm Horde","floor":49,"turns":5},{"damage":68,"enemies":"downfall:Silent","floor":50,"turns":6}],"seed_played":"2061600190650816789","potions_obtained":[{"floor":4,"key":"Toxic Potion"},{"floor":4,"key":"SteroidPotion"},{"floor":5,"key":"sneckomod:MuddlingPotion"},{"floor":15,"key":"SteroidPotion"},{"floor":23,"key":"CultistPotion"},{"floor":30,"key":"Block Potion"},{"floor":32,"key":"Languid Potion"},{"floor":36,"key":"sneckomod:MuddlingPotion"},{"floor":37,"key":"SpeedPotion"},{"floor":43,"key":"Venom Potion"},{"floor":47,"key":"Dexterity Potion"}],"is_trial":false,"path_per_floor":["R","M","M","?","M","?","T","?","R","?","?","?","R","M","M","B",null,"R","?","M","$","?","?","T","E","M","T","T","M","E","$","M","B",null,"R_BF","M","M","M","M","$","T","R","M","?","R","M","M","?","M","B",null],"character_chosen":"THE_SPIRIT","items_purchased":["Lantern","Medical Kit","Chameleon Ring","hexamod:Firestarter","hexamod:Incineration","hexamod:Hexaguard"],"campfire_rested":2,"item_purchase_floors":[21,21,21,40,40,40],"current_hp_per_floor":[70,69,69,52,52,45,45,45,66,66,54,54,54,60,60,35,70,70,70,70,70,70,70,70,67,70,70,70,73,39,44,39,29,82,82,76,67,56,29,29,29,58,7,100,100,89,55,103,86,25],"gold":47,"neow_bonus":"RANDOM_COMMON_RELIC","is_daily":false,"chose_seed":false,"campfire_upgraded":4,"win_rate":0.0,"timestamp":1610502750,"path_taken":["R","M","M","?","?","?","T","?","R","?","?","?","R","M","M","BOSS","R","?","M","$","?","?","T","E","M","?","?","M","E","$","M","BOSS","R_BF","M","M","M","M","$","T","R","M","?","R","M","M","?","M","BOSS"],"items_purchased_type":["Relic","Relic","Relic","Card","Card","Card"],"build_version":"2020-12-22","purchased_purges":0,"victory":true,"max_hp_per_floor":[70,70,70,70,70,70,70,70,70,70,70,70,70,70,70,70,70,70,70,70,70,70,70,70,70,70,70,70,73,76,76,79,82,82,82,85,88,91,94,97,97,97,100,100,100,100,103,103,106,106],"card_choices":[{"not_picked":["hexamod:NightmareStrike","hexamod:PhantomCloak"],"picked":"hexamod:InspiringFlames","floor":2},{"not_picked":["hexamod:Rewind","hexamod:BacktrackSmack"],"picked":"hexamod:ThermalTransfer","floor":3},{"not_picked":["hexamod:SkipABeat","hexamod:NightmareStrike"],"picked":"hexamod:CrushingStance","floor":4},{"not_picked":["hexamod:NightmareGuise","hexamod:RainOfEmbers"],"picked":"hexamod:BurningTouch","floor":5},{"not_picked":["hexamod:BacktrackSmack","hexamod:GhostLash"],"picked":"hexamod:HeatShield","floor":14},{"not_picked":["hexamod:GhostLash","hexamod:HeatShield"],"picked":"hexamod:AdvancingGuard","floor":15},{"not_picked":["hexamod:UnleashSpirits","hexamod:ParanormalForm"],"picked":"hexamod:HexaLevel","floor":16},{"not_picked":["hexamod:ThermalTransfer","hexamod:BacktrackSmack"],"picked":"hexamod:SwordOfDarkness","floor":20},{"not_picked":["hexamod:TurnItUp","hexamod:NightmareStrike"],"picked":"hexamod:GhostOfSpirePast","floor":21},{"not_picked":["hexamod:InspiringFlames","hexamod:ShieldOfDarkness+1"],"picked":"hexamod:Rewind","floor":25},{"not_picked":["hexamod:Firestarter+1","hexamod:BurningTouch+1"],"picked":"hexamod:RadiantFlame+1","floor":26},{"not_picked":["hexamod:GhostLash+1","hexamod:BurningTouch"],"picked":"hexamod:HeatMetal+1","floor":29},{"not_picked":["hexamod:ExtraCrispy","hexamod:RadiantFlame"],"picked":"hexamod:PhantomFireball","floor":30},{"not_picked":["hexamod:BacktrackSmack","hexamod:PhantomCloak","hexamod:HeatShield"],"picked":"SKIP","floor":31},{"not_picked":["hexamod:AdvancingGuard+1","hexamod:GhostOfSpirePresent"],"picked":"hexamod:HauntingEcho","floor":32},{"not_picked":["hexamod:HexaLevel","hexamod:UnleashSpirits"],"picked":"hexamod:FifthSeal","floor":33},{"not_picked":["hexamod:SpectersWail","hexamod:PhantomCloak+1"],"picked":"hexamod:Hexaguard+1","floor":36},{"not_picked":["hexamod:Incineration","hexamod:HauntingEcho"],"picked":"hexamod:ExtraCrispy+1","floor":37},{"not_picked":["hexamod:Rewind","hexamod:GhostOfSpirePast"],"picked":"hexamod:SoulSteal+1","floor":38},{"not_picked":["hexamod:SixthSeal","hexamod:FourthSeal"],"picked":"hexamod:ThirdSeal","floor":39},{"not_picked":["hexamod:BacktrackSmack+1","hexamod:GhostShield"],"picked":"hexamod:DynamicBlow+1","floor":39},{"not_picked":["hexamod:DynamicBlow+1","hexamod:HeatCrush"],"picked":"hexamod:ExtraCrispy+1","floor":40},{"not_picked":["hexamod:NightmareGuise","hexamod:RetreatToShadows+1"],"picked":"hexamod:WildfireWeapon","floor":40},{"not_picked":["hexamod:InspiringFlames","hexamod:RainOfEmbers"],"picked":"hexamod:SwordOfDarkness","floor":43},{"not_picked":["hexamod:SixthSeal","hexamod:SecondSeal"],"picked":"hexamod:ThirdSeal","floor":43},{"not_picked":["hexamod:RetreatToShadows+1","hexamod:Rewind+1"],"picked":"hexamod:CatchUp+1","floor":43},{"not_picked":["hexamod:FourthSeal","hexamod:SixthSeal","hexamod:SecondSeal"],"picked":"SKIP","floor":46},{"not_picked":["hexamod:ThermalTransfer","hexamod:GhostLash","hexamod:NightmareGuise+1"],"picked":"SKIP","floor":46},{"not_picked":["hexamod:NightmareGuise","hexamod:SwordOfDarkness"],"picked":"hexamod:Rewind","floor":47},{"not_picked":["hexamod:RainOfEmbers+1","hexamod:GhostLash"],"picked":"hexamod:GhostOfSpirePresent+1","floor":49},{"not_picked":["hexamod:GhostflameInferno","hexamod:HauntingEcho"],"picked":"hexamod:ExtraCrispy","floor":49},{"not_picked":["hexamod:GhostShield","hexamod:SpectersWail"],"picked":"hexamod:RainOfEmbers+1","floor":49}],"player_experience":672582,"relics_obtained":[{"floor":4,"key":"Potion Belt"},{"floor":7,"key":"HollowMod:PaleOreRelic"},{"floor":24,"key":"HollowMod:LifeEnderRelic"},{"floor":25,"key":"Pocketwatch"},{"floor":27,"key":"Replay:Ringing Soul"},{"floor":28,"key":"Smiling Mask"},{"floor":30,"key":"TungstenRod"},{"floor":35,"key":"Onion Ring"},{"floor":41,"key":"Counterbalance"}],"event_choices":[{"damage_healed":0,"gold_gain":0,"player_choice":"Success","damage_taken":12,"relics_obtained":["Simple Rune"],"max_hp_gain":0,"max_hp_loss":0,"event_name":"Scrap Ooze","floor":11,"gold_loss":0},{"cards_removed":["hexamod:Defend"],"damage_healed":0,"gold_gain":0,"player_choice":"Forget","damage_taken":0,"max_hp_gain":0,"max_hp_loss":0,"event_name":"Living Wall","floor":12,"gold_loss":0},{"damage_healed":0,"gold_gain":0,"player_choice":"Read","damage_taken":0,"max_hp_gain":0,"max_hp_loss":0,"event_name":"The Library","floor":19,"gold_loss":0,"cards_obtained":["hexamod:EmpoweredFlame"]},{"damage_healed":0,"gold_gain":0,"player_choice":"Simplicity","damage_taken":0,"max_hp_gain":0,"max_hp_loss":0,"event_name":"Back to Basics","floor":22,"gold_loss":0,"cards_upgraded":["hexamod:Strike","hexamod:Strike","hexamod:Strike","hexamod:Strike","hexamod:Defend","hexamod:Defend","hexamod:Defend"]},{"damage_healed":48,"gold_gain":0,"player_choice":"Full Heal","damage_taken":0,"max_hp_gain":0,"max_hp_loss":0,"event_name":"Wheel of Change","floor":48,"gold_loss":0}],"is_beta":false,"boss_relics":[{"not_picked":["Snecko Eye","SacredBark"],"picked":"hexamod:IceCube"},{"not_picked":["Velvet Choker","Runic Dome"],"picked":"Black Star"}],"items_purged_floors":[],"is_endless":false,"potions_floor_spawned":[5,15,25,29,30,32,36,37,43,47],"ascension_level":0}}