{"host":"1q02rw1wpi0nrsss","time":1610580933,"event":{"mods":["AchievementEnabler","BaseMod","DeckTracker","Minty Spire (QoL Compilation)","Quick Restart","Rare Cards Sparkle"],"gold_per_floor":[112,34,34,34,47,47,79,79,149,164,15,45,65,76,76,172,172,182,199,1,1,1,1,1],"floor_reached":23,"language":"ENG","playtime":990,"items_purged":[],"score":304,"play_id":"bb77192b-ead0-49f7-813e-658de8f267e8","local_time":"20210113153533","is_ascension_mode":true,"campfire_choices":[{"data":"Noxious Fumes","floor":6.0,"key":"SMITH"},{"data":"Cloak And Dagger","floor":8.0,"key":"SMITH"},{"data":"Malaise","floor":15.0,"key":"SMITH"}],"circlet_count":0,"master_deck":["Strike_G","Strike_G","Strike_G","Defend_G","Defend_G","Defend_G","Defend_G","Defend_G","Survivor","Neutralize+1","Cloak And Dagger+1","Noxious Fumes+1","Malaise+1","Bane","Infinite Blades","Crippling Poison","Tools of the Trade","Dagger Spray","Footwork","Dodge and Roll"],"relics":["Ring of the Snake","Ancient Tea Set","Shuriken","Pear","Omamori","Orichalcum","WristBlade","TwistedFunnel"],"acts_visited":["Exordium","TheCity"],"potions_floor_usage":[],"damage_taken":[{"damage":0.0,"enemies":"Small Slimes","floor":1.0,"turns":4.0},{"damage":3.0,"enemies":"2 Louse","floor":5.0,"turns":2.0},{"damage":24.0,"enemies":"3 Sentries","floor":7.0,"turns":9.0},{"damage":0.0,"enemies":"Cultist","floor":10.0,"turns":3.0},{"damage":7.0,"enemies":"Lagavulin","floor":12.0,"turns":6.0},{"damage":1.0,"enemies":"Red Slaver","floor":13.0,"turns":4.0},{"damage":0.0,"enemies":"3 Louse","floor":14.0,"turns":4.0},{"damage":10.0,"enemies":"The Guardian","floor":16.0,"turns":11.0},{"damage":6.0,"enemies":"3 Byrds","floor":18.0,"turns":4.0},{"damage":21.0,"enemies":"2 Thieves","floor":19.0,"turns":5.0},{"damage":46,"enemies":"Slavers","floor":23,"turns":4}],"seed_played":"7123541580921911463","potions_obtained":[{"floor":5.0,"key":"SkillPotion"},{"floor":7.0,"key":"SkillPotion"},{"floor":12.0,"key":"LiquidMemories"},{"floor":13.0,"key":"Fruit Juice"},{"floor":16.0,"key":"LiquidBronze"}],"is_trial":false,"path_per_floor":["M","$","?","?","M","R","E","R","T","M","$","E","M","M","R","B",null,"M","M","$","?","$","E"],"character_chosen":"THE_SILENT","items_purchased":["Noxious Fumes","Omamori","TwistedFunnel","Dodge and Roll"],"campfire_rested":0,"item_purchase_floors":[2,11,20,20],"current_hp_per_floor":[63,63,63,63,60,60,36,36,46,46,46,39,38,43,43,33,72,66,45,45,45,45,0,0],"gold":1,"neow_bonus":"UPGRADE_CARD","is_daily":false,"chose_seed":false,"campfire_upgraded":3,"win_rate":0.0,"timestamp":1610580933,"path_taken":["M","$","?","?","M","R","E","R","T","?","?","E","M","M","R","BOSS","M","M","$","?","$","E"],"items_purchased_type":["Card","Relic","Relic","Card"],"build_version":"2020-12-22","purchased_purges":0,"victory":false,"max_hp_per_floor":[70,70,70,70,70,70,70,70,80,80,80,80,80,85,85,85,85,85,85,85,85,85,85,85],"card_choices":[{"not_picked":["Bane","Predator"],"picked":"Cloak And Dagger","floor":1.0},{"not_picked":["Leg Sweep","Escape Plan","Accuracy"],"picked":"SKIP","floor":5.0},{"not_picked":["Slice","Underhanded Strike","Flying Knee"],"picked":"SKIP","floor":7.0},{"not_picked":["Acrobatics","Finisher"],"picked":"Malaise","floor":10.0},{"not_picked":["Venomology","Well Laid Plans"],"picked":"Bane","floor":12.0},{"not_picked":["Endless Agony","Tactician"],"picked":"Infinite Blades","floor":13.0},{"not_picked":["Tactician","Flying Knee"],"picked":"Crippling Poison","floor":14.0},{"not_picked":["Malaise","Doppelganger"],"picked":"Tools of the Trade","floor":16.0},{"not_picked":["Sucker Punch","Backstab"],"picked":"Dagger Spray","floor":18.0},{"not_picked":["Setup","Escape Plan+1"],"picked":"Footwork","floor":19.0}],"player_experience":389544,"relics_obtained":[{"floor":7.0,"key":"Shuriken"},{"floor":9.0,"key":"Pear"},{"floor":12.0,"key":"Orichalcum"}],"event_choices":[{"damage_healed":0.0,"max_hp_gain":0.0,"max_hp_loss":0.0,"gold_gain":0.0,"cards_transformed":["Strike_G"],"event_name":"Living Wall","player_choice":"Change","floor":3.0,"gold_loss":0.0,"damage_taken":0.0,"cards_obtained":["Dodge and Roll"]},{"cards_removed":["Dodge and Roll"],"damage_healed":0.0,"max_hp_gain":0.0,"max_hp_loss":0.0,"gold_gain":0.0,"event_name":"WeMeetAgain","player_choice":"Gave Card","floor":4.0,"gold_loss":0.0,"damage_taken":0.0,"relics_obtained":["Ancient Tea Set"]},{"cards_removed":["Strike_G"],"damage_healed":0.0,"max_hp_gain":0.0,"max_hp_loss":0.0,"gold_gain":0.0,"event_name":"Purifier","player_choice":"Purged","floor":21.0,"gold_loss":0.0,"damage_taken":0.0}],"is_beta":false,"boss_relics":[{"not_picked":["SacredBark","Sozu"],"picked":"WristBlade"}],"items_purged_floors":[],"is_endless":false,"potions_floor_spawned":[5,7,12,13,16],"killed_by":"Slavers","ascension_level":8}}