{"host":"J","time":1610570907,"event":{"mods":["BaseMod","Better Third Choice","Minty Spire (QoL Compilation)","StSLib"],"gold_per_floor":[119,119,132,155,80,124,124,162,186,230,90,109,124,147,147,243,243,268,268,268,288,42,82,82,1,1,24,24,47,47,80,80,171,171,190,204,37,37,56,56,56],"floor_reached":40,"language":"ENG","playtime":1179,"items_purged":["Defend_P","Strike_P"],"score":942,"play_id":"e44de69b-6386-4648-b30a-6fedf5f94367","local_time":"20210113214827","is_ascension_mode":true,"campfire_choices":[{"data":"Eruption","floor":7.0,"key":"SMITH"},{"data":"Wallop","floor":15.0,"key":"SMITH"},{"data":"Meditate","floor":24.0,"key":"SMITH"},{"data":"Vault","floor":28.0,"key":"SMITH"},{"floor":32.0,"key":"REST"}],"circlet_count":0,"master_deck":["AscendersBane","Strike_P","Strike_P","Strike_P","Defend_P","Defend_P","Defend_P","Eruption+1","Vigilance","CarveReality","Consecrate","FearNoEvil","Vengeance","Tantrum","Wallop+1","Meditate+1","CutThroughFate","Vault+1","LikeWater","WindmillStrike","MentalFortress","TalkToTheHand","ThirdEye","Tantrum","Scrawl","TalkToTheHand","LikeWater+1"],"relics":["PureWater","Golden Idol","Art of War","Boot","Juzu Bracelet","StrikeDummy","Sozu","Regal Pillow","HandDrill","Centennial Puzzle","StoneCalendar","PreservedInsect","Strawberry","VioletLotus","OrangePellets"],"acts_visited":["Exordium","TheCity","TheBeyond"],"potions_floor_usage":[],"damage_taken":[{"damage":0.0,"enemies":"Small Slimes","floor":1.0,"turns":2.0},{"damage":2.0,"enemies":"Jaw Worm","floor":3.0,"turns":3.0},{"damage":0.0,"enemies":"Cultist","floor":4.0,"turns":3.0},{"damage":12.0,"enemies":"3 Sentries","floor":6.0,"turns":4.0},{"damage":7.0,"enemies":"Lagavulin","floor":8.0,"turns":3.0},{"damage":0.0,"enemies":"Gremlin Nob","floor":10.0,"turns":2.0},{"damage":0.0,"enemies":"Lots of Slimes","floor":12.0,"turns":2.0},{"damage":0.0,"enemies":"Exordium Wildlife","floor":13.0,"turns":2.0},{"damage":0.0,"enemies":"3 Louse","floor":14.0,"turns":2.0},{"damage":30.0,"enemies":"Hexaghost","floor":16.0,"turns":7.0},{"damage":0.0,"enemies":"Chosen","floor":18.0,"turns":3.0},{"damage":0.0,"enemies":"3 Byrds","floor":21.0,"turns":3.0},{"damage":12.0,"enemies":"Book of Stabbing","floor":23.0,"turns":3.0},{"damage":0.0,"enemies":"Centurion and Healer","floor":27.0,"turns":4.0},{"damage":0.0,"enemies":"3 Cultists","floor":29.0,"turns":4.0},{"damage":4.0,"enemies":"Slavers","floor":31.0,"turns":4.0},{"damage":12.0,"enemies":"Collector","floor":33.0,"turns":8.0},{"damage":0.0,"enemies":"Orb Walker","floor":35.0,"turns":3.0},{"damage":6.0,"enemies":"3 Shapes","floor":36.0,"turns":7.0},{"damage":21.0,"enemies":"Spire Growth","floor":39.0,"turns":6.0},{"damage":50,"enemies":"Reptomancer","floor":40,"turns":3}],"seed_played":"-6523509097328901705","potions_obtained":[{"floor":0.0,"key":"EntropicBrew"},{"floor":0.0,"key":"FearPotion"},{"floor":10.0,"key":"Swift Potion"}],"is_trial":false,"path_per_floor":["M","?","M","M","$","E","R","E","T","E","$","M","M","M","R","B",null,"M","?","?","M","$","E","R","$","T","M","R","M","T","E","R","B",null,"M","M","$","?","M","E"],"character_chosen":"WATCHER","items_purchased":["Wallop","WindmillStrike","HandDrill","TalkToTheHand","OrangePellets"],"campfire_rested":1,"item_purchase_floors":[11,22,22,25,37],"current_hp_per_floor":[61,61,59,59,59,47,47,40,40,40,40,40,40,40,40,10,49,49,49,45,45,45,33,33,33,33,33,33,33,33,36,69,57,66,66,60,60,60,39,0,0],"gold":56,"neow_bonus":"THREE_SMALL_POTIONS","is_daily":false,"chose_seed":false,"campfire_upgraded":4,"win_rate":0.0,"timestamp":1610570907,"path_taken":["M","?","M","M","$","E","R","E","T","E","$","M","M","M","R","BOSS","M","?","?","M","$","E","R","?","T","M","R","M","?","E","R","BOSS","M","M","$","?","M","E"],"items_purchased_type":["Card","Card","Relic","Card","Relic"],"build_version":"2020-12-18","purchased_purges":2,"victory":false,"max_hp_per_floor":[68,62,62,62,62,62,62,62,62,62,62,62,62,62,62,62,62,62,62,62,62,62,62,62,62,62,62,62,62,62,69,69,69,69,69,69,69,69,69,69,69],"card_choices":[{"not_picked":["FlyingSleeves","Worship"],"picked":"CarveReality","floor":1.0},{"not_picked":["WaveOfTheHand","JustLucky"],"picked":"Consecrate","floor":3.0},{"not_picked":["Crescendo","WheelKick"],"picked":"FearNoEvil","floor":4.0},{"not_picked":["PathToVictory","Swivel"],"picked":"Vengeance","floor":6.0},{"not_picked":["SpiritShield","Study","BowlingBash"],"picked":"SKIP","floor":8.0},{"not_picked":["FlurryOfBlows","CrushJoints"],"picked":"Tantrum","floor":10.0},{"not_picked":["Prostrate","ClearTheMind","Halt"],"picked":"SKIP","floor":12.0},{"not_picked":["WheelKick","CrushJoints"],"picked":"Meditate","floor":13.0},{"not_picked":["PathToVictory","ReachHeaven"],"picked":"CutThroughFate","floor":14.0},{"not_picked":["ConjureBlade","Omniscience"],"picked":"Vault","floor":16.0},{"not_picked":["FollowUp","Collect"],"picked":"LikeWater","floor":18.0},{"not_picked":["PathToVictory","WreathOfFlame+1","Prostrate"],"picked":"SKIP","floor":21.0},{"not_picked":["Collect","Nirvana"],"picked":"MentalFortress","floor":23.0},{"not_picked":["PathToVictory","Protect"],"picked":"ThirdEye","floor":27.0},{"not_picked":["JustLucky","ClearTheMind","Fasting2"],"picked":"SKIP","floor":29.0},{"not_picked":["ClearTheMind","Protect"],"picked":"Tantrum","floor":31.0},{"not_picked":["DevaForm","ConjureBlade"],"picked":"Scrawl","floor":33.0},{"not_picked":["WindmillStrike","Prostrate+1"],"picked":"TalkToTheHand","floor":35.0},{"not_picked":["Crescendo","ClearTheMind","ForeignInfluence"],"picked":"SKIP","floor":36.0},{"not_picked":["BowlingBash","FlurryOfBlows"],"picked":"LikeWater+1","floor":39.0}],"player_experience":1093211,"relics_obtained":[{"floor":6.0,"key":"Art of War"},{"floor":8.0,"key":"Boot"},{"floor":9.0,"key":"Juzu Bracelet"},{"floor":10.0,"key":"StrikeDummy"},{"floor":23.0,"key":"Centennial Puzzle"},{"floor":26.0,"key":"StoneCalendar"},{"floor":30.0,"key":"PreservedInsect"},{"floor":31.0,"key":"Strawberry"}],"event_choices":[{"damage_healed":0.0,"max_hp_gain":0.0,"max_hp_loss":6.0,"gold_gain":0.0,"event_name":"Golden Idol","player_choice":"Lose Max HP","floor":2.0,"gold_loss":0.0,"damage_taken":0.0,"relics_obtained":["Golden Idol"]},{"damage_healed":0.0,"max_hp_gain":0.0,"max_hp_loss":0.0,"gold_gain":0.0,"event_name":"WeMeetAgain","player_choice":"Gave Potion","floor":19.0,"gold_loss":0.0,"damage_taken":0.0,"relics_obtained":["Regal Pillow"]},{"damage_healed":0.0,"max_hp_gain":0.0,"max_hp_loss":0.0,"gold_gain":0.0,"event_name":"The Woman in Blue","player_choice":"Bought 0 Potions","floor":20.0,"gold_loss":0.0,"damage_taken":0.0},{"damage_healed":0.0,"max_hp_gain":0.0,"max_hp_loss":0.0,"gold_gain":0.0,"event_name":"Match and Keep!","player_choice":"0 cards matched","floor":38.0,"gold_loss":0.0,"damage_taken":0.0,"cards_obtained":[]}],"is_beta":true,"boss_relics":[{"not_picked":["Philosopher\u0027s Stone","Ectoplasm"],"picked":"Sozu"},{"not_picked":["Busted Crown","Runic Dome"],"picked":"VioletLotus"}],"items_purged_floors":[5,11],"is_endless":false,"potions_floor_spawned":[4,6,10,14,16,18,23,35,39],"killed_by":"Reptomancer","ascension_level":20}}