{"host":"9ndbo4kgsfoemf7y","time":1610531691,"event":{"mods":["AchievementEnabler","BaseMod","Colored Map","DeckTracker","Keyboard Shortcuts","Minty Spire (QoL Compilation)","Permanent Neow","Quick Restart","Relic Stats","StSLib","SuperFastMode"],"gold_per_floor":[110,110,130,153,213,253,268,268,291,305,348,348,369,369,369,369,369],"floor_reached":16,"playtime":425,"items_purged":[],"score":228,"play_id":"71bb8ea8-252e-4af9-ad92-028ee44c21eb","local_time":"20210113185451","is_ascension_mode":true,"campfire_choices":[{"floor":8,"key":"REST"},{"data":"Perfected Strike","floor":12,"key":"SMITH"},{"data":"Perfected Strike","floor":15,"key":"SMITH"}],"circlet_count":0,"master_deck":["AscendersBane","Strike_R","Strike_R","Strike_R","Strike_R","Strike_R","Defend_R","Defend_R","Defend_R","Defend_R","Bash","Clumsy","Perfected Strike+1","Shrug It Off","Perfected Strike+1","Seeing Red","Double Tap","Wild Strike","Twin Strike","Blood for Blood","Flex"],"relics":["Burning Blood","TungstenRod","Golden Idol","White Beast Statue","Centennial Puzzle","Strawberry"],"acts_visited":["Exordium"],"potions_floor_usage":[6,10,11,16],"damage_taken":[{"damage":15.0,"enemies":"Cultist","floor":1.0,"turns":5.0},{"damage":6.0,"enemies":"Small Slimes","floor":3.0,"turns":3.0},{"damage":9.0,"enemies":"2 Louse","floor":4.0,"turns":3.0},{"damage":20.0,"enemies":"Lots of Slimes","floor":5.0,"turns":4.0},{"damage":19,"enemies":"3 Sentries","floor":6,"turns":7},{"damage":19,"enemies":"3 Louse","floor":7,"turns":4},{"damage":3,"enemies":"Large Slime","floor":10,"turns":4},{"damage":21,"enemies":"Lagavulin","floor":11,"turns":5},{"damage":15,"enemies":"Exordium Thugs","floor":13,"turns":3},{"damage":22,"enemies":"Slime Boss","floor":16,"turns":7}],"seed_played":"8991518490264365842","potions_obtained":[{"floor":1.0,"key":"DuplicationPotion"},{"floor":3.0,"key":"ColorlessPotion"},{"floor":6,"key":"Block Potion"},{"floor":7,"key":"Block Potion"},{"floor":10,"key":"PowerPotion"},{"floor":11,"key":"Block Potion"}],"is_trial":false,"path_per_floor":["M","?","M","M","M","E","M","R","T","M","E","R","M","?","R","B"],"character_chosen":"IRONCLAD","items_purchased":[],"campfire_rested":1,"item_purchase_floors":[],"current_hp_per_floor":[59,59,59,56,42,29,16,36,36,39,31,31,22,22,22,0,0],"gold":369,"neow_bonus":"ONE_RARE_RELIC","is_daily":false,"chose_seed":false,"campfire_upgraded":2,"win_rate":0.0,"timestamp":1610531691,"path_taken":["M","?","M","M","M","E","M","R","T","M","E","R","M","?","R","BOSS"],"items_purchased_type":[],"build_version":"2020-12-22","purchased_purges":0,"victory":false,"max_hp_per_floor":[75,68,68,68,68,68,68,68,68,68,75,75,75,75,75,75,75],"relic_stats":{"Centennial Puzzle":[12],"counters":[10,45],"Golden Idol":40,"obtain_stats":[{"Centennial Puzzle":9,"Golden Idol":2,"Strawberry":11,"Burning Blood":0,"TungstenRod":0,"White Beast Statue":6},{"Centennial Puzzle":6,"Golden Idol":1,"Strawberry":8,"Burning Blood":0,"TungstenRod":0,"White Beast Statue":5},{"Centennial Puzzle":26,"Golden Idol":5,"Strawberry":35,"Burning Blood":0,"TungstenRod":0,"White Beast Statue":22}],"Burning Blood":54,"TungstenRod":27},"card_choices":[{"not_picked":["True Grit","Cleave"],"picked":"Perfected Strike","floor":1.0},{"not_picked":["True Grit","Ghostly Armor"],"picked":"Shrug It Off","floor":3.0},{"not_picked":["Thunderclap","Pommel Strike"],"picked":"Perfected Strike","floor":4.0},{"not_picked":["Sword Boomerang","Heavy Blade"],"picked":"Seeing Red","floor":5.0},{"not_picked":["Dropkick","Sentinel"],"picked":"Double Tap","floor":6},{"not_picked":["Armaments","Clothesline"],"picked":"Wild Strike","floor":7},{"not_picked":["Spot Weakness","Rupture"],"picked":"Twin Strike","floor":10},{"not_picked":["Sword Boomerang","Headbutt"],"picked":"Blood for Blood","floor":11},{"not_picked":["Spot Weakness","True Grit"],"picked":"Flex","floor":13}],"player_experience":812576,"relics_obtained":[{"floor":6,"key":"White Beast Statue"},{"floor":9,"key":"Centennial Puzzle"},{"floor":11,"key":"Strawberry"}],"event_choices":[{"damage_healed":0.0,"max_hp_gain":0.0,"max_hp_loss":7.0,"gold_gain":0.0,"event_name":"Golden Idol","player_choice":"Lose Max HP","floor":2.0,"gold_loss":0.0,"damage_taken":0.0,"relics_obtained":["Golden Idol"]},{"damage_healed":0,"gold_gain":0,"player_choice":"Ignored","damage_taken":0,"max_hp_gain":0,"max_hp_loss":0,"event_name":"Liars Game","floor":14,"gold_loss":0}],"is_beta":false,"boss_relics":[],"items_purged_floors":[],"is_endless":false,"potions_floor_spawned":[1,3,6,7,10,11,13],"killed_by":"Slime Boss","ascension_level":20}}