{"host":"swphzoo6hmc78epl","time":1610507236,"event":{"mods":["BaseMod","Highlight Path","Minty Spire (QoL Compilation)","Quick Restart"],"gold_per_floor":[113,132,142,156,8,8,41,41,41,57,57,69,69,88,88,186,236,246,246,262,262,272,272,298,312,312,312,312],"floor_reached":27,"language":"ENG","playtime":1181,"items_purged":[],"score":301,"play_id":"70351089-c274-4c59-b54a-21e9073a170e","local_time":"20210112220716","is_ascension_mode":true,"campfire_choices":[{"data":"Zap","floor":6,"key":"SMITH"},{"data":"Loop","floor":8,"key":"SMITH"},{"data":"Storm","floor":15,"key":"SMITH"},{"data":"Hologram","floor":23,"key":"SMITH"}],"circlet_count":0,"master_deck":["Strike_B","Strike_B","Strike_B","Defend_B","Defend_B+1","Defend_B","Defend_B","Zap+1","Dualcast","Compile Driver","Cold Snap","Reinforced Body","Rebound","Loop+1","Lockon","Rainbow","Aggregate","Storm+1","Electrodynamics","Hologram+1","Chill","Redo+1"],"relics":["Cracked Core","NeowsBlessing","DataDisk","Bottled Lightning","Matryoshka","Art of War","Symbiotic Virus","Tiny House","Omamori","Kunai"],"acts_visited":["Exordium","TheCity"],"potions_floor_usage":[14,16,22,24,25,27],"damage_taken":[{"damage":0,"enemies":"Cultist","floor":1,"turns":1},{"damage":0,"enemies":"2 Louse","floor":2,"turns":1},{"damage":0,"enemies":"Small Slimes","floor":3,"turns":1},{"damage":14,"enemies":"Red Slaver","floor":4,"turns":4},{"damage":7,"enemies":"Lagavulin","floor":7,"turns":8},{"damage":2,"enemies":"Exordium Thugs","floor":10,"turns":3},{"damage":5,"enemies":"3 Louse","floor":12,"turns":3},{"damage":0,"enemies":"Gremlin Gang","floor":14,"turns":3},{"damage":0,"enemies":"Slime Boss","floor":16,"turns":3},{"damage":4,"enemies":"3 Byrds","floor":18,"turns":3},{"damage":0,"enemies":"Spheric Guardian","floor":20,"turns":2},{"damage":14,"enemies":"Shelled Parasite and Fungi","floor":22,"turns":5},{"damage":20,"enemies":"Slavers","floor":24,"turns":4},{"damage":0,"enemies":"Snecko","floor":25,"turns":3},{"damage":44,"enemies":"Gremlin Leader","floor":27,"turns":3}],"seed_played":"-7676657243222234438","potions_obtained":[{"floor":2,"key":"LiquidMemories"},{"floor":7,"key":"Dexterity Potion"},{"floor":12,"key":"SkillPotion"},{"floor":14,"key":"PowerPotion"},{"floor":17,"key":"Energy Potion"},{"floor":22,"key":"GamblersBrew"}],"is_trial":false,"path_per_floor":["M","M","M","M","$","R","E","R","T","M","T","M","?","M","R","B",null,"M","?","M","?","M","R","E","M","T","E"],"character_chosen":"DEFECT","items_purchased":["DataDisk"],"campfire_rested":0,"item_purchase_floors":[5],"current_hp_per_floor":[75,75,75,61,61,61,54,54,54,52,52,47,47,47,47,47,80,76,76,76,76,62,62,42,42,42,0,0],"gold":312,"neow_bonus":"THREE_ENEMY_KILL","is_daily":false,"chose_seed":false,"campfire_upgraded":4,"win_rate":0.0,"timestamp":1610507236,"path_taken":["M","M","M","M","$","R","E","R","T","M","?","M","?","?","R","BOSS","M","?","?","?","M","R","E","?","T","E"],"items_purchased_type":["Relic"],"build_version":"2020-12-22","purchased_purges":0,"victory":false,"max_hp_per_floor":[75,75,75,75,75,75,75,75,75,75,75,75,75,75,75,75,80,80,80,80,80,80,80,80,80,80,80,80],"card_choices":[{"not_picked":["Redo","Streamline"],"picked":"Compile Driver","floor":1},{"not_picked":["Coolheaded","Leap"],"picked":"Cold Snap","floor":2},{"not_picked":["Stack","Gash"],"picked":"Reinforced Body","floor":3},{"not_picked":["Stack","Barrage"],"picked":"Rebound","floor":4},{"not_picked":["Lockon","Capacitor"],"picked":"Loop","floor":7},{"not_picked":["Rebound","Double Energy"],"picked":"Lockon","floor":10},{"not_picked":["Streamline","Beam Cell"],"picked":"Rainbow","floor":12},{"not_picked":["Capacitor","Compile Driver"],"picked":"Storm","floor":14},{"not_picked":["Fission","Hyperbeam"],"picked":"Electrodynamics","floor":16},{"not_picked":["Beam Cell","Stack"],"picked":"Hologram","floor":17},{"not_picked":["Hologram","Skim+1","Scrape"],"picked":"SKIP","floor":18},{"not_picked":["Streamline","Turbo","Redo"],"picked":"SKIP","floor":20},{"not_picked":["Hologram","Gash"],"picked":"Chill","floor":22},{"not_picked":["Streamline","Turbo","Reprogram"],"picked":"SKIP","floor":24},{"not_picked":["Go for the Eyes","Lockon"],"picked":"Redo+1","floor":25}],"player_experience":759650,"relics_obtained":[{"floor":7,"key":"Bottled Lightning"},{"floor":9,"key":"Matryoshka"},{"floor":11,"key":"Art of War"},{"floor":11,"key":"Symbiotic Virus"},{"floor":24,"key":"Omamori"},{"floor":26,"key":"Kunai"}],"event_choices":[{"damage_healed":0,"gold_gain":0,"cards_transformed":["Strike_B"],"player_choice":"Transformed","damage_taken":0,"max_hp_gain":0,"max_hp_loss":0,"event_name":"Transmorgrifier","floor":13,"gold_loss":0,"cards_obtained":["Aggregate"]},{"damage_healed":0,"gold_gain":0,"player_choice":"Ignored","damage_taken":0,"max_hp_gain":0,"max_hp_loss":0,"event_name":"N\u0027loth","floor":19,"gold_loss":0},{"damage_healed":0,"gold_gain":0,"player_choice":"0 cards matched","damage_taken":0,"max_hp_gain":0,"max_hp_loss":0,"event_name":"Match and Keep!","floor":21,"gold_loss":0,"cards_obtained":[]}],"is_beta":false,"boss_relics":[{"not_picked":["Runic Pyramid","Pandora\u0027s Box"],"picked":"Tiny House"}],"items_purged_floors":[],"is_endless":false,"potions_floor_spawned":[2,7,12,14,22],"killed_by":"Gremlin Leader","ascension_level":1}}