{"host":"utcbn1j9ebmpc40m","time":1610574966,"event":{"mods":["BaseMod","Better Match","GifTheSpireLib","Minty Spire (QoL Compilation)","Poor People Problems","StSLib","SuperFastMode","The IronCluck"],"gold_per_floor":[116,134,144,319,319,354,354,379,454,454,485,259,259,259,259,259,259],"floor_reached":16,"language":"ENG","playtime":462,"items_purged":["Doubt"],"score":174,"play_id":"17f03dae-4fef-4a37-ae47-ca70c6041917","local_time":"20210113165606","is_ascension_mode":true,"campfire_choices":[{"floor":7,"key":"REST"},{"floor":10,"key":"REST"},{"floor":15,"key":"REST"}],"circlet_count":0,"master_deck":["AscendersBane","Strike_G","Strike_G","Strike_G","Strike_G+1","Defend_G","Defend_G","Defend_G","Defend_G","Defend_G","Survivor","Neutralize","Deadly Poison","Bullet Time","Bane+1","Venomology","Prepared"],"relics":["Ring of the Snake","Incense Burner","Prayer Wheel","Bronze Scales","Ice Cream","Darkstone Periapt","Whetstone","Juzu Bracelet","The Courier"],"acts_visited":["Exordium"],"potions_floor_usage":[6,6,6,6,8,11,11,16],"damage_taken":[{"damage":8,"enemies":"Cultist","floor":1,"turns":5},{"damage":0,"enemies":"Small Slimes","floor":2,"turns":4},{"damage":0,"enemies":"2 Louse","floor":3,"turns":4},{"damage":25,"enemies":"Lagavulin","floor":6,"turns":6},{"damage":34,"enemies":"3 Sentries","floor":8,"turns":9},{"damage":31,"enemies":"Gremlin Nob","floor":11,"turns":5},{"damage":43,"enemies":"Slime Boss","floor":16,"turns":11}],"seed_played":"1060959086449832681","potions_obtained":[{"floor":1,"key":"FearPotion"},{"floor":3,"key":"EntropicBrew"},{"floor":11,"key":"LiquidBronze"}],"is_trial":false,"path_per_floor":["M","M","M","?","?","E","R","E","T","R","E","$","?","T","R","B"],"character_chosen":"THE_SILENT","items_purchased":["Juzu Bracelet"],"campfire_rested":3,"item_purchase_floors":[12],"current_hp_per_floor":[55,55,55,55,43,33,51,17,17,35,18,18,18,18,36,0,0],"gold":259,"neow_bonus":"ONE_RARE_RELIC","is_daily":false,"chose_seed":false,"campfire_upgraded":0,"win_rate":0.0,"timestamp":1610574966,"path_taken":["M","?","M","?","?","E","R","E","T","R","E","$","?","?","R","BOSS"],"items_purchased_type":["Relic"],"build_version":"2020-12-22","purchased_purges":1,"victory":false,"max_hp_per_floor":[63,63,63,63,63,63,63,63,63,63,63,63,63,63,63,63,63],"card_choices":[{"not_picked":["Setup","Predator"],"picked":"Deadly Poison","floor":1},{"not_picked":["Quick Slash","Flying Knee"],"picked":"Bullet Time","floor":2},{"not_picked":["PiercingWail","Expertise"],"picked":"Bane","floor":3},{"not_picked":["Infinite Blades","Dodge and Roll"],"picked":"Venomology","floor":6},{"not_picked":["Cloak And Dagger","Outmaneuver"],"picked":"Prepared","floor":8},{"not_picked":["Prepared","Slice","All Out Attack"],"picked":"SKIP","floor":11}],"player_experience":474263,"relics_obtained":[{"floor":6,"key":"Bronze Scales"},{"floor":8,"key":"Ice Cream"},{"floor":9,"key":"Darkstone Periapt"},{"floor":11,"key":"Whetstone"},{"floor":14,"key":"The Courier"}],"event_choices":[{"damage_healed":0,"gold_gain":175,"player_choice":"AGREE","damage_taken":0,"max_hp_gain":0,"max_hp_loss":0,"event_name":"Liars Game","floor":4,"gold_loss":0,"cards_obtained":["Doubt"]},{"damage_healed":0,"gold_gain":0,"player_choice":"Success","damage_taken":12,"relics_obtained":["Prayer Wheel"],"max_hp_gain":0,"max_hp_loss":0,"event_name":"Scrap Ooze","floor":5,"gold_loss":0},{"cards_removed":["Strike_G"],"damage_healed":0,"gold_gain":0,"player_choice":"Forget","damage_taken":0,"max_hp_gain":0,"max_hp_loss":0,"event_name":"Living Wall","floor":13,"gold_loss":0}],"is_beta":false,"boss_relics":[],"items_purged_floors":[12],"is_endless":false,"potions_floor_spawned":[1,3,11],"killed_by":"Slime Boss","ascension_level":10}}