{"host":"7bzprrpqr2usgpra","time":1610519813,"event":{"mods":["ATMod(°¢èªMod)","BaseMod","BetterRewards","Dota2Spire","HololiveMod","Lobotomy","Minty Spire (QoL Compilation)","MostiFishMod","Quick Restart","Spicy Shops","StSLib","TestMod","TheWitcher","[IsaacMod]ÒÔÈö¼âËþ","¡¾ÒÅÎï¿¨ÅÆ¡¿REMEMod"],"gold_per_floor":[112,112,131,131,146,187,187,220,220,266,279,354,369,392,392,545,545,566,616,139,264,264,317,317,352,424,824,870,870,883,907,907,1066,1066,1081,1081,1100,593,614,614,655,678,678,709,724,535,560,583,583,583,583,583,338,371,381],"floor_reached":56,"language":"ZHS","playtime":2681,"items_purged":["Strike_P","Defend_P","Defend_P"],"score":2598,"play_id":"efbcf0a0-b1f3-4f39-b7fc-81da46df26ae","local_time":"20210113143653","is_ascension_mode":true,"campfire_choices":[{"data":"SnafuTest:AssassinOfKings","floor":7,"key":"SMITH"},{"data":"AT_MachinaRedman","floor":15,"key":"SMITH"},{"data":"Vault","floor":24,"key":"SMITH"},{"data":"AT_RealColorLess","floor":29,"key":"SMITH"},{"data":"LessonLearned","floor":32,"key":"SMITH"},{"data":"MostiFishMod:StarWish","floor":40,"key":"SMITH"},{"floor":49,"key":"RECALL"},{"data":"Blasphemy","floor":52,"key":"SMITH"}],"circlet_count":0,"master_deck":["AscendersBane","Strike_P+1","Strike_P","Strike_P","Defend_P","Defend_P","Eruption","Vigilance","DoctorFetus","SnafuTest:AssassinOfKings+1","AT_FamilyPortrait+1","AT_OneInchPunch","WheelKick+1","SignatureMove","Ragnarok","MostiFishMod:StarWish+1","AT_MachinaRedman+1","CrushJoints","Indignation+1","MostiFishMod:Minus","Alpha+1","MostiFishMod:SephirahHod+1","EmptyFist+1","Consecrate+1","Vault+1","AT_RealColorLess+1","LessonLearned+1","MostiFishMod:StarWish","AT_RealFormLess","Swift Strike","Tantrum+1","testmod-SelfRegulatingSystem+1","REME_CRH+1","PathToVictory+1","Blasphemy+1","TalkToTheHand+1","Fasting2+1","AT_DivineConfetti+1","REME_FirmDetermination","MostiFishMod:CyberBuddha"],"relics":["testmod-TestBox","HushsDoor","KeepersGift","REME_ComplimentaryCards","DaveBox","JellyFishMachine","RhineSuit","testmod-AscensionHeart","SynthV:TestCard","Golden Idol","Dota2Spire:EtherealBlade","Dead Branch","REME_HourglassOfDeath","Dota2Spire:Butterfly","Potion Belt","MostiFishMod:Hod","ChiLing","Chi","Ling","testmod-ConstraintPeriapt","MutagenicStrength","testmod-Justice","AT_BladeRuinedKing","BloodDonationMachine","ExusiaiGun","Anchor","Whetstone","PreservedInsect","PokeGo","AT_ChloranthyRing","AT_BellDemon"],"acts_visited":["Exordium","TheCity","TheBeyond","TheEnding"],"potions_floor_usage":[8,14,55],"damage_taken":[{"damage":0,"enemies":"Jaw Worm","floor":1,"turns":1},{"damage":0,"enemies":"2 Louse","floor":3,"turns":1},{"damage":0,"enemies":"Cultist","floor":5,"turns":1},{"damage":3,"enemies":"3 Sentries","floor":6,"turns":4},{"damage":0,"enemies":"Gremlin Nob","floor":8,"turns":1},{"damage":0,"enemies":"3 Sentries","floor":10,"turns":2},{"damage":0,"enemies":"Looter","floor":11,"turns":1},{"damage":0,"enemies":"Exordium Wildlife","floor":13,"turns":1},{"damage":3,"enemies":"Exordium Thugs","floor":14,"turns":2},{"damage":5,"enemies":"The Guardian","floor":16,"turns":4},{"damage":0,"enemies":"2 Thieves","floor":18,"turns":2},{"damage":1,"enemies":"Gremlin Leader","floor":23,"turns":1},{"damage":7,"enemies":"Book of Stabbing","floor":25,"turns":3},{"damage":8,"enemies":"Gremlin Leader","floor":28,"turns":3},{"damage":1,"enemies":"Shell Parasite","floor":30,"turns":1},{"damage":1,"enemies":"Snake Plant","floor":31,"turns":2},{"damage":1,"enemies":"Champ","floor":33,"turns":3},{"damage":9,"enemies":"3 Shapes","floor":35,"turns":1},{"damage":0,"enemies":"3 Darklings","floor":37,"turns":1},{"damage":0,"enemies":"Maw","floor":39,"turns":1},{"damage":0,"enemies":"Reptomancer","floor":41,"turns":1},{"damage":0,"enemies":"Jaw Worm Horde","floor":42,"turns":1},{"damage":0,"enemies":"Mind Bloom Boss Battle","floor":44,"turns":2},{"damage":0,"enemies":"Transient","floor":45,"turns":1},{"damage":0,"enemies":"Writhing Mass","floor":47,"turns":1},{"damage":0,"enemies":"3 Darklings","floor":48,"turns":1},{"damage":2,"enemies":"Awakened One","floor":50,"turns":3},{"damage":0,"enemies":"Shield and Spear","floor":54,"turns":1},{"damage":46,"enemies":"The Heart","floor":55,"turns":4}],"seed_played":"-6498178272550903671","potions_obtained":[{"floor":3,"key":"Block Potion"},{"floor":5,"key":"AttackPotion"},{"floor":10,"key":"Energy Potion"},{"floor":13,"key":"Dota2Spire:Clarity"},{"floor":16,"key":"DuplicationPotion"},{"floor":18,"key":"PowerPotion"}],"is_trial":false,"path_per_floor":["M","?","M","?","M","E","R","E","T","E","M","?","M","M","R","B",null,"M","?","$","?","?","E","R","E","T","?","E","R","M","M","R","B",null,"M","?","M","$","M","R","E","M","T","?","M","$","M","M","R","B",null,"R","$","E","B",null],"character_chosen":"WATCHER","items_purchased":["ChiLing","testmod-ConstraintPeriapt","Anchor","testmod-SelfRegulatingSystem","TalkToTheHand","AT_ChloranthyRing","REME_FirmDetermination"],"campfire_rested":0,"item_purchase_floors":[20,20,38,38,46,53,53],"current_hp_per_floor":[62,51,52,44,45,44,44,49,49,51,52,47,48,49,49,50,70,71,71,71,71,71,72,72,69,69,69,65,65,65,65,65,71,81,73,73,74,74,75,75,77,78,78,80,81,81,82,83,83,88,90,90,90,91,55],"gold":381,"neow_bonus":"BOSS_RELIC","is_daily":false,"chose_seed":false,"campfire_upgraded":7,"win_rate":0.0,"timestamp":1610519813,"path_taken":["M","?","M","?","M","E","R","E","T","E","M","?","?","M","R","BOSS","M","?","$","?","?","E","R","E","T","?","E","R","M","M","R","BOSS","M","?","M","$","M","R","E","M","T","?","M","$","M","M","R","BOSS","R","$","E","BOSS"],"items_purchased_type":["Relic","Relic","Relic","Card","Card","Relic","Card"],"build_version":"2020-12-22","purchased_purges":3,"victory":true,"max_hp_per_floor":[68,68,68,68,68,69,69,70,70,71,71,71,71,71,71,76,76,76,76,76,76,76,77,77,78,78,78,79,79,79,79,79,84,84,84,84,84,84,84,84,85,85,85,85,85,85,85,85,85,90,90,90,90,91,96],"card_choices":[{"not_picked":[],"picked":"DoctorFetus","floor":0},{"not_picked":["DeceiveReality","REME_Repentance"],"picked":"AT_OneInchPunch","floor":1},{"not_picked":["Halt","Indignation","Weave","Consecrate"],"picked":"WheelKick","floor":3},{"not_picked":["EmptyBody","Indignation","MostiFishMod:PathToVictory","FlyingSleeves"],"picked":"SignatureMove","floor":5},{"not_picked":["MostiFishMod:Dust","Ragnarok","SpiritShield","MostiFishMod:Adaptation"],"picked":"Ragnarok","floor":6},{"not_picked":["MasterReality","ConjureBlade","MostiFishMod:CyberBuddha","MostiFishMod:Dust"],"picked":"MostiFishMod:StarWish","floor":8},{"not_picked":["MostiFishMod:DisColor","Devotion","LessonLearned","LessonLearned"],"picked":"AT_MachinaRedman","floor":10},{"not_picked":["EmptyFist","CarveReality","Conclude","Consecrate"],"picked":"CrushJoints","floor":11},{"not_picked":["FlurryOfBlows","ThirdEye","Protect","Perseverance"],"picked":"Indignation","floor":13},{"not_picked":["CutThroughFate","Consecrate","Halt","CrushJoints"],"picked":"MostiFishMod:Minus","floor":14},{"not_picked":["Establishment","MasterReality","SpiritShield","Blasphemy"],"picked":"Alpha","floor":16},{"not_picked":["REME_Repentance","JustLucky","ClearTheMind","PathToVictory"],"picked":"EmptyFist+1","floor":18},{"not_picked":["Weave","PathToVictory","CrushJoints","Crescendo"],"picked":"Consecrate","floor":21},{"not_picked":["Omniscience","MostiFishMod:Unraveling","MostiFishMod:Unraveling","DeusExMachina"],"picked":"Vault","floor":23},{"not_picked":["MostiFishMod:DustFall","Alpha","MostiFishMod:KamiSmash","Devotion"],"picked":"AT_RealColorLess","floor":25},{"not_picked":["MostiFishMod:OutWit","AT_IrregularMenstruation","MostiFishMod:StarOceanP","Brilliance"],"picked":"LessonLearned","floor":28},{"not_picked":["Nirvana","REME_Repentance","Weave","ClearTheMind","FlyingSleeves"],"picked":"SKIP","floor":30},{"not_picked":["JustLucky","Evaluate","ClearTheMind","CutThroughFate","Consecrate+1"],"picked":"SKIP","floor":31},{"not_picked":["REME_WorshipGod","MostiFishMod:ScryFuture","MostiFishMod:DustFall","Alpha"],"picked":"MostiFishMod:StarWish","floor":33},{"not_picked":["Evaluate+1","EmptyFist+1","Prostrate","WindmillStrike+1"],"picked":"AT_RealFormLess","floor":35},{"not_picked":["Forethought","PanicButton","Dark Shackles","Blind"],"picked":"Swift Strike","floor":36},{"not_picked":["CutThroughFate+1","Swivel","MostiFishMod:FlowState","Adaptation+1"],"picked":"Tantrum+1","floor":37},{"not_picked":["Consecrate","FollowUp","Halt+1","ClearTheMind","Collect"],"picked":"SKIP","floor":39},{"not_picked":["MostiFishMod:Unraveling","SpiritShield","Vault","MostiFishMod:OutWit"],"picked":"REME_CRH","floor":41},{"not_picked":["WindmillStrike+1","Nirvana","FlyingSleeves","BowlingBash"],"picked":"PathToVictory","floor":42},{"not_picked":["PathToVictory","REME_MusicOfDeath","Vengeance","Halt"],"picked":"Blasphemy","floor":44},{"not_picked":["WaveOfTheHand","SashWhip","Crescendo","MostiFishMod:PathToVictory","Indignation+1"],"picked":"SKIP","floor":45},{"not_picked":["JustLucky","FlurryOfBlows","FollowUp","CrushJoints"],"picked":"Fasting2","floor":47},{"not_picked":["Consecrate","FlurryOfBlows+1","MostiFishMod:Moonprays","Swivel"],"picked":"AT_DivineConfetti","floor":48},{"not_picked":["LessonLearned","Brilliance","Scrawl","Brilliance"],"picked":"MostiFishMod:CyberBuddha","floor":54}],"player_experience":251423,"relics_obtained":[{"floor":1,"key":"SynthV:TestCard"},{"floor":6,"key":"Dead Branch"},{"floor":8,"key":"REME_HourglassOfDeath"},{"floor":9,"key":"Dota2Spire:Butterfly"},{"floor":10,"key":"Potion Belt"},{"floor":23,"key":"testmod-Justice"},{"floor":25,"key":"AT_BladeRuinedKing"},{"floor":28,"key":"BloodDonationMachine"},{"floor":41,"key":"Whetstone"},{"floor":43,"key":"PreservedInsect"},{"floor":44,"key":"PokeGo"},{"floor":54,"key":"AT_BellDemon"}],"event_choices":[{"damage_healed":0,"gold_gain":0,"player_choice":"Take Damage","damage_taken":23,"relics_obtained":["Golden Idol"],"max_hp_gain":0,"max_hp_loss":0,"event_name":"Golden Idol","floor":2,"gold_loss":0},{"damage_healed":0,"gold_gain":0,"player_choice":"Success","damage_taken":18,"relics_obtained":["Dota2Spire:EtherealBlade"],"max_hp_gain":0,"max_hp_loss":0,"event_name":"Scrap Ooze","floor":4,"gold_loss":0},{"damage_healed":0,"gold_gain":75,"player_choice":"Gather Gold","damage_taken":11,"max_hp_gain":0,"max_hp_loss":0,"event_name":"World of Goop","floor":12,"gold_loss":0},{"damage_healed":0,"gold_gain":50,"player_choice":"Stole From Cult","damage_taken":0,"max_hp_gain":0,"max_hp_loss":0,"event_name":"Nest","floor":19,"gold_loss":0},{"damage_healed":0,"gold_gain":0,"player_choice":"Inject Mutagens","damage_taken":0,"relics_obtained":["MutagenicStrength"],"max_hp_gain":0,"max_hp_loss":0,"event_name":"Drug Dealer","floor":22,"gold_loss":0},{"damage_healed":0,"gold_gain":400,"player_choice":"Sell","damage_taken":0,"max_hp_gain":0,"max_hp_loss":0,"event_name":"¶÷ÂåË¹µÄÅÌ×Ó","floor":27,"relics_lost":["AT_ATBox"],"gold_loss":0},{"damage_healed":0,"gold_gain":0,"player_choice":"Memory 1","damage_taken":0,"max_hp_gain":0,"max_hp_loss":0,"event_name":"SensoryStone","floor":36,"gold_loss":0},{"damage_healed":0,"gold_gain":0,"player_choice":"Fight","damage_taken":0,"max_hp_gain":0,"max_hp_loss":0,"event_name":"MindBloom","floor":44,"gold_loss":0}],"is_beta":false,"boss_relics":[{"not_picked":["Tiny House","xbg"],"picked":"MostiFishMod:Hod"},{"not_picked":[]},{"not_picked":["testmod-TimeTraveler","testmod-Fanaticism"],"picked":"ExusiaiGun"},{"not_picked":[]}],"items_purged_floors":[38,38,46],"is_endless":false,"potions_floor_spawned":[3,5,10,13,16,18,25,31,37,41,45,47],"ascension_level":16}}