{"host":"m6aaltr68g9tvoay","time":1610508008,"event":{"mods":["AchievementEnabler","BaseMod","Colored Map","Downfall","Minty Spire (QoL Compilation)","StSLib"],"gold_per_floor":[99,111,18,35,51,51,99,130,130,130,145,164,64,90,104,206,206,206,206,219,231,70,170,170,189,189,255,305,319,319,380,398,501,501,501,513,336,351,68,118,118,218,268,281,181,194,69,130,145,145],"floor_reached":51,"language":"ENG","playtime":7302,"items_purged":["bronze:Strike","bronze:Strike","bronze:Strike"],"score":688,"play_id":"39058092-ce18-46c7-b37a-b70413b4d740","local_time":"20210112192008","is_ascension_mode":false,"campfire_choices":[{"floor":1,"key":"RECALL"},{"floor":13,"key":"REST"},{"data":"bronze:Flail","floor":18,"key":"SMITH"},{"data":"bronze:RecursiveStrike","floor":26,"key":"SMITH"},{"floor":30,"key":"REST"},{"data":"bronze:Philosophize","floor":35,"key":"SMITH"}],"circlet_count":0,"master_deck":["bronze:Defend","bronze:Defend","bronze:Defend","bronze:Defend","bronze:Replicate","bronze:Goto+1","bronze:WildBeam+1","bronze:Optimize","bronze:WhirlingStrike+1","bronze:Branch","bronze:Branch","bronze:BronzeOrb","bronze:Shell","bronze:Philosophize+1","bronze:Flail+1","bronze:FindAndReplace","bronze:Backtrace","bronze:RecursiveStrike+1","bronze:Deprecate","bronze:Overload","bronze:DigitalCarnage+1","bronze:WhirlingStrike+1","bronze:ChosenStrike","bronze:Frontload","bronze:Mutator","bronze:Format","bronze:FineTuning","bronze:FineTuning","bronze:FineTuning+1"],"relics":["bronze:BronzeCore","Guardian:PocketSentry","Kunai","Oddly Smooth Stone","downfall:HeartBlessingRed","bronze:CableSpool","sneckomod:SneckoTalon","hexamod:BolsterEngine","downfall:CloakOfManyFaces","CultistMask","FaceOfCleric","NlothsMask","GremlinMask","SsserpentHead","bronze:MakeshiftBattery","Meat on the Bone","Anchor","Darkstone Periapt","Pocketwatch"],"acts_visited":["Exordium","TheCity","TheBeyond"],"potions_floor_usage":[33,37,37,50],"damage_taken":[{"damage":0,"enemies":"2 Louse","floor":2,"turns":3},{"damage":0,"enemies":"downfall:FleeingMerchant","floor":3,"turns":4},{"damage":3,"enemies":"Jaw Worm","floor":4,"turns":3},{"damage":0,"enemies":"Small Slimes","floor":5,"turns":1},{"damage":8,"enemies":"3 Sentries","floor":8,"turns":7},{"damage":1,"enemies":"Gremlin Gang","floor":11,"turns":3},{"damage":8,"enemies":"Exordium Thugs","floor":12,"turns":4},{"damage":2,"enemies":"Gremlin Nob","floor":14,"turns":3},{"damage":0,"enemies":"Red Slaver","floor":15,"turns":1},{"damage":47,"enemies":"downfall:Defect","floor":16,"turns":7},{"damage":0,"enemies":"3 Byrds","floor":20,"turns":4},{"damage":0,"enemies":"Snecko","floor":21,"turns":2},{"damage":0,"enemies":"downfall:FleeingMerchant","floor":22,"turns":4},{"damage":5,"enemies":"downfall:FaceTrader","floor":23,"turns":4},{"damage":15,"enemies":"Snake Plant","floor":25,"turns":2},{"damage":13,"enemies":"Centurion and Healer","floor":27,"turns":3},{"damage":8,"enemies":"3 Cultists","floor":29,"turns":3},{"damage":0,"enemies":"Chosen and Byrds","floor":31,"turns":3},{"damage":8,"enemies":"Snake Plant","floor":32,"turns":2},{"damage":22,"enemies":"downfall:Watcher","floor":33,"turns":7},{"damage":0,"enemies":"Orb Walker","floor":36,"turns":3},{"damage":0,"enemies":"downfall:FleeingMerchant","floor":37,"turns":4},{"damage":0,"enemies":"3 Darklings","floor":38,"turns":3},{"damage":14,"enemies":"3 Darklings","floor":42,"turns":3},{"damage":36,"enemies":"4 Shapes","floor":44,"turns":3},{"damage":8,"enemies":"Spire Growth","floor":46,"turns":4},{"damage":0,"enemies":"Writhing Mass","floor":48,"turns":4},{"damage":36,"enemies":"Maw","floor":49,"turns":6},{"damage":29,"enemies":"downfall:Silent","floor":50,"turns":6}],"seed_played":"-6911355001697841646","potions_obtained":[{"floor":4,"key":"LiquidMemories"},{"floor":5,"key":"PowerPotion"},{"floor":10,"key":"downfall:CursedFountainPotion"},{"floor":16,"key":"CultistPotion"},{"floor":33,"key":"Fire Potion"},{"floor":42,"key":"bronze:FreeFunctionsPotion"},{"floor":44,"key":"SpeedPotion"}],"is_trial":false,"path_per_floor":["R","M","$","M","M","?","T","E","?","?","M","M","R","E","M","B",null,"R","?","M","M","$","?","T","M","R","M","?","M","R","M","M","B",null,"R","M","$","M","?","?","T","?","?","M","$","M","$","M","M","B",null],"character_chosen":"THE_AUTOMATON","items_purchased":["bronze:WhirlingStrike","bronze:Branch","hexamod:BolsterEngine","bronze:FineTuning","Meat on the Bone","Anchor"],"campfire_rested":2,"item_purchase_floors":[3,3,22,37,37,37],"current_hp_per_floor":[77,77,77,74,74,74,74,66,66,66,65,57,77,75,75,28,77,77,77,77,77,77,72,72,58,58,46,46,39,63,64,57,36,83,83,84,85,86,97,97,97,84,84,61,61,54,54,55,32,16],"gold":145,"neow_bonus":"TEN_PERCENT_HP_BONUS","is_daily":false,"chose_seed":false,"campfire_upgraded":3,"win_rate":0.0,"timestamp":1610508008,"path_taken":["R","M","$","M","M","?","T","E","?","?","?","M","R","E","M","BOSS","R","?","M","M","$","?","T","M","R","?","?","M","R","?","M","BOSS","R","M","$","M","?","?","T","?","?","M","$","M","$","?","M","BOSS"],"items_purchased_type":["Card","Card","Relic","Card","Relic","Relic"],"build_version":"2020-12-22","purchased_purges":3,"victory":true,"max_hp_per_floor":[77,77,77,77,77,77,77,77,77,77,77,77,77,77,77,77,77,77,77,77,77,77,77,77,78,78,79,79,80,80,81,82,83,83,83,84,85,86,97,97,97,98,98,99,99,100,100,101,102,103],"card_choices":[{"not_picked":["bronze:Shield","bronze:Philosophize"],"picked":"bronze:WildBeam","floor":2},{"not_picked":["bronze:BitShift","bronze:Flail"],"picked":"bronze:Optimize","floor":3},{"not_picked":["bronze:OilSpill","bronze:FineTuning"],"picked":"bronze:Branch","floor":4},{"not_picked":["bronze:Iterate","bronze:Overheat"],"picked":"bronze:BronzeOrb","floor":5},{"not_picked":["bronze:BronzeOrb","bronze:BuggyMess"],"picked":"bronze:Shell","floor":8},{"not_picked":["bronze:Iterate","bronze:Frontload"],"picked":"bronze:Philosophize","floor":11},{"not_picked":["bronze:Frontload","bronze:BuggyMess"],"picked":"bronze:Flail","floor":12},{"not_picked":["bronze:Backtrace","bronze:ChildClass"],"picked":"bronze:FindAndReplace","floor":14},{"not_picked":["bronze:Flail","bronze:BronzeOrb"],"picked":"bronze:Backtrace","floor":15},{"not_picked":["bronze:BurnOut","bronze:Break"],"picked":"bronze:RecursiveStrike","floor":16},{"not_picked":["bronze:Turbo","bronze:OilSpill+1","bronze:CutThrough"],"picked":"SKIP","floor":20},{"not_picked":["bronze:ForceShield","bronze:ChildClass"],"picked":"bronze:Deprecate","floor":21},{"not_picked":["bronze:FindAndReplace","bronze:BuggyMess"],"picked":"bronze:Overload","floor":22},{"not_picked":["bronze:Branch","bronze:Backtrace"],"picked":"bronze:DigitalCarnage+1","floor":23},{"not_picked":["bronze:MaxOutput","bronze:WildBeam","bronze:Deprecate"],"picked":"SKIP","floor":25},{"not_picked":["bronze:Iterate","bronze:BitShift"],"picked":"bronze:WhirlingStrike+1","floor":27},{"not_picked":["bronze:DigitalCarnage","bronze:Repulsor","bronze:Deprecate"],"picked":"SKIP","floor":29},{"not_picked":["bronze:DelayedSlice","bronze:BitShift+1"],"picked":"bronze:ChosenStrike","floor":31},{"not_picked":["bronze:GetLatest","bronze:Assembly"],"picked":"bronze:Frontload","floor":32},{"not_picked":["bronze:HyperBeam","bronze:Break"],"picked":"bronze:Mutator","floor":33},{"not_picked":["bronze:WhirlingStrike+1","bronze:FineTuning","bronze:Iterate"],"picked":"SKIP","floor":36},{"not_picked":["bronze:ClassDefault","bronze:WildBeam"],"picked":"bronze:Format","floor":37},{"not_picked":["bronze:Invalidate","bronze:Iterate","bronze:Optimize+1"],"picked":"SKIP","floor":38},{"not_picked":["bronze:BugBarrage","bronze:Assembly"],"picked":"bronze:FineTuning","floor":42},{"not_picked":["bronze:GetLatest","bronze:Backtrace","bronze:Frontload"],"picked":"SKIP","floor":44},{"not_picked":["bronze:ForLoop+1","bronze:Backtrace+1","bronze:DelayedSlice+1"],"picked":"SKIP","floor":46},{"not_picked":["bronze:Shield+1","bronze:Frontload"],"picked":"bronze:FineTuning+1","floor":48},{"not_picked":["bronze:NullPointer+1","bronze:Shield+1","bronze:BronzeArmor"],"picked":"SKIP","floor":49}],"player_experience":1767439,"relics_obtained":[{"floor":7,"key":"Guardian:PocketSentry"},{"floor":8,"key":"Kunai"},{"floor":14,"key":"bronze:CableSpool"},{"floor":23,"key":"downfall:CloakOfManyFaces"},{"floor":41,"key":"Darkstone Periapt"},{"floor":42,"key":"Pocketwatch"}],"event_choices":[],"is_beta":false,"boss_relics":[{"not_picked":["Pandora\u0027s Box","Velvet Choker"],"picked":"sneckomod:SneckoTalon"},{"not_picked":["Fusion Hammer","Coffee Dripper"],"picked":"bronze:MakeshiftBattery"}],"items_purged_floors":[37,45,47],"is_endless":false,"potions_floor_spawned":[4,5,11,16,23,27,29,33,36,42,44,46,49],"ascension_level":0}}