{"host":"03a85bwj0a5skoit","time":1610541958,"event":{"mods":["BaseMod","Block Reminder","Minty Spire (QoL Compilation)","Relic Stats","StSLib"],"gold_per_floor":[116,131,281,281,304,304,348,348,348,348,386,386,411,51,51,51,51],"floor_reached":16,"language":"ENG","playtime":329,"items_purged":["Strike_G"],"score":216,"play_id":"9c4735ca-912d-46f5-852d-4f68c7202eb5","local_time":"20210113231558","is_ascension_mode":true,"campfire_choices":[{"data":"Blade Dance","floor":6,"key":"SMITH"},{"data":"Deadly Poison","floor":8,"key":"SMITH"},{"data":"Deadly Poison","floor":10,"key":"SMITH"},{"floor":15,"key":"REST"}],"circlet_count":0,"master_deck":["AscendersBane","Strike_G","Strike_G","Strike_G","Strike_G","Defend_G","Defend_G","Defend_G","Defend_G","Defend_G","Survivor","Neutralize","Blade Dance+1","Deadly Poison+1","Deadly Poison+1","Cloak And Dagger","Well Laid Plans","Prepared","Noxious Fumes","Cloak And Dagger","Good Instincts","Poisoned Stab"],"relics":["Ring of the Snake","NeowsBlessing","Golden Idol","Blue Candle","Letter Opener","Pear"],"acts_visited":["Exordium"],"potions_floor_usage":[],"damage_taken":[{"damage":0,"enemies":"Jaw Worm","floor":1,"turns":1},{"damage":0,"enemies":"Small Slimes","floor":2,"turns":1},{"damage":0,"enemies":"2 Louse","floor":5,"turns":1},{"damage":30,"enemies":"Lagavulin","floor":7,"turns":7},{"damage":18,"enemies":"3 Sentries","floor":11,"turns":9},{"damage":1,"enemies":"Looter","floor":13,"turns":3},{"damage":34,"enemies":"Slime Boss","floor":16,"turns":5}],"seed_played":"-1017765381249114359","potions_obtained":[{"floor":5,"key":"LiquidBronze"},{"floor":7,"key":"SteroidPotion"}],"is_trial":false,"path_per_floor":["M","M","?","?","M","R","E","R","T","R","E","?","M","$","R","B"],"character_chosen":"THE_SILENT","items_purchased":["Noxious Fumes","Cloak And Dagger","Good Instincts","Poisoned Stab"],"campfire_rested":1,"item_purchase_floors":[14,14,14,14],"current_hp_per_floor":[59,59,59,59,59,59,29,29,29,29,21,14,13,13,34,0,0],"gold":51,"neow_bonus":"THREE_ENEMY_KILL","is_daily":false,"chose_seed":false,"campfire_upgraded":3,"win_rate":0.0,"timestamp":1610541958,"path_taken":["M","M","?","?","?","R","E","R","T","R","E","?","M","$","R","BOSS"],"items_purchased_type":["Card","Card","Card","Card"],"build_version":"2020-12-22","purchased_purges":1,"victory":false,"max_hp_per_floor":[66,66,66,60,60,60,60,60,60,60,70,70,70,70,70,70,70],"relic_stats":{"counters":[7,27],"Golden Idol":27,"Blue Candle":[2],"Letter Opener":[55],"obtain_stats":[{"Pear":11,"NeowsBlessing":0,"Golden Idol":4,"Blue Candle":7,"Letter Opener":9,"Ring of the Snake":0},{"Pear":5,"NeowsBlessing":0,"Golden Idol":2,"Blue Candle":4,"Letter Opener":4,"Ring of the Snake":0},{"Pear":19,"NeowsBlessing":0,"Golden Idol":2,"Blue Candle":10,"Letter Opener":10,"Ring of the Snake":0}],"Ring of the Snake":[14]},"card_choices":[{"not_picked":["Cloak And Dagger","Underhanded Strike"],"picked":"Blade Dance","floor":1},{"not_picked":["Leg Sweep","Bane"],"picked":"Deadly Poison","floor":2},{"not_picked":["Sucker Punch","Deflect"],"picked":"Deadly Poison","floor":5},{"not_picked":["Skewer","Dagger Spray"],"picked":"Cloak And Dagger","floor":7},{"not_picked":["Expertise","Flying Knee"],"picked":"Well Laid Plans","floor":11},{"not_picked":["Sucker Punch","Grand Finale"],"picked":"Prepared","floor":13}],"player_experience":2338097,"relics_obtained":[{"floor":7,"key":"Blue Candle"},{"floor":9,"key":"Letter Opener"},{"floor":11,"key":"Pear"}],"event_choices":[{"damage_healed":0,"gold_gain":150,"player_choice":"AGREE","damage_taken":0,"max_hp_gain":0,"max_hp_loss":0,"event_name":"Liars Game","floor":3,"gold_loss":0,"cards_obtained":["Doubt"]},{"damage_healed":0,"gold_gain":0,"player_choice":"Lose Max HP","damage_taken":0,"relics_obtained":["Golden Idol"],"max_hp_gain":0,"max_hp_loss":6,"event_name":"Golden Idol","floor":4,"gold_loss":0},{"cards_removed":["Doubt"],"damage_healed":0,"gold_gain":0,"player_choice":"Card Removal","damage_taken":7,"max_hp_gain":0,"max_hp_loss":0,"event_name":"Golden Wing","floor":12,"gold_loss":0}],"is_beta":false,"boss_relics":[],"items_purged_floors":[14],"is_endless":false,"potions_floor_spawned":[5,7],"killed_by":"Slime Boss","ascension_level":20}}