{"host":"0009l0kk6tb2u2kt","time":1610565816,"event":{"mods":["BaseMod","Downfall","Hubris","Minty Spire (QoL Compilation)","Replay The Spire","StSLib"],"gold_per_floor":[110,210,227,240,260,260,260,260,260,135,135,163,63,79,79,174,174,192,207,242,259,274,274,274,274],"floor_reached":24,"language":"ENG","playtime":2502,"items_purged":["Defend_P","Defend_P"],"score":223,"play_id":"36185683-85ef-4f74-b3c5-f61459b0337c","local_time":"20210113202336","is_ascension_mode":false,"campfire_choices":[{"data":"Pray","floor":6,"key":"SMITH"},{"data":"Eruption","floor":8,"key":"SMITH"},{"data":"Prostrate","floor":15,"key":"SMITH"},{"data":"ThirdEye","floor":23,"key":"SMITH"}],"circlet_count":0,"master_deck":["Strike_P","Strike_P","Strike_P","Strike_P","Defend_P","Defend_P","Eruption+1","Vigilance","ThirdEye+1","Pray+1","DeceiveReality","FlurryOfBlows","Prostrate+1","FearNoEvil","Devotion","Swivel+1","CrushJoints"],"relics":["PureWater","NeowsBlessing","Omamori","Pear","Ring of Peace","Ring of Panic","Kunai","hubris:Backtick","Ginger","Red Mask"],"acts_visited":["Exordium","TheCity"],"potions_floor_usage":[12,21,22],"damage_taken":[{"damage":0,"enemies":"Jaw Worm","floor":1,"turns":1},{"damage":0,"enemies":"Cultist","floor":3,"turns":1},{"damage":0,"enemies":"2 Louse","floor":4,"turns":2},{"damage":0,"enemies":"2 Fungi Beasts","floor":5,"turns":7},{"damage":0,"enemies":"Lagavulin","floor":12,"turns":6},{"damage":0,"enemies":"Blue Slaver","floor":14,"turns":4},{"damage":25,"enemies":"The Guardian","floor":16,"turns":13},{"damage":9,"enemies":"Shell Parasite","floor":18,"turns":5},{"damage":0,"enemies":"3 Byrds","floor":19,"turns":5},{"damage":0,"enemies":"Masked Bandits","floor":20,"turns":5},{"damage":4,"enemies":"Snake Plant","floor":21,"turns":6},{"damage":40,"enemies":"Cultist and Chosen","floor":22,"turns":5},{"damage":8,"enemies":"Shelled Parasite and Fungi","floor":24,"turns":3}],"seed_played":"-3240477582081185770","potions_obtained":[{"floor":3,"key":"SneckoOil"},{"floor":5,"key":"Energy Potion"},{"floor":20,"key":"Elixir"},{"floor":21,"key":"PowerPotion"},{"floor":22,"key":"FearPotion"}],"is_trial":false,"path_per_floor":["M","?","M","M","M","R","?","R","T","$","?","E","$","M","R","B",null,"M","M","?","M","M","R","M"],"character_chosen":"WATCHER","items_purchased":["Prostrate"],"campfire_rested":0,"item_purchase_floors":[10],"current_hp_per_floor":[72,72,72,72,72,72,47,47,57,57,57,57,57,57,57,32,82,73,73,73,69,29,29,21,21],"gold":274,"neow_bonus":"THREE_ENEMY_KILL","is_daily":false,"chose_seed":false,"campfire_upgraded":4,"win_rate":0.0,"timestamp":1610565816,"path_taken":["M","?","M","?","M","R","?","R","T","$","?","E","$","M","R","BOSS","M","M","?","M","M","R","M"],"items_purchased_type":["Card"],"build_version":"2020-12-22","purchased_purges":2,"victory":false,"max_hp_per_floor":[72,72,72,72,72,72,72,72,82,82,82,82,82,82,82,82,82,82,82,82,82,82,82,82,82],"card_choices":[{"not_picked":["PathToVictory","Replay:AtTheReady"],"picked":"ThirdEye","floor":1},{"not_picked":["Replay:Anticipation","CrushJoints"],"picked":"Pray","floor":3},{"not_picked":["JustLucky","ClearTheMind"],"picked":"DeceiveReality","floor":4},{"not_picked":["Sanctity","WheelKick"],"picked":"FlurryOfBlows","floor":5},{"not_picked":["Collect","Vengeance","Conclude"],"picked":"SKIP","floor":12},{"not_picked":["WaveOfTheHand","Replay:Cycle"],"picked":"FearNoEvil","floor":14},{"not_picked":["Ragnarok","Blasphemy"],"picked":"Devotion","floor":16},{"not_picked":["Replay:ManipulateFuture","EmptyBody","Protect"],"picked":"SKIP","floor":18},{"not_picked":["FearNoEvil","Nirvana"],"picked":"Swivel+1","floor":19},{"not_picked":["Weave","EmptyFist"],"picked":"CrushJoints","floor":21},{"not_picked":["Meditate+1","Halt+1","ThirdEye"],"picked":"SKIP","floor":22}],"player_experience":198362,"relics_obtained":[{"floor":9,"key":"Pear"},{"floor":11,"key":"Ring of Peace"},{"floor":11,"key":"Ring of Panic"},{"floor":12,"key":"Kunai"},{"floor":20,"key":"Red Mask"}],"event_choices":[{"damage_healed":0,"gold_gain":100,"player_choice":"Pray","damage_taken":0,"max_hp_gain":0,"max_hp_loss":0,"event_name":"Golden Shrine","floor":2,"gold_loss":0},{"damage_healed":0,"gold_gain":0,"player_choice":"Success","damage_taken":25,"relics_obtained":["Omamori"],"max_hp_gain":0,"max_hp_loss":0,"event_name":"Scrap Ooze","floor":7,"gold_loss":0},{"damage_healed":0,"gold_gain":0,"player_choice":"Fought Bandits","damage_taken":0,"max_hp_gain":0,"max_hp_loss":0,"event_name":"Masked Bandits","floor":20,"gold_loss":0}],"is_beta":false,"boss_relics":[{"not_picked":["SacredBark","Replay:Wanted Poster"],"picked":"hubris:Backtick"}],"items_purged_floors":[10,13],"is_endless":false,"potions_floor_spawned":[3,5,20,21,22],"killed_by":"Shelled Parasite and Fungi","ascension_level":0}}