{"host":"xkmvu47k9fdstweo","time":1610507468,"event":{"mods":["BaseMod","Colored Map","Conspire","Hubris","Minty Spire (QoL Compilation)","Quick Restart","Railgun Mod","Shop Mod","StSLib","The Alterego","The Servant 0.9.4","The Wild Card","TheBandit","WarShipGirlsR/??è≠èóR mod","vexMod"],"gold_per_floor":[118,118,7,182,182,182,212,212,212,72,98,118,133,148,148,243,909,927,942,640,655,655,655],"floor_reached":22,"language":"ENG","playtime":565,"items_purged":["Strike_B","Doubt"],"score":342,"play_id":"f9dcd3fa-a363-4756-8ca1-4f2c157b5946","local_time":"20210112221108","is_ascension_mode":true,"campfire_choices":[{"data":"Capacitor","floor":6.0,"key":"SMITH"},{"data":"Echo Form","floor":15.0,"key":"SMITH"}],"circlet_count":0,"master_deck":["Strike_B","Strike_B","Strike_B","Defend_B","Defend_B","Defend_B","Defend_B","Zap","Dualcast","Cold Snap","Capacitor+1","Echo Form+1","Cold Snap","Thunder Strike","Go for the Eyes","Coolheaded","Reboot","Capacitor","Core Surge"],"relics":["Cracked Core","NeowsBlessing","Cables","hubris:Towel","Blue Candle","MealTicket","vexMod:RockOfEvil"],"acts_visited":["Exordium","TheCity"],"potions_floor_usage":[16,19,21,21,22],"damage_taken":[{"damage":0.0,"enemies":"Small Slimes","floor":1.0,"turns":1.0},{"damage":0.0,"enemies":"Gremlin Nob","floor":7.0,"turns":1.0},{"damage":0.0,"enemies":"Lagavulin","floor":11.0,"turns":1.0},{"damage":1.0,"enemies":"Jaw Worm","floor":12.0,"turns":3.0},{"damage":0.0,"enemies":"2 Louse","floor":13.0,"turns":2.0},{"damage":1.0,"enemies":"Exordium Wildlife","floor":14.0,"turns":3.0},{"damage":27,"enemies":"Hexaghost","floor":16,"turns":9},{"damage":9,"enemies":"3 Byrds","floor":18,"turns":5},{"damage":1,"enemies":"Spheric Guardian","floor":19,"turns":7},{"damage":31,"enemies":"Snecko","floor":21,"turns":5},{"damage":12,"enemies":"Sentry and Sphere","floor":22,"turns":5}],"seed_played":"5167051775980531082","potions_obtained":[{"floor":7.0,"key":"SkillPotion"},{"floor":14.0,"key":"DistilledChaos"},{"floor":16,"key":"FocusPotion"},{"floor":19,"key":"Block Potion"},{"floor":21,"key":"SneckoOil"}],"is_trial":false,"path_per_floor":["M","?","$","?","?","R","E","?","T","$","E","M","M","M","R","B",null,"M","M","$","M","M"],"character_chosen":"DEFECT","items_purchased":["Capacitor","Echo Form","Core Surge","PowerPotion"],"campfire_rested":0,"item_purchase_floors":[3,10,20,20],"current_hp_per_floor":[68,68,68,68,68,68,68,68,68,68,68,67,67,66,66,39,38,29,28,38,7,0,0],"gold":655,"neow_bonus":"THREE_ENEMY_KILL","is_daily":false,"chose_seed":false,"campfire_upgraded":2,"win_rate":0.0,"timestamp":1610507468,"path_taken":["M","?","$","?","?","R","E","?","T","$","E","M","M","M","R","BOSS","M","M","$","M","M"],"items_purchased_type":["Card","Card","Card","Potion"],"build_version":"2020-12-22","purchased_purges":2,"victory":false,"max_hp_per_floor":[75,75,75,75,75,75,75,75,75,75,75,75,75,75,75,75,38,38,38,38,38,38,38],"card_choices":[{"not_picked":["Ball Lightning","Beam Cell"],"picked":"Cold Snap","floor":1.0},{"not_picked":["Redo","Streamline","Go for the Eyes"],"picked":"SKIP","floor":7.0},{"not_picked":["Scrape","Hello World"],"picked":"Cold Snap","floor":11.0},{"not_picked":["Melter","Compile Driver"],"picked":"Thunder Strike","floor":12.0},{"not_picked":["Rebound","Turbo"],"picked":"Go for the Eyes","floor":13.0},{"not_picked":["Reprogram","Rebound"],"picked":"Coolheaded","floor":14.0},{"not_picked":["hubris:DoWhile","hubris:SpecializedCircuitry"],"picked":"Reboot","floor":16},{"not_picked":["Lockon","Capacitor","Ball Lightning"],"picked":"SKIP","floor":18},{"not_picked":["Lockon","Ball Lightning"],"picked":"Capacitor","floor":18},{"not_picked":["Stack","Turbo+1","Rebound"],"picked":"SKIP","floor":19},{"not_picked":["Steam Power","Rebound","Turbo"],"picked":"SKIP","floor":21}],"player_experience":306241,"relics_obtained":[{"floor":7.0,"key":"Cables"},{"floor":9.0,"key":"Blue Candle"},{"floor":11.0,"key":"MealTicket"}],"event_choices":[{"damage_healed":0.0,"max_hp_gain":0.0,"max_hp_loss":0.0,"gold_gain":175.0,"event_name":"Liars Game","player_choice":"AGREE","floor":4.0,"gold_loss":0.0,"damage_taken":0.0,"cards_obtained":["Doubt"]},{"damage_healed":0.0,"max_hp_gain":0.0,"max_hp_loss":0.0,"gold_gain":0.0,"event_name":"conspire:Investor","player_choice":"Leave","floor":5.0,"gold_loss":0.0,"damage_taken":0.0}],"is_beta":false,"boss_relics":[{"not_picked":["Calling Bell","conspire:RoyalGoblet"],"picked":"vexMod:RockOfEvil"}],"items_purged_floors":[3,20],"is_endless":false,"potions_floor_spawned":[7,14,16,19,21],"killed_by":"Sentry and Sphere","ascension_level":6}}