{"host":"7qoz5gmva6til3yp","time":1610538565,"event":{"mods":["AchievementEnabler","BaseMod","Minty Spire (QoL Compilation)","StSLib","SuperFastMode"],"gold_per_floor":[211,226,301,317,267,299,299,191,218,218,246,262,294,42,42,139,189,200,200,54,69,84,114,114,126,126,143,169,187,187,215,215,313,313,324,341,352,370,370,370,399,399,399,399,399],"floor_reached":44,"language":"KOR","playtime":1548,"items_purged":["Defend_G"],"score":771,"play_id":"8348ae7a-3c8c-4ebd-99e8-ea613bb510d6","local_time":"20210113204925","is_ascension_mode":true,"campfire_choices":[{"data":"Underhanded Strike","floor":7.0,"key":"SMITH"},{"data":"Footwork","floor":10.0,"key":"SMITH"},{"floor":15.0,"key":"REST"},{"data":"Leg Sweep","floor":24.0,"key":"SMITH"},{"data":"Acrobatics","floor":32.0,"key":"SMITH"},{"data":"Well Laid Plans","floor":40.0,"key":"SMITH"},{"data":"Dagger Spray","floor":42.0,"key":"SMITH"}],"circlet_count":0,"master_deck":["Strike_G","Strike_G","Strike_G","Strike_G","Defend_G","Defend_G","Defend_G","Defend_G","Survivor","Neutralize+1","Underhanded Strike+1","Escape Plan","Backstab","Leg Sweep+1","Footwork+1","Dagger Spray+1","After Image","Grand Finale","Dagger Throw","Acrobatics+1","Quick Slash+1","Well Laid Plans+1","Escape Plan","Grand Finale","Backflip+1","PiercingWail+1"],"relics":["Ring of the Snake","Blood Vial","Orichalcum","Art of War","Torii","Sundial","Tiny House","Enchiridion","Lantern","Ornamental Fan","Matryoshka","Strawberry","FossilizedHelix","Runic Dome","CeramicFish","Ancient Tea Set","Anchor"],"acts_visited":["Exordium","TheCity","TheBeyond"],"potions_floor_usage":[],"damage_taken":[{"damage":0.0,"enemies":"Jaw Worm","floor":1.0,"turns":6.0},{"damage":1.0,"enemies":"2 Louse","floor":2.0,"turns":3.0},{"damage":0.0,"enemies":"Cultist","floor":4.0,"turns":3.0},{"damage":0.0,"enemies":"3 Sentries","floor":6.0,"turns":1.0},{"damage":19.0,"enemies":"Gremlin Nob","floor":11.0,"turns":5.0},{"damage":5.0,"enemies":"Lots of Slimes","floor":12.0,"turns":4.0},{"damage":0.0,"enemies":"3 Sentries","floor":13.0,"turns":1.0},{"damage":3.0,"enemies":"The Guardian","floor":16.0,"turns":14.0},{"damage":0.0,"enemies":"Spheric Guardian","floor":18.0,"turns":3.0},{"damage":0.0,"enemies":"Chosen","floor":21.0,"turns":3.0},{"damage":0.0,"enemies":"Centurion and Healer","floor":22.0,"turns":4.0},{"damage":6.0,"enemies":"Book of Stabbing","floor":23.0,"turns":8.0},{"damage":1.0,"enemies":"Chosen and Byrds","floor":25.0,"turns":10.0},{"damage":19.0,"enemies":"3 Cultists","floor":27.0,"turns":6.0},{"damage":35.0,"enemies":"Slavers","floor":28.0,"turns":7.0},{"damage":15.0,"enemies":"Snake Plant","floor":29.0,"turns":6.0},{"damage":14.0,"enemies":"Book of Stabbing","floor":31.0,"turns":9.0},{"damage":13.0,"enemies":"Collector","floor":33.0,"turns":8.0},{"damage":19.0,"enemies":"3 Shapes","floor":35.0,"turns":5.0},{"damage":0.0,"enemies":"Orb Walker","floor":36.0,"turns":5.0},{"damage":0.0,"enemies":"Writhing Mass","floor":37.0,"turns":2.0},{"damage":20.0,"enemies":"Jaw Worm Horde","floor":38.0,"turns":6.0},{"damage":18.0,"enemies":"Reptomancer","floor":41.0,"turns":6.0},{"damage":42,"enemies":"Giant Head","floor":44,"turns":8}],"seed_played":"1798209744647572257","potions_obtained":[{"floor":4.0,"key":"Explosive Potion"},{"floor":6.0,"key":"Block Potion"},{"floor":12.0,"key":"AttackPotion"},{"floor":13.0,"key":"Fire Potion"},{"floor":17.0,"key":"EntropicBrew"},{"floor":18.0,"key":"BlessingOfTheForge"},{"floor":22.0,"key":"Strength Potion"},{"floor":35.0,"key":"Fire Potion"},{"floor":41.0,"key":"Strength Potion"}],"is_trial":false,"path_per_floor":["M","M","?","M","?","E","R","$","T","R","E","M","E","$","R","B",null,"M","?","$","M","M","E","R","M","T","M","E","M","?","E","R","B",null,"M","M","M","M","?","R","E","R","T","E"],"character_chosen":"THE_SILENT","items_purchased":["Footwork","Sundial","Lantern"],"campfire_rested":1,"item_purchase_floors":[8,14,20],"current_hp_per_floor":[63,62,51,51,51,51,51,51,51,51,34,31,33,33,54,53,71,73,57,57,59,61,57,57,58,58,41,15,67,67,55,55,44,73,56,58,82,62,52,52,36,36,36,0,0],"gold":399,"neow_bonus":"HUNDRED_GOLD","is_daily":false,"chose_seed":false,"campfire_upgraded":6,"win_rate":0.0,"timestamp":1610538565,"path_taken":["M","M","?","M","?","E","R","$","T","R","E","M","E","$","R","BOSS","M","?","$","M","M","E","R","M","T","M","E","M","?","E","R","BOSS","M","?","?","M","?","R","E","R","T","E"],"items_purchased_type":["Card","Relic","Relic"],"build_version":"2020-12-22","purchased_purges":1,"victory":false,"max_hp_per_floor":[70,70,70,70,70,70,70,70,70,70,70,70,70,70,70,70,75,75,75,75,75,75,75,75,75,75,75,82,82,82,82,82,82,82,82,82,82,82,82,82,82,82,82,82,82],"card_choices":[{"not_picked":["Flying Knee","Blur"],"picked":"Underhanded Strike","floor":1.0},{"not_picked":["Cloak And Dagger","Terror"],"picked":"Escape Plan","floor":2.0},{"not_picked":["Cloak And Dagger","Acrobatics"],"picked":"Backstab","floor":4.0},{"not_picked":["Masterful Stab","Terror"],"picked":"Leg Sweep","floor":6.0},{"not_picked":["Slice","Outmaneuver"],"picked":"Dagger Spray","floor":11.0},{"not_picked":["Deflect","Poisoned Stab","Dash"],"picked":"SKIP","floor":12.0},{"not_picked":["Setup","Terror"],"picked":"After Image","floor":13.0},{"not_picked":["Corpse Explosion","Bullet Time"],"picked":"Grand Finale","floor":16.0},{"not_picked":["Deflect+1","Choke+1","Reflex"],"picked":"SKIP","floor":18.0},{"not_picked":["Deflect+1","Choke","Underhanded Strike"],"picked":"SKIP","floor":21.0},{"not_picked":["Endless Agony","Poisoned Stab","Noxious Fumes+1"],"picked":"SKIP","floor":22.0},{"not_picked":["Flechettes+1","Night Terror","Bouncing Flask"],"picked":"SKIP","floor":23.0},{"not_picked":["All Out Attack","Dagger Spray"],"picked":"Dagger Throw","floor":25.0},{"not_picked":["Dodge and Roll+1","Slice"],"picked":"Acrobatics","floor":27.0},{"not_picked":["Cloak And Dagger","Underhanded Strike"],"picked":"Quick Slash+1","floor":28.0},{"not_picked":["Caltrops","Cloak And Dagger"],"picked":"Well Laid Plans","floor":29.0},{"not_picked":["Cloak And Dagger+1","Outmaneuver+1"],"picked":"Escape Plan","floor":31.0},{"not_picked":["Doppelganger","Corpse Explosion"],"picked":"Grand Finale","floor":33.0},{"not_picked":["Noxious Fumes","Concentrate+1"],"picked":"Backflip+1","floor":35.0},{"not_picked":["Crippling Poison","Dodge and Roll","Slice"],"picked":"SKIP","floor":36.0},{"not_picked":["Poisoned Stab","Backflip+1"],"picked":"PiercingWail+1","floor":37.0},{"not_picked":["Dash+1","Dagger Spray","Infinite Blades+1"],"picked":"SKIP","floor":38.0},{"not_picked":["Masterful Stab+1","Dagger Throw","Reflex"],"picked":"SKIP","floor":41.0}],"player_experience":337738,"relics_obtained":[{"floor":6.0,"key":"Blood Vial"},{"floor":9.0,"key":"Orichalcum"},{"floor":11.0,"key":"Art of War"},{"floor":13.0,"key":"Torii"},{"floor":19.0,"key":"Enchiridion"},{"floor":23.0,"key":"Ornamental Fan"},{"floor":26.0,"key":"Matryoshka"},{"floor":28.0,"key":"Strawberry"},{"floor":31.0,"key":"FossilizedHelix"},{"floor":41.0,"key":"CeramicFish"},{"floor":43.0,"key":"Ancient Tea Set"},{"floor":43.0,"key":"Anchor"}],"event_choices":[{"damage_healed":0.0,"max_hp_gain":0.0,"max_hp_loss":0.0,"gold_gain":75.0,"event_name":"World of Goop","player_choice":"Gather Gold","floor":3.0,"gold_loss":0.0,"damage_taken":11.0},{"cards_removed":["Strike_G"],"damage_healed":0.0,"max_hp_gain":0.0,"max_hp_loss":0.0,"gold_gain":0.0,"event_name":"The Cleric","player_choice":"Card Removal","floor":5.0,"gold_loss":50.0,"damage_taken":0.0},{"damage_healed":0.0,"max_hp_gain":0.0,"max_hp_loss":0.0,"gold_gain":0.0,"event_name":"Cursed Tome","player_choice":"Obtained Book","floor":19.0,"gold_loss":0.0,"damage_taken":16.0},{"damage_healed":0.0,"max_hp_gain":0.0,"max_hp_loss":0.0,"gold_gain":0.0,"event_name":"The Woman in Blue","player_choice":"Bought 0 Potions","floor":30.0,"gold_loss":0.0,"damage_taken":0.0},{"damage_healed":0.0,"max_hp_gain":0.0,"max_hp_loss":0.0,"gold_gain":0.0,"event_name":"SensoryStone","player_choice":"Memory 3","floor":39.0,"gold_loss":0.0,"damage_taken":10.0}],"is_beta":false,"boss_relics":[{"not_picked":["Snecko Eye","SacredBark"],"picked":"Tiny House"},{"not_picked":["WristBlade","Velvet Choker"],"picked":"Runic Dome"}],"items_purged_floors":[8],"is_endless":false,"potions_floor_spawned":[4,6,12,13,18,21,22,23,31,35,41],"killed_by":"Giant Head","ascension_level":6}}