{"host":"0ttaavwaei2fh9kw","time":1610542969,"event":{"mods":["Act Like it!","Aspiration","BaseMod","Chen","Colored Map","Decade(王小明)","Downfall","Gensokyo","Hallownest","Hubris","Infinite Spire","KinomotoSakuraMod(木之本樱)","KomeijiMod","Lobotomy","LobotomyExtend","Marisa（F雨　魔理沙）","Minty Spire (QoL Compilation)","Prisma Mod","Reimu（博丽灵梦）","Replay The Spire","Spicy Shops","StSLib","The Servant 0.9.4","WarShipGirlsR/战舰少女R mod","Youmu（魂魄妖梦）"],"gold_per_floor":[276,276,288,12,25,47,47,47,72,87,87,87,315,332,332,332,332,427,427,441,1,26,26,226,542,649,677,677,677,677,700,700,726,726,726,726],"floor_reached":35,"language":"ZHS","playtime":2211,"items_purged":[],"score":310,"play_id":"2f8f8cb8-525f-480a-ad93-c02294318b7b","local_time":"20210113210249","is_ascension_mode":false,"campfire_choices":[{"data":"KidneyShot","floor":11,"key":"SMITH"},{"floor":17,"key":"REST"},{"data":"Duplication","floor":32,"key":"SMITH"},{"data":"FanOfKnives","floor":34,"key":"SMITH"}],"circlet_count":0,"master_deck":["Strike_S","Strike_S","Defend_S","Defend_S","Defend_S","KidneyShot+1","Exchange","Freischutz","SurpressingFire+1","Expertise+1","Choke+1","BottledTime+1","FanOfKnives+1","SpecialFormula","Duplication+1","FlawlessForm","Solidify","SpecialFormula","SpecialFormula"],"relics":["Uniform","CogitoBucket","LetterFromLob","HandDrill","ReplayTheSpireMod:TigerMarble","Happy Flower","Pet Ghost","HornCleat","Gensokyo:OccultBall","Replay:Baseball","StoneMask","Strange Spoon","Replay:Lucky Slots","Gensokyo:RedStar","Bird Faced Urn","Replay:Towering Pillar of Hats","Ancient Tea Set","Oddly Smooth Stone","hubris:TenFootPole"],"acts_visited":["Gensokyo:Gensokyo","Gensokyo:Gensokyoer"],"potions_floor_usage":[6,26,35,35,35],"damage_taken":[{"damage":4,"enemies":"Gensokyo:Python","floor":1,"turns":3},{"damage":3,"enemies":"Gensokyo:Gryphon","floor":3,"turns":4},{"damage":9,"enemies":"Gensokyo:3_Fairies","floor":5,"turns":5},{"damage":30,"enemies":"Gensokyo:Aya","floor":6,"turns":9},{"damage":8,"enemies":"Gensokyo:Gryphon_and_Rabbit","floor":10,"turns":8},{"damage":11,"enemies":"Gensokyo:Mamizou","floor":13,"turns":6},{"damage":0,"enemies":"Gensokyo:CorruptedTreant","floor":14,"turns":2},{"damage":8,"enemies":"Gensokyo:Yukari","floor":18,"turns":6},{"damage":32,"enemies":"Gensokyo:3_Dogs","floor":20,"turns":7},{"damage":20,"enemies":"Gensokyo:Chomper","floor":22,"turns":5},{"damage":7,"enemies":"Gensokyo:Mirror_and_Dog","floor":25,"turns":2},{"damage":14,"enemies":"Gensokyo:Mirror_and_Dog","floor":26,"turns":4},{"damage":16,"enemies":"Gensokyo:Koishi","floor":27,"turns":5},{"damage":11,"enemies":"Gensokyo:Wraith","floor":31,"turns":7},{"damage":8,"enemies":"Gensokyo:Swordslinger","floor":33,"turns":4},{"damage":64,"enemies":"Gensokyo:Eternal_Rivals","floor":35,"turns":11}],"seed_played":"-6541372034998666679","potions_obtained":[{"floor":1,"key":"hexamod:EctoCoolerPotion"},{"floor":3,"key":"ZuzhouPotion:ReiMu"},{"floor":10,"key":"champ:CounterPotion"},{"floor":20,"key":"Adrenaline Potion"},{"floor":31,"key":"ZuzhouPotion:ReiMu"}],"is_trial":false,"path_per_floor":["M","?","M","COS","M","E","?","$","T","M","R","?","E","M","PTL","PTL","R_BF","B",null,"M","COS","M","?","?","M","?","E","T","?","?","M","R","M","R","B"],"character_chosen":"THE_SERVANT","items_purchased":[],"campfire_rested":1,"item_purchase_floors":[],"current_hp_per_floor":[61,61,58,58,49,19,22,22,22,14,14,14,3,8,8,8,27,24,65,42,42,35,35,18,17,11,12,12,12,24,36,36,43,43,0,0],"gold":726,"neow_bonus":"","is_daily":false,"chose_seed":false,"campfire_upgraded":3,"win_rate":0.0,"timestamp":1610542969,"path_taken":["M","?","M","COS","M","E","?","?","T","?","R","?","E","M","PTL","PTL","R_BF","BOSS","M","COS","M","?","?","?","?","E","T","?","?","M","R","M","R","BOSS"],"items_purchased_type":[],"build_version":"2020-12-22","purchased_purges":0,"victory":false,"max_hp_per_floor":[65,65,65,65,65,65,65,65,65,65,65,65,65,65,65,65,65,65,65,68,68,69,69,69,71,72,73,73,73,73,76,76,77,77,39,39],"card_choices":[{"not_picked":["OldLady","Wellcheers"],"picked":"Freischutz","floor":1},{"not_picked":["ShiftingGears","Rearm"],"picked":"SurpressingFire","floor":1},{"not_picked":["Ricochet","StarChef"],"picked":"BottledTime","floor":3},{"not_picked":["Defy","Replace","ShatteredReality"],"picked":"SKIP","floor":5},{"not_picked":["FastForward","Spin"],"picked":"FloweringNight","floor":6},{"not_picked":["MoonPhase","BottledTime"],"picked":"FanOfKnives","floor":10},{"not_picked":["Potential","Spin"],"picked":"SpecialFormula","floor":13},{"not_picked":["Gouge","Replace","Ricochet"],"picked":"SKIP","floor":14},{"not_picked":["Solidify","FloweringNight"],"picked":"Duplication","floor":18},{"not_picked":["FastForward","Unruled+1","Replace"],"picked":"SKIP","floor":20},{"not_picked":["Replace","Hightail+1","ShiftingGears+1"],"picked":"SKIP","floor":22},{"not_picked":["ShatteredReality","Ricochet","FanOfKnives"],"picked":"SKIP","floor":25},{"not_picked":["SoulSculpture","Dilation"],"picked":"FlawlessForm","floor":27},{"not_picked":["Ricochet+1","TimeWarp+1"],"picked":"Solidify","floor":27},{"not_picked":["Reset","Sabotage","Alleviate+1"],"picked":"SKIP","floor":31},{"not_picked":["Comet","Spin"],"picked":"SpecialFormula","floor":33}],"player_experience":198426,"relics_obtained":[{"floor":1,"key":"LetterFromLob"},{"floor":6,"key":"Happy Flower"},{"floor":9,"key":"Pet Ghost"},{"floor":13,"key":"Replay:Baseball"},{"floor":18,"key":"Gensokyo:OccultBall"},{"floor":26,"key":"Bird Faced Urn"},{"floor":26,"key":"Replay:Towering Pillar of Hats"},{"floor":27,"key":"Oddly Smooth Stone"},{"floor":28,"key":"hubris:TenFootPole"}],"event_choices":[],"is_beta":false,"boss_relics":[{"not_picked":["aspiration:RunicSpoon","Astrolabe"],"picked":"StoneMask"}],"items_purged_floors":[],"is_endless":false,"potions_floor_spawned":[1,3,10,20,31],"killed_by":"Gensokyo:Eternal_Rivals","ascension_level":0}}