{"host":"ywif2ugnepgiw45s","time":1610499337,"event":{"mods":["Act Like it!","BaseMod","Better Skull","Downfall","Elementarium","GifTheSpireLib","Hermit","Marisa????????","Minty Spire (QoL Compilation)","READ ME - Guardian Mod","Replay The Spire","Shade Mod","Shop Mod","StSLib","The Cursed","The Jungle","The Runesmith","The Servant 0.9.4"],"gold_per_floor":[99,118,118,129,129,129,129,39,24,40,74,74,74,106,123,224,224,74,94,104,104,89,14,14,31,45,45,74,91,122,107,122,217,217,217,234,234,246,94,106,133,159,171,194,40,240,240,265,277,277,277,302,29,29,29],"floor_reached":56,"language":"ENG","playtime":4950,"items_purged":["Amnesia","Strike_S"],"score":1722,"play_id":"1f76b765-1773-487c-895b-0e1531cb625e","local_time":"20210112195537","is_ascension_mode":true,"campfire_choices":[{"floor":1,"key":"DIG"},{"floor":6,"key":"RECALL"},{"floor":13,"key":"REST"},{"data":"BestPractice","floor":18,"key":"SMITH"},{"data":"Exchange","floor":23,"key":"SMITH"},{"data":"Inflame","floor":27,"key":"SMITH"},{"data":"SoulSculpture","floor":35,"key":"SMITH"},{"data":"expansioncontent:DashGenerateEvil","floor":43,"key":"SMITH"},{"data":"MurderousAura","floor":47,"key":"SMITH"},{"floor":54,"key":"REST"}],"circlet_count":0,"master_deck":["Strike_S","Defend_S","Defend_S","KidneyShot","Exchange+1","SoulSculpture+1","RealityMarble","Defy+1","Inflame+1","Defy+1","Spot Weakness+1","Potential","Defy+1","BestPractice+1","Barrier+1","ReplayTheSpireMod:Muscle Training+1","MurderousAura","Defy+1","BottledTime+1","GearUp+1","ShatteredReality","Replace+1","LightFlow","Desolation+1","Barrier+1","SurpressingFire","TimeWarp+1","MurderousAura+1","Potential+1","Alleviate+1","Dilation+1","Misdirection+1","expansioncontent:DashGenerateEvil+1","Luminosity","Luminosity","Shuttle+1","TheWorld+1","BottledTime+1","BottledTime+1","ReplayTheSpireMod:Splinters","expansioncontent:AwakenDeath","Magnetism"],"relics":["Toxic Egg 2","m_ScarletBlood","Ring of Panic","Ring of Hypnosis","Blue Doll","Centennial Puzzle","Gremlin Food","Honey Jar","downfall:HeartBlessingRed","downfall:HeartBlessingGreen","theJungle:WildStrawberry","downfall:HeartBlessingBlue","Turnip","Onion Ring","FossilizedHelix","Replay:Grab Bag","MysterySword","Runesmith:UraniumAnvil","Empty Cage","Replay:Wax Seal","Vajra","MawBank","ClockworkSouvenir","Gambling Chip","Art of War"],"acts_visited":["Exordium","Exordium","TheBeyond","TheEnding"],"potions_floor_usage":[14,16,28,29,30,50,55],"damage_taken":[{"damage":0,"enemies":"2 Louse","floor":2,"turns":4},{"damage":3,"enemies":"Jaw Worm","floor":4,"turns":5},{"damage":0,"enemies":"downfall:FleeingMerchant","floor":8,"turns":4},{"damage":2,"enemies":"downfall:FleeingMerchant","floor":9,"turns":4},{"damage":7,"enemies":"Small Slimes","floor":10,"turns":3},{"damage":6,"enemies":"Replay:BlueRogue","floor":11,"turns":5},{"damage":7,"enemies":"Lagavulin","floor":14,"turns":9},{"damage":0,"enemies":"2 Fungi Beasts","floor":15,"turns":5},{"damage":5,"enemies":"downfall:Ironclad","floor":16,"turns":8},{"damage":0,"enemies":"theJungle:GiantWrat","floor":19,"turns":4},{"damage":0,"enemies":"theJungle:5_Spyders","floor":20,"turns":7},{"damage":1,"enemies":"downfall:FleeingMerchant","floor":22,"turns":4},{"damage":0,"enemies":"theJungle:Lyon","floor":25,"turns":6},{"damage":0,"enemies":"theJungle:JungleHuntersEncounter","floor":26,"turns":6},{"damage":0,"enemies":"theJungle:MamaSnecko","floor":28,"turns":7},{"damage":0,"enemies":"Snake Plant","floor":29,"turns":4},{"damage":0,"enemies":"theJungle:Cassacara","floor":30,"turns":5},{"damage":0,"enemies":"downfall:FleeingMerchant","floor":31,"turns":4},{"damage":0,"enemies":"theJungle:Lyon","floor":32,"turns":4},{"damage":0,"enemies":"downfall:Watcher","floor":33,"turns":9},{"damage":0,"enemies":"3 Shapes","floor":36,"turns":8},{"damage":3,"enemies":"3 Darklings","floor":38,"turns":5},{"damage":0,"enemies":"downfall:FleeingMerchant","floor":39,"turns":1},{"damage":6,"enemies":"Jaw Worm Horde","floor":40,"turns":4},{"damage":0,"enemies":"Transient","floor":42,"turns":5},{"damage":0,"enemies":"Writhing Mass","floor":44,"turns":6},{"damage":0,"enemies":"Giant Head","floor":48,"turns":6},{"damage":9,"enemies":"3 Darklings","floor":49,"turns":6},{"damage":41,"enemies":"downfall:Silent","floor":50,"turns":5},{"damage":74,"enemies":"downfall:CharBossMerchant","floor":52,"turns":9},{"damage":0,"enemies":"downfall:NeowBoss","floor":55,"turns":24}],"seed_played":"-5053379880330605027","potions_obtained":[{"floor":10,"key":"champ:CounterPotion"},{"floor":11,"key":"Cursed Concoction"},{"floor":15,"key":"AttackPotion"},{"floor":19,"key":"GamblersBrew"},{"floor":20,"key":"Regen Potion"},{"floor":28,"key":"SpeedPotion"},{"floor":29,"key":"SkillPotion"},{"floor":32,"key":"SteroidPotion"},{"floor":42,"key":"Adrenaline Potion"},{"floor":48,"key":"Doom Potion"}],"is_trial":false,"path_per_floor":["R","M","?","M","?","R","T","$","$","M","E","?","R","E","M","B",null,"R","M","M","?","$","R","T","M","M","R","E","M","E","$","M","B",null,"R","M","?","M","?","M","T","M","R","M","$","?","R","E","M","B",null,"E","$","R","B",null],"character_chosen":"THE_SERVANT","items_purchased":["expansioncontent:DashGenerateEvil","Replay:Wax Seal","Vajra","Luminosity","ClockworkSouvenir","BottledTime+1","expansioncontent:AwakenDeath","Magnetism"],"campfire_rested":2,"item_purchase_floors":[39,39,39,39,45,45,53,53],"current_hp_per_floor":[65,65,65,62,62,62,62,62,60,53,47,35,54,47,47,42,65,65,65,65,58,57,67,67,67,67,67,82,82,82,82,82,82,82,82,82,82,79,79,73,73,73,73,73,73,73,73,73,64,23,82,8,8,32,32],"gold":29,"neow_bonus":"TRANSFORM_TWO_CARDS","is_daily":false,"chose_seed":false,"campfire_upgraded":6,"win_rate":0.0,"timestamp":1610499337,"path_taken":["R","M","?","M","?","R","T","?","$","M","E","?","R","E","M","BOSS","R","M","M","?","$","R","T","M","M","R","E","M","E","$","M","BOSS","R","M","?","?","?","M","T","M","R","M","$","?","R","E","M","BOSS","E","$","R","BOSS"],"items_purchased_type":["Card","Relic","Relic","Card","Relic","Card","Card","Card"],"build_version":"2020-12-22","purchased_purges":2,"victory":true,"max_hp_per_floor":[65,65,65,65,65,65,65,65,65,65,65,65,65,65,65,65,65,65,65,65,72,72,82,82,82,82,82,82,82,82,82,82,82,82,82,82,82,82,82,82,82,82,82,82,82,82,82,82,82,82,82,82,82,82,82],"card_choices":[{"not_picked":["Rearm+1","TimeWarp"],"picked":"Defy+1","floor":2},{"not_picked":["Gouge","DancingSilver+1"],"picked":"Defy+1","floor":4},{"not_picked":["SurpressingFire","BottledTime+1"],"picked":"Spot Weakness+1","floor":8},{"not_picked":["Replace+1","FanOfKnives"],"picked":"Potential","floor":9},{"not_picked":["DoubleEdge","Starlight"],"picked":"Defy+1","floor":10},{"not_picked":["InstantArmor+1","Moondial+1"],"picked":"BestPractice","floor":11},{"not_picked":["Rearm+1","DualDimension+1"],"picked":"Barrier+1","floor":14},{"not_picked":["RealityMarble","DancingSilver+1"],"picked":"ReplayTheSpireMod:Muscle Training+1","floor":15},{"not_picked":["SilverMatrix","Duplication+1"],"picked":"MurderousAura","floor":16},{"not_picked":["WasteNot","ShatteredReality","Snipe"],"picked":"Defy+1","floor":19},{"not_picked":["Ricochet","Replace+1","Manipulate+1"],"picked":"BottledTime+1","floor":20},{"not_picked":["Sabotage","Ricochet","Alleviate+1"],"picked":"GearUp+1","floor":22},{"not_picked":["FanOfKnives+1","DoubleEdge","Rewind+1"],"picked":"ShatteredReality","floor":25},{"not_picked":["Gouge","Potential","Unruled"],"picked":"Replace+1","floor":26},{"not_picked":["Ricochet","SurpressingFire+1","Revamp+1"],"picked":"LightFlow","floor":28},{"not_picked":["Unruled","Rearm+1","Replace+1"],"picked":"Desolation+1","floor":29},{"not_picked":["Starlight","DancingSilver+1","Potential+1"],"picked":"Barrier+1","floor":30},{"not_picked":["Defy+1","Shuttle+1","ShatteredReality"],"picked":"SurpressingFire","floor":31},{"not_picked":["SilverMatrix","Replace+1","Spin"],"picked":"TimeWarp","floor":32},{"not_picked":["Duplication+1","Deny+1","Sunlight"],"picked":"MurderousAura","floor":33},{"not_picked":["Barrier+1","Rewind+1","Unruled"],"picked":"Potential+1","floor":36},{"not_picked":["Rewind+1","Alleviate+1","Replace+1"],"picked":"Dilation+1","floor":38},{"not_picked":["Revamp+1","RealityMarble+1","Advance+1"],"picked":"Misdirection+1","floor":39},{"not_picked":["Collapse","Revamp+1","Rewind+1"],"picked":"Shuttle+1","floor":40},{"not_picked":["Revamp+1","Unruled+1","Spin","TimeWarp"],"picked":"SKIP","floor":42},{"not_picked":["Contraction+1","RealityMarble","Rearm+1"],"picked":"TheWorld+1","floor":44},{"not_picked":["Reset+1","TimeWarp","Desolation+1","Rearm+1"],"picked":"SKIP","floor":48},{"not_picked":["DoubleEdge+1","Rewind+1","Potential","TimeWarp"],"picked":"SKIP","floor":49},{"not_picked":["Luminosity","ShiftingGears+1","Rearm+1","Rewind+1"],"picked":"SKIP","floor":52}],"player_experience":1714483,"relics_obtained":[{"floor":1,"key":"Toxic Egg 2"},{"floor":5,"key":"Ring of Panic"},{"floor":5,"key":"Ring of Hypnosis"},{"floor":11,"key":"Blue Doll"},{"floor":14,"key":"Gremlin Food"},{"floor":24,"key":"Turnip"},{"floor":28,"key":"Onion Ring"},{"floor":30,"key":"FossilizedHelix"},{"floor":41,"key":"MawBank"},{"floor":48,"key":"Gambling Chip"},{"floor":52,"key":"Art of War"}],"event_choices":[{"damage_healed":0,"gold_gain":0,"player_choice":"Success","damage_taken":12,"relics_obtained":["Centennial Puzzle"],"max_hp_gain":0,"max_hp_loss":0,"event_name":"Scrap Ooze","floor":12,"gold_loss":0},{"damage_healed":0,"gold_gain":0,"cards_transformed":["Defend_S"],"player_choice":"Transformed","damage_taken":0,"max_hp_gain":0,"max_hp_loss":0,"event_name":"Transmorgrifier","floor":37,"gold_loss":0,"cards_obtained":["Alleviate"]}],"is_beta":false,"boss_relics":[{"not_picked":["Replay:Fungal Core","Abe\u0027s Treasure"],"picked":"Honey Jar"},{"not_picked":["SlaversCollar","Replay:Wanted Poster"],"picked":"Replay:Grab Bag"},{"not_picked":["Fusion Hammer","Velvet Choker"],"picked":"MysterySword"},{"not_picked":["Coffee Dripper","ChewingGum"],"picked":"Runesmith:UraniumAnvil"},{"not_picked":["SacredBark","Astrolabe"],"picked":"Empty Cage"}],"items_purged_floors":[8,39],"is_endless":false,"potions_floor_spawned":[10,11,15,19,20,28,29,32,42,44,48],"ascension_level":4}}