{"host":"1bmpebsu0h6jmm2g","time":1610535582,"event":{"mods":["BaseMod","Colored Map","DeckTracker","Highlight Path","Keyboard Shortcuts","Minty Spire (QoL Compilation)","Permanent Neow","Quick Restart","Relic Stats","Slay the Relics Exporter","StSLib","SuperFastMode"],"gold_per_floor":[117,117,117,117,42,42,42,76,76,76,101,115,115,128,128,219,219,235,258,65,65,88,88,128,128,154,185,210,244,270,282,294,404,416,453,479,506,57,57,96,117,131,178,219,219,250,273,177,177,177,177],"floor_reached":50,"language":"KOR","playtime":1896,"items_purged":["Defend_R","Strike_R"],"score":1580,"play_id":"3859090e-30a6-49c7-ac83-99d34376e221","local_time":"20210113195942","is_ascension_mode":true,"campfire_choices":[{"floor":6.0,"key":"REST"},{"floor":10.0,"key":"REST"},{"data":"Perfected Strike","floor":13.0,"key":"SMITH"},{"data":"Dark Embrace","floor":15.0,"key":"SMITH"},{"data":"Corruption","floor":23.0,"key":"SMITH"},{"data":"Evolve","floor":25.0,"key":"SMITH"},{"data":"Body Slam","floor":32.0,"key":"SMITH"},{"data":"Perfected Strike","floor":45.0,"key":"SMITH"},{"data":"Shockwave","floor":49.0,"key":"SMITH"}],"circlet_count":0,"master_deck":["AscendersBane","Strike_R","Strike_R","Strike_R","Defend_R","Defend_R+1","Bash","Perfected Strike+1","Inflame","Flame Barrier","Second Wind","Ghostly Armor","Dark Embrace+1","Corruption+1","Ghostly Armor+1","Second Wind","Evolve+1","Perfected Strike","Shame","Seeing Red","True Grit","Exhume","Body Slam+1","Second Wind","Writhe","Corruption","Perfected Strike+1","Master of Strategy","Seeing Red+1","Shockwave+1","Impervious","Perfected Strike+1","Warcry+1"],"relics":["Burning Blood","Golden Idol","Strawberry","Dead Branch","Coffee Dripper","War Paint","Bag of Preparation","PreservedInsect","Dream Catcher","MawBank","Boot","Snecko Eye","Lee\u0027s Waffle","Red Skull","Omamori","Art of War","Darkstone Periapt","Pen Nib"],"acts_visited":["Exordium","TheCity","TheBeyond"],"potions_floor_usage":[],"damage_taken":[{"damage":16.0,"enemies":"Jaw Worm","floor":1.0,"turns":5.0},{"damage":35.0,"enemies":"Lagavulin","floor":8.0,"turns":6.0},{"damage":9.0,"enemies":"2 Louse","floor":11.0,"turns":3.0},{"damage":14.0,"enemies":"Small Slimes","floor":12.0,"turns":3.0},{"damage":2.0,"enemies":"Blue Slaver","floor":14.0,"turns":5.0},{"damage":33.0,"enemies":"Hexaghost","floor":16.0,"turns":7.0},{"damage":2.0,"enemies":"Shell Parasite","floor":18.0,"turns":2.0},{"damage":12.0,"enemies":"2 Thieves","floor":19.0,"turns":4.0},{"damage":4.0,"enemies":"Shelled Parasite and Fungi","floor":22.0,"turns":4.0},{"damage":33.0,"enemies":"Slavers","floor":24.0,"turns":4.0},{"damage":0.0,"enemies":"Gremlin Leader","floor":27.0,"turns":4.0},{"damage":0.0,"enemies":"Centurion and Healer","floor":28.0,"turns":3.0},{"damage":28.0,"enemies":"Slavers","floor":29.0,"turns":2.0},{"damage":12.0,"enemies":"Snake Plant","floor":30.0,"turns":3.0},{"damage":9.0,"enemies":"Champ","floor":33.0,"turns":5.0},{"damage":0.0,"enemies":"Orb Walker","floor":35.0,"turns":1.0},{"damage":0.0,"enemies":"3 Shapes","floor":36.0,"turns":3.0},{"damage":15.0,"enemies":"Transient","floor":37.0,"turns":6.0},{"damage":0.0,"enemies":"Reptomancer","floor":40.0,"turns":2.0},{"damage":2.0,"enemies":"3 Darklings","floor":41.0,"turns":3.0},{"damage":0.0,"enemies":"Maw","floor":42.0,"turns":2.0},{"damage":3.0,"enemies":"Giant Head","floor":44.0,"turns":2.0},{"damage":36.0,"enemies":"Reptomancer","floor":46.0,"turns":3.0},{"damage":6.0,"enemies":"4 Shapes","floor":47.0,"turns":2.0},{"damage":0,"enemies":"Awakened One","floor":50,"turns":1}],"seed_played":"7758338665041516549","potions_obtained":[{"floor":12.0,"key":"Regen Potion"},{"floor":14.0,"key":"ElixirPotion"},{"floor":24.0,"key":"ElixirPotion"},{"floor":27.0,"key":"PowerPotion"},{"floor":30.0,"key":"FearPotion"},{"floor":37.0,"key":"SmokeBomb"},{"floor":40.0,"key":"SkillPotion"},{"floor":46.0,"key":"PowerPotion"}],"is_trial":true,"path_per_floor":["M","?","?","?","$","R","$","E","T","R","M","M","R","M","R","B",null,"M","M","$","?","M","R","E","R","T","E","M","E","M","?","R","B",null,"M","M","M","$","?","E","M","M","T","E","R","E","M","?","R","B"],"character_chosen":"IRONCLAD","items_purchased":["Second Wind","Evolve","Perfected Strike","Master of Strategy","Lee\u0027s Waffle"],"campfire_rested":2,"item_purchase_floors":[20,20,20,38,38],"current_hp_per_floor":[58,51,25,25,25,47,47,25,25,49,46,38,38,42,42,15,65,69,72,72,72,74,74,47,47,47,53,59,37,31,31,31,28,69,75,81,72,89,85,85,85,85,85,85,85,55,55,55,55,55,55],"gold":177,"neow_bonus":"","is_daily":false,"chose_seed":true,"campfire_upgraded":7,"win_rate":0.0,"timestamp":1610535582,"path_taken":["M","?","?","?","$","R","$","E","T","R","M","M","R","M","R","BOSS","M","?","$","?","M","R","E","R","T","E","M","E","M","?","R","BOSS","M","M","M","$","?","E","M","M","T","E","R","E","M","?","R","BOSS"],"items_purchased_type":["Card","Card","Card","Card","Relic"],"build_version":"2020-12-22","purchased_purges":2,"victory":false,"max_hp_per_floor":[75,75,75,75,75,75,75,82,82,82,82,82,82,82,82,82,82,82,82,82,82,82,82,82,82,82,82,82,82,82,82,82,82,82,82,82,82,89,85,85,85,85,85,85,85,85,85,85,85,85,85],"relic_stats":{"Darkstone Periapt":0,"Lee\u0027s Waffle":17,"counters":[25,85],"Golden Idol":154,"Dead Branch":[454],"PreservedInsect":341,"Pen Nib":[0],"Bag of Preparation":[30],"War Paint":["Ghostly Armor","Defend_R"],"MawBank":108,"Boot":[9],"Burning Blood":125,"Dream Catcher":0,"Snecko Eye":[63,66,55,56],"Art of War":[0],"obtain_stats":[{"Darkstone Periapt":46,"Lee\u0027s Waffle":38,"Golden Idol":3,"Dead Branch":9,"PreservedInsect":26,"Pen Nib":48,"Bag of Preparation":24,"Omamori":43,"War Paint":21,"MawBank":29,"Boot":31,"Burning Blood":0,"Dream Catcher":27,"Strawberry":8,"Snecko Eye":34,"Coffee Dripper":17,"Art of War":44,"Red Skull":40},{"Darkstone Periapt":23,"Lee\u0027s Waffle":18,"Golden Idol":1,"Dead Branch":2,"PreservedInsect":10,"Pen Nib":24,"Bag of Preparation":10,"Omamori":21,"War Paint":8,"MawBank":13,"Boot":14,"Burning Blood":0,"Dream Catcher":11,"Strawberry":2,"Snecko Eye":15,"Coffee Dripper":6,"Art of War":22,"Red Skull":19},{"Darkstone Periapt":82,"Lee\u0027s Waffle":70,"Golden Idol":5,"Dead Branch":11,"PreservedInsect":43,"Pen Nib":84,"Bag of Preparation":43,"Omamori":77,"War Paint":35,"MawBank":52,"Boot":55,"Burning Blood":0,"Dream Catcher":47,"Strawberry":11,"Snecko Eye":60,"Coffee Dripper":29,"Art of War":79,"Red Skull":72}]},"card_choices":[{"not_picked":["Iron Wave","Armaments"],"picked":"Perfected Strike","floor":1.0},{"not_picked":["Disarm","Headbutt"],"picked":"Flame Barrier","floor":8.0},{"not_picked":["Evolve","Battle Trance"],"picked":"Second Wind","floor":11.0},{"not_picked":["Battle Trance","True Grit"],"picked":"Ghostly Armor","floor":12.0},{"not_picked":["Armaments","Thunderclap"],"picked":"Dark Embrace","floor":14.0},{"not_picked":["Impervious","Limit Break"],"picked":"Corruption","floor":16.0},{"not_picked":["Fire Breathing","Anger+1"],"picked":"Ghostly Armor","floor":18.0},{"not_picked":["Anger","Heavy Blade","Cleave"],"picked":"SKIP","floor":19.0},{"not_picked":["Sever Soul","Perfected Strike"],"picked":"Seeing Red","floor":22.0},{"not_picked":["Sword Boomerang","Pommel Strike"],"picked":"True Grit","floor":24.0},{"not_picked":["True Grit","Anger"],"picked":"Exhume","floor":27.0},{"not_picked":["Whirlwind","Headbutt"],"picked":"Body Slam","floor":28.0},{"not_picked":["Thunderclap","Cleave","True Grit"],"picked":"SKIP","floor":29.0},{"not_picked":["Wild Strike","Reckless Charge"],"picked":"Second Wind","floor":30.0},{"not_picked":["Barricade","Limit Break"],"picked":"Corruption","floor":33.0},{"not_picked":["Thunderclap","Clash","Blood for Blood+1"],"picked":"SKIP","floor":35.0},{"not_picked":["Rampage+1","Warcry+1"],"picked":"Perfected Strike","floor":36.0},{"not_picked":["Intimidate","Clash","Pommel Strike"],"picked":"SKIP","floor":37.0},{"not_picked":["Cleave","Shrug It Off"],"picked":"Seeing Red+1","floor":40.0},{"not_picked":["Dark Embrace+1","Rupture"],"picked":"Shockwave","floor":41.0},{"not_picked":["Clothesline","Iron Wave"],"picked":"Impervious","floor":42.0},{"not_picked":["Battle Trance","Spot Weakness"],"picked":"Perfected Strike+1","floor":44.0},{"not_picked":["Bludgeon","Heavy Blade","Reckless Charge+1"],"picked":"SKIP","floor":46.0},{"not_picked":["Twin Strike+1","Sword Boomerang"],"picked":"Warcry+1","floor":47.0}],"player_experience":487817,"relics_obtained":[{"floor":8.0,"key":"Strawberry"},{"floor":9.0,"key":"Dead Branch"},{"floor":24.0,"key":"Bag of Preparation"},{"floor":26.0,"key":"PreservedInsect"},{"floor":27.0,"key":"Dream Catcher"},{"floor":29.0,"key":"MawBank"},{"floor":40.0,"key":"Red Skull"},{"floor":43.0,"key":"Omamori"},{"floor":44.0,"key":"Art of War"},{"floor":46.0,"key":"Darkstone Periapt"}],"event_choices":[{"cards_removed":["Defend_R"],"damage_healed":0.0,"max_hp_gain":0.0,"max_hp_loss":0.0,"gold_gain":0.0,"event_name":"Golden Wing","player_choice":"Card Removal","floor":2.0,"gold_loss":0.0,"damage_taken":7.0},{"damage_healed":0.0,"max_hp_gain":0.0,"max_hp_loss":0.0,"gold_gain":0.0,"event_name":"Golden Idol","player_choice":"Take Damage","floor":3.0,"gold_loss":0.0,"damage_taken":26.0,"relics_obtained":["Golden Idol"]},{"damage_healed":0.0,"max_hp_gain":0.0,"max_hp_loss":0.0,"gold_gain":0.0,"cards_transformed":["Strike_R"],"event_name":"Transmorgrifier","player_choice":"Transformed","floor":4.0,"gold_loss":0.0,"damage_taken":0.0,"cards_obtained":["Inflame"]},{"damage_healed":0.0,"max_hp_gain":0.0,"max_hp_loss":0.0,"gold_gain":0.0,"event_name":"Addict","player_choice":"Stole Relic","floor":21.0,"gold_loss":0.0,"damage_taken":0.0,"relics_obtained":["War Paint"],"cards_obtained":["Shame"]},{"damage_healed":0.0,"max_hp_gain":0.0,"max_hp_loss":0.0,"gold_gain":0.0,"event_name":"The Mausoleum","player_choice":"Opened","floor":31.0,"gold_loss":0.0,"damage_taken":0.0,"relics_obtained":["Boot"],"cards_obtained":["Writhe"]},{"damage_healed":0.0,"max_hp_gain":0.0,"max_hp_loss":4.0,"gold_gain":0.0,"event_name":"Winding Halls","player_choice":"Max HP","floor":39.0,"gold_loss":0.0,"damage_taken":0.0},{"damage_healed":0.0,"max_hp_gain":0.0,"max_hp_loss":0.0,"gold_gain":0.0,"event_name":"WeMeetAgain","player_choice":"Paid Gold","floor":48.0,"gold_loss":96.0,"damage_taken":0.0,"relics_obtained":["Pen Nib"]}],"is_beta":false,"boss_relics":[{"not_picked":["Empty Cage","Runic Cube"],"picked":"Coffee Dripper"},{"not_picked":["Velvet Choker","Tiny House"],"picked":"Snecko Eye"}],"items_purged_floors":[5,38],"is_endless":false,"potions_floor_spawned":[12,14,16,24,27,28,30,37,40,42,46],"killed_by":"Awakened One","ascension_level":20}}