{"host":"l8lm1goh5xm9tkuw","time":1610530125,"event":{"mods":["Act Like it!","Alarm Clock","Astrologer","BaseMod","Colored Map","Colored Powertips","Hermit","KomeijiMod","Library of Ruina","Library of Ruina Extra","Lobotomy","LobotomyExtend","Marisa£®ÏF”Í°°ƒß¿Ì…≥£©","Minty Spire (QoL Compilation)","MostiFishMod","Quick Restart","Replay The Spire","StSLib","TestMod","The Animator","The Bug Knight","The Hierophant","UnlockEverythingMod","[IsaacMod]“‘»ˆº‚À˛","vexMod","°æ“≈ŒÔø®≈∆°øREMEMod"],"gold_per_floor":[120,131,145,145,165,192,192,220,247,259,259,20,30,60,60,138,138,148,162,182,199,218,251,269,279,333,233,283,314,314,328,328,402,402,416,434,309,322,338,371,371,32,32,32,66,82,99,133,133,133,133,133,133,133,133,162,162],"floor_reached":58,"language":"ZHS","playtime":2362,"items_purged":["Dodge","LightDefense","LightDefense","FocusedStrikes","LightDefense"],"score":3680,"play_id":"f9de6cdd-5fb1-41d8-832d-1a8464648d8f","local_time":"20210113172845","is_ascension_mode":true,"campfire_choices":[{"data":"FocusSpirit","floor":7.0,"key":"SMITH"},{"floor":11.0,"key":"RECALL"},{"data":"Suppress","floor":30,"key":"SMITH"},{"data":"LevelSlash","floor":41,"key":"SMITH"},{"data":"SinglePointStab","floor":44,"key":"SMITH"},{"data":"SinglePointStab","floor":49,"key":"SMITH"},{"data":"Charge","floor":54,"key":"SMITH"}],"circlet_count":0,"master_deck":["AscendersBane","UpstandingSlash","Spear_LOR","LevelSlash+1","FocusSpirit+1","Charge+1","FrontalAssault+1","FocusSpirit+1","SinglePointStab+1","Suppress+1","SinglePointStab+1","SinglePointStab+1"],"relics":["PageOfLibrarian","DaveBox","testmod-TestBox","REME_ComplimentaryCards","HushsDoor","MoneyPower","testmod-Alchemist","ShadowXiaoBlade","SynthV:TestCard","LetterFromLob","Divine Protection","vexMod:BarristanHead","Replay:Wax Seal","DollysMirror","Blue Doll","testmod-TimeTraveler","JudasShadow","GuppysHead","testmod-OneHitWonder","Pear","Anchor","HoshigumaDish","Runic Pyramid","MyShadow","GuppysHead","REME_HourglassOfDeath","Thread and Needle","DianDianMeat","testmod-CrystalShield","Unceasing Top"],"acts_visited":["Exordium","TheCity","TheBeyond","TheEnding"],"potions_floor_usage":[33],"damage_taken":[{"damage":0.0,"enemies":"2 Louse","floor":1.0,"turns":1.0},{"damage":0.0,"enemies":"Jaw Worm","floor":2.0,"turns":1.0},{"damage":0.0,"enemies":"Cultist","floor":3.0,"turns":1.0},{"damage":0.0,"enemies":"Looter","floor":5.0,"turns":1.0},{"damage":10.0,"enemies":"3 Sentries","floor":6.0,"turns":3.0},{"damage":0.0,"enemies":"Lagavulin","floor":8.0,"turns":3.0},{"damage":0.0,"enemies":"3 Louse","floor":10.0,"turns":1.0},{"damage":0.0,"enemies":"Exordium Wildlife","floor":13.0,"turns":1.0},{"damage":0.0,"enemies":"3 Sentries","floor":14.0,"turns":2.0},{"damage":0.0,"enemies":"The Guardian","floor":16.0,"turns":4.0},{"damage":0,"enemies":"Chosen","floor":18,"turns":1},{"damage":0,"enemies":"Shell Parasite","floor":19,"turns":2},{"damage":0,"enemies":"3 Cultists","floor":20,"turns":2},{"damage":0,"enemies":"Centurion and Healer","floor":21,"turns":2},{"damage":0,"enemies":"Cultist and Chosen","floor":22,"turns":2},{"damage":0,"enemies":"REME_1_Revenger","floor":23,"turns":2},{"damage":0,"enemies":"Snecko","floor":24,"turns":2},{"damage":0,"enemies":"Snake Plant","floor":25,"turns":2},{"damage":0,"enemies":"Hiden Room Battle","floor":28,"turns":2},{"damage":0,"enemies":"Replay:Snechameleon","floor":29,"turns":3},{"damage":0,"enemies":"Centurion and Healer","floor":31,"turns":2},{"damage":0,"enemies":"Automaton","floor":33,"turns":6},{"damage":0,"enemies":"3 Shapes","floor":35,"turns":2},{"damage":0,"enemies":"Orb Walker","floor":36,"turns":2},{"damage":0,"enemies":"3 Darklings","floor":38,"turns":2},{"damage":0,"enemies":"Writhing Mass","floor":39,"turns":2},{"damage":0,"enemies":"R_Hoarder","floor":40,"turns":4},{"damage":0,"enemies":"Reptomancer","floor":45,"turns":2},{"damage":0,"enemies":"Spire Growth","floor":46,"turns":2},{"damage":0,"enemies":"Transient","floor":47,"turns":6},{"damage":0,"enemies":"R_Hoarder","floor":48,"turns":3},{"damage":0,"enemies":"Time Eater","floor":50,"turns":4},{"damage":0,"enemies":"Donu and Deca","floor":51,"turns":4},{"damage":0,"enemies":"Shield and Spear","floor":56,"turns":4},{"damage":0,"enemies":"Delirium","floor":57,"turns":28}],"seed_played":"-476070209294406634","potions_obtained":[{"floor":1.0,"key":"UndeadPotion"},{"floor":6.0,"key":"Swift Potion"},{"floor":8.0,"key":"Strength Potion"},{"floor":10.0,"key":"Adrenaline Potion"},{"floor":36,"key":"LiquidBronze"},{"floor":47,"key":"RedTea"}],"is_trial":false,"path_per_floor":["M","M","M","?","M","E","R","E","T","M","R","$","M","E","R_BF","B",null,"M","M","M","M","M","E","M","M","T","$","?","E","R","M","R_BF","B",null,"M","M","$","M","M","E","R","$","T","R","E","M","M","E","R","B","B",null,null,"R","$","E","B",null],"character_chosen":"Librarian","items_purchased":["DollysMirror","JudasShadow","GuppysHead","MyShadow","GuppysHead","Thread and Needle"],"campfire_rested":0,"item_purchase_floors":[12,17,17,34,34,42],"current_hp_per_floor":[53,53,53,61,61,51,51,51,51,51,51,51,51,51,78,78,63,63,63,63,63,63,63,63,63,63,63,73,73,73,73,73,73,46,46,46,46,46,46,46,46,46,46,46,46,46,47,47,47,47,47,47,47,47,47,47,47],"gold":162,"neow_bonus":"","is_daily":false,"chose_seed":false,"campfire_upgraded":6,"win_rate":0.0,"timestamp":1610530125,"path_taken":["M","M","M","?","M","E","R","E","T","M","R","$","M","E","R_BF","BOSS","M","M","M","M","M","E","M","M","T","$","?","E","R","M","R_BF","BOSS","M","M","$","M","M","E","R","$","T","R","E","M","M","E","R","BOSS","BOSS","R","$","E","BOSS"],"items_purchased_type":["Relic","Relic","Relic","Relic","Relic","Relic"],"build_version":"2020-12-22","purchased_purges":5,"victory":true,"max_hp_per_floor":[91,91,91,91,91,91,91,91,91,91,91,91,91,91,91,91,63,63,63,63,63,63,63,63,63,63,63,73,73,73,73,73,73,46,46,46,46,46,46,46,46,46,46,46,46,46,47,47,47,47,47,47,47,47,47,47,47],"card_choices":[{"not_picked":[],"picked":"Bomb","floor":0.0},{"not_picked":["ClassAndRespect","Multislash","EndlessBattle","Endure","Track","Rewind","Tttonst","SinglePointStab","PinpointShot"],"picked":"SKIP","floor":1.0},{"not_picked":["Wallop_lor","ElectricShock","Leap_lor","AsThePrescriptOrders","TendonChords","SunsetBlade","ShrineToMusic","BulkyImpact","HighKick","Suppress","EnergyStrike"],"picked":"SKIP","floor":2.0},{"not_picked":["FierceCharge","ICanCookAnything","Bvapour","SharpSwipe","SmokingPipe","Tailoring","NightInTheBackstreets","SilentNight","FleetFootsteps","StructuralAnalysis"],"picked":"FrontalAssault","floor":3.0},{"not_picked":["QuickAttack","UpbeatPerformance","SpearedSweep","FeatherShield","WillOfThePrescript","Quickness","FendThisOffIfYouCan","SteelKnuckles","PuppetBlockade","Pound","EnergyStrike"],"picked":"SKIP","floor":5.0},{"not_picked":["Overcharge","SteelKnuckles","Eject","Fence","Rewind","Wallop_lor","HardRehearsal","Transpierce","PinpointShot","StayCalm","LoosenUp"],"picked":"SKIP","floor":6.0},{"not_picked":["PreemptiveStrike","Parry","QuickSuppression","QuickAttack","ShrineToMusic","ExtremeEdge","SmokingPipe","SpearedSweep","IronWall","ViolentFlame","HandleRequest"],"picked":"SKIP","floor":8.0},{"not_picked":["Cruelty","UnavoidableGaze","MultiBlock","AsThePrescriptOrders","PreemptiveStrike","BackAttack","SharpSwipe","BulkyImpact","FierceCharge","HighKick","WillOfThePrescript"],"picked":"SKIP","floor":10.0},{"not_picked":["Tailoring","AsThePrescriptOrders","TendonChords","StructuralAnalysis","GuardingStance","SharpSwipe","MultiBlock","StrongStrike","Quickness","EndlessBattle"],"picked":"SinglePointStab","floor":13.0},{"not_picked":["HiddenBlade","ClassAndRespect","Standoff","SweepTheBackstreets","GutHarvesting","Faith","WillOfThePrescript","Thrust","Rewind","FleshFillet","Quickness"],"picked":"SKIP","floor":14.0},{"not_picked":["RepressedFlesh","SilentNight","LeRegole","EnergyBeam"],"picked":"Suppress","floor":16.0},{"not_picked":["Standoff","MultiBlock","WillOfThePrescript","FlyingSword","UnavoidableGaze","TendonChords","MultiHit","SkyClearingCut","GuardingStance","SuppressingShot","BackstreetsDash"],"picked":"SKIP","floor":18},{"not_picked":["DarkCloud","CumulusWall","ButterflySlash","Crush","SturdyDefense","AssaultOrder","EnergyCycle","SharpSwipe","MultiHit","GuidanceOfTheGears+1","LawAndOrder"],"picked":"SKIP","floor":19},{"not_picked":["ClassAndRespect+1","AsThePrescriptOrders","DefenseOrder","PreemptiveStrike","BindingChains","PinpointShot","YourShield","BackAttack","FierceOnslaught","SmokingPipe","FleetFootsteps"],"picked":"SKIP","floor":20},{"not_picked":["MultiHit","StrongStrike","Parry","Rewind","RushDown","GuidanceOfTheGears","BattleCommand","CutIn+1","NightInTheBackstreets","RulesOfTheBackstreets","WillOfThePrescript"],"picked":"SKIP","floor":21},{"not_picked":["FleetEdge","Faith","DesperateStruggle","SomberProcuration+1","Thrust","Parry","UpbeatPerformance","ChargeUp","EnergyShield","Reload","HardRehearsal"],"picked":"SKIP","floor":22},{"not_picked":["LoosenUp","RhinoRam","Multislash","SteelKnuckles","StrongStrike+1","BayonetCombat","MultiBlock","Preparation","TrimTheIngredients","SturdyDefense","SunsetBlade"],"picked":"SKIP","floor":23},{"not_picked":["WrathOfTorment","SharpSwipe","HighKick","Tailoring","LoosenUp+1","Wallop_lor","HighSpeedStabbing","PreemptiveStrike+1","ChopItOff","BackAttack","BayonetCombat+1"],"picked":"SKIP","floor":24},{"not_picked":["ClassAndRespect","BizarreAttack","Standoff","Bvapour","GuardingStance","CumulusWall","ShockRound+1","DarkCloud","Unlock1","SpearedSweep","SmokingPipe"],"picked":"SKIP","floor":25},{"not_picked":["GuidanceOfTheGears","SilentMist","RepressedFlesh","Quickness+1","FierceOnslaught","FieryWaltz","GuardingStance","BackAttack+1","ForTheFamily","DarkCloud","NightInTheBackstreets"],"picked":"SKIP","floor":29},{"not_picked":["Standoff","HandlingWork","SteelKnuckles","FleetEdge","HiddenBlade","HardRehearsal","SkitterAway","CrackOfDawn","TendonChords","Endure","BayonetCombat"],"picked":"SKIP","floor":31},{"not_picked":["CircusKnives","HighKick","SpearedSweep","MultiHit+1","EndlessBattle","WrathOfTorment","PinpointShot","BackAttack","EnergyStrike","FrontalAssault","SummaryJudgment+1"],"picked":"SKIP","floor":35},{"not_picked":["ChopItOff","Quickness","UncannyStrike+1","Juggling+1","RapidGashes","QuickSuppression+1","Unlock1","SunsetBlade","DestructiveImpact+1","UnavoidableGaze"],"picked":"SinglePointStab","floor":36},{"not_picked":["UpbeatPerformance","SunsetBlade","UncannyStrike+1","MultiHit","FleshFillet","SuppressingShot","ClassAndRespect","AsThePrescriptOrders","PreparedMind+1","DirtyBlow+1","Pound"],"picked":"SKIP","floor":38},{"not_picked":["Eject","InkOver+1","NightInTheBackstreets","UpbeatPerformance","MindWhip","IronWall+1","DimensionalRift+1","PreemptiveStrike","Collision","GuardingStance","CombatPreparation"],"picked":"SKIP","floor":39},{"not_picked":["TieShanKao","DefenseOrder+1","RushDown","AsThePrescriptOrders","Reload","Pound","QuickSuppression","EnergyCycle+1","ViolentFlame","Deflect_lor","HandleRequest"],"picked":"SKIP","floor":40},{"not_picked":["RepressedFlesh","Thrust","MultiHit","RapidGashes","WillBeTasty+1","PreemptiveStrike","Parry","BlowItUp+1","FervidEmotions","DesperateStruggle","Faith+1"],"picked":"SKIP","floor":45},{"not_picked":["MultiHit","ViolentFlame","DriedUp","SomberProcuration+1","Rewind","BindingChains","ScatteringSlash","BlowItUp+1","Brawl+1","SpearedSweep","Guardian_lor"],"picked":"SKIP","floor":46},{"not_picked":["Slice_lor","FrontalAssault","StructuralAnalysis","Pound","MindPrepared","HiddenBlade+1","Outburst","FlowOfTheSword","Overcharge","FleetEdge"],"picked":"SinglePointStab","floor":47},{"not_picked":["ElectricShock","StrongStrike","SilentMist","EnergyConversion","Eradication","Reload","Thrust","GatherIntel","UnavoidableGaze","DefenseOrder+1","FrontalAssault"],"picked":"SKIP","floor":48},{"not_picked":["Multislash","Pound","FrontalAssault","HandlingWork","DarkCloud+1","Observe","QuickSuppression+1","WillOfThePrescript","CutIn","Bvapour","EnergyConversion"],"picked":"SKIP","floor":56}],"player_experience":355477,"relics_obtained":[{"floor":1.0,"key":"SynthV:TestCard"},{"floor":1.0,"key":"LetterFromLob"},{"floor":6.0,"key":"Divine Protection"},{"floor":8.0,"key":"vexMod:BarristanHead"},{"floor":9.0,"key":"Replay:Wax Seal"},{"floor":14.0,"key":"Blue Doll"},{"floor":23,"key":"testmod-OneHitWonder"},{"floor":28,"key":"Pear"},{"floor":28,"key":"Anchor"},{"floor":29,"key":"HoshigumaDish"},{"floor":40,"key":"REME_HourglassOfDeath"},{"floor":43,"key":"DianDianMeat"},{"floor":45,"key":"testmod-CrystalShield"},{"floor":48,"key":"Unceasing Top"}],"event_choices":[{"damage_healed":0,"gold_gain":0,"player_choice":"Fight","damage_taken":0,"max_hp_gain":0,"max_hp_loss":0,"event_name":"HidenRoomEvent","floor":28,"gold_loss":0}],"is_beta":false,"boss_relics":[{"not_picked":["testmod-BatchProcessingSystem","JellyFishMachine"],"picked":"testmod-TimeTraveler"},{"not_picked":[]},{"not_picked":["PageOfBlackSwan","Coffee Dripper"],"picked":"Runic Pyramid"},{"not_picked":[]}],"items_purged_floors":[12,17,27,34,37],"is_endless":false,"potions_floor_spawned":[1,6,8,10,18,21,25,28,29,36,39,46,47,56],"ascension_level":20}}