{"host":"nxmai6bb3m0amvdf","time":1610560045,"event":{"mods":["Aspiration","BaseMod","Conspire","Energized Spire","Friendly Minions","GifTheSpireLib","Halation","Hubris","Infinite Spire","Ironclad Rager","Jedi Mod","Marked Mod","Mimic Mod","Minty Spire (QoL Compilation)","Replay The Spire","RumiaBox-????????","Spikes Relics","StSLib","Stuff the Spire","Trackpad","vexMod"],"gold_per_floor":[114,131,173,193,212,212,237,248,288,320,320,320,320,355,355,355,355],"floor_reached":16,"language":"ENG","playtime":1480,"items_purged":[],"score":234,"play_id":"608905cf-d345-4850-8394-84f3c0c54007","local_time":"20210113184725","is_ascension_mode":true,"campfire_choices":[{"floor":6.0,"key":"REST"},{"floor":12.0,"key":"REST"},{"floor":15.0,"key":"REST"}],"circlet_count":0,"master_deck":["AscendersBane","Strike_R","Strike_R","Strike_R","Strike_R","Strike_R","Defend_R","Defend_R","Defend_R","Defend_R","Bash","Sharp Hide","Hemokinesis","Cleave","Headbutt","Iron Wave","Warcry","Exhume","StuffTheSpire:RagingBull","Defy Death","Second Wind","Body Slam"],"relics":["Burning Blood","aspiration:ChemicalBlood","Oddly Smooth Stone","infinitespire:PuzzleCube","halation:PinkSoulGem","Tiny Chest"],"acts_visited":["Exordium"],"potions_floor_usage":[16,16],"damage_taken":[{"damage":4.0,"enemies":"Jaw Worm","floor":1.0,"turns":6.0},{"damage":8.0,"enemies":"Cultist","floor":2.0,"turns":3.0},{"damage":4.0,"enemies":"Small Slimes","floor":4.0,"turns":3.0},{"damage":10.0,"enemies":"2 Fungi Beasts","floor":5.0,"turns":3.0},{"damage":12.0,"enemies":"3 Sentries","floor":7.0,"turns":5.0},{"damage":16.0,"enemies":"Looter","floor":8.0,"turns":3.0},{"damage":13.0,"enemies":"Lots of Slimes","floor":9.0,"turns":9.0},{"damage":30.0,"enemies":"Lagavulin","floor":10.0,"turns":6.0},{"damage":26.0,"enemies":"Gremlin Nob","floor":14.0,"turns":4.0},{"damage":76,"enemies":"Fading Forest","floor":16,"turns":12}],"seed_played":"-7467867670034743865","potions_obtained":[{"floor":3.0,"key":"LiquidMemories"},{"floor":3.0,"key":"ElixirPotion"},{"floor":5.0,"key":"SteroidPotion"},{"floor":7.0,"key":"jedi:tentaclejuice"},{"floor":10.0,"key":"Fire Potion"},{"floor":16,"key":"Milkshake"}],"is_trial":false,"path_per_floor":["M","M","?","M","M","R","E","M","MIM","E","?","R","?","E","R","B"],"character_chosen":"IRONCLAD","items_purchased":[],"campfire_rested":3,"item_purchase_floors":[],"current_hp_per_floor":[70,68,38,40,36,58,52,42,35,11,11,33,43,23,45,0,0],"gold":355,"neow_bonus":"RANDOM_COLORLESS","is_daily":false,"chose_seed":false,"campfire_upgraded":0,"win_rate":0.0,"timestamp":1610560045,"path_taken":["M","M","?","M","M","R","E","M","MIM","E","?","R","?","E","R","BOSS"],"items_purchased_type":[],"build_version":"2020-12-22","purchased_purges":0,"victory":false,"max_hp_per_floor":[75,75,75,75,75,75,75,75,75,75,75,75,75,75,75,75,75],"card_choices":[{"not_picked":["Deep Breath","Replay:BasicMightCard"],"picked":"Sharp Hide","floor":0.0},{"not_picked":["ReplayTheSpireMod:Muscle Training","Pummel"],"picked":"Hemokinesis","floor":1.0},{"not_picked":["Perfected Strike","Invigoration"],"picked":"Cleave","floor":2.0},{"not_picked":["jedi:MakeshiftSword","Havoc"],"picked":"Headbutt","floor":3.0},{"not_picked":["StuffTheSpire:RockThrow","True Grit"],"picked":"Iron Wave","floor":4.0},{"not_picked":["Sword Boomerang","StuffTheSpire:Incineration"],"picked":"Warcry","floor":5.0},{"not_picked":["Havoc","Thunderclap"],"picked":"Exhume","floor":7.0},{"not_picked":["Heavy Blade","Invigoration"],"picked":"StuffTheSpire:RagingBull","floor":8.0},{"not_picked":["jedi:collectorstrike","Hemokinesis"],"picked":"Defy Death","floor":9.0},{"not_picked":["Reckless Charge","Havoc"],"picked":"Second Wind","floor":10.0},{"not_picked":["Dual Wield","Wild Strike"],"picked":"Body Slam","floor":14.0}],"player_experience":1098009,"relics_obtained":[{"floor":3.0,"key":"aspiration:ChemicalBlood"},{"floor":7.0,"key":"Oddly Smooth Stone"},{"floor":10.0,"key":"infinitespire:PuzzleCube"},{"floor":14.0,"key":"Tiny Chest"}],"event_choices":[],"is_beta":false,"boss_relics":[],"items_purged_floors":[],"is_endless":false,"potions_floor_spawned":[5,7,10],"killed_by":"Fading Forest","ascension_level":19}}