{"host":"d61fcf2p3sjwe6yo","time":1610576034,"event":{"mods":["AchievementEnabler","BaseMod","Colored Map","Minty Spire (QoL Compilation)","StSLib","SuperFastMode"],"gold_per_floor":[359,359,359,379,217,217,251,280,280,310,310,328,328,343,343,415,415,355,280,280,280,280,280,280,280,280,280,280,280,280,280,280,280,280,280,280,280,280,280,280,280,280,280,280,280,280,36,36,36,36,36,36,36,36,36,36],"floor_reached":55,"language":"ENG","playtime":2767,"items_purged":["Defend_G","Pain"],"score":1500,"play_id":"5aeaba27-5b47-420a-a752-b8556b681c25","local_time":"20210114011354","is_ascension_mode":true,"campfire_choices":[{"data":"Apotheosis","floor":6.0,"key":"SMITH"},{"floor":11.0,"key":"REST"},{"data":"Blade Dance","floor":13.0,"key":"SMITH"},{"data":"Neutralize","floor":15.0,"key":"SMITH"},{"floor":25.0,"key":"REST"},{"data":"Blade Dance","floor":30.0,"key":"SMITH"},{"data":"A Thousand Cuts","floor":32.0,"key":"SMITH"},{"floor":49.0,"key":"RECALL"},{"data":"Acrobatics","floor":52,"key":"SMITH"}],"circlet_count":0,"master_deck":["AscendersBane","Strike_G","Strike_G","Strike_G","Strike_G","Strike_G","Defend_G","Defend_G","Defend_G","Defend_G","Survivor","Neutralize+1","Finisher","Apotheosis+1","Finisher","Blade Dance+1","A Thousand Cuts+1","Cloak And Dagger","Blade Dance+1","Backstab+1","Adrenaline+1","Backflip","Acrobatics+1","Cloak And Dagger","Footwork","Footwork+1"],"relics":["Ring of the Snake","Ornamental Fan","StrikeDummy","Odd Mushroom","Question Card","Akabeko","Ectoplasm","Nilry\u0027s Codex","Eternal Feather","Oddly Smooth Stone","MutagenicStrength","Pantograph","Cursed Key","InkBottle","Potion Belt","Medical Kit","Mercury Hourglass","Vajra"],"acts_visited":["Exordium","TheCity","TheBeyond","TheEnding"],"potions_floor_usage":[50,50],"damage_taken":[{"damage":6.0,"enemies":"Small Slimes","floor":1.0,"turns":5.0},{"damage":0.0,"enemies":"2 Louse","floor":4.0,"turns":4.0},{"damage":16.0,"enemies":"Gremlin Nob","floor":7.0,"turns":5.0},{"damage":3.0,"enemies":"The Mushroom Lair","floor":8.0,"turns":5.0},{"damage":8.0,"enemies":"3 Sentries","floor":10.0,"turns":9.0},{"damage":0.0,"enemies":"Cultist","floor":12.0,"turns":3.0},{"damage":0.0,"enemies":"Large Slime","floor":14.0,"turns":4.0},{"damage":14.0,"enemies":"The Guardian","floor":16.0,"turns":12.0},{"damage":6.0,"enemies":"2 Thieves","floor":18.0,"turns":4.0},{"damage":0.0,"enemies":"Chosen","floor":21.0,"turns":3.0},{"damage":0.0,"enemies":"Slavers","floor":23.0,"turns":4.0},{"damage":9.0,"enemies":"Shelled Parasite and Fungi","floor":27.0,"turns":3.0},{"damage":9.0,"enemies":"Snake Plant","floor":28.0,"turns":2.0},{"damage":9.0,"enemies":"Book of Stabbing","floor":31.0,"turns":4.0},{"damage":39.0,"enemies":"Automaton","floor":33.0,"turns":8.0},{"damage":0.0,"enemies":"3 Darklings","floor":35.0,"turns":2.0},{"damage":0.0,"enemies":"Orb Walker","floor":37.0,"turns":1.0},{"damage":0.0,"enemies":"Transient","floor":38.0,"turns":5.0},{"damage":0.0,"enemies":"Sphere and 2 Shapes","floor":39.0,"turns":3.0},{"damage":15.0,"enemies":"Nemesis","floor":40.0,"turns":5.0},{"damage":0.0,"enemies":"3 Darklings","floor":41.0,"turns":1.0},{"damage":0.0,"enemies":"Reptomancer","floor":42.0,"turns":3.0},{"damage":0.0,"enemies":"Spire Growth","floor":44.0,"turns":2.0},{"damage":15.0,"enemies":"Transient","floor":45.0,"turns":5.0},{"damage":30.0,"enemies":"Writhing Mass","floor":46.0,"turns":7.0},{"damage":0.0,"enemies":"Nemesis","floor":48.0,"turns":5.0},{"damage":24,"enemies":"Donu and Deca","floor":50,"turns":6},{"damage":20,"enemies":"Shield and Spear","floor":54,"turns":8},{"damage":61,"enemies":"The Heart","floor":55,"turns":8}],"seed_played":"487788764926564544","potions_obtained":[{"floor":7.0,"key":"PowerPotion"},{"floor":10.0,"key":"Weak Potion"},{"floor":14.0,"key":"Explosive Potion"},{"floor":18.0,"key":"PowerPotion"},{"floor":23.0,"key":"Explosive Potion"},{"floor":24.0,"key":"CultistPotion"},{"floor":33.0,"key":"PowerPotion"},{"floor":44.0,"key":"PowerPotion"},{"floor":46.0,"key":"Energy Potion"}],"is_trial":false,"path_per_floor":["M","?","?","M","$","R","E","?","T","E","R","M","R","M","R","B",null,"M","$","?","M","?","E","?","R","T","M","M","?","R","E","R","B",null,"M","?","M","M","M","E","M","E","T","M","M","M","$","E","R","B",null,"R","$","E","B"],"character_chosen":"THE_SILENT","items_purchased":["Apotheosis","Medical Kit"],"campfire_rested":2,"item_purchase_floors":[5,47],"current_hp_per_floor":[38,43,32,32,32,32,16,13,13,5,26,26,26,26,26,12,56,50,50,29,29,29,29,29,59,59,50,41,41,50,41,53,32,61,61,61,61,61,61,46,46,46,46,46,31,1,1,1,16,17,58,71,71,51,10,10],"gold":36,"neow_bonus":"TWO_FIFTY_GOLD","is_daily":false,"chose_seed":false,"campfire_upgraded":6,"win_rate":0.0,"timestamp":1610576034,"path_taken":["M","?","?","M","$","R","E","?","T","E","R","M","R","M","R","BOSS","M","$","?","M","?","E","?","R","T","?","M","?","R","E","R","BOSS","M","?","?","M","?","E","M","E","T","M","M","M","$","E","R","BOSS","R","$","E","BOSS"],"items_purchased_type":["Card","Relic"],"build_version":"2020-12-22","purchased_purges":2,"victory":false,"max_hp_per_floor":[66,71,71,71,71,71,71,71,71,71,71,71,71,71,71,71,71,71,71,71,71,71,71,71,71,71,71,71,71,71,71,71,71,71,71,71,71,71,71,71,71,71,71,71,71,71,71,71,71,71,71,71,71,71,71,71],"card_choices":[{"not_picked":["Dagger Throw","Prepared","Acrobatics"],"picked":"SKIP","floor":1.0},{"not_picked":["Cloak And Dagger","Escape Plan"],"picked":"Finisher","floor":4.0},{"not_picked":["Calculated Gamble","Bane","Noxious Fumes"],"picked":"SKIP","floor":7.0},{"not_picked":["Storm of Steel","Bouncing Flask","Quick Slash"],"picked":"Finisher","floor":10.0},{"not_picked":["Deadly Poison","Backflip","Dagger Throw"],"picked":"Blade Dance","floor":12.0},{"not_picked":["Deadly Poison","Bouncing Flask","Heel Hook","Bane"],"picked":"SKIP","floor":14.0},{"not_picked":["Doppelganger","Wraith Form v2","Bullet Time"],"picked":"A Thousand Cuts","floor":16.0},{"not_picked":["Flying Knee","Bane","Prepared","Dash"],"picked":"SKIP","floor":18.0},{"not_picked":["Skewer","Sucker Punch","Eviscerate"],"picked":"Cloak And Dagger","floor":21.0},{"not_picked":["Quick Slash","Sucker Punch","Bane","Well Laid Plans"],"picked":"SKIP","floor":23.0},{"not_picked":["Well Laid Plans","Endless Agony","Setup","Distraction"],"picked":"SKIP","floor":27.0},{"not_picked":["Quick Slash+1","Caltrops+1","Acrobatics","Deflect"],"picked":"SKIP","floor":28.0},{"not_picked":["Deflect","Dash","Outmaneuver"],"picked":"Backstab+1","floor":31.0},{"not_picked":["Bullet Time","Die Die Die","Venomology"],"picked":"Adrenaline","floor":33.0},{"not_picked":["Distraction","Accuracy","Reflex+1"],"picked":"Backflip","floor":35.0},{"not_picked":["Flechettes","Dagger Spray","Slice"],"picked":"Acrobatics","floor":37.0},{"not_picked":["Finisher+1","Concentrate","Slice"],"picked":"Cloak And Dagger","floor":38.0},{"not_picked":["Outmaneuver","Crippling Poison","Noxious Fumes","Underhanded Strike+1"],"picked":"SKIP","floor":39.0},{"not_picked":["Dagger Spray+1","PiercingWail","Sucker Punch","Poisoned Stab"],"picked":"SKIP","floor":40.0},{"not_picked":["PiercingWail","Crippling Poison","Heel Hook","All Out Attack"],"picked":"SKIP","floor":41.0},{"not_picked":["Riddle With Holes","Distraction","Expertise","Predator"],"picked":"SKIP","floor":42.0},{"not_picked":["Deflect","Blur","Flechettes+1","Burst"],"picked":"SKIP","floor":44.0},{"not_picked":["Reflex","Deflect+1","Choke+1","Dodge and Roll"],"picked":"SKIP","floor":45.0},{"not_picked":["Deadly Poison","Dodge and Roll","Acrobatics"],"picked":"Footwork","floor":46.0},{"not_picked":["Wraith Form v2","Poisoned Stab+1","Infinite Blades"],"picked":"Footwork+1","floor":48.0},{"not_picked":["Backstab","Dagger Spray","Predator","Blade Dance"],"picked":"SKIP","floor":54}],"player_experience":211375,"relics_obtained":[{"floor":7.0,"key":"StrikeDummy"},{"floor":8.0,"key":"Odd Mushroom"},{"floor":9.0,"key":"Question Card"},{"floor":10.0,"key":"Akabeko"},{"floor":20.0,"key":"Nilry\u0027s Codex"},{"floor":23.0,"key":"Eternal Feather"},{"floor":26.0,"key":"Oddly Smooth Stone"},{"floor":31.0,"key":"Pantograph"},{"floor":40.0,"key":"InkBottle"},{"floor":42.0,"key":"Potion Belt"},{"floor":48.0,"key":"Mercury Hourglass"},{"floor":54,"key":"Vajra"}],"event_choices":[{"damage_healed":0.0,"max_hp_gain":5.0,"max_hp_loss":0.0,"gold_gain":0.0,"event_name":"Big Fish","player_choice":"Donut","floor":2.0,"gold_loss":0.0,"damage_taken":0.0},{"damage_healed":0.0,"max_hp_gain":0.0,"max_hp_loss":0.0,"gold_gain":0.0,"event_name":"Scrap Ooze","player_choice":"Success","floor":3.0,"gold_loss":0.0,"damage_taken":11.0,"relics_obtained":["Ornamental Fan"]},{"damage_healed":0.0,"max_hp_gain":0.0,"max_hp_loss":0.0,"gold_gain":0.0,"event_name":"Mushrooms","player_choice":"Fought Mushrooms","floor":8.0,"gold_loss":0.0,"damage_taken":0.0},{"damage_healed":0.0,"max_hp_gain":0.0,"max_hp_loss":0.0,"gold_gain":0.0,"event_name":"Cursed Tome","player_choice":"Obtained Book","floor":20.0,"gold_loss":0.0,"damage_taken":21.0},{"damage_healed":0.0,"max_hp_gain":0.0,"max_hp_loss":0.0,"gold_gain":0.0,"event_name":"The Library","player_choice":"Read","floor":22.0,"gold_loss":0.0,"damage_taken":0.0,"cards_obtained":["Blade Dance"]},{"damage_healed":0.0,"max_hp_gain":0.0,"max_hp_loss":0.0,"gold_gain":0.0,"event_name":"Lab","player_choice":"Got Potions","floor":24.0,"gold_loss":0.0,"damage_taken":0.0},{"damage_healed":0.0,"max_hp_gain":0.0,"max_hp_loss":0.0,"gold_gain":0.0,"event_name":"Drug Dealer","player_choice":"Inject Mutagens","floor":29.0,"gold_loss":0.0,"damage_taken":0.0,"relics_obtained":["MutagenicStrength"]},{"damage_healed":0.0,"max_hp_gain":0.0,"max_hp_loss":0.0,"gold_gain":0.0,"event_name":"Upgrade Shrine","player_choice":"Upgraded","floor":36.0,"gold_loss":0.0,"damage_taken":0.0,"cards_upgraded":["Adrenaline"]}],"is_beta":false,"boss_relics":[{"not_picked":["Empty Cage","HoveringKite"],"picked":"Ectoplasm"},{"not_picked":["Astrolabe","Runic Pyramid"],"picked":"Cursed Key"}],"items_purged_floors":[19,47],"is_endless":false,"potions_floor_spawned":[7,10,14,18,23,31,33,38,39,44,46],"killed_by":"The Heart","ascension_level":15}}