{"host":"bf9sa99gaumonoeu","time":1610531009,"event":{"mods":["AchievementEnabler","Act Like it!","BaseMod","Better Sensory Stone","Colored Map","Colored Powertips","Fox Events","Friendly Minions","Gensokyo","GifTheSpireLib","Googly Eyes","Hallownest","Hermit","Hubris","Jorbs\u0027s Wanderer Trilogy","KinomotoSakuraMod(????)","Koishi","Lobotomy","Marisa????????","Minty Spire (QoL Compilation)","Rare Cards Sparkle","Reimu??????","Relic Stats","Remilia??????","Replay The Spire","StSLib","The Administrix","The Animator","The Bug Knight","The Construct","The Cursed","The Disciple","The Hierophant","The Mystic","The Necromancer","The Poker Player","The Runesmith","The Senshi","The Servant 0.9.4"],"gold_per_floor":[125,155,173,184,359,359,376,37,62,100,100,131,195,205,205,282,282,293,267,342,359,284,284,316,316,316,428,442,475,485,176,176,253,253,285,57,57,57,57,57,74,74,99,99,99,114,160,171,171,171],"floor_reached":51,"language":"ENG","playtime":5417,"items_purged":["animator:Strike"],"score":1392,"play_id":"920b1f52-db2e-4e1d-aaff-cced244e89ca","local_time":"20210113074329","is_ascension_mode":true,"campfire_choices":[{"floor":6.0,"key":"REST"},{"data":"animator:ShidoItsuka","floor":11.0,"key":"SMITH"},{"data":"animator:PinaCoLada","floor":15.0,"key":"SMITH"},{"data":"animator:KurumiTokisaki","floor":23.0,"key":"SMITH"},{"data":"animator:Shuna","floor":25.0,"key":"SMITH"},{"data":"animator:OrigamiTobiichi","floor":32,"key":"SMITH"},{"data":"animator:Hitei","floor":40,"key":"SMITH"},{"data":"animator:Arpeggio","floor":42,"key":"SMITH"},{"floor":49,"key":"REST"}],"circlet_count":0,"master_deck":["AscendersBane","animator:Strike_DateALive","animator:Defend_DateALive","animator:Strike","animator:Defend","animator:Defend","animator:Defend","animator:ShidoItsuka+1","animator:YamaiSisters","animator:LeleiLaLalena","animator:MikuIzayoi+1","animator:MeguKakizaki","animator:Shizu","animator:Nanami","animator:MeguKakizaki","animator:IzunaHatsuse","animator:PinaCoLada+1","animator:KurumiTokisaki+1","animator:MikuIzayoi+1","animator:Shuna+1","animator:OrigamiTobiichi+1","animator:Rimuru","animator:Jibril","animator:Hitei+1","animator:Rimuru","animator:Arpeggio+1","animator:Tet+1","AscendersBane","AscendersBane","animator:Arpeggio","animator:NoriSakurada+1","animator:HinaKagiyama","animator:YaoHaDucy","animator:Shiro","animator:YoshinoHimekawa"],"relics":["animator:VividPicture","animator:TheMissingPiece","Du-Vu Doll","hubris:TenFootPole","Orichalcum","Lantern","Runesmith:UraniumAnvil","Quantum Egg","Replay:Bottled Eggs","Mango","HollowMod:StagPassRelic","Bottled Flame","Runic Capacitor","HandDrill","Mastiff:ReiMu","hubris:ToyBattleship"],"acts_visited":["Exordium","TheCity","TheBeyond"],"potions_floor_usage":[27,46,50],"damage_taken":[{"damage":7.0,"enemies":"Jaw Worm","floor":1.0,"turns":5.0},{"damage":1.0,"enemies":"Small Slimes","floor":2.0,"turns":4.0},{"damage":0.0,"enemies":"2 Louse","floor":3.0,"turns":4.0},{"damage":9.0,"enemies":"Red Slaver","floor":4.0,"turns":6.0},{"damage":11.0,"enemies":"Exordium Thugs","floor":7.0,"turns":7.0},{"damage":10.0,"enemies":"Lagavulin","floor":10.0,"turns":7.0},{"damage":12.0,"enemies":"3 Sentries","floor":12.0,"turns":11.0},{"damage":0.0,"enemies":"Large Slime","floor":14.0,"turns":6.0},{"damage":0.0,"enemies":"The Guardian","floor":16.0,"turns":9.0},{"damage":4.0,"enemies":"Spheric Guardian","floor":18.0,"turns":6.0},{"damage":9.0,"enemies":"Chosen","floor":21.0,"turns":6.0},{"damage":5.0,"enemies":"Book of Stabbing","floor":24.0,"turns":10.0},{"damage":0,"enemies":"Colosseum Slavers","floor":27,"turns":6},{"damage":33,"enemies":"Colosseum Nobs","floor":27,"turns":8},{"damage":2,"enemies":"Snecko","floor":28,"turns":5},{"damage":0,"enemies":"Replay:Snechameleon","floor":29,"turns":8},{"damage":2,"enemies":"Snake Plant","floor":30,"turns":8},{"damage":17,"enemies":"hubris:MusketHawk","floor":33,"turns":10},{"damage":9,"enemies":"Orb Walker","floor":35,"turns":6},{"damage":0,"enemies":"3 Shapes","floor":41,"turns":2},{"damage":10,"enemies":"Transient","floor":46,"turns":5},{"damage":15,"enemies":"Nemesis","floor":47,"turns":7},{"damage":19,"enemies":"3 Darklings","floor":48,"turns":5},{"damage":16,"enemies":"Donu and Deca","floor":50,"turns":8}],"seed_played":"-5667129762151424435","potions_obtained":[{"floor":2.0,"key":"SkillPotion"},{"floor":3.0,"key":"SpeedPotion"},{"floor":7.0,"key":"Cursed Concoction"},{"floor":14.0,"key":"Elixir"},{"floor":21.0,"key":"Regen Potion"},{"floor":24.0,"key":"Elixir"},{"floor":27,"key":"FearPotion"},{"floor":35,"key":"Flashbang"},{"floor":48,"key":"SneckoOil"}],"is_trial":false,"path_per_floor":["M","M","M","M","?","R","M","$","T","E","R","E","?","M","R","B",null,"M","$","?","M","?","R","E","R","T","?","M","E","M","$","R","B",null,"M","$","?","$","?","R","M","R","T","?","?","M","E","M","R","B",null],"character_chosen":"THE_ANIMATOR","items_purchased":["Du-Vu Doll","animator:MeguKakizaki","animator:MikuIzayoi","animator:Hitei","Runic Capacitor","HandDrill","animator:Tet"],"campfire_rested":2,"item_purchase_floors":[8,8,19,31,31,36,36],"current_hp_per_floor":[52,51,51,42,42,61,56,56,56,52,52,47,47,53,53,60,66,68,68,65,62,62,62,67,67,67,55,53,59,58,58,58,41,73,70,70,70,70,70,70,70,70,70,70,70,61,52,40,65,55],"gold":171,"neow_bonus":"RANDOM_EVENT","is_daily":false,"chose_seed":true,"campfire_upgraded":7,"win_rate":0.0,"timestamp":1610531009,"path_taken":["M","M","M","M","?","R","M","$","T","E","R","E","?","M","R","BOSS","M","$","?","?","?","R","E","R","T","?","M","E","M","?","R","BOSS","M","$","?","$","?","R","M","R","T","?","?","M","E","M","R","BOSS"],"items_purchased_type":["Relic","Card","Card","Card","Relic","Relic","Card"],"build_version":"2020-12-22","purchased_purges":1,"victory":true,"max_hp_per_floor":[66,66,66,66,66,66,66,66,66,66,66,67,67,67,67,68,68,68,68,68,68,68,68,68,68,68,82,82,82,83,83,83,83,83,83,83,83,83,83,83,83,83,83,83,83,84,84,85,85,85],"relic_stats":{"counters":[5,27],"HandDrill":[12],"Orichalcum":[24],"obtain_stats":[{"Mastiff:ReiMu":43,"animator:TheMissingPiece":0,"animator:LivingPicture":0,"hubris:ToyBattleship":47},{"Mastiff:ReiMu":1,"animator:TheMissingPiece":0,"animator:LivingPicture":0,"hubris:ToyBattleship":3},{"Mastiff:ReiMu":2,"animator:TheMissingPiece":0,"animator:LivingPicture":0,"hubris:ToyBattleship":14}]},"card_choices":[{"not_picked":["animator:DolaSchwi","animator:HidekiHinata"],"picked":"animator:LeleiLaLalena","floor":1.0},{"not_picked":["animator:ShidoItsuka","animator:Yusa"],"picked":"animator:MikuIzayoi","floor":2.0},{"not_picked":["animator:RoryMercury","animator:ZankiKiguchi"],"picked":"animator:MeguKakizaki","floor":3.0},{"not_picked":["animator:Millim","animator:Benimaru"],"picked":"animator:Shizu","floor":4.0},{"not_picked":["animator:NoriSakurada","animator:YamaiSisters"],"picked":"animator:Nanami","floor":7.0},{"not_picked":["animator:Chaa","animator:Noda"],"picked":"animator:IzunaHatsuse","floor":10.0},{"not_picked":["animator:Biyorigo","animator:Godan"],"picked":"animator:PinaCoLada","floor":12.0},{"not_picked":["animator:Biyorigo","animator:Kanaria"],"picked":"animator:KurumiTokisaki","floor":16.0},{"not_picked":["animator:DolaSchwi+1","animator:DolaCouronne","animator:Millim"],"picked":"SKIP","floor":18.0},{"not_picked":["animator:DolaSchwi+1","animator:Tyuule","animator:Shion"],"picked":"SKIP","floor":21.0},{"not_picked":["animator:Souei","animator:Shizu"],"picked":"animator:Shuna","floor":24.0},{"not_picked":["animator:ReineMurasame","animator:MikuIzayoi"],"picked":"animator:OrigamiTobiichi","floor":27},{"not_picked":["animator:Hakurou","animator:HidekiHinata","animator:DolaCouronne"],"picked":"SKIP","floor":28},{"not_picked":["animator:DolaStephanie","animator:LeleiLaLalena"],"picked":"animator:Rimuru","floor":29},{"not_picked":["animator:Shuna","animator:GazelDwargon"],"picked":"animator:Jibril","floor":30},{"not_picked":["animator:Kanaria","animator:MukuroHoshimiya"],"picked":"animator:Rimuru","floor":33},{"not_picked":["animator:Tyuule","animator:TukaLunaMarceau"],"picked":"animator:Arpeggio","floor":35},{"not_picked":["animator:Kuribayashi","animator:UneriGinkaku"],"picked":"animator:NoriSakurada+1","floor":41},{"not_picked":["animator:ShidoItsuka+1","animator:TukaLunaMarceau"],"picked":"animator:YaoHaDucy","floor":46},{"not_picked":["animator:Yusa","animator:YaoHaDucy"],"picked":"animator:Shiro","floor":47},{"not_picked":["animator:ShidoItsuka","animator:OrigamiTobiichi"],"picked":"animator:YoshinoHimekawa","floor":48}],"player_experience":921922,"relics_obtained":[{"floor":9.0,"key":"hubris:TenFootPole"},{"floor":10.0,"key":"Orichalcum"},{"floor":12.0,"key":"Lantern"},{"floor":24.0,"key":"Quantum Egg"},{"floor":26.0,"key":"Replay:Bottled Eggs"},{"floor":27,"key":"Mango"},{"floor":27,"key":"HollowMod:StagPassRelic"},{"floor":29,"key":"Bottled Flame"},{"floor":43,"key":"Mastiff:ReiMu"},{"floor":47,"key":"hubris:ToyBattleship"}],"event_choices":[{"damage_healed":0.0,"max_hp_gain":0.0,"max_hp_loss":0.0,"gold_gain":175.0,"event_name":"Liars Game","player_choice":"AGREE","floor":5.0,"gold_loss":0.0,"damage_taken":0.0,"cards_obtained":["Doubt"]},{"damage_healed":0.0,"max_hp_gain":0.0,"max_hp_loss":0.0,"gold_gain":64.0,"event_name":"Golden Wing","player_choice":"Gained Gold","floor":13.0,"gold_loss":0.0,"damage_taken":0.0},{"damage_healed":0.0,"max_hp_gain":0.0,"max_hp_loss":0.0,"gold_gain":75.0,"event_name":"FaceTrader","player_choice":"Touch","floor":20.0,"gold_loss":0.0,"damage_taken":6.0},{"cards_removed":["Doubt"],"damage_healed":0.0,"max_hp_gain":0.0,"max_hp_loss":0.0,"gold_gain":0.0,"event_name":"Beggar","player_choice":"Gave Gold","floor":22.0,"gold_loss":75.0,"damage_taken":0.0},{"damage_healed":0,"gold_gain":0,"player_choice":"Fight","damage_taken":0,"max_hp_gain":0,"max_hp_loss":0,"event_name":"Colosseum","floor":27,"gold_loss":0},{"damage_healed":0,"gold_gain":0,"player_choice":"Fought Nobs","damage_taken":0,"max_hp_gain":0,"max_hp_loss":0,"event_name":"Colosseum","floor":27,"gold_loss":0},{"damage_healed":0,"gold_gain":3,"player_choice":"3","damage_taken":0,"max_hp_gain":0,"max_hp_loss":0,"event_name":"betterStone:BetterStone","floor":37,"gold_loss":0,"cards_obtained":["AscendersBane"]},{"cards_removed":["animator:Curse_Dizziness"],"damage_healed":0,"gold_gain":0,"player_choice":"Removed Curses","damage_taken":0,"max_hp_gain":0,"max_hp_loss":0,"event_name":"Fountain of Cleansing","floor":45,"gold_loss":0}],"is_beta":false,"boss_relics":[{"not_picked":["Replay:Drink Me","Replay:Ancient Bell"],"picked":"Runesmith:UraniumAnvil"},{"not_picked":["Mark of Pain","hubris:RunicObelisk"],"picked":"animator:VividPicture"}],"items_purged_floors":[31],"is_endless":false,"potions_floor_spawned":[2,3,7,14,16,21,24,27,33,35,41,48],"ascension_level":13}}