{"host":"1a3cjta80tad0aqj","time":1610542263,"event":{"mods":["2.2 Compatiblity","AchievementEnabler","BaseMod","Colored Map","DeckTracker","KOR Keyword Fix","Keyboard Shortcuts","Minty Spire (QoL Compilation)","Permanent Neow","Quick Restart","Random Character Button","StSLib","SuperFastMode","everything is the same but u backflip on backflip"],"gold_per_floor":[114,68,81,81,91,118,118,118,118,146,157,80,92,118,118,222,222,235,3,18,18,34,61,61,96,96,96,121,140,165,165,165,270,270,285,285,285,385,385,413,36,52,52,52,86,86,127,144,144,144],"floor_reached":51,"language":"KOR","playtime":2388,"items_purged":["Defend_G"],"score":1094,"play_id":"ce821da0-3556-425c-90b7-c89673c5a7d9","local_time":"20210113215103","is_ascension_mode":true,"campfire_choices":[{"floor":8.0,"key":"REST"},{"data":"Terror","floor":15.0,"key":"SMITH"},{"floor":24.0,"key":"REST"},{"data":"After Image","floor":27.0,"key":"SMITH"},{"floor":32.0,"key":"REST"},{"floor":44.0,"key":"REST"},{"data":"Storm of Steel","floor":46.0,"key":"SMITH"},{"data":"Blade Dance","floor":49,"key":"SMITH"}],"circlet_count":0,"master_deck":["Strike_G","Strike_G","Strike_G","Defend_G","Survivor","Neutralize","All Out Attack+1","Concentrate+1","Footwork+1","PiercingWail","Cloak And Dagger","Cloak And Dagger","Deflect","Terror+1","Calculated Gamble","Leg Sweep","Backstab","Blade Dance+1","Dagger Throw","After Image+1","Quick Slash","Blur+1","Dodge and Roll+1","Storm of Steel+1","Accuracy+1","Calculated Gamble","Backflip+1","Accuracy","PiercingWail+1","Corpse Explosion","Madness","Madness","Expertise","Accuracy","Backflip+1","Leg Sweep","Terror+1"],"relics":["Astrolabe","Ninja Scroll","StrikeDummy","Bottled Flame","InkBottle","Juzu Bracelet","SlaversCollar","PreservedInsect","Tingsha","Darkstone Periapt","Dream Catcher","Strawberry","Art of War","Gambling Chip","SacredBark","Letter Opener","Ancient Tea Set","Meat on the Bone","CeramicFish","Bottled Tornado"],"acts_visited":["Exordium","TheCity","TheBeyond"],"potions_floor_usage":[50,50],"damage_taken":[{"damage":1.0,"enemies":"Small Slimes","floor":1.0,"turns":4.0},{"damage":0.0,"enemies":"Cultist","floor":3.0,"turns":3.0},{"damage":2.0,"enemies":"2 Louse","floor":5.0,"turns":3.0},{"damage":38.0,"enemies":"Gremlin Nob","floor":6.0,"turns":5.0},{"damage":1.0,"enemies":"3 Sentries","floor":10.0,"turns":7.0},{"damage":0.0,"enemies":"Large Slime","floor":11.0,"turns":4.0},{"damage":0.0,"enemies":"Gremlin Gang","floor":13.0,"turns":2.0},{"damage":2.0,"enemies":"Gremlin Nob","floor":14.0,"turns":3.0},{"damage":17.0,"enemies":"Slime Boss","floor":16.0,"turns":7.0},{"damage":4.0,"enemies":"2 Thieves","floor":18.0,"turns":3.0},{"damage":19.0,"enemies":"Spheric Guardian","floor":20.0,"turns":6.0},{"damage":0.0,"enemies":"Snecko","floor":22.0,"turns":5.0},{"damage":0.0,"enemies":"Book of Stabbing","floor":23.0,"turns":5.0},{"damage":4.0,"enemies":"Gremlin Leader","floor":25.0,"turns":4.0},{"damage":5.0,"enemies":"Book of Stabbing","floor":28.0,"turns":4.0},{"damage":20.0,"enemies":"Snake Plant","floor":29.0,"turns":4.0},{"damage":0.0,"enemies":"Slavers","floor":30.0,"turns":2.0},{"damage":19.0,"enemies":"Collector","floor":33.0,"turns":6.0},{"damage":15.0,"enemies":"3 Shapes","floor":35.0,"turns":5.0},{"damage":3.0,"enemies":"Reptomancer","floor":40.0,"turns":6.0},{"damage":7.0,"enemies":"Orb Walker","floor":42.0,"turns":4.0},{"damage":0.0,"enemies":"Giant Head","floor":45.0,"turns":3.0},{"damage":0.0,"enemies":"Reptomancer","floor":47.0,"turns":2.0},{"damage":8,"enemies":"Maw","floor":48,"turns":7},{"damage":40,"enemies":"Donu and Deca","floor":50,"turns":7}],"seed_played":"-3478568366839459479","potions_obtained":[{"floor":5.0,"key":"ColorlessPotion"},{"floor":10.0,"key":"FearPotion"},{"floor":11.0,"key":"Explosive Potion"},{"floor":22.0,"key":"PowerPotion"},{"floor":23.0,"key":"AttackPotion"},{"floor":29.0,"key":"EssenceOfSteel"},{"floor":30.0,"key":"Ancient Potion"},{"floor":35.0,"key":"Explosive Potion"},{"floor":40.0,"key":"Weak Potion"},{"floor":45.0,"key":"SpeedPotion"}],"is_trial":false,"path_per_floor":["M","$","M","?","M","E","?","R","T","E","M","$","M","E","R","B",null,"M","$","M","?","M","E","R","E","T","R","E","M","E","?","R","B",null,"M","?","?","?","?","E","$","M","T","R","E","R","E","M","R","B",null],"character_chosen":"THE_SILENT","items_purchased":["Cloak And Dagger","Backstab","PreservedInsect","Accuracy","Ancient Tea Set","Fruit Juice","AttackPotion"],"campfire_rested":4,"item_purchase_floors":[2,12,19,41,41,41,41],"current_hp_per_floor":[69,69,69,69,67,29,29,50,50,49,49,49,49,47,47,30,70,66,66,47,47,47,47,68,64,71,71,66,46,46,46,69,50,77,62,52,52,52,52,49,59,52,52,78,78,78,78,70,70,42],"gold":144,"neow_bonus":"BOSS_RELIC","is_daily":false,"chose_seed":false,"campfire_upgraded":4,"win_rate":0.0,"timestamp":1610542263,"path_taken":["M","$","M","?","M","E","?","R","T","E","M","$","M","E","R","BOSS","M","$","M","?","M","E","R","E","T","R","E","M","E","?","R","BOSS","M","?","?","?","?","E","$","M","T","R","E","R","E","M","R","BOSS"],"items_purchased_type":["Card","Card","Relic","Card","Relic","Potion","Potion"],"build_version":"2020-12-22","purchased_purges":1,"victory":true,"max_hp_per_floor":[70,70,70,70,70,70,70,70,70,70,70,70,70,70,70,70,70,70,70,70,70,70,70,70,70,77,77,77,77,77,77,77,77,77,77,77,77,77,77,77,87,87,87,87,87,87,87,87,87,87],"card_choices":[{"not_picked":["Sucker Punch","Acrobatics"],"picked":"PiercingWail","floor":1.0},{"not_picked":["Outmaneuver","Dodge and Roll"],"picked":"Cloak And Dagger","floor":3.0},{"not_picked":["Masterful Stab","Bane"],"picked":"Deflect","floor":5.0},{"not_picked":["Concentrate","Infinite Blades"],"picked":"Terror","floor":6.0},{"not_picked":["Dash","Doppelganger"],"picked":"Calculated Gamble","floor":10.0},{"not_picked":["Cloak And Dagger","Dagger Spray"],"picked":"Leg Sweep","floor":11.0},{"not_picked":["Flechettes","Phantasmal Killer"],"picked":"Blade Dance","floor":13.0},{"not_picked":["Acrobatics","Endless Agony"],"picked":"Dagger Throw","floor":14.0},{"not_picked":["Storm of Steel","Grand Finale"],"picked":"After Image","floor":16.0},{"not_picked":["Acrobatics","All Out Attack"],"picked":"Quick Slash","floor":18.0},{"not_picked":["Cloak And Dagger","Bane","Slice"],"picked":"SKIP","floor":20.0},{"not_picked":["Underhanded Strike+1","Blade Dance"],"picked":"Blur+1","floor":22.0},{"not_picked":["Poisoned Stab+1","Cloak And Dagger+1"],"picked":"Dodge and Roll+1","floor":23.0},{"not_picked":["Dagger Throw","Deadly Poison"],"picked":"Storm of Steel","floor":25.0},{"not_picked":["PiercingWail","Dodge and Roll+1"],"picked":"Accuracy+1","floor":28.0},{"not_picked":["Bane","Catalyst"],"picked":"Calculated Gamble","floor":29.0},{"not_picked":["Quick Slash+1","Acrobatics"],"picked":"Backflip+1","floor":30.0},{"not_picked":["Tactician","Skewer+1"],"picked":"PiercingWail+1","floor":32.0},{"not_picked":["Grand Finale","Adrenaline"],"picked":"Corpse Explosion","floor":33.0},{"not_picked":["Quick Slash+1","Deflect+1","Underhanded Strike+1"],"picked":"SKIP","floor":35.0},{"not_picked":["Doppelganger","Deflect"],"picked":"Expertise","floor":40.0},{"not_picked":["Prepared","Dodge and Roll+1"],"picked":"Backflip+1","floor":42.0},{"not_picked":["Reflex","Sucker Punch"],"picked":"Leg Sweep","floor":45.0},{"not_picked":["Masterful Stab+1","Doppelganger"],"picked":"Terror+1","floor":47.0},{"not_picked":["Bane+1","Slice+1","Dagger Spray+1"],"picked":"SKIP","floor":48}],"player_experience":296391,"relics_obtained":[{"floor":6.0,"key":"StrikeDummy"},{"floor":9.0,"key":"Bottled Flame"},{"floor":10.0,"key":"InkBottle"},{"floor":14.0,"key":"Juzu Bracelet"},{"floor":23.0,"key":"Darkstone Periapt"},{"floor":25.0,"key":"Dream Catcher"},{"floor":26.0,"key":"Strawberry"},{"floor":28.0,"key":"Art of War"},{"floor":30.0,"key":"Gambling Chip"},{"floor":40.0,"key":"Letter Opener"},{"floor":43.0,"key":"Meat on the Bone"},{"floor":45.0,"key":"CeramicFish"},{"floor":47.0,"key":"Bottled Tornado"}],"event_choices":[{"damage_healed":0.0,"max_hp_gain":0.0,"max_hp_loss":0.0,"gold_gain":0.0,"event_name":"Big Fish","player_choice":"Box","floor":4.0,"gold_loss":0.0,"damage_taken":0.0,"relics_obtained":["Ninja Scroll"],"cards_obtained":["Regret"]},{"cards_removed":["Regret"],"damage_healed":0.0,"max_hp_gain":0.0,"max_hp_loss":0.0,"gold_gain":0.0,"event_name":"Fountain of Cleansing","player_choice":"Removed Curses","floor":7.0,"gold_loss":0.0,"damage_taken":0.0},{"damage_healed":0.0,"max_hp_gain":0.0,"max_hp_loss":0.0,"gold_gain":0.0,"event_name":"WeMeetAgain","player_choice":"Gave Potion","floor":21.0,"gold_loss":0.0,"damage_taken":0.0,"relics_obtained":["Tingsha"]},{"damage_healed":0.0,"max_hp_gain":0.0,"max_hp_loss":0.0,"gold_gain":0.0,"event_name":"The Library","player_choice":"Read","floor":31.0,"gold_loss":0.0,"damage_taken":0.0,"cards_obtained":["Accuracy"]},{"damage_healed":0.0,"max_hp_gain":0.0,"max_hp_loss":0.0,"gold_gain":0.0,"event_name":"Winding Halls","player_choice":"Embrace Madness","floor":36.0,"gold_loss":0.0,"damage_taken":10.0,"cards_obtained":["Madness","Madness"]},{"cards_removed":["Strike_G"],"damage_healed":0.0,"max_hp_gain":0.0,"max_hp_loss":0.0,"gold_gain":0.0,"event_name":"Falling","player_choice":"Removed Attack","floor":37.0,"gold_loss":0.0,"damage_taken":0.0},{"damage_healed":0.0,"max_hp_gain":0.0,"max_hp_loss":0.0,"gold_gain":100.0,"event_name":"Golden Shrine","player_choice":"Pray","floor":38.0,"gold_loss":0.0,"damage_taken":0.0},{"cards_removed":["Defend_G"],"damage_healed":0.0,"max_hp_gain":0.0,"max_hp_loss":0.0,"gold_gain":0.0,"event_name":"Purifier","player_choice":"Purged","floor":39.0,"gold_loss":0.0,"damage_taken":0.0}],"is_beta":false,"boss_relics":[{"not_picked":["Velvet Choker","Fusion Hammer"],"picked":"SlaversCollar"},{"not_picked":["Sozu","Runic Pyramid"],"picked":"SacredBark"}],"items_purged_floors":[19],"is_endless":false,"potions_floor_spawned":[5,10,11,22,23,29,30,35,40,45],"ascension_level":2}}