{"host":"grli52lbdph2722t","time":1610542278,"event":{"mods":["AchievementEnabler","BaseMod","Downfall","Minty Spire (QoL Compilation)","Quick Restart","StSLib"],"gold_per_floor":[99,115,115,25,44,144,194,214,226,226,226,226],"floor_reached":10,"language":"ENG","playtime":649,"items_purged":["Injury"],"score":102,"play_id":"21263fff-ff4b-429b-b5eb-35e08660c0ef","local_time":"20210113135118","is_ascension_mode":true,"campfire_choices":[{"data":"champ:Execute","floor":1,"key":"SMITH"}],"circlet_count":0,"master_deck":["AscendersBane","champ:Strike","champ:Strike","champ:Defend","champ:Defend","champ:Defend","champ:Defend","champ:Execute+1","champ:Taunt","champ:GladiatorStyle","champ:AdrenalArmor","champ:FanOfKnives","champ:IgnorePain"],"relics":["champ:ChampionCrown","Bag of Marbles","CloakClasp","Strawberry"],"acts_visited":["Exordium"],"potions_floor_usage":[10,10],"damage_taken":[{"damage":10,"enemies":"2 Louse","floor":2,"turns":3},{"damage":30,"enemies":"downfall:FleeingMerchant","floor":4,"turns":4},{"damage":10,"enemies":"Cultist","floor":5,"turns":4},{"damage":77,"enemies":"Cultist","floor":6,"turns":13},{"damage":20,"enemies":"Jaw Worm","floor":8,"turns":4},{"damage":20,"enemies":"Large Slime","floor":9,"turns":8},{"damage":55,"enemies":"Lagavulin","floor":10,"turns":8}],"seed_played":"8625239166636860081","potions_obtained":[{"floor":5,"key":"GamblersBrew"},{"floor":9,"key":"Regen Potion"}],"is_trial":false,"path_per_floor":["R","M","?","$","M","?","T","M","M","E"],"character_chosen":"THE_CHAMP","items_purchased":[],"campfire_rested":0,"item_purchase_floors":[],"current_hp_per_floor":[73,68,68,58,58,30,37,37,37,0,0,0],"gold":226,"neow_bonus":"RANDOM_COMMON_RELIC","is_daily":false,"chose_seed":false,"campfire_upgraded":1,"win_rate":0.0,"timestamp":1610542278,"path_taken":["R","M","?","?","M","?","T","M","M","E"],"items_purchased_type":[],"build_version":"2020-12-22","purchased_purges":1,"victory":false,"max_hp_per_floor":[81,81,81,81,81,81,88,88,88,88,88,88],"card_choices":[{"not_picked":["champ:BringItOn","champ:BerserkersShout"],"picked":"champ:GladiatorStyle","floor":2},{"not_picked":["champ:PreciseThrust","champ:RapidStrikes","champ:EnGarde"],"picked":"SKIP","floor":4},{"not_picked":["champ:PreciseThrust","champ:FlashCut"],"picked":"champ:AdrenalArmor","floor":5},{"not_picked":["champ:Endure","champ:ShieldSigil"],"picked":"champ:FanOfKnives","floor":8},{"not_picked":["champ:DefensiveStyle","champ:DefensiveShout"],"picked":"champ:IgnorePain","floor":9}],"player_experience":4976925,"relics_obtained":[{"floor":6,"key":"CloakClasp"},{"floor":7,"key":"Strawberry"}],"event_choices":[],"is_beta":false,"boss_relics":[],"items_purged_floors":[4],"is_endless":false,"potions_floor_spawned":[5,9],"killed_by":"Lagavulin","ascension_level":15}}