{"host":"kh6fvhxn285ncg0o","time":1610576829,"event":{"mods":["Act Like it!","BaseMod","Colored Map","Friendly Minions","Keyboard Shortcuts","Minty Spire (QoL Compilation)","Quick Restart","Relic Stats","StSLib","SuperFastMode"],"gold_per_floor":[118,118,132,57,57,57,83,96,96,96,122,122,136,152,152,226,226,244,244,264,4,4,37,37,72,110,122,161,173,185,226,238,322,334,357,388,400,196,212,252,279,40,63,107,107,135,190,102,102,102,102,102,102,17,43,43],"floor_reached":57,"language":"KOR","playtime":2077,"items_purged":["Strike_R","Strike_R","Strike_R","Bash","Dropkick"],"score":3088,"play_id":"f05b13df-fc8d-48af-8ea1-84402b80d4ae","local_time":"20210114072709","is_ascension_mode":true,"campfire_choices":[{"data":"Uppercut","floor":6.0,"key":"SMITH"},{"data":"1","floor":10.0,"key":"LIFT"},{"data":"2","floor":12.0,"key":"LIFT"},{"data":"3","floor":15.0,"key":"LIFT"},{"data":"Rage","floor":24.0,"key":"SMITH"},{"data":"Burning Pact","floor":29.0,"key":"SMITH"},{"data":"Offering","floor":32,"key":"SMITH"},{"floor":45,"key":"RECALL"},{"data":"Defend_R","floor":49,"key":"PURGE"},{"data":"Uppercut+1","floor":53,"key":"PURGE"}],"circlet_count":0,"master_deck":["AscendersBane","Defend_R","Defend_R","Defend_R","Spot Weakness","Pummel","Offering+1","Dark Embrace","Ghostly Armor","Immolate+1","Rage+1","Evolve","Shrug It Off","Flame Barrier+1","Burning Pact+1","Reaper","Feed","Flash of Steel","Intimidate","Pommel Strike+1","Battle Trance","Second Wind","Disarm"],"relics":["Burning Blood","NeowsBlessing","Unceasing Top","Girya","Dream Catcher","Coffee Dripper","Happy Flower","Bottled Flame","MawBank","MealTicket","Sundial","Blue Candle","SlaversCollar","CeramicFish","Membership Card","Strawberry","Peace Pipe","Bag of Preparation","Boot"],"acts_visited":["Exordium","TheCity","TheBeyond","TheEnding"],"potions_floor_usage":[33,39,40,46,56,56,56],"damage_taken":[{"damage":0.0,"enemies":"Jaw Worm","floor":1.0,"turns":1.0},{"damage":0.0,"enemies":"Cultist","floor":3.0,"turns":1.0},{"damage":0.0,"enemies":"3 Sentries","floor":7.0,"turns":2.0},{"damage":7.0,"enemies":"2 Louse","floor":8.0,"turns":3.0},{"damage":9.0,"enemies":"Lagavulin","floor":11.0,"turns":5.0},{"damage":6.0,"enemies":"Exordium Wildlife","floor":13.0,"turns":2.0},{"damage":9.0,"enemies":"Exordium Thugs","floor":14.0,"turns":2.0},{"damage":27.0,"enemies":"The Guardian","floor":16.0,"turns":11.0},{"damage":6.0,"enemies":"Spheric Guardian","floor":18.0,"turns":3.0},{"damage":7.0,"enemies":"3 Byrds","floor":20.0,"turns":3.0},{"damage":21.0,"enemies":"Book of Stabbing","floor":23.0,"turns":4.0},{"damage":22.0,"enemies":"Slavers","floor":25.0,"turns":4.0},{"damage":20.0,"enemies":"Book of Stabbing","floor":28.0,"turns":6.0},{"damage":6,"enemies":"Gremlin Leader","floor":31,"turns":3},{"damage":51,"enemies":"Collector","floor":33,"turns":9},{"damage":24,"enemies":"3 Darklings","floor":35,"turns":4},{"damage":0,"enemies":"Orb Walker","floor":36,"turns":3},{"damage":6,"enemies":"Writhing Mass","floor":39,"turns":6},{"damage":49,"enemies":"Giant Head","floor":40,"turns":8},{"damage":44,"enemies":"Transient","floor":41,"turns":6},{"damage":36,"enemies":"Nemesis","floor":44,"turns":5},{"damage":18,"enemies":"3 Darklings","floor":46,"turns":6},{"damage":34,"enemies":"2 Orb Walkers","floor":47,"turns":5},{"damage":15,"enemies":"Donu and Deca","floor":50,"turns":5},{"damage":28,"enemies":"Awakened One","floor":51,"turns":6},{"damage":6,"enemies":"Shield and Spear","floor":55,"turns":3},{"damage":35,"enemies":"The Heart","floor":56,"turns":6}],"seed_played":"4260528120770869526","potions_obtained":[{"floor":1.0,"key":"Block Potion"},{"floor":7.0,"key":"SpeedPotion"},{"floor":16.0,"key":"SpeedPotion"},{"floor":20.0,"key":"Strength Potion"},{"floor":23.0,"key":"Dexterity Potion"},{"floor":33,"key":"Block Potion"},{"floor":36,"key":"LiquidMemories"},{"floor":44,"key":"LiquidMemories"},{"floor":47,"key":"EntropicBrew"}],"is_trial":false,"path_per_floor":["M","?","M","$","?","R","E","M","T","R","E","R","M","M","R","B",null,"M","?","M","$","?","E","R","E","T","$","E","R","$","E","R","B",null,"M","M","?","$","M","E","M","$","T","E","R","M","?","$","R","B","B",null,"R","$","E","B",null],"character_chosen":"IRONCLAD","items_purchased":["Happy Flower","Flash of Steel","Membership Card","Bag of Preparation"],"campfire_rested":0,"item_purchase_floors":[21,38,42,54],"current_hp_per_floor":[74,74,75,75,75,75,75,74,74,74,71,71,71,68,68,47,68,68,68,67,67,46,31,31,15,15,30,16,16,31,31,31,24,66,80,86,86,86,89,49,35,50,50,46,46,76,71,86,86,105,111,111,111,111,114,92],"gold":43,"neow_bonus":"THREE_ENEMY_KILL","is_daily":false,"chose_seed":false,"campfire_upgraded":4,"win_rate":0.0,"timestamp":1610576829,"path_taken":["M","?","?","$","?","R","E","M","T","R","E","R","M","M","R","BOSS","M","?","M","?","?","E","R","E","T","$","E","R","?","E","R","BOSS","M","M","?","?","M","E","M","$","T","E","R","M","?","?","R","BOSS","BOSS","R","$","E","BOSS"],"items_purchased_type":["Relic","Card","Relic","Relic"],"build_version":"2020-12-22","purchased_purges":5,"victory":true,"max_hp_per_floor":[75,75,75,75,75,75,75,75,75,75,75,75,75,75,75,75,75,75,75,75,75,80,80,80,80,80,80,80,80,80,80,80,80,80,83,86,86,86,89,92,92,92,92,99,99,102,105,105,105,108,111,111,111,111,114,114],"relic_stats":{"Happy Flower":[29],"counters":[27,122],"Blue Candle":[2],"CeramicFish":45,"Bag of Preparation":[4],"MawBank":156,"Boot":[0],"Burning Blood":144,"Peace Pipe":3,"Dream Catcher":0,"Sundial":[134],"MealTicket":60,"obtain_stats":[{"Girya":9,"NeowsBlessing":0,"Happy Flower":21,"Blue Candle":31,"CeramicFish":40,"Bag of Preparation":54,"MawBank":25,"Boot":55,"Burning Blood":0,"Peace Pipe":47,"SlaversCollar":34,"Dream Catcher":11,"Bottled Flame":23,"Sundial":28,"Strawberry":44,"MealTicket":26,"Coffee Dripper":17,"Membership Card":42,"Unceasing Top":7},{"Girya":4,"NeowsBlessing":0,"Happy Flower":10,"Blue Candle":14,"CeramicFish":19,"Bag of Preparation":25,"MawBank":12,"Boot":26,"Burning Blood":0,"Peace Pipe":23,"SlaversCollar":15,"Dream Catcher":5,"Bottled Flame":11,"Sundial":13,"Strawberry":21,"MealTicket":12,"Coffee Dripper":8,"Membership Card":20,"Unceasing Top":3},{"Girya":7,"NeowsBlessing":0,"Happy Flower":33,"Blue Candle":50,"CeramicFish":80,"Bag of Preparation":113,"MawBank":41,"Boot":116,"Burning Blood":0,"Peace Pipe":102,"SlaversCollar":59,"Dream Catcher":12,"Bottled Flame":37,"Sundial":47,"Strawberry":91,"MealTicket":41,"Coffee Dripper":27,"Membership Card":86,"Unceasing Top":4}],"Unceasing Top":[4]},"card_choices":[{"not_picked":["Infernal Blade","Flex"],"picked":"Spot Weakness","floor":1.0},{"not_picked":["Pommel Strike","Perfected Strike"],"picked":"Uppercut","floor":3.0},{"not_picked":["Bloodletting","Sword Boomerang"],"picked":"Offering","floor":7.0},{"not_picked":["Clothesline","Ghostly Armor"],"picked":"Dark Embrace","floor":8.0},{"not_picked":["Rupture","Bloodletting","Warcry"],"picked":"SKIP","floor":11.0},{"not_picked":["Hemokinesis","Ghostly Armor","Clash"],"picked":"SKIP","floor":13.0},{"not_picked":["Hemokinesis","Clash"],"picked":"Ghostly Armor","floor":13.0},{"not_picked":["Armaments","Havoc"],"picked":"Dropkick","floor":14.0},{"not_picked":["Berserk","Barricade"],"picked":"Immolate","floor":16.0},{"not_picked":["Headbutt","Iron Wave"],"picked":"Rage","floor":18.0},{"not_picked":["Body Slam+1","Carnage"],"picked":"Evolve","floor":20.0},{"not_picked":["Immolate","Sentinel"],"picked":"Shrug It Off","floor":23.0},{"not_picked":["Headbutt","Armaments"],"picked":"Flame Barrier+1","floor":25.0},{"not_picked":["Immolate","Clash"],"picked":"Burning Pact","floor":28.0},{"not_picked":["Burning Pact","Sever Soul"],"picked":"Reaper","floor":31},{"not_picked":["Berserk","Demon Form"],"picked":"Feed","floor":33},{"not_picked":["Bloodletting+1","Havoc","Cleave"],"picked":"SKIP","floor":35},{"not_picked":["Rampage","Inflame","Uppercut+1"],"picked":"SKIP","floor":36},{"not_picked":["Inflame","Anger+1","Clothesline"],"picked":"SKIP","floor":39},{"not_picked":["Dark Embrace+1","Whirlwind","Intimidate"],"picked":"SKIP","floor":40},{"not_picked":["Dark Embrace+1","Whirlwind"],"picked":"Intimidate","floor":40},{"not_picked":["Rage","Shrug It Off+1"],"picked":"Pommel Strike+1","floor":41},{"not_picked":["Armaments+1","Reckless Charge","Battle Trance"],"picked":"SKIP","floor":44},{"not_picked":["Armaments+1","Reckless Charge"],"picked":"Battle Trance","floor":44},{"not_picked":["Pommel Strike+1","Intimidate"],"picked":"Second Wind","floor":46},{"not_picked":["Berserk","Rampage+1"],"picked":"Disarm","floor":47},{"not_picked":["Reckless Charge","Exhume","Anger"],"picked":"SKIP","floor":55}],"player_experience":3437729,"relics_obtained":[{"floor":7.0,"key":"Unceasing Top"},{"floor":9.0,"key":"Girya"},{"floor":11.0,"key":"Dream Catcher"},{"floor":23.0,"key":"Bottled Flame"},{"floor":25.0,"key":"MawBank"},{"floor":26.0,"key":"MealTicket"},{"floor":28.0,"key":"Sundial"},{"floor":31,"key":"Blue Candle"},{"floor":40,"key":"CeramicFish"},{"floor":44,"key":"Strawberry"},{"floor":47,"key":"Peace Pipe"},{"floor":55,"key":"Boot"}],"event_choices":[{"damage_healed":0.0,"max_hp_gain":0.0,"max_hp_loss":0.0,"gold_gain":0.0,"cards_transformed":["Strike_R"],"event_name":"Transmorgrifier","player_choice":"Transformed","floor":2.0,"gold_loss":0.0,"damage_taken":0.0,"cards_obtained":["Pummel"]},{"damage_healed":0.0,"max_hp_gain":0.0,"max_hp_loss":0.0,"gold_gain":0.0,"event_name":"Liars Game","player_choice":"Ignored","floor":5.0,"gold_loss":0.0,"damage_taken":0.0},{"damage_healed":0.0,"max_hp_gain":0.0,"max_hp_loss":0.0,"gold_gain":0.0,"event_name":"Accursed Blacksmith","player_choice":"Forge","floor":19.0,"gold_loss":0.0,"damage_taken":0.0,"cards_upgraded":["Immolate"]},{"damage_healed":0.0,"max_hp_gain":5.0,"max_hp_loss":0.0,"gold_gain":0.0,"event_name":"Forgotten Altar","player_choice":"Shed Blood","floor":22.0,"gold_loss":0.0,"damage_taken":26.0},{"cards_removed":["Strike_R"],"damage_healed":0,"gold_gain":0,"player_choice":"Purged","damage_taken":0,"max_hp_gain":0,"max_hp_loss":0,"event_name":"Purifier","floor":37,"gold_loss":0},{"damage_healed":0,"gold_gain":0,"player_choice":"Fight","damage_taken":0,"max_hp_gain":0,"max_hp_loss":0,"event_name":"Mysterious Sphere","floor":47,"gold_loss":0}],"is_beta":false,"boss_relics":[{"not_picked":["SacredBark","Tiny House"],"picked":"Coffee Dripper"},{"not_picked":["Velvet Choker","Runic Dome"],"picked":"SlaversCollar"}],"items_purged_floors":[4,21,38,42,48],"is_endless":false,"potions_floor_spawned":[1,7,16,18,20,23,33,36,44,47],"ascension_level":20}}