{"host":"foq4mrde4mssg7vt","time":1610547333,"event":{"mods":["AchievementEnabler","BaseMod","Colored Map","Colored Powertips","Highlight Path","Minty Spire (QoL Compilation)","Relic Stats","everything is the same but u backflip on backflip"],"gold_per_floor":[362,43,60,60,98,183,183,237,237,309,338,338,338,386,386,483,483,518,518,528,559,327,327,370,400,477,530,579,635,80,105,105,177,177,190,190,203,303,303,357,396,450,529,529,581,581,112,112,112,112,112,112,62,115,115],"floor_reached":56,"language":"ENG","playtime":2196,"items_purged":["Strike_R","Strike_R","Defend_R","Defend_R"],"score":2434,"play_id":"5e75c550-5e1c-4494-a089-52f137cebe57","local_time":"20210113221533","is_ascension_mode":true,"campfire_choices":[{"floor":7.0,"key":"REST"},{"floor":12.0,"key":"REST"},{"data":"True Grit","floor":15.0,"key":"SMITH"},{"data":"HandOfGreed","floor":23.0,"key":"SMITH"},{"data":"Whirlwind","floor":32.0,"key":"SMITH"},{"floor":44.0,"key":"RECALL"},{"floor":46.0,"key":"REST"},{"floor":49.0,"key":"REST"},{"floor":52.0,"key":"REST"}],"circlet_count":0,"master_deck":["AscendersBane","Defend_R","Bash","Whirlwind+1","Inflame","True Grit+1","HandOfGreed+1","Headbutt","Anger","Metallicize","Sword Boomerang+1","Evolve","Feel No Pain","Immolate+1","Necronomicurse","Disarm","Offering","Fiend Fire+1","Demon Form","Shrug It Off","Shrug It Off+1","Wild Strike+1","Battle Trance","Flame Barrier+1","Shrug It Off","Offering","Master of Strategy"],"relics":["Burning Blood","Membership Card","Lantern","Molten Egg 2","Torii","Mercury Hourglass","SacredBark","Necronomicon","Akabeko","Pen Nib","Smiling Mask","Bottled Flame","MawBank","Sling","CaptainsWheel","InkBottle","Question Card","Fusion Hammer","Mango","Gremlin Horn","MealTicket","StrikeDummy","Mummified Hand","Bag of Marbles","Bag of Preparation"],"acts_visited":["Exordium","TheCity","TheBeyond","TheEnding"],"potions_floor_usage":[55,55],"damage_taken":[{"damage":5.0,"enemies":"Small Slimes","floor":1.0,"turns":5.0},{"damage":10.0,"enemies":"Cultist","floor":3.0,"turns":4.0},{"damage":2.0,"enemies":"Jaw Worm","floor":5.0,"turns":3.0},{"damage":35.0,"enemies":"3 Sentries","floor":6.0,"turns":7.0},{"damage":5.0,"enemies":"2 Fungi Beasts","floor":8.0,"turns":6.0},{"damage":13.0,"enemies":"3 Louse","floor":10.0,"turns":9.0},{"damage":33.0,"enemies":"Lagavulin","floor":11.0,"turns":8.0},{"damage":22.0,"enemies":"3 Sentries","floor":14.0,"turns":10.0},{"damage":13.0,"enemies":"Hexaghost","floor":16.0,"turns":9.0},{"damage":26.0,"enemies":"Spheric Guardian","floor":18.0,"turns":6.0},{"damage":28.0,"enemies":"Shell Parasite","floor":20.0,"turns":4.0},{"damage":0.0,"enemies":"Centurion and Healer","floor":21.0,"turns":1.0},{"damage":17.0,"enemies":"Snake Plant","floor":24.0,"turns":3.0},{"damage":0.0,"enemies":"Slavers","floor":25.0,"turns":1.0},{"damage":0.0,"enemies":"Gremlin Leader","floor":27.0,"turns":2.0},{"damage":35.0,"enemies":"Shelled Parasite and Fungi","floor":28.0,"turns":3.0},{"damage":0.0,"enemies":"Snecko","floor":29.0,"turns":2.0},{"damage":0.0,"enemies":"Slavers","floor":31.0,"turns":1.0},{"damage":24.0,"enemies":"Automaton","floor":33.0,"turns":6.0},{"damage":0.0,"enemies":"3 Shapes","floor":35.0,"turns":1.0},{"damage":0.0,"enemies":"3 Darklings","floor":37.0,"turns":1.0},{"damage":12.0,"enemies":"2 Orb Walkers","floor":38.0,"turns":3.0},{"damage":32.0,"enemies":"Reptomancer","floor":40.0,"turns":3.0},{"damage":7.0,"enemies":"Spire Growth","floor":41.0,"turns":4.0},{"damage":8.0,"enemies":"Nemesis","floor":42.0,"turns":3.0},{"damage":12.0,"enemies":"Giant Head","floor":45.0,"turns":6.0},{"damage":50.0,"enemies":"Awakened One","floor":50.0,"turns":10.0},{"damage":12.0,"enemies":"Shield and Spear","floor":54.0,"turns":2.0},{"damage":65,"enemies":"The Heart","floor":55,"turns":5}],"seed_played":"-7264505020419537584","potions_obtained":[{"floor":1.0,"key":"BloodPotion"},{"floor":5.0,"key":"PowerPotion"},{"floor":14.0,"key":"ColorlessPotion"},{"floor":16.0,"key":"FairyPotion"},{"floor":20.0,"key":"BloodPotion"},{"floor":25.0,"key":"PowerPotion"},{"floor":41.0,"key":"SteroidPotion"}],"is_trial":false,"path_per_floor":["M","$","M","?","M","E","R","M","T","M","E","R","?","E","R","B",null,"M","?","M","M","$","R","M","E","T","E","M","M","$","E","R","B",null,"M","?","M","?","?","E","M","E","T","R","E","R","$","?","R","B",null,"R","$","E","B",null],"character_chosen":"IRONCLAD","items_purchased":["Membership Card","Inflame","True Grit","HandOfGreed","Akabeko","Pen Nib","Block Potion","Offering","Sling","CaptainsWheel","Fiend Fire+1","InkBottle","Mummified Hand","Shrug It Off","Offering","Bag of Marbles","Master of Strategy"],"campfire_rested":5,"item_purchase_floors":[2,2,2,2,22,22,22,30,30,30,30,30,47,47,47,47,47],"current_hp_per_floor":[51,51,47,47,51,22,44,45,45,38,26,48,41,25,25,18,61,41,20,51,57,57,57,46,75,75,75,46,52,52,58,58,40,66,72,72,75,83,83,57,56,54,54,54,48,74,89,89,89,45,78,89,89,83,24],"gold":115,"neow_bonus":"TWO_FIFTY_GOLD","is_daily":false,"chose_seed":false,"campfire_upgraded":3,"win_rate":0.0,"timestamp":1610547333,"path_taken":["M","$","M","?","M","E","R","M","T","?","E","R","?","E","R","BOSS","M","?","M","M","$","R","M","E","T","E","M","M","$","E","R","BOSS","M","?","M","?","?","E","?","E","T","R","E","R","$","?","R","BOSS","R","$","E","BOSS"],"items_purchased_type":["Relic","Card","Card","Card","Relic","Relic","Potion","Card","Relic","Relic","Card","Relic","Relic","Card","Card","Relic","Card"],"build_version":"2020-12-22","purchased_purges":4,"victory":true,"max_hp_per_floor":[75,75,75,75,75,75,75,75,75,75,75,75,75,75,75,75,75,75,75,75,75,75,75,75,75,75,75,75,75,75,75,75,75,75,75,75,75,89,89,89,89,89,89,89,89,89,89,89,89,89,89,89,89,89,89],"relic_stats":{"Torii":59,"Gremlin Horn":[4,4],"counters":[29,128],"Pen Nib":[12],"Bag of Preparation":[2],"Smiling Mask":38,"MawBank":36,"Question Card":9,"Burning Blood":165,"Mercury Hourglass":[247],"Mummified Hand":[15],"MealTicket":15,"Necronomicon":[44],"obtain_stats":[{"Lantern":6,"Torii":11,"Gremlin Horn":40,"SacredBark":17,"Mango":38,"Bag of Preparation":54,"Smiling Mask":25,"Sling":30,"Burning Blood":0,"Mummified Hand":47,"MealTicket":42,"Fusion Hammer":34,"Necronomicon":19,"InkBottle":30,"Pen Nib":22,"MawBank":27,"Question Card":31,"Akabeko":22,"Mercury Hourglass":14,"Bottled Flame":26,"CaptainsWheel":30,"Molten Egg 2":9,"Bag of Marbles":47,"Membership Card":2,"StrikeDummy":45},{"Lantern":4,"Torii":7,"Gremlin Horn":23,"SacredBark":9,"Mango":22,"Bag of Preparation":28,"Smiling Mask":14,"Sling":17,"Burning Blood":0,"Mummified Hand":26,"MealTicket":25,"Fusion Hammer":19,"Necronomicon":10,"InkBottle":17,"Pen Nib":12,"MawBank":15,"Question Card":18,"Akabeko":12,"Mercury Hourglass":8,"Bottled Flame":14,"CaptainsWheel":17,"Molten Egg 2":5,"Bag of Marbles":26,"Membership Card":1,"StrikeDummy":26},{"Lantern":19,"Torii":42,"Gremlin Horn":98,"SacredBark":61,"Mango":95,"Bag of Preparation":123,"Smiling Mask":76,"Sling":83,"Burning Blood":0,"Mummified Hand":111,"MealTicket":105,"Fusion Hammer":90,"Necronomicon":67,"InkBottle":83,"Pen Nib":72,"MawBank":78,"Question Card":84,"Akabeko":72,"Mercury Hourglass":52,"Bottled Flame":76,"CaptainsWheel":83,"Molten Egg 2":25,"Bag of Marbles":111,"Membership Card":5,"StrikeDummy":111}],"InkBottle":[16]},"card_choices":[{"not_picked":["Havoc","Flex"],"picked":"Whirlwind","floor":1.0},{"not_picked":["True Grit","Pommel Strike"],"picked":"Headbutt","floor":3.0},{"not_picked":["Clothesline","True Grit"],"picked":"Anger","floor":5.0},{"not_picked":["Flex","Clothesline","Reckless Charge"],"picked":"SKIP","floor":6.0},{"not_picked":["Cleave","Power Through"],"picked":"Metallicize","floor":8.0},{"not_picked":["Bloodletting","Wild Strike+1"],"picked":"Sword Boomerang+1","floor":10.0},{"not_picked":["Sword Boomerang+1","Cleave+1"],"picked":"Evolve","floor":11.0},{"not_picked":["Anger+1","True Grit"],"picked":"Feel No Pain","floor":14.0},{"not_picked":["Limit Break","Barricade"],"picked":"Immolate+1","floor":16.0},{"not_picked":["Evolve","Thunderclap+1","Sentinel"],"picked":"SKIP","floor":18.0},{"not_picked":["Flex","Seeing Red","Fire Breathing"],"picked":"SKIP","floor":20.0},{"not_picked":["Anger+1","Armaments"],"picked":"Disarm","floor":21.0},{"not_picked":["Armaments","Heavy Blade+1","Rampage+1"],"picked":"SKIP","floor":24.0},{"not_picked":["Second Wind","Clothesline+1","Seeing Red"],"picked":"SKIP","floor":25.0},{"not_picked":["Headbutt+1","Clash+1","Twin Strike+1"],"picked":"SKIP","floor":27.0},{"not_picked":["Metallicize","Combust","Rampage+1"],"picked":"SKIP","floor":28.0},{"not_picked":["Searing Blow+1","Seeing Red","Rupture"],"picked":"SKIP","floor":29.0},{"not_picked":["Combust","Pommel Strike+1","Fiend Fire+1"],"picked":"SKIP","floor":31.0},{"not_picked":["Double Tap","Immolate+1","Berserk"],"picked":"Demon Form","floor":33.0},{"not_picked":["Anger+1","Cleave+1","Headbutt+1"],"picked":"Shrug It Off","floor":35.0},{"not_picked":["Bloodletting+1","Pummel+1","Wild Strike+1","Shrug It Off"],"picked":"SKIP","floor":37.0},{"not_picked":["Flex+1","True Grit","Sentinel+1"],"picked":"Shrug It Off+1","floor":38.0},{"not_picked":["Cleave+1","Sentinel","Havoc","Heavy Blade+1"],"picked":"SKIP","floor":40.0},{"not_picked":["Rampage+1","Perfected Strike+1","True Grit"],"picked":"Battle Trance","floor":41.0},{"not_picked":["Shrug It Off+1","Flame Barrier","Warcry+1","Cleave+1"],"picked":"SKIP","floor":42.0},{"not_picked":["Carnage+1","Brutality","Body Slam+1"],"picked":"Flame Barrier+1","floor":45.0},{"not_picked":["Second Wind","Rupture","Flex","Iron Wave+1"],"picked":"SKIP","floor":54.0}],"player_experience":451486,"relics_obtained":[{"floor":6.0,"key":"Lantern"},{"floor":9.0,"key":"Molten Egg 2"},{"floor":11.0,"key":"Torii"},{"floor":14.0,"key":"Mercury Hourglass"},{"floor":19.0,"key":"Necronomicon"},{"floor":25.0,"key":"Smiling Mask"},{"floor":26.0,"key":"Bottled Flame"},{"floor":27.0,"key":"MawBank"},{"floor":31.0,"key":"Question Card"},{"floor":38.0,"key":"Mango"},{"floor":40.0,"key":"Gremlin Horn"},{"floor":42.0,"key":"MealTicket"},{"floor":45.0,"key":"StrikeDummy"},{"floor":54.0,"key":"Bag of Preparation"}],"event_choices":[{"cards_removed":["Strike_R"],"damage_healed":0.0,"max_hp_gain":0.0,"max_hp_loss":0.0,"gold_gain":0.0,"event_name":"Bonfire Elementals","player_choice":"Offered Basic","floor":4.0,"gold_loss":0.0,"damage_taken":0.0},{"cards_removed":["Strike_R"],"damage_healed":0.0,"max_hp_gain":0.0,"max_hp_loss":0.0,"gold_gain":0.0,"event_name":"Golden Wing","player_choice":"Card Removal","floor":13.0,"gold_loss":0.0,"damage_taken":7.0},{"damage_healed":0.0,"max_hp_gain":0.0,"max_hp_loss":0.0,"gold_gain":0.0,"event_name":"Cursed Tome","player_choice":"Obtained Book","floor":19.0,"gold_loss":0.0,"damage_taken":21.0},{"damage_healed":0.0,"max_hp_gain":0.0,"max_hp_loss":0.0,"gold_gain":0.0,"event_name":"Tomb of Lord Red Mask","player_choice":"Ignored","floor":36.0,"gold_loss":0.0,"damage_taken":0.0},{"damage_healed":0.0,"max_hp_gain":0.0,"max_hp_loss":0.0,"gold_gain":0.0,"event_name":"Mysterious Sphere","player_choice":"Fight","floor":38.0,"gold_loss":0.0,"damage_taken":0.0},{"damage_healed":0.0,"max_hp_gain":0.0,"max_hp_loss":0.0,"gold_gain":0.0,"cards_transformed":["Strike_R"],"event_name":"Transmorgrifier","player_choice":"Transformed","floor":39.0,"gold_loss":0.0,"damage_taken":0.0,"cards_obtained":["Wild Strike"]},{"cards_removed":["Defend_R"],"damage_healed":0.0,"max_hp_gain":0.0,"max_hp_loss":0.0,"gold_gain":0.0,"event_name":"Purifier","player_choice":"Purged","floor":48.0,"gold_loss":0.0,"damage_taken":0.0}],"is_beta":false,"boss_relics":[{"not_picked":["Runic Dome","Ectoplasm"],"picked":"SacredBark"},{"not_picked":["Black Blood","Tiny House"],"picked":"Fusion Hammer"}],"items_purged_floors":[22,30,47,53],"is_endless":false,"potions_floor_spawned":[1,5,14,16,20,21,25,28,38,41],"ascension_level":17}}