{"host":"uoshhb7sfln10kpy","time":1610559164,"event":{"mods":["BaseMod","Bestiary","BetterRewards","Curses Come First","Downfall","Marisa£®ÏF”Í°°ƒß¿Ì…≥£©","Minty Spire (QoL Compilation)","Remilia£®¿Ÿ√◊¿Ú—«£©","Replay The Spire","Say the Spire","Shop Mod","StSLib","The Alterego","The Bladedancer","The Bug Knight","The Mystic","UnlockEverythingMod"],"gold_per_floor":[111,143,143,143,108,158,158,189,189,264,292,140,140,178,178,188,188],"floor_reached":16,"language":"ZHS","playtime":608,"items_purged":[],"score":100,"play_id":"3cc2a062-a23a-4702-8fce-e0c172c0af2e","local_time":"20210114013244","is_ascension_mode":false,"campfire_choices":[{"data":"OpenUniverse","floor":7,"key":"SMITH"},{"floor":13,"key":"REST"},{"data":"WitchOfGreed","floor":15,"key":"SMITH"}],"circlet_count":0,"master_deck":["Strike_MRS","Strike_MRS","Strike_MRS","Strike_MRS","Defend_MRS","Defend_MRS+1","Defend_MRS","Defend_MRS","MasterSpark+1","UpSweep","WitchOfGreed+1","OpenUniverse+1","AsteroidBelt","EarthLightRay","MysteriousBeam","ShootTheMoon"],"relics":["MiniHakkero","Peace Pipe","Letter Opener","Replay:Bandana"],"acts_visited":["Exordium"],"potions_floor_usage":[6,11,16,16,16],"damage_taken":[{"damage":10,"enemies":"Small Slimes","floor":1,"turns":4},{"damage":10,"enemies":"2 Louse","floor":2,"turns":3},{"damage":31,"enemies":"Lagavulin","floor":6,"turns":6},{"damage":2,"enemies":"Jaw Worm","floor":8,"turns":5},{"damage":18,"enemies":"2 Fungi Beasts","floor":11,"turns":5},{"damage":12,"enemies":"Looter","floor":14,"turns":3},{"damage":36,"enemies":"Hexaghost","floor":16,"turns":9}],"seed_played":"-5144376205489250095","potions_obtained":[{"floor":2,"key":"Explosive Potion"},{"floor":6,"key":"BlessingOfTheForge"},{"floor":6,"key":"Fruit Juice"},{"floor":8,"key":"FearPotion"},{"floor":8,"key":"SpeedPotion"},{"floor":11,"key":"Fire Potion"}],"is_trial":false,"path_per_floor":["M","M","?","?","?","E","R","M","T","?","M","$","R","M","R","B"],"character_chosen":"MARISA","items_purchased":["Replay:Bandana"],"campfire_rested":1,"item_purchase_floors":[12],"current_hp_per_floor":[72,62,62,46,66,40,40,38,38,27,13,13,39,31,31,0,0],"gold":188,"neow_bonus":"TEN_PERCENT_HP_BONUS","is_daily":false,"chose_seed":false,"campfire_upgraded":2,"win_rate":0.0,"timestamp":1610559164,"path_taken":["M","M","?","?","?","E","R","M","T","?","M","$","R","?","R","BOSS"],"items_purchased_type":["Relic"],"build_version":"2020-12-22","purchased_purges":0,"victory":false,"max_hp_per_floor":[82,82,82,82,82,87,87,87,87,87,87,87,87,87,87,87,87],"card_choices":[{"not_picked":["LuminesStrike","NonDirectionalLaser"],"picked":"WitchOfGreed","floor":1},{"not_picked":["GalacticHalo","EarthLightRay"],"picked":"OpenUniverse","floor":2},{"not_picked":["GalacticHalo","UnstableBomb"],"picked":"AsteroidBelt","floor":6},{"not_picked":["GravityBeat","StarDustReverie"],"picked":"EarthLightRay","floor":8},{"not_picked":["GrandCross","StarBarrage"],"picked":"MysteriousBeam","floor":11},{"not_picked":["EarthLightRay","SporeBomb"],"picked":"ShootTheMoon","floor":14}],"player_experience":12589,"relics_obtained":[{"floor":6,"key":"Peace Pipe"},{"floor":9,"key":"Letter Opener"}],"event_choices":[{"damage_healed":0,"gold_gain":0,"player_choice":"Ignored","damage_taken":0,"max_hp_gain":0,"max_hp_loss":0,"event_name":"Golden Wing","floor":3,"gold_loss":0},{"damage_healed":0,"gold_gain":0,"player_choice":"Entered Light","damage_taken":16,"max_hp_gain":0,"max_hp_loss":0,"event_name":"Shining Light","floor":4,"gold_loss":0,"cards_upgraded":["MasterSpark","Defend_MRS"]},{"damage_healed":20,"gold_gain":0,"player_choice":"Healed","damage_taken":0,"max_hp_gain":0,"max_hp_loss":0,"event_name":"The Cleric","floor":5,"gold_loss":35},{"damage_healed":0,"gold_gain":75,"player_choice":"Gather Gold","damage_taken":11,"max_hp_gain":0,"max_hp_loss":0,"event_name":"World of Goop","floor":10,"gold_loss":0}],"is_beta":false,"boss_relics":[],"items_purged_floors":[],"is_endless":false,"potions_floor_spawned":[6,8,11],"killed_by":"Hexaghost","ascension_level":0}}