{"host":"8d3fefv2347kqkpz","time":1610534957,"event":{"mods":["100% Spire Juice","BaseMod","Better Vampires","Colored Map","Downfall","Minty Spire (QoL Compilation)","Quick Restart","Replay The Spire","StSLib","The Gatherer","Waifu the Spire"],"gold_per_floor":[116,10,22,34,45,45,45,60,60,80,80,104,117,148,148,269,269,288,302,302,0,24,24,24,24,24,37,37,60,60,60],"floor_reached":30,"language":"ZHS","playtime":2258,"items_purged":["Writhe"],"score":236,"play_id":"f12be682-c65b-42bb-ab7b-bb03c67e1777","local_time":"20210113184917","is_ascension_mode":false,"campfire_choices":[{"data":"Underhanded Strike","floor":6,"key":"SMITH"},{"data":"ReplayTheSpireMod:The Works","floor":15,"key":"SMITH"},{"data":"ReplayTheSpireMod:Scrap Shanks","floor":23,"key":"SMITH"}],"circlet_count":0,"master_deck":["Strike_G","Strike_G","Strike_G","Defend_G","Defend_G","Defend_G","Defend_G","Survivor","Neutralize","Acrobatics","ReplayTheSpireMod:Scrap Shanks+1","Dagger Throw+1","Underhanded Strike+1","Hidden Blade","Underhanded Strike","Underhanded Strike","ReplayTheSpireMod:The Works+1","Blade Dance","Dagger Throw","A Thousand Cuts+1","Backstab","Flying Knee+1","ReplayTheSpireMod:Scrap Shanks+1","Gatherer:ScentOfRosmari"],"relics":["Ring of the Snake","ReplayTheSpireMod:Shallot","Golden Idol","Frozen Egg 2","Empty Cage","Pantograph","PrismaticShard","Nilry\u0027s Codex","Ninja Scroll","Golden Egg"],"acts_visited":["Exordium","TheCity"],"potions_floor_usage":[16],"damage_taken":[{"damage":1,"enemies":"Cultist","floor":1,"turns":4},{"damage":0,"enemies":"2 Louse","floor":3,"turns":5},{"damage":0,"enemies":"Jaw Worm","floor":4,"turns":6},{"damage":1,"enemies":"3 Louse","floor":5,"turns":5},{"damage":1,"enemies":"2 Fungi Beasts","floor":8,"turns":3},{"damage":0,"enemies":"Looter","floor":10,"turns":3},{"damage":0,"enemies":"Red Slaver","floor":12,"turns":4},{"damage":0,"enemies":"Exordium Thugs","floor":13,"turns":3},{"damage":4,"enemies":"3 Sentries","floor":14,"turns":5},{"damage":76,"enemies":"The Guardian","floor":16,"turns":12},{"damage":0,"enemies":"2 Thieves","floor":18,"turns":4},{"damage":2,"enemies":"Shell Parasite","floor":19,"turns":4},{"damage":12,"enemies":"Cultist and Chosen","floor":22,"turns":5},{"damage":20,"enemies":"Sentry and Sphere","floor":27,"turns":4},{"damage":7,"enemies":"Centurion and Healer","floor":29,"turns":4},{"damage":15,"enemies":"3 Cultists","floor":30,"turns":3}],"seed_played":"3515288725474310084","potions_obtained":[{"floor":4,"key":"Explosive Potion"},{"floor":5,"key":"champ:CounterPotion"},{"floor":12,"key":"ColorlessPotion"},{"floor":13,"key":"AttackPotion"},{"floor":14,"key":"SmokeBomb"},{"floor":19,"key":"Death Potion"}],"is_trial":false,"path_per_floor":["M","$","M","M","M","R","?","M","T","M","?","M","M","E","R","B",null,"M","M","?","$","M","R","?","?","T","M","T","M","M"],"character_chosen":"THE_SILENT","items_purchased":["ReplayTheSpireMod:Scrap Shanks","Dagger Throw+1","ReplayTheSpireMod:Scrap Shanks+1","PrismaticShard"],"campfire_rested":0,"item_purchase_floors":[2,2,21,21],"current_hp_per_floor":[76,76,76,76,75,75,75,74,74,74,71,71,71,67,67,1,71,71,69,69,69,57,57,57,41,41,21,21,14,0,0],"gold":60,"neow_bonus":"TEN_PERCENT_HP_BONUS","is_daily":false,"chose_seed":false,"campfire_upgraded":3,"win_rate":0.0,"timestamp":1610534957,"path_taken":["M","?","M","?","M","R","?","M","T","M","?","M","M","E","R","BOSS","M","M","?","$","M","R","?","?","T","M","?","M","M"],"items_purchased_type":["Card","Card","Card","Relic"],"build_version":"2020-12-22","purchased_purges":1,"victory":false,"max_hp_per_floor":[77,77,77,77,77,77,77,77,77,77,71,71,71,71,71,71,71,71,71,71,71,71,71,71,71,71,71,71,71,71,71],"card_choices":[{"not_picked":["Caltrops","Poisoned Stab"],"picked":"Acrobatics","floor":1},{"not_picked":["Dodge and Roll","Deadly Poison"],"picked":"Underhanded Strike","floor":3},{"not_picked":["Calculated Gamble","ReplayTheSpireMod:Exploit Weakness"],"picked":"Hidden Blade","floor":4},{"not_picked":["Bane","Deadly Poison"],"picked":"Underhanded Strike","floor":5},{"not_picked":["Reflex","Poison Darts"],"picked":"Underhanded Strike","floor":8},{"not_picked":["Poisoned Stab","Dash"],"picked":"ReplayTheSpireMod:The Works","floor":10},{"not_picked":["Reflex","Poisoned Stab"],"picked":"Blade Dance","floor":12},{"not_picked":["PiercingWail","Well Laid Plans"],"picked":"Dagger Throw","floor":13},{"not_picked":["All Out Attack","Blur","Deadly Poison"],"picked":"SKIP","floor":14},{"not_picked":["Bullet Time","Adrenaline"],"picked":"A Thousand Cuts+1","floor":16},{"not_picked":["Backflip","Acrobatics"],"picked":"Backstab","floor":18},{"not_picked":["Poisoned Stab","Escape Plan+1"],"picked":"Flying Knee+1","floor":19},{"not_picked":["Gatherer:Enchant+1","champ:DefensiveShout"],"picked":"Gatherer:ScentOfRosmari","floor":22},{"not_picked":["Iron Wave","SashWhip","Backflip"],"picked":"SKIP","floor":27},{"not_picked":["champ:FalseCounter","hexamod:ExtraCrispy+1","Slimebound:ForwardTackle"],"picked":"SKIP","floor":29}],"player_experience":34717,"relics_obtained":[{"floor":9,"key":"ReplayTheSpireMod:Shallot"},{"floor":14,"key":"Frozen Egg 2"},{"floor":25,"key":"Nilry\u0027s Codex"},{"floor":26,"key":"Ninja Scroll"},{"floor":28,"key":"Golden Egg"}],"event_choices":[{"damage_healed":0,"gold_gain":0,"player_choice":"Lose Max HP","damage_taken":0,"relics_obtained":["Golden Idol"],"max_hp_gain":0,"max_hp_loss":6,"event_name":"Golden Idol","floor":11,"gold_loss":0},{"damage_healed":0,"gold_gain":0,"player_choice":"Opened","damage_taken":0,"relics_obtained":["Pantograph"],"max_hp_gain":0,"max_hp_loss":0,"event_name":"The Mausoleum","floor":20,"gold_loss":0,"cards_obtained":["Writhe"]},{"damage_healed":0,"gold_gain":0,"player_choice":"Ignored","damage_taken":0,"max_hp_gain":0,"max_hp_loss":0,"event_name":"Ghosts","floor":24,"gold_loss":0},{"damage_healed":0,"gold_gain":0,"player_choice":"Obtained Book","damage_taken":16,"max_hp_gain":0,"max_hp_loss":0,"event_name":"Cursed Tome","floor":25,"gold_loss":0}],"is_beta":false,"boss_relics":[{"not_picked":["Replay:Grab Bag","Calling Bell"],"picked":"Empty Cage"}],"items_purged_floors":[21],"is_endless":false,"potions_floor_spawned":[4,5,12,13,14,19],"killed_by":"3 Cultists","ascension_level":0}}