{"host":"dowi7cgbhepuzvpj","time":1610572652,"event":{"mods":["AchievementEnabler","BaseMod","Colored Map","Highlight Path","Keyboard Shortcuts","Minty Spire (QoL Compilation)","Permanent Neow","Quick Restart","StSLib","SuperFastMode"],"gold_per_floor":[115,115,265,265,275,275,287,299,324,324,351,4,31,50,50,124,124,136,61,72,72,72,72,97,114,114,3,3,17,117,134,134,213,213,226,246,246,264,88,88,116,27,27,40,40,68,68,80,80,80],"floor_reached":51,"language":"KOR","playtime":1362,"items_purged":["Doubt"],"score":1595,"play_id":"8cd9815a-49e9-47c4-853f-3cb15e686b0d","local_time":"20210114061732","is_ascension_mode":true,"campfire_choices":[{"data":"Neutralize","floor":6.0,"key":"SMITH"},{"data":"Cloak And Dagger","floor":10.0,"key":"SMITH"},{"data":"Bullet Time","floor":15.0,"key":"SMITH"},{"data":"Accuracy","floor":23.0,"key":"SMITH"},{"floor":28.0,"key":"REST"},{"data":"Adrenaline","floor":32,"key":"SMITH"},{"data":"Malaise","floor":40,"key":"SMITH"},{"data":"Apotheosis","floor":47,"key":"SMITH"},{"data":"Dagger Throw","floor":49,"key":"PURGE"}],"circlet_count":0,"master_deck":["AscendersBane","Survivor","Neutralize+1","Acrobatics","Malaise+1","Bullet Time+1","Adrenaline+1","Finisher","Leg Sweep","Finisher","Sucker Punch","Escape Plan","Blade Dance","Cloak And Dagger+1","Escape Plan","Accuracy+1","Die Die Die","Cloak And Dagger+1","Choke","Infinite Blades+1","Blade Dance","Cloak And Dagger","Escape Plan","After Image+1","Cloak And Dagger+1","Flash of Steel","Infinite Blades+1","Infinite Blades+1","Apotheosis+1","Well Laid Plans+1"],"relics":["Pandora\u0027s Box","Vajra","Boot","Shuriken","Omamori","Sozu","Pantograph","Frozen Egg 2","Peace Pipe","Bottled Lightning","HoveringKite","Art of War","Bird Faced Urn","Bag of Preparation"],"acts_visited":["Exordium","TheCity","TheBeyond"],"potions_floor_usage":[50],"damage_taken":[{"damage":0.0,"enemies":"Jaw Worm","floor":1.0,"turns":3.0},{"damage":0.0,"enemies":"2 Louse","floor":5.0,"turns":3.0},{"damage":0.0,"enemies":"Small Slimes","floor":7.0,"turns":1.0},{"damage":12.0,"enemies":"Gremlin Gang","floor":8.0,"turns":5.0},{"damage":0.0,"enemies":"Gremlin Nob","floor":13.0,"turns":2.0},{"damage":0.0,"enemies":"Exordium Wildlife","floor":14.0,"turns":2.0},{"damage":0.0,"enemies":"Slime Boss","floor":16.0,"turns":3.0},{"damage":8.0,"enemies":"2 Thieves","floor":18.0,"turns":2.0},{"damage":0.0,"enemies":"Spheric Guardian","floor":20.0,"turns":1.0},{"damage":20.0,"enemies":"Slavers","floor":24.0,"turns":2.0},{"damage":0.0,"enemies":"Snecko","floor":25.0,"turns":2.0},{"damage":4.0,"enemies":"Chosen and Byrds","floor":29.0,"turns":3.0},{"damage":9,"enemies":"Colosseum Slavers","floor":30,"turns":2},{"damage":4,"enemies":"Colosseum Nobs","floor":30,"turns":2},{"damage":8,"enemies":"Sentry and Sphere","floor":31,"turns":3},{"damage":11,"enemies":"Collector","floor":33,"turns":4},{"damage":0,"enemies":"Orb Walker","floor":35,"turns":2},{"damage":0,"enemies":"3 Shapes","floor":36,"turns":2},{"damage":30,"enemies":"Sphere and 2 Shapes","floor":38,"turns":3},{"damage":0,"enemies":"Nemesis","floor":41,"turns":3},{"damage":0,"enemies":"Spire Growth","floor":44,"turns":3},{"damage":0,"enemies":"Giant Head","floor":46,"turns":3},{"damage":12,"enemies":"Writhing Mass","floor":48,"turns":3},{"damage":15,"enemies":"Awakened One","floor":50,"turns":5}],"seed_played":"-8462886282935969509","potions_obtained":[{"floor":1.0,"key":"DuplicationPotion"},{"floor":4.0,"key":"SkillPotion"}],"is_trial":false,"path_per_floor":["M","?","?","?","M","R","M","M","T","R","T","$","E","M","R","B",null,"M","?","M","?","?","R","E","M","T","$","R","M","?","M","R","B",null,"M","M","?","M","$","R","E","$","T","M","?","E","R","M","R","B",null],"character_chosen":"THE_SILENT","items_purchased":["Shuriken","Infinite Blades+1","Blade Dance","Flash of Steel","Infinite Blades+1","Infinite Blades+1"],"campfire_rested":1,"item_purchase_floors":[12,27,27,39,39,42],"current_hp_per_floor":[59,59,59,59,59,59,59,47,47,47,47,47,47,47,47,47,61,53,53,53,35,35,35,15,15,15,15,36,32,19,11,11,25,60,60,60,60,30,30,30,30,30,30,40,40,50,50,46,46,56],"gold":80,"neow_bonus":"BOSS_RELIC","is_daily":false,"chose_seed":false,"campfire_upgraded":7,"win_rate":0.0,"timestamp":1610572652,"path_taken":["M","?","?","?","?","R","M","M","T","R","?","?","E","M","R","BOSS","M","?","M","?","?","R","E","M","T","$","R","M","?","M","R","BOSS","M","M","?","M","$","R","E","$","T","M","?","E","R","M","R","BOSS"],"items_purchased_type":["Relic","Card","Card","Card","Card","Card"],"build_version":"2020-12-22","purchased_purges":1,"victory":true,"max_hp_per_floor":[66,66,66,66,66,66,66,66,66,66,66,66,66,66,66,66,66,66,66,66,71,71,71,71,71,71,71,71,71,71,71,71,71,71,71,71,71,71,71,71,71,71,71,71,71,71,71,71,71,71],"card_choices":[{"not_picked":["Dash","Riddle With Holes"],"picked":"Escape Plan","floor":1.0},{"not_picked":["Escape Plan","Slice"],"picked":"Blade Dance","floor":5.0},{"not_picked":["Deadly Poison","Dodge and Roll"],"picked":"Cloak And Dagger","floor":7.0},{"not_picked":["Catalyst","Slice","Acrobatics"],"picked":"SKIP","floor":8.0},{"not_picked":["Distraction","Flying Knee"],"picked":"Escape Plan","floor":13.0},{"not_picked":["Quick Slash","Dagger Spray"],"picked":"Accuracy","floor":14.0},{"not_picked":["Unload","Bullet Time"],"picked":"Die Die Die","floor":16.0},{"not_picked":["Eviscerate","Backflip"],"picked":"Cloak And Dagger+1","floor":18.0},{"not_picked":["Masterful Stab","Underhanded Strike"],"picked":"Choke","floor":20.0},{"not_picked":["Choke","Skewer","Deflect"],"picked":"SKIP","floor":24.0},{"not_picked":["Underhanded Strike","Flying Knee","Quick Slash"],"picked":"SKIP","floor":25.0},{"not_picked":["Sucker Punch","Choke","Eviscerate+1"],"picked":"SKIP","floor":29.0},{"not_picked":["Slice","Dash"],"picked":"Cloak And Dagger","floor":30},{"not_picked":["Poisoned Stab","Skewer"],"picked":"Escape Plan","floor":31},{"not_picked":["Tools of the Trade+1","Storm of Steel"],"picked":"After Image+1","floor":33},{"not_picked":["Deadly Poison","Dodge and Roll","Deflect"],"picked":"SKIP","floor":35},{"not_picked":["Deflect","Grand Finale","Dodge and Roll"],"picked":"SKIP","floor":36},{"not_picked":["Dodge and Roll","Sucker Punch"],"picked":"Cloak And Dagger+1","floor":38},{"not_picked":["Outmaneuver+1","Predator+1","Deflect+1"],"picked":"SKIP","floor":41},{"not_picked":["Dagger Throw","Flying Knee","Cloak And Dagger"],"picked":"SKIP","floor":44},{"not_picked":["Good Instincts","Flash of Steel"],"picked":"Apotheosis","floor":45},{"not_picked":["Underhanded Strike","Leg Sweep"],"picked":"Well Laid Plans+1","floor":46},{"not_picked":["Dagger Throw","Deflect","Sucker Punch+1"],"picked":"SKIP","floor":48}],"player_experience":810199,"relics_obtained":[{"floor":9.0,"key":"Vajra"},{"floor":11.0,"key":"Boot"},{"floor":13.0,"key":"Omamori"},{"floor":24.0,"key":"Pantograph"},{"floor":26.0,"key":"Frozen Egg 2"},{"floor":30,"key":"Peace Pipe"},{"floor":30,"key":"Bottled Lightning"},{"floor":41,"key":"Art of War"},{"floor":43,"key":"Bird Faced Urn"},{"floor":46,"key":"Bag of Preparation"}],"event_choices":[{"damage_healed":0.0,"max_hp_gain":0.0,"max_hp_loss":0.0,"gold_gain":0.0,"cards_transformed":["Eviscerate"],"event_name":"Living Wall","player_choice":"Change","floor":2.0,"gold_loss":0.0,"damage_taken":0.0,"cards_obtained":["Dagger Throw"]},{"damage_healed":0.0,"max_hp_gain":0.0,"max_hp_loss":0.0,"gold_gain":150.0,"event_name":"Liars Game","player_choice":"AGREE","floor":3.0,"gold_loss":0.0,"damage_taken":0.0,"cards_obtained":["Doubt"]},{"damage_healed":0.0,"max_hp_gain":0.0,"max_hp_loss":0.0,"gold_gain":0.0,"event_name":"Lab","player_choice":"Got Potions","floor":4.0,"gold_loss":0.0,"damage_taken":0.0},{"cards_removed":["Poisoned Stab"],"damage_healed":0.0,"max_hp_gain":0.0,"max_hp_loss":0.0,"gold_gain":0.0,"event_name":"Beggar","player_choice":"Gave Gold","floor":19.0,"gold_loss":75.0,"damage_taken":0.0},{"damage_healed":0.0,"max_hp_gain":5.0,"max_hp_loss":0.0,"gold_gain":0.0,"event_name":"Forgotten Altar","player_choice":"Shed Blood","floor":21.0,"gold_loss":0.0,"damage_taken":23.0},{"damage_healed":0.0,"max_hp_gain":0.0,"max_hp_loss":0.0,"gold_gain":0.0,"event_name":"Ghosts","player_choice":"Ignored","floor":22.0,"gold_loss":0.0,"damage_taken":0.0},{"damage_healed":0,"gold_gain":0,"player_choice":"Fight","damage_taken":0,"max_hp_gain":0,"max_hp_loss":0,"event_name":"Colosseum","floor":30,"gold_loss":0},{"damage_healed":0,"gold_gain":0,"player_choice":"Fought Nobs","damage_taken":0,"max_hp_gain":0,"max_hp_loss":0,"event_name":"Colosseum","floor":30,"gold_loss":0},{"damage_healed":0,"gold_gain":0,"player_choice":"Ignored","damage_taken":0,"max_hp_gain":0,"max_hp_loss":0,"event_name":"Tomb of Lord Red Mask","floor":37,"gold_loss":0},{"damage_healed":0,"gold_gain":0,"player_choice":"Memory 1","damage_taken":0,"max_hp_gain":0,"max_hp_loss":0,"event_name":"SensoryStone","floor":45,"gold_loss":0}],"is_beta":false,"boss_relics":[{"not_picked":["Runic Dome","SlaversCollar"],"picked":"Sozu"},{"not_picked":["Fusion Hammer","Black Star"],"picked":"HoveringKite"}],"items_purged_floors":[12],"is_endless":false,"potions_floor_spawned":[1,5,24,25,31,33,38,41,46],"ascension_level":18}}