{"host":"c6u7e77myxvw4d0m","time":1610513907,"event":{"mods":["AchievementEnabler","BaseMod","Bestiary","Colored Map","Colored Powertips","Minty Spire (QoL Compilation)","Rare Cards Sparkle","Relic Stats","everything is the same but u backflip on backflip"],"gold_per_floor":[110,110,122,135,135,135,179,197,197,232,247,247,286,311,311,442,442,461,476,5,23,23,23,56,56,124,22,56,76,97,117,117,237,237,251,251,275,608,404,404,436,37,89,122,134,149,178,178,178,178,178,178,5,30,30,30],"floor_reached":55,"language":"ENG","playtime":13049,"items_purged":["Strike_G","Strike_G"],"score":1357,"play_id":"3ba7349c-023e-486b-bfc1-4fd03f03680a","local_time":"20210113065827","is_ascension_mode":true,"campfire_choices":[{"data":"Prepared","floor":12.0,"key":"SMITH"},{"floor":15.0,"key":"REST"},{"data":"Noxious Fumes","floor":23.0,"key":"SMITH"},{"data":"Eviscerate","floor":25.0,"key":"SMITH"},{"floor":32.0,"key":"REST"},{"data":"Catalyst","floor":40,"key":"SMITH"},{"floor":49,"key":"RECALL"},{"data":"Burst","floor":52,"key":"SMITH"}],"circlet_count":0,"master_deck":["AscendersBane","Defend_G","Defend_G","Defend_G","Defend_G","Survivor","Neutralize","Eviscerate+1","Leg Sweep","Prepared+1","Die Die Die","After Image","Acrobatics","Well Laid Plans","Deadly Poison","Terror","Underhanded Strike","A Thousand Cuts","Catalyst+1","PiercingWail","Concentrate","Noxious Fumes+1","Blur+1","Reflex","PiercingWail","Crippling Poison","Underhanded Strike","Burst+1","Tactician+1","Deflect+1","Catalyst","Noxious Fumes","Magnetism","Catalyst","Dodge and Roll+1","Dodge and Roll+1","Bandage Up","Discovery","Finesse","Night Terror","Deflect"],"relics":["Ring of the Serpent","Oddly Smooth Stone","TungstenRod","Gremlin Horn","Letter Opener","Potion Belt","Bronze Scales","TwistedFunnel","Enchiridion","Pantograph","Kunai","Happy Flower","Empty Cage","MealTicket","Toolbox","White Beast Statue","Regal Pillow","Anchor"],"acts_visited":["Exordium","TheCity","TheBeyond","TheEnding"],"potions_floor_usage":[44,50,50,54,54,55],"damage_taken":[{"damage":3.0,"enemies":"Small Slimes","floor":1.0,"turns":3.0},{"damage":0.0,"enemies":"Cultist","floor":3.0,"turns":4.0},{"damage":0.0,"enemies":"Jaw Worm","floor":4.0,"turns":6.0},{"damage":6.0,"enemies":"3 Sentries","floor":7.0,"turns":9.0},{"damage":0.0,"enemies":"Red Slaver","floor":8.0,"turns":4.0},{"damage":4.0,"enemies":"Gremlin Nob","floor":10.0,"turns":5.0},{"damage":0.0,"enemies":"Lots of Slimes","floor":11.0,"turns":2.0},{"damage":12.0,"enemies":"Lagavulin","floor":13.0,"turns":7.0},{"damage":0.0,"enemies":"2 Fungi Beasts","floor":14.0,"turns":2.0},{"damage":14.0,"enemies":"The Guardian","floor":16.0,"turns":8.0},{"damage":15.0,"enemies":"Spheric Guardian","floor":18.0,"turns":6.0},{"damage":4.0,"enemies":"3 Byrds","floor":19.0,"turns":5.0},{"damage":1.0,"enemies":"Cultist and Chosen","floor":21.0,"turns":8.0},{"damage":0.0,"enemies":"Book of Stabbing","floor":24.0,"turns":7.0},{"damage":4.0,"enemies":"Slavers","floor":28.0,"turns":6.0},{"damage":0.0,"enemies":"Snecko","floor":29.0,"turns":4.0},{"damage":4.0,"enemies":"Centurion and Healer","floor":30.0,"turns":7.0},{"damage":1.0,"enemies":"3 Cultists","floor":31.0,"turns":5.0},{"damage":61.0,"enemies":"Champ","floor":33.0,"turns":14.0},{"damage":0,"enemies":"3 Darklings","floor":35,"turns":5},{"damage":1,"enemies":"3 Shapes","floor":37,"turns":6},{"damage":29,"enemies":"Giant Head","floor":41,"turns":8},{"damage":1,"enemies":"Reptomancer","floor":44,"turns":6},{"damage":13,"enemies":"Transient","floor":45,"turns":5},{"damage":0,"enemies":"Maw","floor":46,"turns":5},{"damage":6,"enemies":"Nemesis","floor":47,"turns":7},{"damage":20,"enemies":"Donu and Deca","floor":50,"turns":10},{"damage":60,"enemies":"Shield and Spear","floor":54,"turns":8},{"damage":49,"enemies":"The Heart","floor":55,"turns":3}],"seed_played":"-579024946414177069","potions_obtained":[{"floor":1.0,"key":"Block Potion"},{"floor":3.0,"key":"DuplicationPotion"},{"floor":7.0,"key":"Fruit Juice"},{"floor":14.0,"key":"CultistPotion"},{"floor":16.0,"key":"BlessingOfTheForge"},{"floor":18.0,"key":"Fire Potion"},{"floor":21.0,"key":"GhostInAJar"},{"floor":29.0,"key":"SteroidPotion"},{"floor":33.0,"key":"Dexterity Potion"},{"floor":37,"key":"Poison Potion"},{"floor":45,"key":"CunningPotion"},{"floor":46,"key":"Energy Potion"},{"floor":47,"key":"PowerPotion"},{"floor":54,"key":"Explosive Potion"}],"is_trial":false,"path_per_floor":["M","?","M","M","?","?","E","M","T","E","M","R","E","M","R","B",null,"M","M","$","M","?","R","E","R","T","$","E","M","M","M","R","B",null,"M","?","M","?","$","R","E","$","T","E","M","M","E","?","R","B",null,"R","$","E","B"],"character_chosen":"THE_SILENT","items_purchased":["Concentrate","Bronze Scales","Noxious Fumes","TwistedFunnel","PiercingWail","Block Potion","Catalyst","Noxious Fumes","Toolbox","Magnetism","LiquidBronze","Night Terror","Energy Potion","Deflect"],"campfire_rested":2,"item_purchase_floors":[20,20,20,20,27,27,39,39,42,42,42,53,53,53],"current_hp_per_floor":[60,60,60,60,43,43,37,37,37,33,33,33,21,21,42,33,65,50,46,46,45,33,33,33,33,33,33,29,29,25,24,46,10,59,59,59,58,58,58,58,29,44,44,43,30,30,24,15,15,24,62,62,75,19,0,0],"gold":30,"neow_bonus":"RANDOM_COMMON_RELIC","is_daily":false,"chose_seed":false,"campfire_upgraded":5,"win_rate":0.0,"timestamp":1610513907,"path_taken":["M","?","?","M","?","?","E","M","T","E","?","R","E","M","R","BOSS","M","M","$","?","?","R","E","R","T","$","E","M","M","M","R","BOSS","M","?","M","?","$","R","E","$","T","E","M","M","E","?","R","BOSS","R","$","E","BOSS"],"items_purchased_type":["Card","Relic","Card","Relic","Card","Potion","Card","Card","Relic","Card","Potion","Card","Potion","Card"],"build_version":"2020-12-22","purchased_purges":2,"victory":false,"max_hp_per_floor":[70,70,70,70,70,70,70,70,70,70,70,70,70,70,70,75,75,75,75,75,75,75,75,75,75,75,75,75,75,75,75,75,75,75,75,75,75,75,75,75,75,75,75,75,75,75,75,75,75,75,75,75,75,75,75,75],"relic_stats":{"Regal Pillow":0,"Gremlin Horn":[21,21],"Happy Flower":[31],"counters":[29,175],"Bronze Scales":[384],"Pantograph":75,"MealTicket":28,"Letter Opener":[398],"Kunai":[6],"obtain_stats":[{"Potion Belt":13,"TwistedFunnel":20,"Regal Pillow":47,"Gremlin Horn":9,"Happy Flower":28,"Golden Idol":5,"Oddly Smooth Stone":0,"Enchiridion":22,"Letter Opener":10,"Empty Cage":34,"White Beast Statue":44,"Anchor":54,"Bronze Scales":20,"Pantograph":24,"Toolbox":42,"MealTicket":41,"Kunai":26,"TungstenRod":7,"Ring of the Serpent":17,"Ring of the Snake":0},{"Potion Belt":8,"TwistedFunnel":12,"Regal Pillow":26,"Gremlin Horn":5,"Happy Flower":15,"Golden Idol":3,"Oddly Smooth Stone":0,"Enchiridion":13,"Letter Opener":6,"Empty Cage":19,"White Beast Statue":23,"Anchor":28,"Bronze Scales":12,"Pantograph":14,"Toolbox":22,"MealTicket":22,"Kunai":14,"TungstenRod":4,"Ring of the Serpent":10,"Ring of the Snake":0},{"Potion Belt":40,"TwistedFunnel":61,"Regal Pillow":154,"Gremlin Horn":26,"Happy Flower":82,"Golden Idol":13,"Oddly Smooth Stone":0,"Enchiridion":69,"Letter Opener":31,"Empty Cage":112,"White Beast Statue":137,"Anchor":172,"Bronze Scales":61,"Pantograph":76,"Toolbox":131,"MealTicket":131,"Kunai":76,"TungstenRod":22,"Ring of the Serpent":50,"Ring of the Snake":0}],"TungstenRod":61},"card_choices":[{"not_picked":["Bouncing Flask","PiercingWail"],"picked":"Eviscerate","floor":1.0},{"not_picked":["Bane","PiercingWail"],"picked":"Leg Sweep","floor":3.0},{"not_picked":["Deflect","Reflex"],"picked":"Prepared","floor":4.0},{"not_picked":["Crippling Poison","Deadly Poison"],"picked":"After Image","floor":7.0},{"not_picked":["PiercingWail","Deadly Poison"],"picked":"Acrobatics","floor":8.0},{"not_picked":["Glass Knife","Riddle With Holes"],"picked":"Well Laid Plans","floor":10.0},{"not_picked":["Flying Knee","Dodge and Roll"],"picked":"Deadly Poison","floor":11.0},{"not_picked":["Leg Sweep","Acrobatics"],"picked":"Terror","floor":13.0},{"not_picked":["Deadly Poison","Cloak And Dagger"],"picked":"Underhanded Strike","floor":14.0},{"not_picked":["Bullet Time","Burst"],"picked":"A Thousand Cuts","floor":16.0},{"not_picked":["Flechettes","Eviscerate"],"picked":"Catalyst","floor":18.0},{"not_picked":["Setup","Poisoned Stab"],"picked":"PiercingWail","floor":19.0},{"not_picked":["All Out Attack","PiercingWail"],"picked":"Blur+1","floor":21.0},{"not_picked":["Grand Finale","Glass Knife"],"picked":"Reflex","floor":24.0},{"not_picked":["Skewer","Acrobatics"],"picked":"Crippling Poison","floor":28.0},{"not_picked":["Dagger Throw","Prepared","Setup+1"],"picked":"SKIP","floor":29.0},{"not_picked":["Poisoned Stab","Dagger Spray"],"picked":"Underhanded Strike","floor":30.0},{"not_picked":["Riddle With Holes","Well Laid Plans","Choke"],"picked":"SKIP","floor":31.0},{"not_picked":["Phantasmal Killer","Bullet Time"],"picked":"Burst","floor":33.0},{"not_picked":["Deflect+1","Expertise"],"picked":"Tactician+1","floor":35},{"not_picked":["Backflip","PiercingWail"],"picked":"Deflect+1","floor":37},{"not_picked":["Flying Knee+1","Underhanded Strike","Storm of Steel"],"picked":"SKIP","floor":41},{"not_picked":["Leg Sweep","Underhanded Strike+1"],"picked":"Catalyst","floor":44},{"not_picked":["PiercingWail","Underhanded Strike"],"picked":"Dodge and Roll+1","floor":45},{"not_picked":["Backflip","Outmaneuver","Backstab"],"picked":"SKIP","floor":46},{"not_picked":["Underhanded Strike","Envenom"],"picked":"Dodge and Roll+1","floor":47},{"not_picked":["Thinking Ahead","Flash of Steel"],"picked":"Bandage Up","floor":48},{"not_picked":["Mayhem","Trip"],"picked":"Discovery","floor":48},{"not_picked":["Mind Blast","Mayhem"],"picked":"Finesse","floor":48},{"not_picked":["Backstab","Poisoned Stab","Distraction"],"picked":"SKIP","floor":54}],"player_experience":348307,"relics_obtained":[{"floor":7.0,"key":"TungstenRod"},{"floor":9.0,"key":"Gremlin Horn"},{"floor":10.0,"key":"Letter Opener"},{"floor":13.0,"key":"Potion Belt"},{"floor":22.0,"key":"Enchiridion"},{"floor":24.0,"key":"Pantograph"},{"floor":26.0,"key":"Kunai"},{"floor":28.0,"key":"Happy Flower"},{"floor":41,"key":"MealTicket"},{"floor":44,"key":"White Beast Statue"},{"floor":47,"key":"Regal Pillow"},{"floor":54,"key":"Anchor"}],"event_choices":[{"cards_removed":["Strike_G"],"damage_healed":0.0,"max_hp_gain":0.0,"max_hp_loss":0.0,"gold_gain":0.0,"event_name":"Purifier","player_choice":"Purged","floor":2.0,"gold_loss":0.0,"damage_taken":0.0},{"damage_healed":0.0,"max_hp_gain":0.0,"max_hp_loss":0.0,"gold_gain":0.0,"event_name":"Golden Idol","player_choice":"Take Damage","floor":5.0,"gold_loss":0.0,"damage_taken":17.0,"relics_obtained":["Golden Idol"]},{"damage_healed":0.0,"max_hp_gain":0.0,"max_hp_loss":0.0,"gold_gain":0.0,"event_name":"Match and Keep!","player_choice":"1 cards matched","floor":6.0,"gold_loss":0.0,"damage_taken":0.0,"cards_obtained":["Die Die Die"]},{"damage_healed":0.0,"max_hp_gain":0.0,"max_hp_loss":0.0,"gold_gain":0.0,"event_name":"Cursed Tome","player_choice":"Obtained Book","floor":22.0,"gold_loss":0.0,"damage_taken":16.0},{"cards_removed":["Defend_G"],"damage_healed":0,"gold_gain":0,"player_choice":"Removed Skill","damage_taken":0,"max_hp_gain":0,"max_hp_loss":0,"event_name":"Falling","floor":36,"gold_loss":0},{"damage_healed":0,"gold_gain":333,"player_choice":"Gave Idol","damage_taken":0,"max_hp_gain":0,"max_hp_loss":0,"event_name":"The Moai Head","floor":38,"relics_lost":["Golden Idol"],"gold_loss":0},{"damage_healed":0,"gold_gain":0,"player_choice":"Memory 3","damage_taken":10,"max_hp_gain":0,"max_hp_loss":0,"event_name":"SensoryStone","floor":48,"gold_loss":0}],"is_beta":false,"boss_relics":[{"not_picked":["Runic Dome","WristBlade"],"picked":"Ring of the Serpent"},{"not_picked":["Astrolabe","Philosopher\u0027s Stone"],"picked":"Empty Cage"}],"items_purged_floors":[20,39],"is_endless":false,"potions_floor_spawned":[1,3,7,14,16,18,21,29,33,37,45,46,47,54],"killed_by":"The Heart","ascension_level":12}}