{"host":"i9h64q9gphvrup4n","time":1610563968,"event":{"mods":["2.2 Compatiblity","AchievementEnabler","Aspiration","Astrologer","Bard","BaseMod","Beaked The Cultist","BetterRewards","Colored Powertips","Conspire","Downfall","Gremlin Mod","Hermit","Hubris","Infinite Spire","Jorbs\u0027s Wanderer Trilogy","Minty Spire (QoL Compilation)","Replay The Spire","Shop Mod","StSLib","SuperFastMode","The Blackbeard","The Bladedancer","The Bug Knight","The Construct","The Cursed","The Disciple","The Hierophant","The Jungle","The Necromancer","The Runesmith","The Wild Card","slay the spire mod where everything is the same but ironclad has a cowboy hat","vexMod"],"gold_per_floor":[111,111,128,128,128,159,179,104,104,131,131,131,156,156,156,187,187,261,261,274,199,199,199,199,234,248,280,306,306,306],"floor_reached":29,"language":"ENG","playtime":664,"items_purged":["Languid"],"score":543,"play_id":"37be19a8-2b34-4d2a-96a8-590aabb0f58d","local_time":"20210113125248","is_ascension_mode":true,"campfire_choices":[{"floor":12,"key":"REST"}],"circlet_count":0,"master_deck":["AscendersBane","Strike_W","Strike_W","Defend_W","Defend_W","Defend_W","Defend_W","Negative_Energy_Arrows","Bone_Wall","Necrotic_Claws","Shackles_Of_Pain","infinitespire:DeathsTouch","Streamline+1","Gash","Gash","Ball Lightning","Cloudkill","Summon_Vampire_Lady","Death_March_Dance+1","infinitespire:Gouge","infinitespire:Starlight","Summon_Lich"],"relics":["Vampire_Amulet","NeowsBlessing","hubris:DisguiseKit","infinitespire:WardingShard","vexMod:PlasmaPancake","vexMod:FocusSash","Pantograph","infinitespire:Beetle Shell","ReplayTheSpireMod:Lightbulb","conspire:RunicOctahedron","hubris:Towel","CaptainsWheel","Guardian:PocketSentry","Happy Flower"],"acts_visited":["Exordium","TheCity"],"potions_floor_usage":[27,27],"damage_taken":[{"damage":0,"enemies":"2 Louse","floor":1,"turns":2},{"damage":0,"enemies":"Cultist","floor":3,"turns":1},{"damage":0,"enemies":"3 Sentries","floor":6,"turns":2},{"damage":4,"enemies":"Jaw Worm","floor":7,"turns":3},{"damage":28,"enemies":"Lagavulin","floor":10,"turns":5},{"damage":10,"enemies":"3 Sentries","floor":13,"turns":3},{"damage":21,"enemies":"Gremlin Nob","floor":16,"turns":3},{"damage":51,"enemies":"Hexaghost","floor":18,"turns":8},{"damage":2,"enemies":"Chosen","floor":20,"turns":4},{"damage":41,"enemies":"Slavers","floor":25,"turns":3},{"damage":43,"enemies":"Shell Parasite","floor":26,"turns":5},{"damage":49,"enemies":"Book of Stabbing","floor":27,"turns":5},{"damage":12,"enemies":"3 Cultists","floor":29,"turns":2}],"seed_played":"7290435172757236046","potions_obtained":[{"floor":1,"key":"DuplicationPotion"},{"floor":16,"key":"champ:CounterPotion"}],"is_trial":false,"path_per_floor":["M","?","M","?","?","E","M","$","T","E","$","R","E","PTL","PTL","E","R","B",null,"M","?","?","AVR","?","E","M","E","T","M"],"character_chosen":"NECROMANCER","items_purchased":[],"campfire_rested":1,"item_purchase_floors":[],"current_hp_per_floor":[68,68,70,70,54,60,58,58,64,38,38,61,57,57,57,38,61,28,65,74,74,74,74,74,49,30,3,3,0,0],"gold":306,"neow_bonus":"THREE_ENEMY_KILL","is_daily":false,"chose_seed":false,"campfire_upgraded":0,"win_rate":0.0,"timestamp":1610563968,"path_taken":["M","?","?","?","?","E","M","?","T","E","$","R","E","PTL","PTL","E","R","BOSS","M","?","?","AVR","?","E","M","E","T","M"],"items_purchased_type":[],"build_version":"2020-12-22","purchased_purges":1,"victory":false,"max_hp_per_floor":[71,71,71,71,71,71,71,71,77,77,77,77,77,77,77,77,77,77,77,77,77,77,77,77,77,77,77,77,77,77],"card_choices":[{"not_picked":["Slay_Living","Negative_Energy_Javelin"],"picked":"Necrotic_Claws","floor":1},{"not_picked":["Chill_Blood","Bones_to_Steel"],"picked":"Shackles_Of_Pain","floor":3},{"not_picked":["infinitespire:FutureSight","ReplayTheSpireMod:Haul"],"picked":"infinitespire:DeathsTouch","floor":5},{"not_picked":["Shackles_Of_Pain","Thousand_Bone_Knives","Finger_Of_Death"],"picked":"Streamline","floor":6},{"not_picked":["Necrotic_Claws","Shackles_Of_Pain","Spectral_Walk"],"picked":"Gash","floor":7},{"not_picked":["Grasp_Heart","Thousand_Bone_Knives","Epidemic"],"picked":"Gash","floor":10},{"not_picked":["Negative_Energy_Javelin","Acid_Javelin","Bones_to_Steel"],"picked":"Ball Lightning","floor":13},{"not_picked":["Bone_Spikes","Blood_Whip","Tempest"],"picked":"Cloudkill","floor":16},{"not_picked":["Requiem","Detonate_Bones","Meteor Strike"],"picked":"Summon_Vampire_Lady","floor":18},{"not_picked":["Scare","Bone_Shift","ReplayTheSpireMod:Repulse"],"picked":"Death_March_Dance+1","floor":20},{"not_picked":["Finger_Of_Death+1","Detonate_Bones","Static Discharge"],"picked":"Summon_Lich","floor":25},{"not_picked":["Shackles_Of_Pain","Death_Knell","Consume_Illness","Conserve Battery"],"picked":"SKIP","floor":26},{"not_picked":["Exploit","Blood_for_Blood","Blood_Curse+1","Skim"],"picked":"SKIP","floor":27}],"player_experience":727805,"relics_obtained":[{"floor":6,"key":"infinitespire:WardingShard"},{"floor":9,"key":"vexMod:PlasmaPancake"},{"floor":10,"key":"vexMod:FocusSash"},{"floor":13,"key":"Pantograph"},{"floor":16,"key":"infinitespire:Beetle Shell"},{"floor":25,"key":"CaptainsWheel"},{"floor":27,"key":"Guardian:PocketSentry"},{"floor":28,"key":"Happy Flower"}],"event_choices":[{"cards_removed":["Strike_W"],"damage_healed":0,"gold_gain":0,"player_choice":"Offered Basic","damage_taken":0,"max_hp_gain":0,"max_hp_loss":0,"event_name":"Bonfire Elementals","floor":2,"gold_loss":0},{"cards_removed":["Strike_W"],"damage_healed":0,"gold_gain":0,"player_choice":"Gave Gold","damage_taken":0,"max_hp_gain":0,"max_hp_loss":0,"event_name":"Beggar","floor":21,"gold_loss":75},{"damage_healed":0,"gold_gain":0,"player_choice":"Ignored","damage_taken":0,"max_hp_gain":0,"max_hp_loss":0,"event_name":"Vampires","floor":22,"gold_loss":0}],"is_beta":false,"boss_relics":[{"not_picked":[]}],"items_purged_floors":[8],"is_endless":false,"potions_floor_spawned":[1,16,18],"killed_by":"3 Cultists","ascension_level":15}}