{"host":"l7l2v2zs4hqku4vk","time":1610540399,"event":{"mods":["Act Like it!","BaseMod","Colored Powertips","Highlight Path","Minty Spire (QoL Compilation)","Replay The Spire","RumiaBox-露米娅的神秘盒子","StSLib","TestMod","The Servant 0.9.4","篝火指南"],"gold_per_floor":[17,17,17,17,48,48,68,68,68,68,87,107,32,44,44,115,115,136,536,536,559,609,609,212,254,254,298,321,346,368,243,243,335,335,365,365,385,414,438,484,505,505,528,582,582,601,656,689,206,254,294,294,294,43,89,162],"floor_reached":57,"language":"ZHS","playtime":2400,"items_purged":["testmod-Envy","Strike_R+1","Strike_R+1","Pain"],"score":2819,"play_id":"0419360c-c195-417f-a2d3-85f1baac2cf4","local_time":"20210113201959","is_ascension_mode":true,"campfire_choices":[{"data":"Armaments","floor":6,"key":"SMITH"},{"floor":8,"key":"REST"},{"floor":15,"key":"REST"},{"data":"Body Slam","floor":23,"key":"SMITH"},{"data":"Immolate","floor":32,"key":"SMITH"},{"floor":42,"key":"RECALL"},{"data":"Demon Form","floor":53,"key":"SMITH"}],"circlet_count":0,"master_deck":["AscendersBane","Strike_R+1","Strike_R+1","Defend_R+1","Defend_R+1","Defend_R+1","Defend_R+1","Bash","testmod-TaurusBlackCat","Armaments+1","Seeing Red","Metallicize","Body Slam+1","Pommel Strike","Double Tap","Reckless Charge","Shrug It Off","Immolate+1","Warcry+1","Demon Form","Cleave","Demon Form+1","Rage","Whirlwind","Specialist"],"relics":["Burning Blood","testmod-TestBox","CaptainsWheel","InkBottle","Mummified Hand","testmod-DeterminationOfClimber","ReplayTheSpireMod:TigerMarble","testmod-Hope","Kunai","Pocketwatch","Snecko Heart","Bronze Scales","testmod-Acrobat","Quantum Egg","WarpedTongs","King of Hearts","Nunchaku","Bag of Preparation","Ccalipers","Anchor"],"acts_visited":["Exordium","TheCity","TheBeyond","TheEnding"],"potions_floor_usage":[12,14,33,56,56],"damage_taken":[{"damage":0,"enemies":"2 Louse","floor":1,"turns":1},{"damage":2,"enemies":"Small Slimes","floor":7,"turns":2},{"damage":28,"enemies":"Jaw Worm","floor":11,"turns":6},{"damage":4,"enemies":"Looter","floor":12,"turns":3},{"damage":24,"enemies":"Gremlin Gang","floor":14,"turns":5},{"damage":2,"enemies":"Slime Boss","floor":16,"turns":4},{"damage":13,"enemies":"Spheric Guardian","floor":18,"turns":5},{"damage":0,"enemies":"Book of Stabbing","floor":25,"turns":4},{"damage":1,"enemies":"Slavers","floor":27,"turns":3},{"damage":15,"enemies":"Shell Parasite","floor":28,"turns":3},{"damage":0,"enemies":"3 Cultists","floor":29,"turns":3},{"damage":0,"enemies":"Chosen and Byrds","floor":30,"turns":2},{"damage":1,"enemies":"Champ","floor":33,"turns":3},{"damage":0,"enemies":"3 Shapes","floor":35,"turns":1},{"damage":0,"enemies":"Orb Walker","floor":37,"turns":1},{"damage":0,"enemies":"Jaw Worm Horde","floor":38,"turns":1},{"damage":0,"enemies":"Sphere and 2 Shapes","floor":39,"turns":1},{"damage":0,"enemies":"R_Hoarder","floor":40,"turns":2},{"damage":0,"enemies":"3 Darklings","floor":41,"turns":1},{"damage":0,"enemies":"Giant Head","floor":44,"turns":1},{"damage":7,"enemies":"4 Shapes","floor":46,"turns":1},{"damage":8,"enemies":"Nemesis","floor":47,"turns":2},{"damage":0,"enemies":"Spire Growth","floor":48,"turns":1},{"damage":0,"enemies":"Replay:Hell Engine","floor":50,"turns":1},{"damage":0,"enemies":"Awakened One","floor":51,"turns":3},{"damage":0,"enemies":"Shield and Spear","floor":55,"turns":1},{"damage":10,"enemies":"The Heart","floor":56,"turns":4}],"seed_played":"-6526380880489192073","potions_obtained":[{"floor":11,"key":"Block Potion"},{"floor":12,"key":"LiquidMemories"},{"floor":18,"key":"Weak Potion"},{"floor":27,"key":"Strength Potion"},{"floor":35,"key":"SteroidPotion"}],"is_trial":false,"path_per_floor":["M","?","$","?","?","R","M","R","T","T","M","M","$","M","R","B",null,"M","?","?","T","?","R","$","E","T","E","M","M","M","$","R","B",null,"M","?","M","M","M","E","M","R","T","E","?","M","E","M","R","B","B",null,"R","$","E","B",null],"character_chosen":"IRONCLAD","items_purchased":["testmod-Hope","Shrug It Off","Nunchaku","Bag of Preparation","Whirlwind","Ccalipers"],"campfire_rested":2,"item_purchase_floors":[24,24,49,49,54,54],"current_hp_per_floor":[122,122,122,85,36,36,40,76,76,76,54,56,56,38,74,78,112,108,108,108,108,108,108,108,122,122,123,117,123,123,123,123,123,123,123,123,123,123,123,123,123,123,123,123,123,123,123,123,123,123,123,123,123,123,123,121],"gold":162,"neow_bonus":"RANDOM_COLORLESS_2","is_daily":false,"chose_seed":false,"campfire_upgraded":4,"win_rate":0.0,"timestamp":1610540399,"path_taken":["M","?","$","?","?","R","M","R","T","?","?","M","?","M","R","BOSS","M","?","?","?","?","R","$","E","T","E","M","M","M","$","R","BOSS","M","?","M","?","M","E","M","R","T","E","?","M","E","M","R","BOSS","BOSS","R","$","E","BOSS"],"items_purchased_type":["Relic","Card","Relic","Relic","Card","Relic"],"build_version":"2020-12-22","purchased_purges":4,"victory":true,"max_hp_per_floor":[123,123,123,123,123,123,123,123,123,123,123,123,123,123,123,123,123,123,123,123,123,123,123,123,123,123,123,123,123,123,123,123,123,123,123,123,123,123,123,123,123,123,123,123,123,123,123,123,123,123,123,123,123,123,123,123],"card_choices":[{"not_picked":["testmod-ChaoticCore","testmod-Dream"],"picked":"testmod-TaurusBlackCat","floor":0},{"not_picked":["Sword Boomerang","ReplayTheSpireMod:Stacked"],"picked":"Armaments","floor":1},{"not_picked":["Wild Strike","Warcry"],"picked":"Seeing Red","floor":7},{"not_picked":["Rampage","Wild Strike"],"picked":"Metallicize","floor":11},{"not_picked":["Heavy Blade","ReplayTheSpireMod:LeadingStrike"],"picked":"Body Slam","floor":12},{"not_picked":["Inflame","Twin Strike"],"picked":"Pommel Strike","floor":14},{"not_picked":["Bludgeon","Berserk"],"picked":"Double Tap","floor":16},{"not_picked":["Metallicize+1","Sword Boomerang"],"picked":"Reckless Charge","floor":18},{"not_picked":["Thunderclap","Searing Blow"],"picked":"Immolate","floor":25},{"not_picked":["ReplayTheSpireMod:Corrosion Curse","Armaments"],"picked":"Warcry+1","floor":27},{"not_picked":["Sentinel","Run Through","Feel No Pain"],"picked":"SKIP","floor":28},{"not_picked":["Fire Breathing","Replay:Undeath\u0027s Touch","Heavy Blade"],"picked":"SKIP","floor":29},{"not_picked":["Disarm","True Grit","Abandon"],"picked":"SKIP","floor":30},{"not_picked":["Corruption","Limit Break"],"picked":"Demon Form","floor":33},{"not_picked":["Perfected Strike","Warcry","Armaments"],"picked":"SKIP","floor":35},{"not_picked":["ReplayTheSpireMod:Muscle Training","Flex","Perfected Strike+1"],"picked":"SKIP","floor":37},{"not_picked":["Bloodletting","Impervious","Sword Boomerang"],"picked":"SKIP","floor":38},{"not_picked":["Clothesline","Intimidate","True Grit"],"picked":"SKIP","floor":39},{"not_picked":["Clothesline","Demon Form","Run Through"],"picked":"SKIP","floor":40},{"not_picked":["Clothesline","Run Through"],"picked":"Demon Form","floor":40},{"not_picked":["Sword Boomerang","Havoc+1","Thunderclap"],"picked":"SKIP","floor":41},{"not_picked":["Sword Boomerang","True Grit"],"picked":"Rage","floor":44},{"not_picked":["Thunderclap+1","Pommel Strike","Carnage+1"],"picked":"SKIP","floor":46},{"not_picked":["Combust","Inflame","Clothesline"],"picked":"SKIP","floor":47},{"not_picked":["Rupture","Warcry","Flex"],"picked":"SKIP","floor":48},{"not_picked":["Wild Strike","Intimidate","Headbutt"],"picked":"SKIP","floor":55}],"player_experience":1696963,"relics_obtained":[{"floor":5,"key":"CaptainsWheel"},{"floor":9,"key":"InkBottle"},{"floor":10,"key":"Mummified Hand"},{"floor":21,"key":"ReplayTheSpireMod:TigerMarble"},{"floor":25,"key":"Kunai"},{"floor":27,"key":"Pocketwatch"},{"floor":40,"key":"Bronze Scales"},{"floor":43,"key":"testmod-Acrobat"},{"floor":44,"key":"Quantum Egg"},{"floor":47,"key":"King of Hearts"},{"floor":55,"key":"Anchor"}],"event_choices":[{"damage_healed":0,"gold_gain":0,"player_choice":"Ignored","damage_taken":0,"max_hp_gain":0,"max_hp_loss":0,"event_name":"给自己的盒子","floor":2,"gold_loss":0},{"damage_healed":0,"gold_gain":0,"player_choice":"Entered Light","damage_taken":37,"max_hp_gain":0,"max_hp_loss":0,"event_name":"Shining Light","floor":4,"gold_loss":0,"cards_upgraded":["Strike_R","Defend_R"]},{"damage_healed":0,"gold_gain":400,"player_choice":"Sell","damage_taken":0,"max_hp_gain":0,"max_hp_loss":0,"event_name":"恩洛斯的盘子","floor":19,"relics_lost":["testmod-SevenDeadlySins"],"gold_loss":0},{"damage_healed":0,"gold_gain":0,"player_choice":"Simplicity","damage_taken":0,"max_hp_gain":0,"max_hp_loss":0,"event_name":"Back to Basics","floor":20,"gold_loss":0,"cards_upgraded":["Strike_R","Strike_R","Strike_R","Strike_R","Defend_R","Defend_R","Defend_R"]},{"damage_healed":0,"gold_gain":50,"player_choice":"Stole From Cult","damage_taken":0,"max_hp_gain":0,"max_hp_loss":0,"event_name":"Nest","floor":22,"gold_loss":0},{"damage_healed":0,"gold_gain":0,"cards_transformed":["Strike_R"],"player_choice":"Transformed","damage_taken":0,"max_hp_gain":0,"max_hp_loss":0,"event_name":"Transmorgrifier","floor":36,"gold_loss":0,"cards_obtained":["Cleave"]},{"damage_healed":0,"gold_gain":0,"player_choice":"Rummage","damage_taken":0,"relics_obtained":["WarpedTongs"],"max_hp_gain":0,"max_hp_loss":0,"event_name":"Accursed Blacksmith","floor":45,"gold_loss":0,"cards_obtained":["Pain"]}],"is_beta":false,"boss_relics":[{"not_picked":["Black Blood","Busted Crown"],"picked":"testmod-DeterminationOfClimber"},{"not_picked":["Runic Dome","Mark of Pain"],"picked":"Snecko Heart"}],"items_purged_floors":[13,24,31,49],"is_endless":false,"potions_floor_spawned":[11,12,18,27,29,30,35,38,41,44,55],"ascension_level":20}}