{"host":"rihxvzvzrfpivboj","time":1610562945,"event":{"mods":["Act Like it!","BaseMod","Better Third Choice","Block Reminder","Colored Map","Colored Powertips","GifTheSpireLib","Googly Eyes","Jorbs\u0027s Wanderer Trilogy","Keyboard Shortcuts","KomeijiMod","Minty Spire (QoL Compilation)","Quick Restart","Relic Sorter","StSLib","The Runesmith","Unceasing Turn Reminder","Waifu the Spire"],"gold_per_floor":[171,185,197,210,221,221,250,250,296,329,349,381,391,407,407,508,508,495,495,507,606,626,661,661,686,686,703,703,703],"floor_reached":28,"language":"ENG","playtime":2614,"items_purged":[],"score":298,"play_id":"77c5511e-95a8-4136-8a0a-e8d79f4369ba","local_time":"20210113193545","is_ascension_mode":true,"campfire_choices":[{"data":"Absorbed","floor":6.0,"key":"SMITH"},{"data":"TrickFate","floor":8.0,"key":"SMITH"},{"data":"CombatMeter","floor":15,"key":"SMITH"}],"circlet_count":0,"master_deck":["Absorbed+1","Scratch","FateConcerto+1","BloodCleaner","CombatMeter+1","DemonLordWalk","CurseofVladTepes","Culling","TrickFate+1","FateSonata","RocketKickup","BloodySuit+1","Feint","Coercion+1","BloodPact+1","RemiliaStretch_Remiria","Cripple","Exsanguinate","Coercion+1","BloodPact+1","StarOfDavid","Cripple","CruelSlaughter","FierceSweep","RocketKickup+1"],"relics":["ThirstyCrossSpe","Bottled Flame","Blood Vial","Toxic Egg 2","War Paint","Pandora\u0027s Box","Ornamental Fan","StrikeDummy","Centennial Puzzle","Singing Bowl"],"acts_visited":["Exordium","TheCity"],"potions_floor_usage":[14,20,23],"damage_taken":[{"damage":0.0,"enemies":"Jaw Worm","floor":1.0,"turns":4.0},{"damage":0.0,"enemies":"Cultist","floor":2.0,"turns":3.0},{"damage":1.0,"enemies":"Small Slimes","floor":3.0,"turns":3.0},{"damage":4.0,"enemies":"Gremlin Gang","floor":4.0,"turns":6.0},{"damage":4.0,"enemies":"Looter","floor":5.0,"turns":4.0},{"damage":14.0,"enemies":"Lagavulin","floor":7.0,"turns":7.0},{"damage":7.0,"enemies":"Gremlin Nob","floor":10.0,"turns":3.0},{"damage":0.0,"enemies":"2 Fungi Beasts","floor":11.0,"turns":3.0},{"damage":19.0,"enemies":"3 Sentries","floor":12.0,"turns":10.0},{"damage":1.0,"enemies":"Blue Slaver","floor":13.0,"turns":4.0},{"damage":14,"enemies":"Gremlin Gang","floor":14,"turns":6},{"damage":13,"enemies":"The Guardian","floor":16,"turns":9},{"damage":18,"enemies":"2 Thieves","floor":18,"turns":4},{"damage":4,"enemies":"3 Byrds","floor":20,"turns":7},{"damage":19,"enemies":"Snecko","floor":22,"turns":8},{"damage":21,"enemies":"Book of Stabbing","floor":23,"turns":5},{"damage":37,"enemies":"Gremlin Leader","floor":25,"turns":7},{"damage":13,"enemies":"3 Cultists","floor":27,"turns":4},{"damage":12,"enemies":"Book of Stabbing","floor":28,"turns":4}],"seed_played":"1568378112447554241","potions_obtained":[{"floor":1.0,"key":"LiquidMemories"},{"floor":4.0,"key":"Regen Potion"},{"floor":5.0,"key":"Ancient Potion"},{"floor":12.0,"key":"Swift Potion"},{"floor":13.0,"key":"GamblersBrew"},{"floor":16,"key":"PowerPotion"},{"floor":18,"key":"ColorlessPotion"},{"floor":23,"key":"LiquidBronze"}],"is_trial":false,"path_per_floor":["M","M","M","M","M","R","E","R","T","E","M","E","M","M","R","B",null,"M","?","M","?","M","E","?","E","T","M","E"],"character_chosen":"RemiriaScarlet","items_purchased":[],"campfire_rested":0,"item_purchase_floors":[],"current_hp_per_floor":[70,70,69,65,61,61,64,64,64,59,61,44,45,33,33,25,100,84,84,82,82,66,53,53,18,18,7,0,0],"gold":703,"neow_bonus":"THREE_RARE_CARDS","is_daily":false,"chose_seed":false,"campfire_upgraded":3,"win_rate":0.0,"timestamp":1610562945,"path_taken":["M","M","M","M","M","R","E","R","T","E","M","E","M","M","R","BOSS","M","?","?","?","M","E","?","E","T","M","E"],"items_purchased_type":[],"build_version":"2020-12-22","purchased_purges":0,"victory":false,"max_hp_per_floor":[100,100,100,100,100,100,100,100,100,100,100,100,100,100,100,100,100,100,100,100,100,100,100,100,100,100,100,100,100],"card_choices":[{"not_picked":["BombardNight","Septette"],"picked":"FateConcerto","floor":0.0},{"not_picked":["BloodCollect","DamonLordCradle_Remiria"],"picked":"BloodCleaner","floor":1.0},{"not_picked":["RocketKickup","YoungDemonLord"],"picked":"CombatMeter","floor":2.0},{"not_picked":["ServantFlier","YoungDemonLord"],"picked":"DemonLordWalk","floor":3.0},{"not_picked":["FastHealing","ThirstForBlood"],"picked":"CurseofVladTepes","floor":4.0},{"not_picked":["BodyStrengthen","ServantFlier"],"picked":"Culling","floor":5.0},{"not_picked":["DemonsDinnerFork_Remiria","FateEnsemble"],"picked":"TrickFate","floor":7.0},{"not_picked":["Rewrite+1","Paradox+1"],"picked":"FateSonata","floor":10.0},{"not_picked":["BloodCollect+1","Cripple","YoungDemonLord+1"],"picked":"SKIP","floor":11.0},{"not_picked":["FierceSweep","VampirishNight"],"picked":"RocketKickup","floor":12.0},{"not_picked":["StigmaNizer","BodyStrengthen+1"],"picked":"BloodySuit+1","floor":13.0},{"not_picked":["BloodPact+1","StigmaNizer"],"picked":"Feint","floor":14},{"not_picked":["StarOfDavid","BloodCoagulation"],"picked":"Coercion+1","floor":16},{"not_picked":["ScarletNetherworld+1","Exsanguinate","BloodCollect+1"],"picked":"SKIP","floor":18},{"not_picked":["ServantFlier+1","FierceSweep+1","BodyStrengthen+1"],"picked":"SKIP","floor":20},{"not_picked":["TrickFate+1","Cripple"],"picked":"CruelSlaughter","floor":22},{"not_picked":["DemonsDinnerFork_Remiria+1","BloodySuit+1","FastHealing+1"],"picked":"SKIP","floor":23},{"not_picked":["FateEnsemble+1","DoubleEdge","ServantFlier+1"],"picked":"SKIP","floor":25},{"not_picked":["RemiliaStretch_Remiria","FateEnsemble+1"],"picked":"RocketKickup+1","floor":27}],"player_experience":1055506,"relics_obtained":[{"floor":7.0,"key":"Bottled Flame"},{"floor":9.0,"key":"Blood Vial"},{"floor":10.0,"key":"Toxic Egg 2"},{"floor":12.0,"key":"War Paint"},{"floor":23,"key":"StrikeDummy"},{"floor":25,"key":"Centennial Puzzle"},{"floor":26,"key":"Singing Bowl"}],"event_choices":[{"damage_healed":0,"gold_gain":0,"player_choice":"Gave Potion","damage_taken":0,"relics_obtained":["Ornamental Fan"],"max_hp_gain":0,"max_hp_loss":0,"event_name":"WeMeetAgain","floor":19,"gold_loss":0},{"damage_healed":0,"gold_gain":99,"player_choice":"Steal","damage_taken":0,"max_hp_gain":0,"max_hp_loss":0,"event_name":"betterThird:BetterNest","floor":21,"gold_loss":0},{"damage_healed":0,"gold_gain":0,"player_choice":"1 cards matched","damage_taken":0,"max_hp_gain":0,"max_hp_loss":0,"event_name":"Match and Keep!","floor":24,"gold_loss":0,"cards_obtained":["FierceSweep"]}],"is_beta":false,"boss_relics":[{"not_picked":["Runesmith:UraniumAnvil","Tiny House"],"picked":"Pandora\u0027s Box"}],"items_purged_floors":[],"is_endless":false,"potions_floor_spawned":[1,4,5,12,13,16,18,23],"killed_by":"Book of Stabbing","ascension_level":1}}