{"host":"kg61lsvem4dxoat8","time":1610557174,"event":{"mods":["BaseMod","Colored Powertips","Minty Spire (QoL Compilation)","Quick Restart","Rare Cards Sparkle","Relic Stats","slay the spire mod where everything is the same but ironclad has a cowboy hat"],"gold_per_floor":[109,109,121,121,121,121,134,146,221,221,251,351,371,383,383,508,508,508,508],"floor_reached":18,"language":"ENG","playtime":357,"items_purged":[],"score":219,"play_id":"8d488735-80d7-4336-9a0f-195aadec20a1","local_time":"20210114005934","is_ascension_mode":true,"campfire_choices":[{"data":"Cleave","floor":6,"key":"SMITH"},{"floor":10,"key":"REST"},{"data":"Strike_R","floor":15,"key":"SMITH"}],"circlet_count":0,"master_deck":["Strike_R+1","Strike_R","Strike_R","Defend_R","Defend_R","Defend_R","Defend_R","Uppercut+1","Cleave+1"],"relics":["Burning Blood","Centennial Puzzle","Ornamental Fan","Ancient Tea Set","Empty Cage"],"acts_visited":["Exordium","TheCity"],"potions_floor_usage":[11,16,16,16],"damage_taken":[{"damage":6,"enemies":"Cultist","floor":1,"turns":3},{"damage":0,"enemies":"Small Slimes","floor":3,"turns":3},{"damage":0,"enemies":"2 Louse","floor":7,"turns":2},{"damage":17,"enemies":"Lots of Slimes","floor":8,"turns":3},{"damage":27,"enemies":"Lagavulin","floor":11,"turns":5},{"damage":9,"enemies":"2 Fungi Beasts","floor":13,"turns":2},{"damage":20,"enemies":"Gremlin Gang","floor":14,"turns":4},{"damage":32,"enemies":"Hexaghost","floor":16,"turns":9},{"damage":0,"enemies":"3 Byrds","floor":18,"turns":2}],"seed_played":"3913812579888881858","potions_obtained":[{"floor":1,"key":"Block Potion"},{"floor":8,"key":"SteroidPotion"},{"floor":14,"key":"ColorlessPotion"},{"floor":16,"key":"Fruit Juice"}],"is_trial":false,"path_per_floor":["M","?","M","?","?","R","M","M","T","R","E","?","M","M","R","B",null,"M"],"character_chosen":"IRONCLAD","items_purchased":[],"campfire_rested":1,"item_purchase_floors":[],"current_hp_per_floor":[72,72,78,78,78,78,80,69,69,80,59,59,56,42,42,21,69,69,69],"gold":508,"neow_bonus":"RANDOM_COMMON_RELIC","is_daily":false,"chose_seed":false,"campfire_upgraded":2,"win_rate":0.0,"timestamp":1610557174,"path_taken":["M","?","M","?","?","R","?","M","T","R","E","?","M","M","R","BOSS","M"],"items_purchased_type":[],"build_version":"2020-12-22","purchased_purges":0,"victory":false,"max_hp_per_floor":[80,80,80,80,80,80,80,80,80,80,80,80,80,80,80,85,85,85,85],"relic_stats":{"Centennial Puzzle":[18],"counters":[9,33],"Ornamental Fan":[20],"obtain_stats":[{"Centennial Puzzle":0,"Ornamental Fan":9,"Ancient Tea Set":11,"Empty Cage":17,"Burning Blood":0},{"Centennial Puzzle":0,"Ornamental Fan":4,"Ancient Tea Set":5,"Empty Cage":8,"Burning Blood":0},{"Centennial Puzzle":0,"Ornamental Fan":11,"Ancient Tea Set":16,"Empty Cage":31,"Burning Blood":0}],"Burning Blood":44},"card_choices":[{"not_picked":["Havoc","Body Slam"],"picked":"Uppercut","floor":1},{"not_picked":["Clothesline","Entrench"],"picked":"Cleave","floor":3},{"not_picked":["Havoc","Fire Breathing","Clothesline"],"picked":"SKIP","floor":7},{"not_picked":["Rage","Warcry","Clothesline"],"picked":"SKIP","floor":8},{"not_picked":["Anger","Exhume","Headbutt"],"picked":"SKIP","floor":11},{"not_picked":["Thunderclap","Perfected Strike","Bloodletting"],"picked":"SKIP","floor":13},{"not_picked":["Uppercut","Infernal Blade","Anger"],"picked":"SKIP","floor":14}],"player_experience":1326502,"relics_obtained":[{"floor":9,"key":"Ornamental Fan"},{"floor":11,"key":"Ancient Tea Set"}],"event_choices":[{"damage_healed":0,"gold_gain":0,"player_choice":"Grow","damage_taken":0,"max_hp_gain":0,"max_hp_loss":0,"event_name":"Living Wall","floor":2,"gold_loss":0,"cards_upgraded":["Uppercut"]},{"damage_healed":0,"gold_gain":0,"player_choice":"Ignored","damage_taken":0,"max_hp_gain":0,"max_hp_loss":0,"event_name":"Golden Idol","floor":4,"gold_loss":0},{"cards_removed":["Bash"],"damage_healed":0,"gold_gain":0,"player_choice":"Purged","damage_taken":0,"max_hp_gain":0,"max_hp_loss":0,"event_name":"Purifier","floor":5,"gold_loss":0},{"damage_healed":0,"gold_gain":100,"player_choice":"Pray","damage_taken":0,"max_hp_gain":0,"max_hp_loss":0,"event_name":"Golden Shrine","floor":12,"gold_loss":0}],"is_beta":false,"boss_relics":[{"not_picked":["Black Star","Runic Dome"],"picked":"Empty Cage"}],"items_purged_floors":[],"is_endless":false,"potions_floor_spawned":[1,8,14,16],"killed_by":"3 Byrds","ascension_level":7}}