{"host":"126yiuos2nq86se7","time":1610527578,"event":{"mods":["AchievementEnabler","Act Like it!","BaseMod","Colored Map","Colored Powertips","Downfall","Friendly Minions","Halation","Highlight Path","Jorbs\u0027s Wanderer Trilogy","Marisa????????","Minty Spire (QoL Compilation)","Replay The Spire","StSLib","SuperFastMode","The Animator","The Hierophant"],"gold_per_floor":[92,42,42,53,68,68,66,66,66,66,66,71,75,39,39,108,108,108],"floor_reached":17,"language":"ENG","playtime":665,"items_purged":[],"score":155,"play_id":"1fa1535f-0466-4500-b224-d59b300f41c7","local_time":"20210113194618","is_ascension_mode":false,"campfire_choices":[{"data":"hierophant:Punish","floor":6,"key":"SMITH"},{"data":"hierophant:ChurchCoffers","floor":8,"key":"SMITH"},{"data":"hierophant:ThreeLashes","floor":10,"key":"SMITH"},{"data":"hierophant:Determination","floor":15,"key":"SMITH"}],"circlet_count":0,"master_deck":["hierophant:Strike_Hierophant","hierophant:Strike_Hierophant","hierophant:Strike_Hierophant","hierophant:Punish+1","hierophant:Defend_Hierophant","hierophant:Defend_Hierophant","hierophant:Defend_Hierophant","hierophant:Defend_Hierophant","hierophant:ChurchCoffers+1","hierophant:ThreeLashes+1","hierophant:DisplayOfPower","hierophant:Alms","hierophant:Purify","hierophant:Sermon","hierophant:Determination+1","hierophant:MorningPrayer","hierophant:MorningPrayer","hierophant:Kindle"],"relics":["hierophant:PropheticMaskRelic","GremlinMask","Pantograph","Ornamental Fan","Replay:Bronze Core"],"acts_visited":["Exordium","TheCity"],"potions_floor_usage":[7,16,16,16,16,16],"damage_taken":[{"damage":0,"enemies":"Small Slimes","floor":1,"turns":3},{"damage":0,"enemies":"2 Louse","floor":4,"turns":2},{"damage":6,"enemies":"Cultist","floor":5,"turns":3},{"damage":4,"enemies":"3 Sentries","floor":7,"turns":6},{"damage":2,"enemies":"Blue Slaver","floor":12,"turns":3},{"damage":8,"enemies":"Exordium Thugs","floor":13,"turns":4},{"damage":20,"enemies":"Slime Boss","floor":16,"turns":10}],"seed_played":"2829132463714852904","potions_obtained":[{"floor":4,"key":"PowerPotion"},{"floor":7,"key":"Languid Potion"},{"floor":11,"key":"EntropicBrew"},{"floor":11,"key":"LiquidBronze"},{"floor":11,"key":"Energy Potion"},{"floor":13,"key":"Fire Potion"}],"is_trial":false,"path_per_floor":["M","?","?","M","M","R","E","R","T","R","?","M","M","$","R","B",null],"character_chosen":"HIEROPHANT","items_purchased":["hierophant:MorningPrayer"],"campfire_rested":0,"item_purchase_floors":[14],"current_hp_per_floor":[82,82,82,82,76,76,72,72,72,72,72,70,62,62,62,80,82,82],"gold":108,"neow_bonus":"TEN_PERCENT_HP_BONUS","is_daily":false,"chose_seed":false,"campfire_upgraded":4,"win_rate":0.0,"timestamp":1610527578,"path_taken":["M","?","?","?","M","R","E","R","T","R","?","M","M","?","R","BOSS"],"items_purchased_type":["Card"],"build_version":"2020-12-22","purchased_purges":0,"victory":false,"max_hp_per_floor":[82,82,82,82,82,82,82,82,82,82,82,82,82,82,82,82,82,82],"card_choices":[{"not_picked":["hierophant:HammerAndAnvil","hierophant:Encroach"],"picked":"hierophant:ThreeLashes","floor":1},{"not_picked":["hierophant:EyeForCoin","hierophant:Purify"],"picked":"hierophant:DisplayOfPower","floor":4},{"not_picked":["hierophant:PassingBell","hierophant:Doubloon"],"picked":"hierophant:Alms","floor":5},{"not_picked":["hierophant:AuricBeam","hierophant:Smite"],"picked":"hierophant:Purify","floor":7},{"not_picked":["hierophant:MorningPrayer","hierophant:OrnateBuckler"],"picked":"hierophant:Sermon","floor":12},{"not_picked":["hierophant:Prophecy","hierophant:SealAway"],"picked":"hierophant:Determination","floor":13},{"not_picked":["hierophant:BulkyChest","hierophant:DeathKnell"],"picked":"hierophant:Kindle","floor":16}],"player_experience":1704623,"relics_obtained":[{"floor":7,"key":"Pantograph"},{"floor":9,"key":"Ornamental Fan"}],"event_choices":[{"cards_removed":["hierophant:Strike_Hierophant"],"damage_healed":0,"gold_gain":0,"player_choice":"Card Removal","damage_taken":0,"max_hp_gain":0,"max_hp_loss":0,"event_name":"The Cleric","floor":2,"gold_loss":50},{"damage_healed":0,"gold_gain":0,"player_choice":"Trade","damage_taken":0,"relics_obtained":["GremlinMask"],"max_hp_gain":0,"max_hp_loss":0,"event_name":"FaceTrader","floor":3,"gold_loss":0},{"damage_healed":0,"gold_gain":0,"player_choice":"Got Potions","damage_taken":0,"max_hp_gain":0,"max_hp_loss":0,"event_name":"Lab","floor":11,"gold_loss":0}],"is_beta":false,"boss_relics":[{"not_picked":["Empty Cage","Replay:Grab Bag"],"picked":"Replay:Bronze Core"}],"items_purged_floors":[],"is_endless":false,"potions_floor_spawned":[4,7,13],"ascension_level":0}}