{"host":"xkmvu47k9fdstweo","time":1610497243,"event":{"mods":["BaseMod","Colored Map","Conspire","Hubris","Minty Spire (QoL Compilation)","Quick Restart","Railgun Mod","Shop Mod","StSLib","The Alterego","The Servant 0.9.4","The Wild Card","TheBandit","WarShipGirlsR/??è≠èóR mod","vexMod"],"gold_per_floor":[113,41,41,41,59,92,104,121,145,175,188,205,205,234,234,336,336,346,78,91,117,146,158,202,214,250,262,293,315,315],"floor_reached":29,"language":"ENG","playtime":746,"items_purged":[],"score":470,"play_id":"d4b222ef-fe3e-4dc7-bedf-81dda2b88e40","local_time":"20210112192043","is_ascension_mode":true,"campfire_choices":[{"data":"Zap","floor":13,"key":"SMITH"},{"floor":15,"key":"REST"},{"data":"Electrodynamics","floor":23,"key":"SMITH"},{"floor":27,"key":"REST"}],"circlet_count":0,"master_deck":["conspire:GhostlyStrike","conspire:GhostlyStrike","conspire:GhostlyStrike","conspire:GhostlyDefend","conspire:GhostlyDefend","conspire:GhostlyDefend","conspire:GhostlyDefend","Zap+1","Dualcast","Hologram","Scrape","Jack Of All Trades","FTL","Reboot","Go for the Eyes","Beam Cell","Coolheaded","Ball Lightning","Barrage","Electrodynamics+1","Core Surge","Cold Snap","Genetic Algorithm+1","Sweeping Beam","Gash"],"relics":["Cracked Core","NeowsBlessing","Centennial Puzzle","Nunchaku","vexMod:BarristanHead","White Beast Statue","SacredBark","Symbiotic Virus","MawBank","Blue Candle","Blood Vial"],"acts_visited":["Exordium","TheCity"],"potions_floor_usage":[10,16,18,24,28,29],"damage_taken":[{"damage":0,"enemies":"Jaw Worm","floor":1,"turns":1},{"damage":0,"enemies":"2 Louse","floor":5,"turns":1},{"damage":0,"enemies":"Gremlin Nob","floor":6,"turns":1},{"damage":1,"enemies":"Cultist","floor":7,"turns":3},{"damage":1,"enemies":"Red Slaver","floor":8,"turns":4},{"damage":11,"enemies":"3 Sentries","floor":10,"turns":5},{"damage":8,"enemies":"Gremlin Gang","floor":11,"turns":3},{"damage":9,"enemies":"Exordium Thugs","floor":12,"turns":4},{"damage":8,"enemies":"Lagavulin","floor":14,"turns":3},{"damage":0,"enemies":"Slime Boss","floor":16,"turns":4},{"damage":0,"enemies":"Spheric Guardian","floor":18,"turns":3},{"damage":14,"enemies":"2 Thieves","floor":20,"turns":2},{"damage":25,"enemies":"Centurion and Healer","floor":22,"turns":4},{"damage":14,"enemies":"Book of Stabbing","floor":24,"turns":4},{"damage":0,"enemies":"Cultist and Chosen","floor":28,"turns":3},{"damage":31,"enemies":"Snake Plant","floor":29,"turns":5}],"seed_played":"-8227822623229124990","potions_obtained":[{"floor":5,"key":"Dexterity Potion"},{"floor":7,"key":"FocusPotion"},{"floor":8,"key":"SneckoOil"},{"floor":16,"key":"Block Potion"},{"floor":18,"key":"FocusPotion"},{"floor":20,"key":"LiquidBronze"},{"floor":22,"key":"Ancient Potion"},{"floor":24,"key":"SkillPotion"},{"floor":28,"key":"FearPotion"},{"floor":29,"key":"Explosive Potion"}],"is_trial":false,"path_per_floor":["M","$","?","?","M","E","M","M","T","E","M","M","R","E","R","B",null,"M","$","M","T","M","R","E","$","T","R","M","M"],"character_chosen":"DEFECT","items_purchased":["Scrape","Symbiotic Virus","Cold Snap"],"campfire_rested":2,"item_purchase_floors":[2,19,19],"current_hp_per_floor":[68,68,68,68,68,68,67,66,66,55,47,38,38,30,52,52,69,69,69,55,55,30,30,16,16,16,38,40,11,11],"gold":315,"neow_bonus":"THREE_ENEMY_KILL","is_daily":false,"chose_seed":false,"campfire_upgraded":2,"win_rate":0.0,"timestamp":1610497243,"path_taken":["M","$","?","?","M","E","M","M","T","E","M","?","R","E","R","BOSS","M","$","M","?","M","R","E","$","T","R","?","M"],"items_purchased_type":["Card","Relic","Card"],"build_version":"2020-12-22","purchased_purges":0,"victory":false,"max_hp_per_floor":[75,75,75,75,75,75,75,75,75,75,75,75,75,75,75,75,75,75,75,75,75,75,75,75,75,75,75,75,75,75],"card_choices":[{"not_picked":["Leap","Turbo"],"picked":"Hologram","floor":1},{"not_picked":["Compile Driver","Ball Lightning"],"picked":"FTL","floor":5},{"not_picked":["Storm","Hologram"],"picked":"Reboot","floor":6},{"not_picked":["Barrage","Steam"],"picked":"Go for the Eyes","floor":7},{"not_picked":["Turbo","Conserve Battery"],"picked":"Beam Cell","floor":8},{"not_picked":["Force Field","Blizzard"],"picked":"Coolheaded","floor":10},{"not_picked":["Compile Driver","Hologram"],"picked":"Ball Lightning","floor":11},{"not_picked":["Steam Power","hubris:SpecializedCircuitry"],"picked":"Barrage","floor":12},{"not_picked":["Melter","Meteor Strike"],"picked":"Electrodynamics","floor":14},{"not_picked":["Hyperbeam","Seek"],"picked":"Core Surge","floor":16},{"not_picked":["Reinforced Body","Rip and Tear","Darkness"],"picked":"SKIP","floor":18},{"not_picked":["Stack","Compile Driver","Go for the Eyes"],"picked":"SKIP","floor":20},{"not_picked":["Rebound","Aggregate","Scrape"],"picked":"SKIP","floor":22},{"not_picked":["FTL","Chill+1"],"picked":"Genetic Algorithm+1","floor":24},{"not_picked":["Turbo","Self Repair"],"picked":"Sweeping Beam","floor":28},{"not_picked":["Streamline","Rebound"],"picked":"Gash","floor":29}],"player_experience":306155,"relics_obtained":[{"floor":6,"key":"Centennial Puzzle"},{"floor":9,"key":"Nunchaku"},{"floor":10,"key":"vexMod:BarristanHead"},{"floor":14,"key":"White Beast Statue"},{"floor":21,"key":"MawBank"},{"floor":24,"key":"Blue Candle"},{"floor":26,"key":"Blood Vial"}],"event_choices":[{"damage_healed":0,"gold_gain":0,"player_choice":"Agree","damage_taken":0,"max_hp_gain":0,"max_hp_loss":0,"event_name":"conspire:LoneGhost","floor":3,"gold_loss":0},{"damage_healed":0,"gold_gain":0,"cards_transformed":["conspire:GhostlyStrike"],"player_choice":"Transformed","damage_taken":0,"max_hp_gain":0,"max_hp_loss":0,"event_name":"Transmorgrifier","floor":4,"gold_loss":0,"cards_obtained":["Jack Of All Trades"]}],"is_beta":false,"boss_relics":[{"not_picked":["hubris:TerracottaHorce","Coffee Dripper"],"picked":"SacredBark"}],"items_purged_floors":[],"is_endless":false,"potions_floor_spawned":[5,7,8,16,18,20,22,24,28,29],"killed_by":"Snake Plant","ascension_level":6}}