{"host":"9l1knhxfturzliqa","time":1610533757,"event":{"mods":["BaseMod","Colored Map","Colored Powertips","DeckTracker","Highlight Path","Keyboard Shortcuts","Minty Spire (QoL Compilation)","Random Character Button"],"gold_per_floor":[11,31,51,51,51,51,82,82,151,151,166,176,22,49,49,126,126,114,114,94,111,127,157,169,199,211,223,223],"floor_reached":27,"language":"KOR","playtime":1477,"items_purged":[],"score":425,"play_id":"fc81996c-f546-4ff3-85f7-22a3bd70d51c","local_time":"20210113192917","is_ascension_mode":true,"campfire_choices":[{"data":"Apotheosis","floor":6.0,"key":"SMITH"},{"data":"PiercingWail","floor":8.0,"key":"SMITH"},{"data":"Deadly Poison","floor":10.0,"key":"SMITH"},{"floor":15.0,"key":"REST"},{"data":"Reflex","floor":24.0,"key":"SMITH"}],"circlet_count":0,"master_deck":["AscendersBane","Strike_G","Strike_G","Strike_G","Strike_G","Strike_G","Defend_G","Defend_G","Defend_G","Defend_G","Defend_G","Survivor","Neutralize","Apotheosis+1","PiercingWail+1","Deflect","Dagger Throw","Deadly Poison+1","PiercingWail","Well Laid Plans+1","Tools of the Trade+1","Burst","Bane","Tactician","Skewer","Reflex+1","Bouncing Flask","Flechettes"],"relics":["Ring of the Snake","Potion Belt","Frozen Egg 2","Art of War","Cursed Key","MawBank"],"acts_visited":["Exordium","TheCity"],"potions_floor_usage":[],"damage_taken":[{"damage":1.0,"enemies":"Small Slimes","floor":1.0,"turns":4.0},{"damage":0.0,"enemies":"Cultist","floor":2.0,"turns":5.0},{"damage":8.0,"enemies":"Jaw Worm","floor":3.0,"turns":7.0},{"damage":7.0,"enemies":"Lagavulin","floor":7.0,"turns":11.0},{"damage":9.0,"enemies":"Lots of Slimes","floor":11.0,"turns":5.0},{"damage":0.0,"enemies":"Red Slaver","floor":12.0,"turns":5.0},{"damage":45.0,"enemies":"Gremlin Nob","floor":14.0,"turns":6.0},{"damage":19.0,"enemies":"The Guardian","floor":16.0,"turns":13.0},{"damage":8.0,"enemies":"2 Thieves","floor":18.0,"turns":4.0},{"damage":12.0,"enemies":"Chosen","floor":21.0,"turns":6.0},{"damage":4.0,"enemies":"Snecko","floor":22.0,"turns":7.0},{"damage":32.0,"enemies":"Book of Stabbing","floor":23.0,"turns":7.0},{"damage":16.0,"enemies":"Shelled Parasite and Fungi","floor":25.0,"turns":6.0},{"damage":39,"enemies":"Gremlin Leader","floor":27,"turns":3}],"seed_played":"6344418917049814251","potions_obtained":[{"floor":1.0,"key":"Fruit Juice"},{"floor":5.0,"key":"FairyPotion"},{"floor":5.0,"key":"Fruit Juice"},{"floor":7.0,"key":"LiquidBronze"},{"floor":11.0,"key":"Swift Potion"},{"floor":16.0,"key":"Regen Potion"},{"floor":18.0,"key":"ColorlessPotion"},{"floor":20.0,"key":"Regen Potion"},{"floor":25.0,"key":"Regen Potion"}],"is_trial":false,"path_per_floor":["M","M","M","$","?","R","E","R","T","R","M","M","$","E","R","B",null,"M","?","?","M","M","E","R","M","T","E"],"character_chosen":"THE_SILENT","items_purchased":["Tools of the Trade+1"],"campfire_rested":1,"item_purchase_floors":[13],"current_hp_per_floor":[63,63,55,55,60,60,53,53,53,53,44,44,44,22,44,25,63,55,55,55,58,54,22,22,6,6,0,0],"gold":223,"neow_bonus":"RANDOM_COLORLESS_2","is_daily":false,"chose_seed":false,"campfire_upgraded":4,"win_rate":0.0,"timestamp":1610533757,"path_taken":["M","M","M","$","?","R","E","R","T","R","M","M","?","E","R","BOSS","M","?","?","M","M","E","R","?","T","E"],"items_purchased_type":["Card"],"build_version":"2020-12-22","purchased_purges":0,"victory":false,"max_hp_per_floor":[71,71,71,71,76,76,76,76,76,76,76,76,76,76,76,76,76,76,76,76,76,76,76,76,76,76,76,76],"card_choices":[{"not_picked":["Metamorphosis","Panache"],"picked":"Apotheosis","floor":0.0},{"not_picked":["Dagger Spray","Deflect"],"picked":"PiercingWail","floor":1.0},{"not_picked":["Quick Slash","Distraction"],"picked":"Deflect","floor":2.0},{"not_picked":["Prepared","Accuracy"],"picked":"Dagger Throw","floor":3.0},{"not_picked":["Tools of the Trade","Poisoned Stab"],"picked":"Deadly Poison","floor":7.0},{"not_picked":["Catalyst","Poisoned Stab"],"picked":"PiercingWail","floor":11.0},{"not_picked":["Backflip","Riddle With Holes"],"picked":"Well Laid Plans+1","floor":12.0},{"not_picked":["Outmaneuver","Slice","Blade Dance"],"picked":"SKIP","floor":14.0},{"not_picked":["Phantasmal Killer","Wraith Form v2+1"],"picked":"Burst","floor":16.0},{"not_picked":["PiercingWail+1","Poisoned Stab"],"picked":"Bane","floor":18.0},{"not_picked":["Blade Dance","Dash"],"picked":"Skewer","floor":21.0},{"not_picked":["Quick Slash","PiercingWail"],"picked":"Reflex","floor":22.0},{"not_picked":["Backstab","Dagger Spray"],"picked":"Bouncing Flask","floor":23.0},{"not_picked":["Deadly Poison","Bane"],"picked":"Flechettes","floor":25.0}],"player_experience":432634,"relics_obtained":[{"floor":7.0,"key":"Potion Belt"},{"floor":9.0,"key":"Frozen Egg 2"},{"floor":14.0,"key":"Art of War"},{"floor":23.0,"key":"MawBank"}],"event_choices":[{"damage_healed":0.0,"max_hp_gain":0.0,"max_hp_loss":0.0,"gold_gain":0.0,"event_name":"Lab","player_choice":"Got Potions","floor":5.0,"gold_loss":0.0,"damage_taken":0.0},{"damage_healed":0.0,"max_hp_gain":0.0,"max_hp_loss":0.0,"gold_gain":0.0,"event_name":"The Library","player_choice":"Read","floor":19.0,"gold_loss":0.0,"damage_taken":0.0,"cards_obtained":["Tactician"]},{"damage_healed":0.0,"max_hp_gain":0.0,"max_hp_loss":0.0,"gold_gain":0.0,"event_name":"The Woman in Blue","player_choice":"Bought 1 Potion","floor":20.0,"gold_loss":0.0,"damage_taken":0.0}],"is_beta":false,"boss_relics":[{"not_picked":["Velvet Choker","Ectoplasm"],"picked":"Cursed Key"}],"items_purged_floors":[],"is_endless":false,"potions_floor_spawned":[1,7,11,16,18,25],"killed_by":"Gremlin Leader","ascension_level":15}}