{"host":"jgqxb38yl0c1w101","time":1610506587,"event":{"mods":["BaseMod","Colored Map","Downfall","Minty Spire (QoL Compilation)","StSLib"],"gold_per_floor":[99,117,67,85,102,119,119,154,54,69,95,115,26,201,215,215,215],"floor_reached":16,"language":"ENG","playtime":1232,"items_purged":[],"score":120,"play_id":"7c7bbeda-9b5c-445b-84ae-43936f3816a8","local_time":"20210112215627","is_ascension_mode":true,"campfire_choices":[{"floor":1,"key":"RECALL"},{"floor":9,"key":"REST"}],"circlet_count":0,"master_deck":["bronze:Strike","bronze:Strike","bronze:Strike","bronze:Strike","bronze:Defend","bronze:Defend","bronze:Defend","bronze:Defend","bronze:Replicate","bronze:Goto","Impatience","bronze:Separator","bronze:Branch","bronze:ItsAFeature","bronze:ChosenStrike","bronze:BuggyMess","bronze:Allocate","bronze:Overheat","bronze:BuggyMess","bronze:Turbo","bronze:FindAndReplace","bronze:ItsAFeature+1","Doubt","bronze:BugBarrage"],"relics":["bronze:BronzeCore","Frozen Egg 2","Bottled Lightning","downfall:HeartBlessingRed","Girya"],"acts_visited":["Exordium"],"potions_floor_usage":[8,8,11,12],"damage_taken":[{"damage":1,"enemies":"Cultist","floor":2,"turns":4},{"damage":0,"enemies":"downfall:FleeingMerchant","floor":3,"turns":4},{"damage":1,"enemies":"Jaw Worm","floor":4,"turns":4},{"damage":10,"enemies":"Small Slimes","floor":5,"turns":2},{"damage":0,"enemies":"3 Louse","floor":6,"turns":4},{"damage":29,"enemies":"Gremlin Nob","floor":8,"turns":4},{"damage":0,"enemies":"Blue Slaver","floor":10,"turns":2},{"damage":34,"enemies":"Lagavulin","floor":11,"turns":6},{"damage":4,"enemies":"2 Fungi Beasts","floor":12,"turns":2},{"damage":10,"enemies":"downfall:FleeingMerchant","floor":13,"turns":4},{"damage":14,"enemies":"Exordium Thugs","floor":15,"turns":4},{"damage":12,"enemies":"downfall:Watcher","floor":16,"turns":2}],"seed_played":"2394733961039445272","potions_obtained":[{"floor":2,"key":"Explosive Potion"},{"floor":4,"key":"Strength Potion"},{"floor":5,"key":"bronze:FreeFunctionsPotion"},{"floor":10,"key":"Dexterity Potion"},{"floor":12,"key":"FairyPotion"}],"is_trial":false,"path_per_floor":["R","M","$","M","M","M","T","E","R","M","E","M","$","?","M","B"],"character_chosen":"THE_AUTOMATON","items_purchased":["bronze:ItsAFeature","bronze:ItsAFeature+1"],"campfire_rested":1,"item_purchase_floors":[3,13],"current_hp_per_floor":[70,69,69,68,58,58,58,29,50,50,16,12,2,2,11,0,0],"gold":215,"neow_bonus":"RANDOM_COLORLESS","is_daily":false,"chose_seed":false,"campfire_upgraded":0,"win_rate":0.0,"timestamp":1610506587,"path_taken":["R","M","?","M","M","M","T","E","R","M","E","M","$","?","M","BOSS"],"items_purchased_type":["Card","Card"],"build_version":"2020-12-22","purchased_purges":0,"victory":false,"max_hp_per_floor":[70,70,70,70,70,70,70,70,70,70,70,70,70,70,70,70,70],"card_choices":[{"not_picked":["PanicButton","Purity"],"picked":"Impatience","floor":0},{"not_picked":["bronze:CutThrough","bronze:Iterate"],"picked":"bronze:Separator","floor":2},{"not_picked":["bronze:OilSpill","bronze:CutThrough"],"picked":"bronze:Branch","floor":3},{"not_picked":["bronze:Invalidate","bronze:Shell","bronze:DelayedSlice"],"picked":"SKIP","floor":4},{"not_picked":["bronze:Safeguard","bronze:BitShift"],"picked":"bronze:ChosenStrike","floor":5},{"not_picked":["bronze:DelayedSlice","bronze:ClassDefault"],"picked":"bronze:BuggyMess","floor":6},{"not_picked":["bronze:Frontload","bronze:FineTuning"],"picked":"bronze:Allocate","floor":8},{"not_picked":["bronze:Philosophize","bronze:Safeguard"],"picked":"bronze:Overheat","floor":10},{"not_picked":["bronze:Repair","bronze:SpaghettiCode"],"picked":"bronze:BuggyMess","floor":11},{"not_picked":["bronze:CutThrough","bronze:Frontload"],"picked":"bronze:Turbo","floor":12},{"not_picked":["bronze:Overheat","bronze:Separator"],"picked":"bronze:FindAndReplace","floor":13},{"not_picked":["bronze:DelayedSlice","bronze:BuggyMess"],"picked":"bronze:BugBarrage","floor":15}],"player_experience":160038,"relics_obtained":[{"floor":7,"key":"Frozen Egg 2"},{"floor":8,"key":"Bottled Lightning"},{"floor":11,"key":"Girya"}],"event_choices":[],"is_beta":false,"boss_relics":[],"items_purged_floors":[],"is_endless":false,"potions_floor_spawned":[2,4,5,10,12],"killed_by":"downfall:Watcher","ascension_level":1}}