{"host":"t9q14bihfoo75lsb","time":1610527390,"event":{"mods":["Act Like it!","BaseMod","Better Third Choice","Challenge The Spire","Hermit","Infinite Spire","Koishi","Lobotomy","Minty Spire (QoL Compilation)","Pale of the Ancients","Reworked Bosses","Shop Mod","Spicy Shops","StSLib","The Cursed","The Dragon Tamer","The Hierophant","The Runesmith","°ºÕÌ“ˆMod°Ω?Ÿ•Ó‹ıÃ?Boss"],"gold_per_floor":[114,129,147,147,167,167,181,181,181,181,197,197,226,51,51,152,152,165,181,161,161,188,200,231,231,277,277,16,47,100,135,135,232,232,245,257,272,272,287,287,316,330,330,552,552,552,552,552,552],"floor_reached":47,"language":"KOR","playtime":2337,"items_purged":["Regret","TheCursedMod:Dregs"],"score":613,"play_id":"69914258-d5ed-42f7-8ea2-9cec8d174843","local_time":"20210113174310","is_ascension_mode":false,"metric_token":1247,"campfire_choices":[{"data":"DTMod:SwitchingTactic","floor":6,"key":"SMITH"},{"floor":12,"key":"RECALL"},{"data":"infinitespire:DeathsTouch","floor":15,"key":"SMITH"},{"data":"DTMod:Harmonize","floor":25,"key":"SMITH"},{"data":"DTMod:FlameSlash","floor":27,"key":"SMITH"},{"data":"DTMod:Dissolve","floor":32,"key":"SMITH"},{"data":"Apotheosis","floor":40,"key":"SMITH"},{"data":"DTMod:HeadStart","floor":46,"key":"SMITH"}],"dtmod_dragon_data":[0,50,1,1,12,12],"circlet_count":0,"master_deck":["DTMod:Strike","DTMod:Strike","DTMod:Strike","DTMod:DoubleHit","DTMod:TargetDefense","DTMod:TargetDefense","DTMod:TargetDefense","DTMod:TargetDefense","DTMod:SwitchingTactic+1","Dark Shackles","DTMod:Threaten","DTMod:QuickFly","DTMod:Dissolve+1","DTMod:Coolant","infinitespire:DeathsTouch+1","DTMod:FlameSlash+1","DTMod:BurningForce","DTMod:Harmonize+1","DTMod:Weaken","DTMod:BlazingStrike+1","DTMod:RunningTactic+1","DTMod:MagicField+1","DTMod:MagicField+1","Mind Blast","Apotheosis+1","Dark Shackles","DTMod:CalculatedDefense+1","DTMod:ComboAttack+1","DTMod:HeadStart+1"],"relics":["DTMod:MagicStone","Juzu Bracelet","Orichalcum","Busted Crown","Red Mask","InkBottle","Gremlin Horn","infinitespire:PuzzleCube","Oddly Smooth Stone","PreservedInsect","MealTicket","FossilizedHelix"],"acts_visited":["TheCity","TheBeyond"],"potions_floor_usage":[16,16,22,22,24,24,33,47,47],"damage_taken":[{"damage":0,"enemies":"2 Louse","floor":1,"turns":2},{"damage":0,"enemies":"infinitespire:Voidling","floor":2,"turns":3},{"damage":0,"enemies":"Cultist","floor":3,"turns":4},{"damage":0,"enemies":"2 Fungi Beasts","floor":5,"turns":4},{"damage":10,"enemies":"Blue Slaver","floor":7,"turns":4},{"damage":0,"enemies":"Red Slaver","floor":11,"turns":3},{"damage":7,"enemies":"Lagavulin","floor":13,"turns":7},{"damage":15,"enemies":"The Guardian","floor":16,"turns":9},{"damage":0,"enemies":"Chosen","floor":18,"turns":4},{"damage":0,"enemies":"Spheric Guardian","floor":19,"turns":3},{"damage":0,"enemies":"Masked Bandits","floor":22,"turns":3},{"damage":0,"enemies":"Snecko","floor":23,"turns":4},{"damage":0,"enemies":"Slavers","floor":24,"turns":5},{"damage":0,"enemies":"Gremlin Leader","floor":29,"turns":4},{"damage":0,"enemies":"Book of Stabbing","floor":31,"turns":4},{"damage":6,"enemies":"bossMod:newCollector","floor":33,"turns":10},{"damage":0,"enemies":"3 Shapes","floor":35,"turns":3},{"damage":0,"enemies":"Orb Walker","floor":36,"turns":2},{"damage":0,"enemies":"4 Shapes","floor":37,"turns":4},{"damage":0,"enemies":"Spire Growth","floor":39,"turns":5},{"damage":0,"enemies":"Reptomancer","floor":41,"turns":4},{"damage":0,"enemies":"Sphere and 2 Shapes","floor":42,"turns":5},{"damage":0,"enemies":"infinitespire:Three Voidlings","floor":47,"turns":4},{"damage":57,"enemies":"Nightmare_Alpha","floor":47,"turns":9}],"seed_played":"1113780550251788183","potions_obtained":[{"floor":2,"key":"SpeedPotion"},{"floor":3,"key":"SteroidPotion"},{"floor":5,"key":"Swift Potion"},{"floor":11,"key":"infinitespire:BlackPotion"},{"floor":19,"key":"ColorlessPotion"},{"floor":20,"key":"EntropicBrew"},{"floor":29,"key":"Strength Potion"},{"floor":33,"key":"BlessingOfTheForge"}],"is_trial":false,"path_per_floor":["M","M","M","?","M","R","M","?","T","?","M","R","E","$","R","B",null,"M","M","?","?","?","M","E","R","T","R","$","E","T","E","R","B",null,"M","M","M","?","M","R","E","M","T","?","?","R","?"],"character_chosen":"THE_DT","items_purchased":["Gremlin Horn"],"campfire_rested":0,"item_purchase_floors":[28],"current_hp_per_floor":[45,45,45,45,45,45,35,35,35,35,35,35,28,28,28,13,45,45,45,45,39,39,39,39,39,39,39,39,39,39,39,39,33,50,50,50,50,40,47,47,50,50,50,50,50,50,0,0,0],"gold":552,"neow_bonus":"RANDOM_COLORLESS","is_daily":false,"chose_seed":false,"campfire_upgraded":7,"win_rate":0.0,"timestamp":1610527390,"path_taken":["M","M","M","?","?","R","?","?","T","?","M","R","E","?","R","BOSS","M","M","?","?","?","M","E","R","T","R","$","E","?","E","R","BOSS","M","M","M","?","M","R","E","M","T","?","?","R","?"],"items_purchased_type":["Relic"],"build_version":"2020-12-22","purchased_purges":2,"victory":false,"max_hp_per_floor":[45,45,45,45,45,45,45,45,45,45,45,45,45,45,45,45,45,45,45,45,50,50,50,50,50,50,50,50,50,50,50,50,50,50,50,50,50,50,50,50,50,50,50,50,50,50,50,50,50],"card_choices":[{"not_picked":["Discovery","Blind"],"picked":"Dark Shackles","floor":0},{"not_picked":["DTMod:Feint","DTMod:LastStand"],"picked":"DTMod:BreakAttack","floor":1},{"not_picked":["DTMod:RunningTactic","DTMod:QuickFly"],"picked":"DTMod:Threaten","floor":2},{"not_picked":["DTMod:TagTeam","DTMod:Safeguard"],"picked":"DTMod:QuickFly","floor":3},{"not_picked":["DTMod:QuickFly","DTMod:Punisher"],"picked":"DTMod:Dissolve","floor":5},{"not_picked":["DTMod:Adaptation","DTMod:BurningEnergy"],"picked":"DTMod:Coolant","floor":7},{"not_picked":["infinitespire:Oblivion","infinitespire:UltimateForm"],"picked":"infinitespire:DeathsTouch","floor":10},{"not_picked":["DTMod:BurningEnergy","DTMod:CrossStep"],"picked":"DTMod:FlameSlash","floor":11},{"not_picked":["DTMod:MagicField","DTMod:RunningTactic"],"picked":"DTMod:BurningForce","floor":13},{"not_picked":["DTMod:Prediction","DTMod:FierySynthesis"],"picked":"DTMod:Harmonize","floor":16},{"not_picked":["DTMod:BurningEnergy"],"picked":"SKIP","floor":18},{"not_picked":[],"picked":"DTMod:Weaken","floor":19},{"not_picked":[],"picked":"DTMod:BlazingStrike+1","floor":22},{"not_picked":["DTMod:Feint"],"picked":"SKIP","floor":23},{"not_picked":["DTMod:Punisher"],"picked":"SKIP","floor":24},{"not_picked":[],"picked":"DTMod:RunningTactic+1","floor":29},{"not_picked":[],"picked":"DTMod:MagicField+1","floor":31},{"not_picked":[],"picked":"DTMod:MagicField+1","floor":35},{"not_picked":["DTMod:LastStand"],"picked":"SKIP","floor":36},{"not_picked":["DTMod:DarkBreath"],"picked":"SKIP","floor":37},{"not_picked":[],"picked":"Mind Blast","floor":38},{"not_picked":[],"picked":"Apotheosis","floor":38},{"not_picked":[],"picked":"Dark Shackles","floor":38},{"not_picked":["DTMod:MagicField"],"picked":"SKIP","floor":39},{"not_picked":[],"picked":"DTMod:CalculatedDefense+1","floor":41},{"not_picked":[],"picked":"DTMod:ComboAttack+1","floor":42}],"player_experience":475163,"relics_obtained":[{"floor":9,"key":"Juzu Bracelet"},{"floor":13,"key":"Orichalcum"},{"floor":22,"key":"Red Mask"},{"floor":24,"key":"InkBottle"},{"floor":29,"key":"infinitespire:PuzzleCube"},{"floor":30,"key":"Oddly Smooth Stone"},{"floor":31,"key":"PreservedInsect"},{"floor":41,"key":"MealTicket"},{"floor":43,"key":"FossilizedHelix"}],"event_choices":[{"cards_removed":["DTMod:BreakAttack"],"damage_healed":5,"gold_gain":0,"player_choice":"Offered Common","damage_taken":0,"max_hp_gain":0,"max_hp_loss":0,"event_name":"Bonfire Elementals","floor":4,"gold_loss":0},{"cards_removed":["DTMod:BreakAttack"],"damage_healed":5,"gold_gain":0,"player_choice":"Offered Special","damage_taken":0,"max_hp_gain":0,"max_hp_loss":0,"event_name":"Bonfire Elementals","floor":4,"gold_loss":0},{"damage_healed":0,"gold_gain":0,"player_choice":"Leave","damage_taken":0,"max_hp_gain":0,"max_hp_loss":0,"event_name":"The Cleric","floor":8,"gold_loss":0},{"damage_healed":0,"gold_gain":0,"player_choice":"Bought 1 Potion","damage_taken":0,"max_hp_gain":0,"max_hp_loss":0,"event_name":"The Woman in Blue","floor":20,"gold_loss":0},{"damage_healed":0,"gold_gain":0,"player_choice":"Shed Blood","damage_taken":11,"max_hp_gain":5,"max_hp_loss":0,"event_name":"Forgotten Altar","floor":21,"gold_loss":0},{"damage_healed":0,"gold_gain":0,"player_choice":"Fought Bandits","damage_taken":0,"max_hp_gain":0,"max_hp_loss":0,"event_name":"Masked Bandits","floor":22,"gold_loss":0},{"damage_healed":0,"gold_gain":0,"player_choice":"Memory 3","damage_taken":10,"max_hp_gain":0,"max_hp_loss":0,"event_name":"SensoryStone","floor":38,"gold_loss":0},{"damage_healed":0,"gold_gain":222,"player_choice":"Wore Mask","damage_taken":0,"max_hp_gain":0,"max_hp_loss":0,"event_name":"Tomb of Lord Red Mask","floor":44,"gold_loss":0},{"damage_healed":0,"gold_gain":0,"cards_transformed":["DTMod:Strike"],"player_choice":"Transformed","damage_taken":0,"max_hp_gain":0,"max_hp_loss":0,"event_name":"Transmorgrifier","floor":45,"gold_loss":0,"cards_obtained":["DTMod:HeadStart"]}],"is_beta":false,"boss_relics":[{"not_picked":["Astrolabe","Empty Cage"],"picked":"Busted Crown"},{"not_picked":["Coffee Dripper","Philosopher\u0027s Stone"],"picked":"DTMod:MagicStone"}],"items_purged_floors":[14,14],"is_endless":false,"potions_floor_spawned":[2,3,5,11,19,29,33,41,47],"killed_by":"Nightmare_Alpha","ascension_level":0}}