{"host":"22s5scuj7mu87reg","time":1610545830,"event":{"mods":["BaseMod","Colored Powertips","Dota2Spire","Downfall","Duelist Mod","GungeonMod","Halation","Hubris","Koishi","KomeijiMod","Minty Spire (QoL Compilation)","Replay The Spire","StSLib","SuperFastMode","The Jungle","The Mystic","The Necromancer","Wandering Minibosses"],"gold_per_floor":[117,292,292,312,332,360,360,394,394,408,408,408,408,434,434,536,536,550,550,644,662,679,679,679,450,450,450,520,531,543,543,543],"floor_reached":31,"language":"POL","playtime":2437,"items_purged":["mysticmod:Defend_Mystic"],"score":253,"play_id":"b5e80a04-1818-4b12-8d3f-d0c4d1248476","local_time":"20210113145030","is_ascension_mode":false,"campfire_choices":[{"floor":7,"key":"REST"},{"data":"mysticmod:MysticalShield","floor":26,"key":"SMITH"}],"circlet_count":0,"master_deck":["mysticmod:Strike_Mystic","mysticmod:Strike_Mystic","mysticmod:Defend_Mystic","mysticmod:Defend_Mystic","mysticmod:Defend_Mystic","mysticmod:ArcaneDodge","mysticmod:ShockingGrasp","mysticmod:Alacrity","Doubt","mysticmod:Feint","mysticmod:Daze","mysticmod:TomeOfSpells","mysticmod:RapidCaster+1","mysticmod:GreaterInvisibility+1","mysticmod:MysticalShield+1","mysticmod:MirrorStrike+1","mysticmod:Disintegrate","mysticmod:DiviningBlow","mysticmod:Alacrity"],"relics":["mysticmod:BlessedBook","NeowsBlessing","Dota2Spire:EchoSabre","Dota2Spire:MagicBottle","Dota2Spire:Mjollnir","Kunai","Blue Doll","ClockworkSouvenir","halation:PinkSoulGem","hubris:PeanutButter"],"acts_visited":["Exordium","theJungle:Jungle"],"potions_floor_usage":[8,16,16,21,31],"damage_taken":[{"damage":0,"enemies":"2 Louse","floor":1,"turns":1},{"damage":0,"enemies":"Small Slimes","floor":4,"turns":1},{"damage":0,"enemies":"Cultist","floor":5,"turns":1},{"damage":81,"enemies":"Gremlin Nob","floor":6,"turns":8},{"damage":15,"enemies":"Replay:BlueRogue","floor":8,"turns":9},{"damage":0,"enemies":"Blue Slaver","floor":10,"turns":3},{"damage":2,"enemies":"Lagavulin","floor":14,"turns":6},{"damage":10,"enemies":"Fading Forest","floor":16,"turns":11},{"damage":5,"enemies":"Shell Parasite","floor":18,"turns":5},{"damage":7,"enemies":"theJungle:MUSHROOMGANG","floor":21,"turns":2},{"damage":13,"enemies":"theJungle:2_Snecko_Cultists","floor":22,"turns":5},{"damage":0,"enemies":"theJungle:Snecko_Cultist_And_Trap","floor":29,"turns":6},{"damage":18,"enemies":"theJungle:SlimyTreeVines","floor":30,"turns":7},{"damage":53,"enemies":"theJungle:2_Snecko_Cultists","floor":31,"turns":3}],"seed_played":"-7348941307317713614","potions_obtained":[{"floor":4,"key":"Dota2Spire:HealingSalve"},{"floor":5,"key":"FairyPotion"},{"floor":6,"key":"Guardian:BlockOnCardUsePotion"},{"floor":8,"key":"SteroidPotion"},{"floor":16,"key":"Swift Potion"},{"floor":18,"key":"BlessingOfTheForge"},{"floor":21,"key":"AttackPotion"},{"floor":29,"key":"GamblersBrew"}],"is_trial":false,"path_per_floor":["M","?","?","M","M","E","R","E","T","M","?","?","?","E","R","B",null,"M","?","?","M","M","PTL","PTL","$","R","?","T","M","M","M"],"character_chosen":"MYSTIC_CLASS","items_purchased":["ClockworkSouvenir"],"campfire_rested":1,"item_purchase_floors":[25],"current_hp_per_floor":[77,77,77,77,77,23,46,31,31,31,31,36,29,42,66,74,82,77,77,57,75,65,65,65,65,65,65,65,65,53,0,0],"gold":543,"neow_bonus":"THREE_ENEMY_KILL","is_daily":false,"chose_seed":false,"campfire_upgraded":1,"win_rate":0.0,"timestamp":1610545830,"path_taken":["M","?","?","?","M","E","R","E","T","M","?","?","?","E","R","BOSS","M","?","?","?","M","PTL","PTL","$","R","?","T","M","M","M"],"items_purchased_type":["Relic"],"build_version":"2020-12-13","purchased_purges":1,"victory":false,"max_hp_per_floor":[77,77,77,77,77,77,77,77,77,77,77,82,82,82,82,82,82,82,82,82,82,82,82,82,82,82,82,82,82,82,82,82],"card_choices":[{"not_picked":["mysticmod:BulkUp","mysticmod:MagicWeapon"],"picked":"mysticmod:Alacrity","floor":1},{"not_picked":["mysticmod:Probe","mysticmod:PowerAttack","mysticmod:CorrosiveTouch"],"picked":"SKIP","floor":4},{"not_picked":["mysticmod:SuddenClarity","mysticmod:MirrorStrike","mysticmod:DiviningBlow"],"picked":"SKIP","floor":5},{"not_picked":["mysticmod:SuddenClarity","mysticmod:BulkUp"],"picked":"mysticmod:Daze","floor":6},{"not_picked":["mysticmod:BulkUp","mysticmod:CorrosiveTouch"],"picked":"mysticmod:TomeOfSpells","floor":8},{"not_picked":["mysticmod:SpellCombat","mysticmod:PowerSlash"],"picked":"mysticmod:RapidCaster","floor":10},{"not_picked":["mysticmod:Shield","mysticmod:Probe"],"picked":"mysticmod:GreaterInvisibility","floor":14},{"not_picked":["mysticmod:MirrorEntity","mysticmod:Natural20"],"picked":"mysticmod:MysticalShield","floor":16},{"not_picked":["mysticmod:ComponentsPouch","mysticmod:EbbAndFlow","mysticmod:CorrosiveTouch"],"picked":"SKIP","floor":18},{"not_picked":["mysticmod:Sideswipe+1","mysticmod:IllusionOfCalm"],"picked":"mysticmod:MirrorStrike+1","floor":20},{"not_picked":["mysticmod:Probe","mysticmod:Sideswipe"],"picked":"mysticmod:Disintegrate","floor":21},{"not_picked":["mysticmod:FiveFootStep","mysticmod:Shield"],"picked":"mysticmod:DiviningBlow","floor":22},{"not_picked":["mysticmod:Probe","mysticmod:Grease"],"picked":"mysticmod:Alacrity","floor":29},{"not_picked":["mysticmod:Grease","mysticmod:BladedDash","mysticmod:HeavyStrike"],"picked":"SKIP","floor":30}],"player_experience":79569,"relics_obtained":[{"floor":6,"key":"Dota2Spire:EchoSabre"},{"floor":8,"key":"Dota2Spire:MagicBottle"},{"floor":9,"key":"Dota2Spire:Mjollnir"},{"floor":14,"key":"Kunai"},{"floor":20,"key":"Blue Doll"},{"floor":28,"key":"hubris:PeanutButter"}],"event_choices":[{"damage_healed":0,"gold_gain":175,"player_choice":"AGREE","damage_taken":0,"max_hp_gain":0,"max_hp_loss":0,"event_name":"Liars Game","floor":2,"gold_loss":0,"cards_obtained":["Doubt"]},{"damage_healed":0,"gold_gain":0,"cards_transformed":["mysticmod:Strike_Mystic"],"player_choice":"Transformed","damage_taken":0,"max_hp_gain":0,"max_hp_loss":0,"event_name":"Transmorgrifier","floor":3,"gold_loss":0,"cards_obtained":["mysticmod:Feint"]},{"damage_healed":0,"gold_gain":0,"player_choice":"Grow","damage_taken":0,"max_hp_gain":0,"max_hp_loss":0,"event_name":"Living Wall","floor":11,"gold_loss":0,"cards_upgraded":["mysticmod:RapidCaster"]},{"damage_healed":0,"gold_gain":0,"player_choice":"Donut","damage_taken":0,"max_hp_gain":5,"max_hp_loss":0,"event_name":"Big Fish","floor":12,"gold_loss":0},{"cards_removed":["mysticmod:Strike_Mystic"],"damage_healed":0,"gold_gain":0,"player_choice":"Card Removal","damage_taken":7,"max_hp_gain":0,"max_hp_loss":0,"event_name":"Golden Wing","floor":13,"gold_loss":0}],"is_beta":false,"boss_relics":[{"not_picked":["Ectoplasm","halation:CatFaceCupcake"],"picked":"mysticmod:BlessedBook"}],"items_purged_floors":[25],"is_endless":false,"potions_floor_spawned":[4,5,6,8,16,18,21,29],"killed_by":"theJungle:2_Snecko_Cultists","ascension_level":0}}