{"host":"aaqofma31c3gm2hj","time":1610527506,"event":{"mods":["BaseMod","GungeonMod","Minty Spire (QoL Compilation)","Replay The Spire","Spicy Shops","StSLib"],"gold_per_floor":[114,114,114,137,156,200,225,248,273,273,13,32,53,91,91,211,211,236,261,73,98,38,80,80,118,143,143,168,189,235,150,150,150,150],"floor_reached":33,"language":"ZHS","playtime":592,"items_purged":["Shame"],"score":519,"play_id":"db58034d-5017-4629-90de-55f8d11bc550","local_time":"20210113164506","daily_mods":["Cursed Run","Vintage","Lethality"],"is_ascension_mode":false,"campfire_choices":[{"data":"Strike_P","floor":10.0,"key":"SMITH"},{"data":"Defend_P","floor":15.0,"key":"PURGE"},{"data":"Vigilance","floor":24,"key":"SMITH"},{"data":"ForeignInfluence","floor":27,"key":"SMITH"}],"circlet_count":0,"master_deck":["Strike_P+1","Strike_P+1","Eruption+1","Vigilance+1","Adaptation+1","Amnesia","DevaForm+1","Amnesia","Writhe","ForeignInfluence+1","BowlingBash+1"],"relics":["Cursed Key","Darkstone Periapt","Du-Vu Doll","Replay:Bandana","Whetstone","Replay:Rubber Ducky","Pet Ghost","Frozen Egg 2","Akabeko","Anchor","TheAbacus","Snack Pack","Regal Pillow","Pen Nib","Replay:Grab Bag","Coffee Dripper","Philosopher\u0027s Stone","Kintsugi","White Beast Statue","DemoMod:GlassGuonStoneRelic","Replay:Bottled Steam","Membership Card","Omamori","ReplayFunnel","Toy Ornithopter","Nunchaku","Smiling Mask","Ancient Tea Set","Strawberry","Vajra"],"acts_visited":["Exordium","TheCity"],"potions_floor_usage":[25,25,30],"damage_taken":[{"damage":0.0,"enemies":"Cultist","floor":1.0,"turns":2.0},{"damage":1.0,"enemies":"Jaw Worm","floor":4.0,"turns":2.0},{"damage":0.0,"enemies":"2 Louse","floor":5.0,"turns":1.0},{"damage":2.0,"enemies":"Replay:BlueRogue","floor":6.0,"turns":3.0},{"damage":0.0,"enemies":"Exordium Thugs","floor":7.0,"turns":2.0},{"damage":0.0,"enemies":"Exordium Wildlife","floor":8.0,"turns":1.0},{"damage":0.0,"enemies":"Looter","floor":12.0,"turns":1.0},{"damage":0.0,"enemies":"Large Slime","floor":13.0,"turns":1.0},{"damage":0.0,"enemies":"Gremlin Nob","floor":14.0,"turns":1.0},{"damage":32.0,"enemies":"Hexaghost","floor":16.0,"turns":3.0},{"damage":0.0,"enemies":"2 Thieves","floor":18.0,"turns":2.0},{"damage":57.0,"enemies":"3 Byrds","floor":19.0,"turns":2.0},{"damage":0,"enemies":"Snecko","floor":21,"turns":2},{"damage":0,"enemies":"Book of Stabbing","floor":23,"turns":3},{"damage":0,"enemies":"Gremlin Leader","floor":25,"turns":1},{"damage":0,"enemies":"Chosen and Byrds","floor":28,"turns":1},{"damage":0,"enemies":"Snake Plant","floor":29,"turns":2},{"damage":0,"enemies":"Replay:Snechameleon","floor":30,"turns":3},{"damage":0,"enemies":"Pondfish","floor":33,"turns":1}],"seed_played":"-4624312993155624390","potions_obtained":[{"floor":4.0,"key":"SneckoOil"},{"floor":5.0,"key":"Swift Potion"},{"floor":7.0,"key":"Venom Potion"},{"floor":8.0,"key":"DistilledChaos"},{"floor":18.0,"key":"Explosive Potion"},{"floor":19.0,"key":"Fire Potion"},{"floor":21,"key":"DuplicationPotion"},{"floor":23,"key":"Fire Potion"},{"floor":25,"key":"Swift Potion"},{"floor":28,"key":"StancePotion"},{"floor":30,"key":"Explosive Potion"}],"is_trial":false,"path_per_floor":["M","?","?","M","M","E","M","M","T","R","$","M","M","E","R","B",null,"M","M","$","M","?","E","R","E","T","R","M","M","E","?","R","B"],"character_chosen":"WATCHER","items_purchased":["Adaptation+1","TheAbacus","Membership Card"],"campfire_rested":0,"item_purchase_floors":[11,11,20],"current_hp_per_floor":[72,77,70,69,69,67,67,67,73,73,73,73,75,77,77,57,101,101,46,46,48,48,50,50,52,52,52,54,56,72,72,72,72,72],"gold":150,"neow_bonus":"","is_daily":true,"chose_seed":false,"campfire_upgraded":3,"win_rate":0.0,"timestamp":1610527506,"path_taken":["M","?","?","M","M","E","M","M","T","R","$","M","M","E","R","BOSS","M","M","$","M","?","E","R","E","T","R","M","M","E","?","R","BOSS"],"items_purchased_type":["Card","Relic","Relic"],"build_version":"2020-12-22","purchased_purges":1,"victory":false,"max_hp_per_floor":[72,77,77,77,77,77,77,77,83,83,83,83,83,83,83,89,101,101,101,101,101,101,101,101,101,101,101,101,101,108,108,108,108,108],"card_choices":[{"not_picked":["Replay:ManipulateFuture","CrushJoints","Replay:AtTheReady"],"picked":"SKIP","floor":6.0},{"not_picked":["Replay:ManipulateFuture","CrushJoints","Replay:AtTheReady"],"picked":"SKIP","floor":6.0},{"not_picked":["Replay:ManipulateFuture","Prostrate","Weave"],"picked":"SKIP","floor":14.0},{"not_picked":["DeusExMachina","Replay:AllIn"],"picked":"DevaForm+1","floor":16.0},{"not_picked":["DevaForm+1","EmptyMind","FollowUp"],"picked":"SKIP","floor":23},{"not_picked":["Replay:AtTheReady","WaveOfTheHand"],"picked":"ForeignInfluence","floor":25},{"not_picked":["Meditate","Replay:BluntJabs"],"picked":"BowlingBash+1","floor":30}],"player_experience":590885,"relics_obtained":[{"floor":1.0,"key":"Replay:Bandana"},{"floor":4.0,"key":"Whetstone"},{"floor":5.0,"key":"Replay:Rubber Ducky"},{"floor":6.0,"key":"Pet Ghost"},{"floor":7.0,"key":"Frozen Egg 2"},{"floor":8.0,"key":"Akabeko"},{"floor":9.0,"key":"Anchor"},{"floor":12.0,"key":"Snack Pack"},{"floor":13.0,"key":"Regal Pillow"},{"floor":14.0,"key":"Pen Nib"},{"floor":18.0,"key":"White Beast Statue"},{"floor":19.0,"key":"Replay:Bottled Steam"},{"floor":21,"key":"Omamori"},{"floor":23,"key":"ReplayFunnel"},{"floor":25,"key":"Toy Ornithopter"},{"floor":26,"key":"Nunchaku"},{"floor":28,"key":"Smiling Mask"},{"floor":29,"key":"Ancient Tea Set"},{"floor":30,"key":"Strawberry"}],"event_choices":[{"damage_healed":0.0,"max_hp_gain":5.0,"max_hp_loss":0.0,"gold_gain":0.0,"event_name":"Big Fish","player_choice":"Donut","floor":2.0,"gold_loss":0.0,"damage_taken":0.0},{"cards_removed":["Defend_P"],"damage_healed":0.0,"max_hp_gain":0.0,"max_hp_loss":0.0,"gold_gain":0.0,"event_name":"Golden Wing","player_choice":"Card Removal","floor":3.0,"gold_loss":0.0,"damage_taken":7.0},{"damage_healed":0,"gold_gain":0,"player_choice":"Obtained Relic","damage_taken":0,"relics_obtained":["Vajra"],"max_hp_gain":0,"max_hp_loss":0,"event_name":"Addict","floor":31,"gold_loss":85}],"is_beta":false,"boss_relics":[{"not_picked":["Fusion Hammer","Replay:Wanted Poster"],"picked":"Replay:Grab Bag"},{"not_picked":["Sozu","ChewingGum"],"picked":"Coffee Dripper"},{"not_picked":["Velvet Choker","Busted Crown"],"picked":"Philosopher\u0027s Stone"},{"not_picked":["Black Star","Snecko Heart"],"picked":"Kintsugi"}],"items_purged_floors":[20],"is_endless":false,"potions_floor_spawned":[4,5,7,8,18,19,21,23,25,28,29,30],"killed_by":"Pondfish","ascension_level":0}}