{"host":"zxkjcgzis4pm3za5","time":1610507669,"event":{"mods":["AchievementEnabler","Act Like it!","BaseMod","Colored Map","Colored Powertips","Friendly Minions","GifTheSpireLib","Minty Spire (QoL Compilation)","Quick Restart","RNG Fix","Random Character Button","Relic Sorter","Relic Stats","StSLib"],"gold_per_floor":[118,135,310,327,72,72,102,102,128,140,168,443,518,82,82,156,156,175,175,50,50,50],"floor_reached":21,"language":"ENG","playtime":817,"items_purged":["Doubt","Regret","Strike_G"],"score":382,"play_id":"bffaeb88-7c09-441f-b97a-02a3b38f0e06","local_time":"20210113084429","is_ascension_mode":true,"campfire_choices":[{"data":"Neutralize","floor":6,"key":"SMITH"},{"data":"Noxious Fumes","floor":8,"key":"SMITH"},{"floor":15,"key":"DIG"}],"circlet_count":0,"master_deck":["AscendersBane","Strike_G","Strike_G","Strike_G","Strike_G","Defend_G","Defend_G","Defend_G","Defend_G","Defend_G","Survivor","Neutralize+1","Flying Knee","Flechettes","Well Laid Plans","Endless Agony","Noxious Fumes+1","Backflip","Bane","Cloak And Dagger","Malaise","Ghostly","Ghostly","Ghostly","Ghostly","Ghostly"],"relics":["Ring of the Snake","Lizard Tail","Sling","Pen Nib","Toy Ornithopter","Regal Pillow","Shovel","Ancient Tea Set","Busted Crown"],"acts_visited":["Exordium","TheCity"],"potions_floor_usage":[11,16],"damage_taken":[{"damage":8,"enemies":"Jaw Worm","floor":1,"turns":7},{"damage":7,"enemies":"Small Slimes","floor":2,"turns":6},{"damage":0,"enemies":"Cultist","floor":4,"turns":4},{"damage":0,"enemies":"Gremlin Nob","floor":7,"turns":3},{"damage":6,"enemies":"Looter","floor":10,"turns":3},{"damage":19,"enemies":"3 Sentries","floor":11,"turns":8},{"damage":35,"enemies":"Hexaghost","floor":16,"turns":10},{"damage":1,"enemies":"Shell Parasite","floor":18,"turns":7},{"damage":32,"enemies":"3 Byrds","floor":21,"turns":4}],"seed_played":"6195731754271249033","potions_obtained":[{"floor":1,"key":"CultistPotion"},{"floor":4,"key":"Swift Potion"},{"floor":10,"key":"Regen Potion"},{"floor":16,"key":"Dexterity Potion"},{"floor":18,"key":"Explosive Potion"}],"is_trial":false,"path_per_floor":["M","M","?","M","$","R","E","R","T","M","E","?","?","$","R","B",null,"M","?","$","M"],"character_chosen":"THE_SILENT","items_purchased":["Sling","Endless Agony","Shovel","Cloak And Dagger"],"campfire_rested":0,"item_purchase_floors":[5,5,14,14],"current_hp_per_floor":[51,44,44,44,44,44,44,44,44,38,39,39,33,33,33,3,46,45,30,30,13,13],"gold":50,"neow_bonus":"ONE_RARE_RELIC","is_daily":false,"chose_seed":false,"campfire_upgraded":2,"win_rate":0.0,"timestamp":1610507669,"path_taken":["M","M","?","M","$","R","E","R","T","M","E","?","?","$","R","BOSS","M","?","?","M"],"items_purchased_type":["Relic","Card","Relic","Card"],"build_version":"2020-12-22","purchased_purges":3,"victory":false,"max_hp_per_floor":[60,60,60,60,60,60,60,60,60,60,60,60,60,60,60,60,60,60,30,30,30,30],"relic_stats":{"Lizard Tail":15,"Regal Pillow":0,"Shovel":1,"Busted Crown":2,"counters":[9,52],"Pen Nib":[5],"obtain_stats":[{"Lizard Tail":0,"Regal Pillow":11,"Shovel":14,"Busted Crown":17,"Pen Nib":7,"Sling":5,"Ancient Tea Set":15,"Toy Ornithopter":9,"Ring of the Snake":0},{"Lizard Tail":0,"Regal Pillow":6,"Shovel":6,"Busted Crown":7,"Pen Nib":4,"Sling":3,"Ancient Tea Set":6,"Toy Ornithopter":4,"Ring of the Snake":0},{"Lizard Tail":0,"Regal Pillow":31,"Shovel":31,"Busted Crown":41,"Pen Nib":20,"Sling":17,"Ancient Tea Set":31,"Toy Ornithopter":20,"Ring of the Snake":0}],"Toy Ornithopter":10,"Ring of the Snake":[18]},"card_choices":[{"not_picked":["Calculated Gamble","Flechettes"],"picked":"Flying Knee","floor":1},{"not_picked":["PiercingWail","Deflect"],"picked":"Flechettes","floor":2},{"not_picked":["Tactician","Catalyst"],"picked":"Well Laid Plans","floor":4},{"not_picked":["Outmaneuver","Tactician"],"picked":"Noxious Fumes","floor":7},{"not_picked":["Outmaneuver","Quick Slash"],"picked":"Backflip","floor":10},{"not_picked":["Flechettes","Prepared"],"picked":"Bane","floor":11},{"not_picked":["Grand Finale","Burst"],"picked":"Malaise","floor":16},{"not_picked":["Flying Knee"],"picked":"SKIP","floor":18}],"player_experience":208977,"relics_obtained":[{"floor":7,"key":"Pen Nib"},{"floor":9,"key":"Toy Ornithopter"},{"floor":11,"key":"Regal Pillow"},{"floor":15,"key":"Ancient Tea Set"}],"event_choices":[{"damage_healed":0,"gold_gain":175,"player_choice":"AGREE","damage_taken":0,"max_hp_gain":0,"max_hp_loss":0,"event_name":"Liars Game","floor":3,"gold_loss":0,"cards_obtained":["Doubt"]},{"damage_healed":0,"gold_gain":275,"player_choice":"Desecrate","damage_taken":0,"max_hp_gain":0,"max_hp_loss":0,"event_name":"Golden Shrine","floor":12,"gold_loss":0,"cards_obtained":["Regret"]},{"damage_healed":0,"gold_gain":75,"player_choice":"Touch","damage_taken":6,"max_hp_gain":0,"max_hp_loss":0,"event_name":"FaceTrader","floor":13,"gold_loss":0},{"damage_healed":0,"gold_gain":0,"player_choice":"Became a Ghost","damage_taken":0,"max_hp_gain":0,"max_hp_loss":30,"event_name":"Ghosts","floor":19,"gold_loss":0,"cards_obtained":["Ghostly","Ghostly","Ghostly","Ghostly","Ghostly"]}],"is_beta":false,"boss_relics":[{"not_picked":["Black Star","Runic Pyramid"],"picked":"Busted Crown"}],"items_purged_floors":[5,14,20],"is_endless":false,"potions_floor_spawned":[1,4,10,16,18],"killed_by":"3 Byrds","ascension_level":14}}