{"host":"wutzay93uet9pf9y","time":1610560582,"event":{"mods":["BaseMod","Colored Map","Downfall","Minty Spire (QoL Compilation)","StSLib"],"gold_per_floor":[99,113,24,51,65,65,65,78,3,22,57,89,26,138,166,178,178,178],"floor_reached":16,"language":"ENG","playtime":543,"items_purged":[],"score":102,"play_id":"4ba8ae8e-357c-42f0-8af1-55120243f5fb","local_time":"20210113125622","is_ascension_mode":false,"campfire_choices":[{"floor":1,"key":"RECALL"},{"data":"Slimebound:SlimeSlap","floor":6,"key":"SMITH"},{"data":"Slimebound:SpikyOuterGoop","floor":9,"key":"SMITH"},{"floor":13,"key":"REST"}],"circlet_count":0,"master_deck":["Slimebound:Strike_Slimebound","Slimebound:Strike_Slimebound","Slimebound:Strike_Slimebound","Slimebound:Tackle","Slimebound:Defend_Slimebound","Slimebound:Defend_Slimebound","Slimebound:Defend_Slimebound","Slimebound:Defend_Slimebound","Slimebound:Split","Slimebound:CorrosiveSpit+1","Slimebound:Replication","Slimebound:LeechLife","Slimebound:SlimeSlap+1","Slimebound:ViciousTackle","Slimebound:SpikyOuterGoop+1","Slimebound:LeechEnergy","Slimebound:FormOfPuddle","Slimebound:MassFeed"],"relics":["Slimebound:AbsorbEndCombat","Letter Opener","downfall:HeartBlessingBlue","MawBank","downfall:HeartBlessingRed"],"acts_visited":["Exordium"],"potions_floor_usage":[11,11,16],"damage_taken":[{"damage":11,"enemies":"Cultist","floor":2,"turns":3},{"damage":15,"enemies":"downfall:FleeingMerchant","floor":3,"turns":4},{"damage":14,"enemies":"Small Slimes","floor":5,"turns":3},{"damage":7,"enemies":"2 Louse","floor":8,"turns":2},{"damage":26,"enemies":"Exordium Thugs","floor":10,"turns":3},{"damage":9,"enemies":"Lagavulin","floor":11,"turns":5},{"damage":26,"enemies":"Lots of Slimes","floor":12,"turns":4},{"damage":28,"enemies":"Exordium Wildlife","floor":15,"turns":4},{"damage":26,"enemies":"downfall:Watcher","floor":16,"turns":4}],"seed_played":"-3109224113285839228","potions_obtained":[{"floor":2,"key":"Strength Potion"},{"floor":5,"key":"PowerPotion"},{"floor":12,"key":"Slimebound:SlimyTonguePotion"}],"is_trial":false,"path_per_floor":["R","M","$","T","M","R","T","M","R","M","E","M","R","?","M","B"],"character_chosen":"SLIMEBOUND","items_purchased":["Slimebound:SlimeSlap"],"campfire_rested":1,"item_purchase_floors":[3],"current_hp_per_floor":[60,55,48,48,40,40,40,37,47,29,44,22,43,43,23,0,0,0],"gold":178,"neow_bonus":"UPGRADE_CARD","is_daily":false,"chose_seed":false,"campfire_upgraded":2,"win_rate":0.0,"timestamp":1610560582,"path_taken":["R","M","?","?","M","R","T","M","R","?","E","M","R","?","M","BOSS"],"items_purchased_type":["Card"],"build_version":"2020-12-22","purchased_purges":0,"victory":false,"max_hp_per_floor":[60,60,60,60,60,60,60,60,70,70,70,70,70,70,70,70,70,70],"card_choices":[{"not_picked":["Slimebound:LeadByExample","Slimebound:ServeAndProtect"],"picked":"Slimebound:Replication","floor":2},{"not_picked":["Slimebound:ViciousTackle","Slimebound:PressTheAttack"],"picked":"Slimebound:LeechLife","floor":3},{"not_picked":["Slimebound:LeechingTouch","Slimebound:SlimeSpikes"],"picked":"Slimebound:ViciousTackle","floor":5},{"not_picked":["Slimebound:LeechingTouch","Slimebound:SplitBruiser"],"picked":"Slimebound:SpikyOuterGoop","floor":8},{"not_picked":["Slimebound:SlimeSpikes","Slimebound:SplitBruiser"],"picked":"Slimebound:LeechEnergy","floor":10},{"not_picked":["Slimebound:GrowthPunch","Slimebound:SplitAcid"],"picked":"Slimebound:FormOfPuddle","floor":11},{"not_picked":["Slimebound:SplitLeeching","Slimebound:FlameTackle","Slimebound:SlimeSpikes"],"picked":"SKIP","floor":12},{"not_picked":["Slimebound:GoopSpray","Slimebound:ItLooksTasty"],"picked":"Slimebound:MassFeed","floor":15}],"player_experience":286088,"relics_obtained":[{"floor":7,"key":"Letter Opener"},{"floor":11,"key":"MawBank"}],"event_choices":[],"is_beta":false,"boss_relics":[],"items_purged_floors":[],"is_endless":false,"potions_floor_spawned":[2,5,12],"killed_by":"downfall:Watcher","ascension_level":0}}