{"host":"i19jjmeqmvseha12","time":1610519282,"event":{"mods":["Act Like it!","BaseMod","Colored Powertips","Dota2Spire","Gensokyo","Minty Spire (QoL Compilation)","Replay The Spire","StSLib","The Cursed"],"gold_per_floor":[209,74,154,70,80,80,10,44,90,101,135,135,135,154,154,249,249,260,175,100,100,120,151,151,170,170,189,28,40,60,70,70,167,167,180,146,146,156,156,156,168,168,168,130,147,147,75,92,92,92],"floor_reached":51,"language":"ENG","playtime":1740,"items_purged":[],"score":777,"play_id":"f682721c-3ecb-495d-9781-c29578d80ade","local_time":"20210112222802","is_ascension_mode":false,"campfire_choices":[{"data":"Rip and Tear","floor":6,"key":"SMITH"},{"data":"Hologram","floor":12,"key":"SMITH"},{"floor":15,"key":"DIG"},{"data":"FTL","floor":24,"key":"SMITH"},{"floor":32,"key":"REST"},{"data":"Consume","floor":40,"key":"SMITH"},{"floor":46,"key":"REST"},{"data":"Reinforced Body","floor":49,"key":"SMITH"}],"circlet_count":0,"master_deck":["Strike_B+1","Strike_B","Strike_B","Defend_B","Defend_B","Defend_B","Defend_B","Zap","Dualcast","Rip and Tear+1","Gash+1","Gash","Gash","Hologram+1","Buffer","FTL+1","Violence","Go for the Eyes+1","Hyperbeam","Core Surge","Consume+1","Sunder","Finesse","Gash","Reinforced Body+1","Seek","Loop"],"relics":["FrozenCore","Replay:Ringing Soul","Pen Nib","Emotion Chip","Durian","StrikeDummy","Nuclear Battery","Letter Opener","Bronze Scales","Solar Panel","Gremlin Horn"],"acts_visited":["Exordium","TheCity","TheBeyond"],"potions_floor_usage":[11,14,29,29,30,50],"damage_taken":[{"damage":11,"enemies":"Gensokyo:2_Kodama","floor":1,"turns":3},{"damage":4,"enemies":"Gensokyo:3_Fairies","floor":5,"turns":4},{"damage":8,"enemies":"Gensokyo:Mamizou","floor":8,"turns":8},{"damage":0,"enemies":"Gensokyo:Python","floor":10,"turns":2},{"damage":0,"enemies":"Gensokyo:Aya","floor":11,"turns":2},{"damage":0,"enemies":"Gensokyo:5_Fairies","floor":14,"turns":3},{"damage":23,"enemies":"Gensokyo:Yukari","floor":16,"turns":7},{"damage":0,"enemies":"Chosen","floor":18,"turns":3},{"damage":0,"enemies":"Spheric Guardian","floor":22,"turns":3},{"damage":11,"enemies":"Replay:Snechameleon","floor":23,"turns":3},{"damage":1,"enemies":"Cultist and Chosen","floor":25,"turns":5},{"damage":15,"enemies":"Centurion and Healer","floor":27,"turns":5},{"damage":15,"enemies":"Shelled Parasite and Fungi","floor":29,"turns":3},{"damage":23,"enemies":"Snake Plant","floor":30,"turns":2},{"damage":1,"enemies":"Cultist and Chosen","floor":31,"turns":3},{"damage":77,"enemies":"Champ","floor":33,"turns":10},{"damage":14,"enemies":"3 Darklings","floor":35,"turns":4},{"damage":30,"enemies":"3 Shapes","floor":38,"turns":4},{"damage":0,"enemies":"Maw","floor":41,"turns":7},{"damage":49,"enemies":"Writhing Mass","floor":45,"turns":4},{"damage":16,"enemies":"Jaw Worm Horde","floor":48,"turns":3},{"damage":106,"enemies":"Awakened One","floor":50,"turns":15}],"seed_played":"-4563556422048716947","potions_obtained":[{"floor":8,"key":"Energy Potion"},{"floor":10,"key":"PotionOfCapacity"},{"floor":11,"key":"LiquidMemories"},{"floor":18,"key":"Death Potion"},{"floor":23,"key":"EntropicBrew"},{"floor":31,"key":"DuplicationPotion"},{"floor":41,"key":"FairyPotion"}],"is_trial":false,"path_per_floor":["M","$","?","COS","M","R","?","E","T","M","E","R","?","M","R","B",null,"M","?","$","?","M","E","R","M","T","M","$","M","M","M","R","B",null,"M","$","?","M","?","R","M","?","T","$","M","R","$","M","R","B",null],"character_chosen":"DEFECT","items_purchased":["Gash","Replay:Bootleg Shield Generator","FTL","Hyperbeam","Sunder","Reinforced Body","Loop"],"campfire_rested":2,"item_purchase_floors":[2,2,20,28,36,44,47],"current_hp_per_floor":[64,64,64,64,60,60,60,55,55,58,58,58,58,63,63,43,89,89,89,92,95,95,87,87,86,86,73,76,63,47,51,83,6,107,95,98,101,74,74,74,74,74,74,77,33,69,72,58,58,31],"gold":92,"neow_bonus":"HUNDRED_GOLD","is_daily":false,"chose_seed":false,"campfire_upgraded":5,"win_rate":0.0,"timestamp":1610519282,"path_taken":["M","$","?","COS","M","R","?","E","T","M","E","R","?","M","R","BOSS","M","?","$","?","?","E","R","M","T","?","$","M","M","M","R","BOSS","M","$","?","M","?","R","M","?","T","$","?","R","$","M","R","BOSS"],"items_purchased_type":["Card","Card","Card","Card","Card","Card","Card"],"build_version":"2020-12-22","purchased_purges":0,"victory":true,"max_hp_per_floor":[75,75,75,75,75,75,75,78,78,81,81,81,81,86,86,89,89,89,89,92,95,95,98,98,98,98,98,101,101,104,107,107,107,107,107,110,113,116,116,116,116,116,116,119,122,122,125,125,125,125],"card_choices":[{"not_picked":["Barrage","Consume"],"picked":"Rip and Tear","floor":1},{"not_picked":["Go for the Eyes","Barrage"],"picked":"Gash","floor":5},{"not_picked":["ReplaySort","Time Bomb"],"picked":"Gash","floor":8},{"not_picked":["ReplayTheSpireMod:System Scan","ReplaySort"],"picked":"Hologram","floor":10},{"not_picked":["Stack","Glacier","Multi-Cast"],"picked":"SKIP","floor":11},{"not_picked":["Compile Driver","Double Energy","Redo"],"picked":"SKIP","floor":14},{"not_picked":["Biased Cognition","Seek"],"picked":"Buffer","floor":16},{"not_picked":["Steam+1","Turbo","ReplayTheSpireMod:System Scan+1"],"picked":"SKIP","floor":18},{"not_picked":["Barrage","Redo+1","Fusion"],"picked":"SKIP","floor":22},{"not_picked":["Rebound+1","Panic Button"],"picked":"Go for the Eyes+1","floor":23},{"not_picked":["Hologram","Sweeping Beam","Go for the Eyes"],"picked":"SKIP","floor":25},{"not_picked":["Leap","Beam Cell","Chaos"],"picked":"SKIP","floor":27},{"not_picked":["Redo","Recycle+1","Auto Shields"],"picked":"SKIP","floor":29},{"not_picked":["Self Repair+1","ReplayTheSpireMod:Reroute Power"],"picked":"Core Surge","floor":30},{"not_picked":["Leap","Gash"],"picked":"Consume","floor":31},{"not_picked":["ReplayTheSpireMod:Repulse+1","Stack","Steam+1"],"picked":"SKIP","floor":35},{"not_picked":["Replay:Bootleg Shield Generator","Sadistic Nature"],"picked":"Finesse","floor":37},{"not_picked":["BasicCrystalCard+1","Ball Lightning"],"picked":"Gash","floor":38},{"not_picked":["Barrage+1","ReplayTheSpireMod:Calculation Training+1","Undo+1"],"picked":"SKIP","floor":41},{"not_picked":["Streamline","Cold Snap+1"],"picked":"Seek","floor":45},{"not_picked":["Rebound","Ball Lightning","Consume"],"picked":"SKIP","floor":48}],"player_experience":166658,"relics_obtained":[{"floor":8,"key":"Replay:Ringing Soul"},{"floor":9,"key":"Pen Nib"},{"floor":11,"key":"Emotion Chip"},{"floor":15,"key":"StrikeDummy"},{"floor":23,"key":"Bronze Scales"},{"floor":26,"key":"Solar Panel"},{"floor":43,"key":"Gremlin Horn"}],"event_choices":[{"damage_healed":0,"gold_gain":0,"player_choice":"Obtained Relic","damage_taken":0,"relics_obtained":["Letter Opener"],"max_hp_gain":0,"max_hp_loss":0,"event_name":"Addict","floor":19,"gold_loss":85},{"damage_healed":0,"gold_gain":0,"cards_transformed":["Replay:Bootleg Shield Generator"],"player_choice":"Transformed","damage_taken":0,"max_hp_gain":0,"max_hp_loss":0,"event_name":"Transmorgrifier","floor":21,"gold_loss":0,"cards_obtained":["Violence"]},{"damage_healed":0,"gold_gain":0,"player_choice":"Memory 1","damage_taken":0,"max_hp_gain":0,"max_hp_loss":0,"event_name":"SensoryStone","floor":37,"gold_loss":0},{"cards_removed":["Strike_B"],"damage_healed":0,"gold_gain":0,"player_choice":"Removed Attack","damage_taken":0,"max_hp_gain":0,"max_hp_loss":0,"event_name":"Falling","floor":39,"gold_loss":0},{"damage_healed":0,"gold_gain":0,"player_choice":"Ignored","damage_taken":0,"max_hp_gain":0,"max_hp_loss":0,"event_name":"Purifier","floor":42,"gold_loss":0}],"is_beta":false,"boss_relics":[{"not_picked":["ChewingGum","Empty Cage"],"picked":"Nuclear Battery"},{"not_picked":["Astrolabe","Cursed Key"],"picked":"FrozenCore"}],"items_purged_floors":[],"is_endless":false,"potions_floor_spawned":[8,10,11,18,23,31,41,45,48],"ascension_level":0}}