{"host":"nolo0osttpwefhwj","time":1610567256,"event":{"mods":["AchievementEnabler","BaseMod","Bestiary","Colored Powertips","Minty Spire (QoL Compilation)","Permanent Neow","Quick Restart","Relic Stats"],"gold_per_floor":[118,43,43,61,80,110,110,143,218,218,250,262,288,314,314,419,419,430,345,356,369,369,404,404,434,434,359,70,99,26,41,41,139,139,156,171,171,188,10,10,36,36,36,49,49,65,92,110,110,110,110,110,8,43,43],"floor_reached":56,"language":"ENG","playtime":3323,"items_purged":["Shame"],"score":1751,"play_id":"bdd9e0bf-e1cc-4eb1-ac5d-850e722c15fd","local_time":"20210113204736","is_ascension_mode":true,"campfire_choices":[{"data":"Cloak And Dagger","floor":7.0,"key":"SMITH"},{"data":"Panache","floor":10.0,"key":"SMITH"},{"data":"Neutralize","floor":15.0,"key":"SMITH"},{"data":"Wraith Form v2","floor":32.0,"key":"SMITH"},{"data":"Adrenaline","floor":40,"key":"SMITH"},{"floor":49,"key":"RECALL"},{"data":"Madness","floor":52,"key":"SMITH"}],"circlet_count":0,"master_deck":["Defend_G+1","Defend_G+1","Defend_G+1","Defend_G+1","Defend_G+1","Survivor","Neutralize+1","Panache+1","Dagger Throw","Cloak And Dagger+1","Phantasmal Killer","Blade Dance","Well Laid Plans","Calculated Gamble","Malaise","Distraction+1","Riddle With Holes+1","Blade Dance","Masterful Stab+1","Terror","Wraith Form v2+1","Adrenaline+1","Accuracy+1","Envenom+1","Infinite Blades+1","Panache+1","Slice+1","Madness+1","Madness","Swift Strike","PiercingWail+1","Well Laid Plans+1","Blade Dance+1","Calculated Gamble"],"relics":["Ring of the Snake","Turnip","Nunchaku","HornCleat","PreservedInsect","Centennial Puzzle","Odd Mushroom","Astrolabe","Gremlin Horn","Omamori","Frozen Egg 2","Bottled Flame","Oddly Smooth Stone","Bag of Preparation","Bird Faced Urn","WristBlade","Vajra","Pen Nib","Mango"],"acts_visited":["Exordium","TheCity","TheBeyond","TheEnding"],"potions_floor_usage":[55,55],"damage_taken":[{"damage":0.0,"enemies":"2 Louse","floor":1.0,"turns":4.0},{"damage":0.0,"enemies":"Cultist","floor":4.0,"turns":4.0},{"damage":2.0,"enemies":"Jaw Worm","floor":5.0,"turns":4.0},{"damage":13.0,"enemies":"Gremlin Nob","floor":6.0,"turns":4.0},{"damage":12.0,"enemies":"3 Sentries","floor":8.0,"turns":6.0},{"damage":11.0,"enemies":"Gremlin Nob","floor":11.0,"turns":5.0},{"damage":0.0,"enemies":"Large Slime","floor":12.0,"turns":5.0},{"damage":10.0,"enemies":"3 Sentries","floor":13.0,"turns":6.0},{"damage":0.0,"enemies":"The Mushroom Lair","floor":14.0,"turns":2.0},{"damage":0.0,"enemies":"Hexaghost","floor":16.0,"turns":9.0},{"damage":0.0,"enemies":"3 Byrds","floor":18.0,"turns":3.0},{"damage":0.0,"enemies":"Chosen","floor":20.0,"turns":3.0},{"damage":14.0,"enemies":"Centurion and Healer","floor":21.0,"turns":2.0},{"damage":9.0,"enemies":"Book of Stabbing","floor":23.0,"turns":3.0},{"damage":1.0,"enemies":"Slavers","floor":25.0,"turns":4.0},{"damage":0.0,"enemies":"Gremlin Leader","floor":29.0,"turns":1.0},{"damage":0.0,"enemies":"Snake Plant","floor":31.0,"turns":3.0},{"damage":5.0,"enemies":"Champ","floor":33.0,"turns":7.0},{"damage":0.0,"enemies":"Orb Walker","floor":35.0,"turns":3.0},{"damage":0,"enemies":"3 Darklings","floor":36,"turns":2},{"damage":5,"enemies":"Writhing Mass","floor":38,"turns":5},{"damage":0,"enemies":"Giant Head","floor":41,"turns":4},{"damage":1,"enemies":"Transient","floor":44,"turns":5},{"damage":0,"enemies":"4 Shapes","floor":46,"turns":6},{"damage":2,"enemies":"Nemesis","floor":47,"turns":3},{"damage":9,"enemies":"Writhing Mass","floor":48,"turns":3},{"damage":15,"enemies":"Donu and Deca","floor":50,"turns":3},{"damage":0,"enemies":"Shield and Spear","floor":54,"turns":3},{"damage":35,"enemies":"The Heart","floor":55,"turns":6}],"seed_played":"5990403776516387628","potions_obtained":[{"floor":3.0,"key":"GhostInAJar"},{"floor":3.0,"key":"LiquidMemories"},{"floor":3.0,"key":"SteroidPotion"},{"floor":13.0,"key":"Fire Potion"},{"floor":21.0,"key":"BlessingOfTheForge"},{"floor":29.0,"key":"Poison Potion"},{"floor":31.0,"key":"Regen Potion"},{"floor":36,"key":"Energy Potion"}],"is_trial":false,"path_per_floor":["M","$","?","M","M","E","R","E","T","R","E","M","E","?","R","B",null,"M","?","M","M","?","E","?","E","T","?","$","E","$","M","R","B",null,"M","M","?","M","$","R","E","?","T","M","?","M","E","M","R","B",null,"R","$","E","B",null],"character_chosen":"THE_SILENT","items_purchased":["Oddly Smooth Stone","Bag of Preparation","Accuracy+1","Panache+1","CultistPotion"],"campfire_rested":0,"item_purchase_floors":[28,28,30,39,53],"current_hp_per_floor":[63,63,63,63,61,48,48,36,36,36,25,25,15,15,15,15,56,56,56,56,42,42,33,33,32,32,32,32,32,32,36,36,39,62,70,70,70,67,67,67,70,60,60,70,70,70,70,67,67,61,68,68,68,84,58],"gold":43,"neow_bonus":"RANDOM_COLORLESS_2","is_daily":false,"chose_seed":false,"campfire_upgraded":6,"win_rate":0.0,"timestamp":1610567256,"path_taken":["M","$","?","?","M","E","R","E","T","R","E","M","E","?","R","BOSS","M","?","M","M","?","E","?","E","T","?","$","E","?","?","R","BOSS","M","M","?","M","$","R","E","?","T","M","?","?","E","M","R","BOSS","R","$","E","BOSS"],"items_purchased_type":["Relic","Relic","Card","Card","Potion"],"build_version":"2020-12-22","purchased_purges":1,"victory":true,"max_hp_per_floor":[70,70,70,70,70,70,70,70,70,70,70,70,70,70,70,70,70,70,70,70,70,70,70,70,70,70,70,70,70,70,70,70,70,70,70,70,70,70,70,70,70,70,70,70,70,70,70,70,70,70,70,70,70,84,84],"relic_stats":{"Nunchaku":[31],"Centennial Puzzle":[30],"Gremlin Horn":[12,12],"counters":[29,118],"Astrolabe":["Distraction","Riddle With Holes","A Thousand Cuts"],"Bird Faced Urn":[64],"Turnip":[8],"PreservedInsect":398,"Pen Nib":[6],"Bag of Preparation":[28],"obtain_stats":[{"Gremlin Horn":19,"Astrolabe":17,"Oddly Smooth Stone":28,"Vajra":41,"Mango":54,"PreservedInsect":11,"Pen Nib":47,"Omamori":23,"Bag of Preparation":28,"Odd Mushroom":14,"Frozen Egg 2":25,"Nunchaku":8,"Centennial Puzzle":13,"Bottled Flame":26,"HornCleat":9,"WristBlade":34,"Bird Faced Urn":29,"Turnip":6,"Ring of the Snake":0},{"Gremlin Horn":11,"Astrolabe":10,"Oddly Smooth Stone":15,"Vajra":22,"Mango":28,"PreservedInsect":6,"Pen Nib":25,"Omamori":14,"Bag of Preparation":15,"Odd Mushroom":9,"Frozen Egg 2":15,"Nunchaku":5,"Centennial Puzzle":8,"Bottled Flame":15,"HornCleat":5,"WristBlade":18,"Bird Faced Urn":16,"Turnip":4,"Ring of the Snake":0},{"Gremlin Horn":52,"Astrolabe":49,"Oddly Smooth Stone":64,"Vajra":89,"Mango":112,"PreservedInsect":27,"Pen Nib":103,"Omamori":60,"Bag of Preparation":64,"Odd Mushroom":40,"Frozen Egg 2":64,"Nunchaku":22,"Centennial Puzzle":38,"Bottled Flame":64,"HornCleat":22,"WristBlade":75,"Bird Faced Urn":65,"Turnip":16,"Ring of the Snake":0}],"Ring of the Snake":[58]},"card_choices":[{"not_picked":["HandOfGreed","Mayhem"],"picked":"Panache","floor":0.0},{"not_picked":["PiercingWail","Skewer","Catalyst"],"picked":"SKIP","floor":1.0},{"not_picked":["Catalyst","Deflect"],"picked":"Dagger Throw","floor":4.0},{"not_picked":["Flechettes","Dagger Throw"],"picked":"Cloak And Dagger","floor":5.0},{"not_picked":["Accuracy","Dodge and Roll"],"picked":"Phantasmal Killer","floor":6.0},{"not_picked":["Eviscerate","Cloak And Dagger"],"picked":"Blade Dance","floor":8.0},{"not_picked":["Blur","Heel Hook"],"picked":"Well Laid Plans","floor":11.0},{"not_picked":["Poisoned Stab","Flechettes","Choke"],"picked":"SKIP","floor":12.0},{"not_picked":["Setup","Underhanded Strike"],"picked":"Calculated Gamble","floor":13.0},{"not_picked":["Envenom","Glass Knife"],"picked":"Malaise","floor":16.0},{"not_picked":["Expertise","Catalyst"],"picked":"Blade Dance","floor":18.0},{"not_picked":["Sucker Punch","Dagger Spray"],"picked":"Masterful Stab+1","floor":20.0},{"not_picked":["Flying Knee","Crippling Poison"],"picked":"Terror","floor":21.0},{"not_picked":["Deadly Poison","Endless Agony"],"picked":"Adrenaline","floor":23.0},{"not_picked":["Outmaneuver","Underhanded Strike","Slice"],"picked":"SKIP","floor":25.0},{"not_picked":["Sucker Punch","Blur","Acrobatics"],"picked":"SKIP","floor":29.0},{"not_picked":["Dash","Predator+1","Sucker Punch"],"picked":"SKIP","floor":31.0},{"not_picked":["A Thousand Cuts+1","Glass Knife"],"picked":"Envenom+1","floor":33.0},{"not_picked":["Concentrate","Outmaneuver","Poisoned Stab"],"picked":"SKIP","floor":35.0},{"not_picked":["Quick Slash","Dagger Spray+1","Bane+1"],"picked":"SKIP","floor":36},{"not_picked":["Backflip","Slice"],"picked":"Infinite Blades+1","floor":38},{"not_picked":["Doppelganger","Bouncing Flask+1"],"picked":"Slice+1","floor":41},{"not_picked":["PanicButton","Swift Strike"],"picked":"Madness","floor":42},{"not_picked":["Transmutation","Deep Breath"],"picked":"Madness","floor":42},{"not_picked":["Magnetism+1","Mind Blast"],"picked":"Swift Strike","floor":42},{"not_picked":["Bane","Leg Sweep"],"picked":"PiercingWail+1","floor":44},{"not_picked":["Deadly Poison","Bane+1","Backflip"],"picked":"SKIP","floor":46},{"not_picked":["Poisoned Stab+1","Well Laid Plans+1"],"picked":"Blade Dance+1","floor":47},{"not_picked":["All Out Attack","Slice","Glass Knife"],"picked":"SKIP","floor":48},{"not_picked":["Backstab","Choke"],"picked":"Calculated Gamble","floor":54}],"player_experience":221090,"relics_obtained":[{"floor":6.0,"key":"Turnip"},{"floor":8.0,"key":"Nunchaku"},{"floor":9.0,"key":"HornCleat"},{"floor":11.0,"key":"PreservedInsect"},{"floor":13.0,"key":"Centennial Puzzle"},{"floor":14.0,"key":"Odd Mushroom"},{"floor":23.0,"key":"Omamori"},{"floor":25.0,"key":"Frozen Egg 2"},{"floor":26.0,"key":"Bottled Flame"},{"floor":29.0,"key":"Bird Faced Urn"},{"floor":41,"key":"Vajra"},{"floor":47,"key":"Pen Nib"},{"floor":54,"key":"Mango"}],"event_choices":[{"damage_healed":0.0,"max_hp_gain":0.0,"max_hp_loss":0.0,"gold_gain":0.0,"event_name":"Lab","player_choice":"Got Potions","floor":3.0,"gold_loss":0.0,"damage_taken":0.0},{"damage_healed":0.0,"max_hp_gain":0.0,"max_hp_loss":0.0,"gold_gain":0.0,"event_name":"Mushrooms","player_choice":"Fought Mushrooms","floor":14.0,"gold_loss":0.0,"damage_taken":0.0},{"damage_healed":0.0,"max_hp_gain":0.0,"max_hp_loss":0.0,"gold_gain":0.0,"event_name":"Addict","player_choice":"Obtained Relic","floor":19.0,"gold_loss":85.0,"damage_taken":0.0,"relics_obtained":["Gremlin Horn"]},{"damage_healed":0.0,"max_hp_gain":0.0,"max_hp_loss":0.0,"gold_gain":0.0,"cards_transformed":["Strike_G","Strike_G"],"event_name":"Drug Dealer","player_choice":"Became Test Subject","floor":22.0,"gold_loss":0.0,"damage_taken":0.0,"cards_obtained":["Wraith Form v2","Noxious Fumes"]},{"damage_healed":0.0,"max_hp_gain":0.0,"max_hp_loss":0.0,"gold_gain":0.0,"event_name":"Back to Basics","player_choice":"Simplicity","floor":24.0,"gold_loss":0.0,"damage_taken":0.0,"cards_upgraded":["Defend_G","Defend_G","Defend_G","Defend_G","Defend_G"]},{"cards_removed":["Noxious Fumes"],"damage_healed":0.0,"max_hp_gain":0.0,"max_hp_loss":0.0,"gold_gain":0.0,"event_name":"Beggar","player_choice":"Gave Gold","floor":27.0,"gold_loss":75.0,"damage_taken":0.0},{"damage_healed":0,"gold_gain":0,"player_choice":"Ignored","damage_taken":0,"max_hp_gain":0,"max_hp_loss":0,"event_name":"Tomb of Lord Red Mask","floor":37,"gold_loss":0},{"damage_healed":0,"gold_gain":0,"player_choice":"Memory 3","damage_taken":10,"max_hp_gain":0,"max_hp_loss":0,"event_name":"SensoryStone","floor":42,"gold_loss":0},{"damage_healed":0,"gold_gain":0,"cards_transformed":["A Thousand Cuts"],"player_choice":"Transformed","damage_taken":0,"max_hp_gain":0,"max_hp_loss":0,"event_name":"Transmorgrifier","floor":45,"gold_loss":0,"cards_obtained":["Well Laid Plans"]}],"is_beta":false,"boss_relics":[{"not_picked":["Velvet Choker","SlaversCollar"],"picked":"Astrolabe"},{"not_picked":["Snecko Eye","Runic Dome"],"picked":"WristBlade"}],"items_purged_floors":[2],"is_endless":false,"potions_floor_spawned":[4,5,13,14,21,23,29,31,36,38,44,47],"ascension_level":7}}