{"host":"344lv32hnei0mdhu","time":1610553719,"event":{"mods":["Act Like it!","BaseMod","Better Match","Better Sensory Stone","Better Skull","Better Third Choice","Better Vampires","Colored Powertips","Highlight Path","Minty Spire (QoL Compilation)","Quick Restart","Random Character Button","Rare Cards Sparkle","StSLib"],"gold_per_floor":[119,119,119,137,137,137,172,189,244,255,281,43,55,55,55,178,178,198,198,216,216,216],"floor_reached":21,"language":"ENG","playtime":760,"items_purged":[],"score":306,"play_id":"cc3b93aa-3338-4402-ab9d-4329ec79b7ae","local_time":"20210113100159","is_ascension_mode":true,"campfire_choices":[{"data":"Shockwave","floor":6,"key":"SMITH"},{"floor":15,"key":"REST"}],"circlet_count":0,"master_deck":["AscendersBane","Strike_R","Strike_R","Strike_R","Strike_R","Strike_R","Defend_R","Defend_R","Defend_R","Defend_R","Bash","Shockwave+1","Thunderclap","Heavy Blade","Twin Strike","Feed"],"relics":["Burning Blood","Smiling Mask","Blood Vial","Kunai","Golden Idol","Snecko Eye","Nloth\u0027s Gift"],"acts_visited":["Exordium","TheCity"],"potions_floor_usage":[10,16,16,21],"damage_taken":[{"damage":0,"enemies":"Jaw Worm","floor":1,"turns":1},{"damage":0,"enemies":"Small Slimes","floor":4,"turns":1},{"damage":0,"enemies":"Lagavulin","floor":7,"turns":2},{"damage":0,"enemies":"2 Louse","floor":8,"turns":4},{"damage":30,"enemies":"Exordium Thugs","floor":10,"turns":6},{"damage":10,"enemies":"2 Fungi Beasts","floor":13,"turns":4},{"damage":22,"enemies":"Hexaghost","floor":16,"turns":6},{"damage":51,"enemies":"Spheric Guardian","floor":18,"turns":6},{"damage":12,"enemies":"3 Byrds","floor":20,"turns":7},{"damage":57,"enemies":"3 Cultists","floor":21,"turns":5}],"seed_played":"4247788930630935704","potions_obtained":[{"floor":1,"key":"BlessingOfTheForge"},{"floor":8,"key":"BloodPotion"},{"floor":13,"key":"PowerPotion"},{"floor":20,"key":"BloodPotion"}],"is_trial":false,"path_per_floor":["M","?","?","M","?","R","E","M","T","M","T","$","M","?","R","B",null,"M","?","M","M"],"character_chosen":"IRONCLAD","items_purchased":["Kunai"],"campfire_rested":1,"item_purchase_floors":[12],"current_hp_per_floor":[78,78,78,80,80,80,80,80,80,72,72,72,70,50,74,60,75,32,32,31,0,0],"gold":216,"neow_bonus":"THREE_ENEMY_KILL","is_daily":false,"chose_seed":false,"campfire_upgraded":1,"win_rate":0.0,"timestamp":1610553719,"path_taken":["M","?","?","M","?","R","E","?","T","M","?","$","M","?","R","BOSS","M","?","?","M"],"items_purchased_type":["Relic"],"build_version":"2020-12-22","purchased_purges":0,"victory":false,"max_hp_per_floor":[80,80,80,80,80,80,80,80,80,80,80,80,80,80,80,80,80,80,80,83,86,86],"card_choices":[{"not_picked":["Perfected Strike","Sword Boomerang"],"picked":"Shockwave","floor":1},{"not_picked":["Flex","Twin Strike"],"picked":"Thunderclap","floor":4},{"not_picked":["Second Wind","Heavy Blade","Clash"],"picked":"SKIP","floor":7},{"not_picked":["Clash","Wild Strike"],"picked":"Heavy Blade","floor":8},{"not_picked":["Battle Trance","Warcry"],"picked":"Twin Strike","floor":10},{"not_picked":["Clash","Clothesline","Warcry"],"picked":"SKIP","floor":13},{"not_picked":["Fiend Fire","Exhume"],"picked":"Feed","floor":16},{"not_picked":["Warcry","Evolve+1","Clash"],"picked":"SKIP","floor":18},{"not_picked":["Clash+1","Pommel Strike+1","Warcry"],"picked":"SKIP","floor":20}],"player_experience":331888,"relics_obtained":[{"floor":7,"key":"Smiling Mask"},{"floor":11,"key":"Blood Vial"}],"event_choices":[{"damage_healed":0,"gold_gain":0,"player_choice":"Ignored","damage_taken":0,"max_hp_gain":0,"max_hp_loss":0,"event_name":"Golden Wing","floor":2,"gold_loss":0},{"damage_healed":0,"gold_gain":1,"player_choice":"1","damage_taken":0,"max_hp_gain":0,"max_hp_loss":0,"event_name":"betterStone:BetterStone","floor":3,"gold_loss":0},{"damage_healed":80,"gold_gain":0,"player_choice":"Leave","damage_taken":0,"max_hp_gain":0,"max_hp_loss":80,"event_name":"betterThird:BetterShining","floor":5,"gold_loss":0},{"damage_healed":0,"gold_gain":0,"player_choice":"Take Damage","damage_taken":20,"relics_obtained":["Golden Idol"],"max_hp_gain":0,"max_hp_loss":0,"event_name":"Golden Idol","floor":14,"gold_loss":0},{"damage_healed":0,"gold_gain":0,"player_choice":"Traded Relic","damage_taken":0,"relics_obtained":["Nloth\u0027s Gift"],"max_hp_gain":0,"max_hp_loss":0,"event_name":"N\u0027loth","floor":19,"relics_lost":["NeowsBlessing"],"gold_loss":0}],"is_beta":false,"boss_relics":[{"not_picked":["Ectoplasm","Runic Dome"],"picked":"Snecko Eye"}],"items_purged_floors":[],"is_endless":false,"potions_floor_spawned":[1,8,13,20],"killed_by":"3 Cultists","ascension_level":10}}