{"host":"tnsigirk6wurdark","time":1610521925,"event":{"mods":["BaseMod","Colored Map","Colored Powertips","Highlight Path","Minty Spire (QoL Compilation)","Quick Restart","Relic Sorter","StSLib","Synergy Search"],"gold_per_floor":[109,34,34,34,50,76,76,76,76,3,33,33,46,57,57,133,133,146,163,163,163,176,176,210,210,236,250,250,266,136,147,147,225,225,236,251,298,42,54,54,54],"floor_reached":40,"language":"ENG","playtime":2132,"items_purged":[],"score":772,"play_id":"bd00cd9c-8f3a-409e-b8a9-8324c545aa80","local_time":"20210113071205","is_ascension_mode":true,"campfire_choices":[{"data":"Caltrops","floor":7,"key":"SMITH"},{"data":"Leg Sweep","floor":12,"key":"SMITH"},{"floor":15,"key":"REST"},{"data":"Deadly Poison","floor":23,"key":"SMITH"},{"floor":25,"key":"REST"},{"floor":28,"key":"REST"},{"floor":32,"key":"REST"}],"circlet_count":0,"master_deck":["AscendersBane","Strike_G+1","Strike_G+1","Strike_G+1","Defend_G+1","Defend_G+1","Defend_G+1","Defend_G+1","Defend_G+1","Survivor","Neutralize","Caltrops+1","Endless Agony","Leg Sweep+1","Deadly Poison","Deadly Poison+1","Dodge and Roll","Envenom+1","Noxious Fumes+1","Dagger Spray+1","After Image+1","Deflect+1","Caltrops+1","Die Die Die","Footwork+1","Distraction+1","Corpse Explosion","Dash+1","Infinite Blades+1","Bane","Panache+1","Noxious Fumes+1","Parasite"],"relics":["Ring of the Snake","NeowsBlessing","Bottled Tornado","Bottled Lightning","Cursed Key","Philosopher\u0027s Stone","Frozen Egg 2","Question Card","Orichalcum","StoneCalendar"],"acts_visited":["Exordium","TheCity","TheBeyond"],"potions_floor_usage":[11,11,13,19,24,29,31,33,35,37,37,39],"damage_taken":[{"damage":0,"enemies":"Small Slimes","floor":1,"turns":1},{"damage":0,"enemies":"Jaw Worm","floor":5,"turns":1},{"damage":0,"enemies":"3 Sentries","floor":6,"turns":1},{"damage":11,"enemies":"Gremlin Nob","floor":11,"turns":4},{"damage":0,"enemies":"2 Louse","floor":13,"turns":2},{"damage":0,"enemies":"Exordium Wildlife","floor":14,"turns":4},{"damage":15,"enemies":"Hexaghost","floor":16,"turns":10},{"damage":4,"enemies":"3 Byrds","floor":18,"turns":2},{"damage":8,"enemies":"Spheric Guardian","floor":19,"turns":5},{"damage":4,"enemies":"Cultist and Chosen","floor":22,"turns":7},{"damage":26,"enemies":"Slavers","floor":24,"turns":5},{"damage":11,"enemies":"Chosen and Byrds","floor":27,"turns":6},{"damage":14,"enemies":"Snake Plant","floor":29,"turns":4},{"damage":18,"enemies":"Shelled Parasite and Fungi","floor":31,"turns":4},{"damage":27,"enemies":"Automaton","floor":33,"turns":12},{"damage":0,"enemies":"Orb Walker","floor":35,"turns":5},{"damage":0,"enemies":"3 Shapes","floor":36,"turns":5},{"damage":31,"enemies":"2 Orb Walkers","floor":37,"turns":4},{"damage":8,"enemies":"Writhing Mass","floor":39,"turns":7},{"damage":18,"enemies":"Nemesis","floor":40,"turns":6}],"seed_played":"656010004087282050","potions_obtained":[{"floor":1,"key":"Explosive Potion"},{"floor":11,"key":"Strength Potion"},{"floor":14,"key":"SteroidPotion"},{"floor":16,"key":"SkillPotion"},{"floor":24,"key":"Fire Potion"},{"floor":29,"key":"Ancient Potion"},{"floor":33,"key":"Dexterity Potion"},{"floor":35,"key":"LiquidBronze"},{"floor":36,"key":"EssenceOfSteel"},{"floor":37,"key":"Ancient Potion"}],"is_trial":false,"path_per_floor":["M","?","?","?","M","E","R","?","T","$","E","R","M","M","R","B",null,"M","M","?","?","M","R","E","R","T","M","R","M","$","M","R","B",null,"M","M","?","$","M","E"],"character_chosen":"THE_SILENT","items_purchased":["CunningPotion","Footwork+1","Strength Potion","Panache+1","Noxious Fumes+1"],"campfire_rested":4,"item_purchase_floors":[10,30,30,38,38],"current_hp_per_floor":[59,59,39,32,32,32,32,32,32,32,21,21,21,21,40,25,56,52,44,44,44,40,40,14,33,33,22,41,27,27,9,28,1,50,50,50,19,19,11,0,0],"gold":54,"neow_bonus":"THREE_ENEMY_KILL","is_daily":false,"chose_seed":false,"campfire_upgraded":3,"win_rate":0.0,"timestamp":1610521925,"path_taken":["M","?","?","?","?","E","R","?","T","$","E","R","M","M","R","BOSS","M","M","?","?","?","R","E","R","T","M","R","M","$","M","R","BOSS","M","M","?","$","M","E"],"items_purchased_type":["Potion","Card","Potion","Card","Card"],"build_version":"2020-12-22","purchased_purges":0,"victory":false,"max_hp_per_floor":[66,66,66,66,66,66,66,66,66,66,66,66,66,66,66,66,66,66,66,66,66,66,66,66,66,66,66,66,66,66,66,66,66,66,66,66,66,66,66,66,66],"card_choices":[{"not_picked":["Cloak And Dagger","Acrobatics"],"picked":"Caltrops","floor":1},{"not_picked":["Bane","Phantasmal Killer"],"picked":"Endless Agony","floor":5},{"not_picked":["Acrobatics","Escape Plan"],"picked":"Leg Sweep","floor":6},{"not_picked":["Terror","Catalyst","Eviscerate"],"picked":"Deadly Poison","floor":11},{"not_picked":["Endless Agony","Acrobatics","Masterful Stab"],"picked":"Deadly Poison","floor":13},{"not_picked":["Distraction","Slice","Terror"],"picked":"Dodge and Roll","floor":14},{"not_picked":["Phantasmal Killer","Tools of the Trade+1","Malaise"],"picked":"Envenom+1","floor":16},{"not_picked":["Predator","Calculated Gamble","Deflect"],"picked":"Noxious Fumes+1","floor":18},{"not_picked":["Well Laid Plans+1","Deadly Poison","Masterful Stab+1"],"picked":"Dagger Spray+1","floor":19},{"not_picked":["Slice+1","Dagger Spray","Prepared"],"picked":"Deflect+1","floor":22},{"not_picked":["Riddle With Holes","All Out Attack","Dagger Throw","Storm of Steel"],"picked":"SKIP","floor":24},{"not_picked":["Underhanded Strike","Quick Slash","Cloak And Dagger"],"picked":"Caltrops+1","floor":27},{"not_picked":["Outmaneuver","Deflect","Eviscerate"],"picked":"Die Die Die","floor":29},{"not_picked":["Acrobatics+1","Bouncing Flask","Calculated Gamble"],"picked":"Distraction+1","floor":31},{"not_picked":["A Thousand Cuts+1","Adrenaline","Bullet Time"],"picked":"Corpse Explosion","floor":33},{"not_picked":["Outmaneuver","Prepared+1","Skewer"],"picked":"Dash+1","floor":35},{"not_picked":["Dodge and Roll","Dagger Throw+1","Slice"],"picked":"Infinite Blades+1","floor":36},{"not_picked":["Cloak And Dagger","Acrobatics","Slice"],"picked":"Bane","floor":37},{"not_picked":["Slice","Bane","Flechettes","Poisoned Stab"],"picked":"SKIP","floor":39}],"player_experience":701309,"relics_obtained":[{"floor":6,"key":"Frozen Egg 2"},{"floor":9,"key":"Question Card"},{"floor":11,"key":"Bottled Tornado"},{"floor":24,"key":"Bottled Lightning"},{"floor":26,"key":"Orichalcum"},{"floor":37,"key":"StoneCalendar"}],"event_choices":[{"cards_removed":["Strike_G"],"damage_healed":0,"gold_gain":0,"player_choice":"Card Removal","damage_taken":0,"max_hp_gain":0,"max_hp_loss":0,"event_name":"The Cleric","floor":2,"gold_loss":75},{"damage_healed":0,"gold_gain":0,"player_choice":"Entered Light","damage_taken":20,"max_hp_gain":0,"max_hp_loss":0,"event_name":"Shining Light","floor":3,"gold_loss":0,"cards_upgraded":["Defend_G","Defend_G"]},{"cards_removed":["Strike_G"],"damage_healed":0,"gold_gain":0,"player_choice":"Card Removal","damage_taken":7,"max_hp_gain":0,"max_hp_loss":0,"event_name":"Golden Wing","floor":4,"gold_loss":0},{"damage_healed":0,"gold_gain":0,"player_choice":"Ignored","damage_taken":0,"max_hp_gain":0,"max_hp_loss":0,"event_name":"Golden Idol","floor":8,"gold_loss":0},{"damage_healed":0,"gold_gain":0,"player_choice":"Simplicity","damage_taken":0,"max_hp_gain":0,"max_hp_loss":0,"event_name":"Back to Basics","floor":20,"gold_loss":0,"cards_upgraded":["Strike_G","Strike_G","Strike_G","Defend_G","Defend_G","Defend_G"]},{"damage_healed":0,"gold_gain":0,"player_choice":"1 cards matched","damage_taken":0,"max_hp_gain":0,"max_hp_loss":0,"event_name":"Match and Keep!","floor":21,"gold_loss":0,"cards_obtained":["After Image"]},{"damage_healed":0,"gold_gain":0,"player_choice":"Fight","damage_taken":0,"max_hp_gain":0,"max_hp_loss":0,"event_name":"Mysterious Sphere","floor":37,"gold_loss":0}],"is_beta":false,"boss_relics":[{"not_picked":["SacredBark","Empty Cage"],"picked":"Philosopher\u0027s Stone"},{"not_picked":["Pandora\u0027s Box","HoveringKite"],"picked":"Cursed Key"}],"items_purged_floors":[],"is_endless":false,"potions_floor_spawned":[1,11,14,16,24,29,33,35,36,37],"killed_by":"Nemesis","ascension_level":15}}