{"host":"ydujlihd8f5px9gp","time":1610580364,"event":{"mods":["AchievementEnabler","BaseMod","Block Reminder","Colored Map","Minty Spire (QoL Compilation)","ojb\u0027s Info Mod"],"gold_per_floor":[110,110,110,35,55,83,83,83,83,109,127,153,153,173,173,277,277,267,287,287,287,299,299,312,338,338,338,354,384,384,397,397,397,397],"floor_reached":33,"language":"ENG","playtime":1296,"items_purged":["Strike_G"],"score":316,"play_id":"738d780b-4352-41e8-bfcb-eb18208e920b","local_time":"20210113212604","is_ascension_mode":true,"campfire_choices":[{"data":"Bouncing Flask","floor":7,"key":"SMITH"},{"data":"Bane","floor":13,"key":"SMITH"},{"floor":15,"key":"REST"},{"data":"Dash","floor":23,"key":"SMITH"},{"data":"Crippling Poison","floor":30,"key":"SMITH"},{"floor":32,"key":"REST"}],"circlet_count":0,"master_deck":["Strike_G+1","Strike_G","Strike_G","Defend_G","Defend_G","Defend_G","Defend_G","Survivor","Neutralize+1","Bouncing Flask+1","Quick Slash+1","Bane+1","After Image","Die Die Die","Poisoned Stab+1","Dash+1","Blade Dance","Crippling Poison+1","Dash+1"],"relics":["Ring of the Snake","Tiny Chest","Vajra","White Beast Statue","Regal Pillow","Toy Ornithopter","HoveringKite","MutagenicStrength","Snake Skull","Bottled Lightning","Whetstone"],"acts_visited":["Exordium","TheCity"],"potions_floor_usage":[10,16,18,24,24,28,29,29,33,33],"damage_taken":[{"damage":1,"enemies":"Jaw Worm","floor":1,"turns":3},{"damage":0,"enemies":"Small Slimes","floor":5,"turns":3},{"damage":19,"enemies":"Gremlin Nob","floor":6,"turns":4},{"damage":23,"enemies":"3 Sentries","floor":10,"turns":9},{"damage":0,"enemies":"Cultist","floor":11,"turns":3},{"damage":0,"enemies":"Looter","floor":14,"turns":3},{"damage":29,"enemies":"The Guardian","floor":16,"turns":7},{"damage":13,"enemies":"2 Thieves","floor":18,"turns":4},{"damage":11,"enemies":"3 Byrds","floor":19,"turns":4},{"damage":27,"enemies":"Snake Plant","floor":22,"turns":5},{"damage":12,"enemies":"Chosen and Byrds","floor":24,"turns":4},{"damage":7,"enemies":"Snecko","floor":28,"turns":4},{"damage":12,"enemies":"Gremlin Leader","floor":29,"turns":4},{"damage":29,"enemies":"Shelled Parasite and Fungi","floor":31,"turns":3},{"damage":50,"enemies":"Automaton","floor":33,"turns":10}],"seed_played":"-2427727942144012583","potions_obtained":[{"floor":1,"key":"Dexterity Potion"},{"floor":6,"key":"SmokeBomb"},{"floor":10,"key":"SpeedPotion"},{"floor":11,"key":"Weak Potion"},{"floor":14,"key":"SkillPotion"},{"floor":16,"key":"SpeedPotion"},{"floor":18,"key":"Regen Potion"},{"floor":19,"key":"EssenceOfSteel"},{"floor":22,"key":"Fruit Juice"},{"floor":24,"key":"Explosive Potion"},{"floor":28,"key":"Poison Potion"},{"floor":29,"key":"BlessingOfTheForge"},{"floor":31,"key":"LiquidBronze"}],"is_trial":false,"path_per_floor":["M","?","?","$","M","E","R","?","T","E","M","T","R","M","R","B",null,"M","M","?","?","M","R","M","T","T","?","M","E","R","M","R","B"],"character_chosen":"THE_SILENT","items_purchased":[],"campfire_rested":2,"item_purchase_floors":[],"current_hp_per_floor":[69,62,62,62,62,43,43,43,43,20,20,20,20,20,56,32,70,57,46,46,46,19,19,36,36,36,36,34,32,32,3,40,0,0],"gold":397,"neow_bonus":"UPGRADE_CARD","is_daily":false,"chose_seed":false,"campfire_upgraded":4,"win_rate":0.0,"timestamp":1610580364,"path_taken":["M","?","?","$","?","E","R","?","T","E","M","?","R","M","R","BOSS","M","M","?","?","M","R","?","?","T","?","M","E","R","M","R","BOSS"],"items_purchased_type":[],"build_version":"2020-12-22","purchased_purges":1,"victory":false,"max_hp_per_floor":[70,70,70,70,70,70,70,70,70,70,70,70,70,70,70,70,70,70,70,70,70,70,70,75,75,75,75,75,75,75,75,75,75,75],"card_choices":[{"not_picked":["Riddle With Holes","Deflect","Bane"],"picked":"SKIP","floor":1},{"not_picked":["Flying Knee","Slice"],"picked":"Bouncing Flask","floor":5},{"not_picked":["Malaise","Slice","Prepared"],"picked":"SKIP","floor":6},{"not_picked":["Deflect","Dodge and Roll"],"picked":"Quick Slash","floor":10},{"not_picked":["Sucker Punch","Quick Slash"],"picked":"Bane","floor":11},{"not_picked":["Prepared","Crippling Poison"],"picked":"After Image","floor":14},{"not_picked":["Unload","A Thousand Cuts"],"picked":"Die Die Die","floor":16},{"not_picked":["Flying Knee","Slice"],"picked":"Poisoned Stab+1","floor":18},{"not_picked":["Caltrops","Sucker Punch","Outmaneuver+1"],"picked":"SKIP","floor":19},{"not_picked":["Footwork+1","Wraith Form v2"],"picked":"Dash","floor":22},{"not_picked":["Dodge and Roll+1","Expertise"],"picked":"Blade Dance","floor":24},{"not_picked":["Predator+1","Prepared+1"],"picked":"Crippling Poison","floor":28},{"not_picked":["Heel Hook","Bane","Deflect"],"picked":"SKIP","floor":29},{"not_picked":["Poisoned Stab","Bane"],"picked":"Dash+1","floor":31}],"player_experience":127344,"relics_obtained":[{"floor":6,"key":"Vajra"},{"floor":9,"key":"White Beast Statue"},{"floor":10,"key":"Regal Pillow"},{"floor":12,"key":"Toy Ornithopter"},{"floor":25,"key":"Snake Skull"},{"floor":26,"key":"Bottled Lightning"},{"floor":29,"key":"Whetstone"}],"event_choices":[{"damage_healed":0,"gold_gain":0,"player_choice":"Success","damage_taken":7,"relics_obtained":["Tiny Chest"],"max_hp_gain":0,"max_hp_loss":0,"event_name":"Scrap Ooze","floor":2,"gold_loss":0},{"cards_removed":["Defend_G"],"damage_healed":0,"gold_gain":0,"player_choice":"Offered Basic","damage_taken":0,"max_hp_gain":0,"max_hp_loss":0,"event_name":"Bonfire Elementals","floor":3,"gold_loss":0},{"damage_healed":0,"gold_gain":0,"player_choice":"Ignored","damage_taken":0,"max_hp_gain":0,"max_hp_loss":0,"event_name":"Golden Idol","floor":8,"gold_loss":0},{"damage_healed":0,"gold_gain":0,"player_choice":"Inject Mutagens","damage_taken":0,"relics_obtained":["MutagenicStrength"],"max_hp_gain":0,"max_hp_loss":0,"event_name":"Drug Dealer","floor":20,"gold_loss":0},{"cards_removed":["Strike_G"],"damage_healed":0,"gold_gain":0,"player_choice":"Purged","damage_taken":0,"max_hp_gain":0,"max_hp_loss":0,"event_name":"Purifier","floor":21,"gold_loss":0},{"damage_healed":0,"gold_gain":0,"player_choice":"Ignored","damage_taken":0,"max_hp_gain":0,"max_hp_loss":0,"event_name":"Cursed Tome","floor":27,"gold_loss":0}],"is_beta":false,"boss_relics":[{"not_picked":["Sozu","Astrolabe"],"picked":"HoveringKite"}],"items_purged_floors":[4],"is_endless":false,"potions_floor_spawned":[1,6,10,11,14,16,18,19,22,24,28,29,31],"killed_by":"Automaton","ascension_level":3}}