{"host":"753jg11gsdjxrsmd","time":1610504845,"event":{"mods":["BaseMod","Better Third Choice","BetterRewards","Colored Map","Colored Powertips","Highlight Path","Hubris","Minty Spire (QoL Compilation)","Replay The Spire","StSLib","The Blue Laboratory"],"gold_per_floor":[119,135,154,171,188,219,219,238,310,310,342,342,360,462,462,560,560,571,571,583,583,600,600,614,627,627,349,22,22,51,51,51,51,51],"floor_reached":33,"language":"ENG","playtime":1675,"items_purged":["Strike_B","Defend_B"],"score":279,"play_id":"f6c6b493-2561-4e75-b9a6-c231296d6bd6","local_time":"20210112202725","is_ascension_mode":false,"campfire_choices":[{"floor":7,"key":"REST"},{"data":"White Noise","floor":15,"key":"SMITH"},{"data":"Conserve Battery","floor":23,"key":"SMITH"},{"data":"All For One","floor":29,"key":"SMITH"},{"data":"Leap","floor":32,"key":"SMITH"}],"circlet_count":0,"master_deck":["Strike_B","Strike_B","Strike_B","Defend_B","Defend_B","Defend_B","Zap+1","Dualcast","Gash","White Noise+1","Self Repair","Gash","Leap+1","Conserve Battery+1","Core Surge","Sweeping Beam","Capacitor","Auto Shields","All For One+1","Ball Lightning","Conserve Battery","Rebound+1","Steam","Gash","All For One","Swift Strike"],"relics":["Cracked Core","Centennial Puzzle","Oddly Smooth Stone","SlaversCollar","Toy Ornithopter","Blood Vial","Solar Panel"],"acts_visited":["Exordium","TheCity"],"potions_floor_usage":[6,6,16,16,24,25,30],"damage_taken":[{"damage":1,"enemies":"Cultist","floor":1,"turns":3},{"damage":3,"enemies":"2 Louse","floor":2,"turns":3},{"damage":11,"enemies":"Jaw Worm","floor":3,"turns":5},{"damage":28,"enemies":"Lots of Slimes","floor":4,"turns":4},{"damage":10,"enemies":"3 Louse","floor":5,"turns":4},{"damage":26,"enemies":"Lagavulin","floor":6,"turns":6},{"damage":1,"enemies":"Looter","floor":8,"turns":3},{"damage":18,"enemies":"3 Sentries","floor":11,"turns":7},{"damage":0,"enemies":"2 Fungi Beasts","floor":13,"turns":3},{"damage":16,"enemies":"Hexaghost","floor":16,"turns":10},{"damage":24,"enemies":"Shell Parasite","floor":18,"turns":6},{"damage":14,"enemies":"3 Byrds","floor":20,"turns":5},{"damage":18,"enemies":"Sentry and Sphere","floor":22,"turns":5},{"damage":16,"enemies":"3 Cultists","floor":24,"turns":6},{"damage":2,"enemies":"Snake Plant","floor":25,"turns":4},{"damage":12,"enemies":"Book of Stabbing","floor":30,"turns":3},{"damage":64,"enemies":"hubris:MusketHawk","floor":33,"turns":7}],"seed_played":"-374272052634270612","potions_obtained":[{"floor":4,"key":"blueLaboratory:FruitPunch"},{"floor":5,"key":"Fire Potion"},{"floor":8,"key":"blueLaboratory:TrueEctoplasm"},{"floor":11,"key":"Regen Potion"},{"floor":12,"key":"EssenceOfDarkness"},{"floor":12,"key":"CultistPotion"},{"floor":20,"key":"blueLaboratory:CoolantVial"},{"floor":24,"key":"blueLaboratory:FruitPunch"}],"is_trial":false,"path_per_floor":["M","M","M","M","M","E","R","M","T","?","E","?","M","?","R","B",null,"M","?","M","?","M","R","M","M","T","$","$","R","E","?","R_BF","B"],"character_chosen":"DEFECT","items_purchased":["Blood Vial","Gash","All For One","Swift Strike","PowerPotion"],"campfire_rested":1,"item_purchase_floors":[27,27,28,28,28],"current_hp_per_floor":[74,71,60,39,36,19,42,48,48,48,37,37,44,14,14,20,77,53,47,40,40,29,29,27,34,34,34,34,34,36,62,62,0,0],"gold":51,"neow_bonus":"UPGRADE_CARD","is_daily":false,"chose_seed":false,"campfire_upgraded":4,"win_rate":0.0,"timestamp":1610504845,"path_taken":["M","M","M","?","M","E","R","M","T","?","E","?","?","?","R","BOSS","M","?","?","?","M","R","M","M","T","?","$","R","E","?","R_BF","BOSS"],"items_purchased_type":["Relic","Card","Card","Card","Potion"],"build_version":"2020-12-22","purchased_purges":2,"victory":false,"max_hp_per_floor":[75,75,75,75,75,77,77,77,77,77,77,77,77,77,77,77,77,77,77,77,77,77,77,77,79,79,79,79,79,79,79,79,79,79],"card_choices":[{"not_picked":["Streamline","ReplayTheSpireMod:Reroute Power"],"picked":"Gash","floor":1},{"not_picked":["Undo","Barrage"],"picked":"White Noise","floor":2},{"not_picked":["Ball Lightning","Hologram"],"picked":"Self Repair","floor":3},{"not_picked":["Time Bomb","All For One"],"picked":"Gash","floor":4},{"not_picked":["Conserve Battery","Blizzard"],"picked":"Leap","floor":5},{"not_picked":["Streamline","Turbo","Hello World"],"picked":"SKIP","floor":6},{"not_picked":["ReplaySolidLightProjector","Barrage"],"picked":"Conserve Battery","floor":8},{"not_picked":["Hologram","Panic Button"],"picked":"Core Surge","floor":11},{"not_picked":["Rebound","Panic Button"],"picked":"Sweeping Beam","floor":13},{"not_picked":["Beam Cell","Go for the Eyes"],"picked":"Capacitor","floor":14},{"not_picked":["Stack","Compile Driver"],"picked":"Auto Shields","floor":14},{"not_picked":["hubris:DoWhile","Electrodynamics"],"picked":"All For One","floor":16},{"not_picked":["Compile Driver","Cold Snap","Barrage"],"picked":"SKIP","floor":18},{"not_picked":["ReplayTheSpireMod:GoodbyeWorld","Cold Snap"],"picked":"Ball Lightning","floor":20},{"not_picked":["Auto Shields","Reprogram"],"picked":"Conserve Battery","floor":22},{"not_picked":["Compile Driver","Undo+1"],"picked":"Rebound+1","floor":24},{"not_picked":["Barrage","Turbo"],"picked":"Steam","floor":25},{"not_picked":["Crystallizer","Lockon","BasicCrystalCard"],"picked":"SKIP","floor":30}],"player_experience":378605,"relics_obtained":[{"floor":6,"key":"Centennial Puzzle"},{"floor":11,"key":"Oddly Smooth Stone"},{"floor":26,"key":"Toy Ornithopter"},{"floor":30,"key":"Solar Panel"}],"event_choices":[{"damage_healed":48,"gold_gain":0,"player_choice":"Leave","damage_taken":0,"max_hp_gain":0,"max_hp_loss":77,"event_name":"betterThird:BetterShining","floor":10,"gold_loss":0},{"damage_healed":0,"gold_gain":0,"player_choice":"Got Potions","damage_taken":0,"max_hp_gain":0,"max_hp_loss":0,"event_name":"Lab","floor":12,"gold_loss":0},{"damage_healed":0,"gold_gain":0,"player_choice":"","damage_taken":6,"max_hp_gain":0,"max_hp_loss":0,"event_name":"Knowing Skull","floor":19,"potions_obtained":[],"gold_loss":0,"cards_obtained":[]},{"damage_healed":26,"gold_gain":0,"player_choice":"Heal","damage_taken":0,"max_hp_gain":0,"max_hp_loss":0,"event_name":"The Library","floor":31,"gold_loss":0}],"is_beta":false,"boss_relics":[{"not_picked":["Runic Pyramid","SacredBark"],"picked":"SlaversCollar"}],"items_purged_floors":[27,28],"is_endless":false,"potions_floor_spawned":[4,5,8,11,20,24],"killed_by":"hubris:MusketHawk","ascension_level":0}}