{"host":"x205naxbihvu3p76","time":1610523886,"event":{"mods":["AchievementEnabler","BaseMod","Minty Spire (QoL Compilation)","StSLib","SuperFastMode"],"gold_per_floor":[111,111,111,125,145,177,187,187,187,187,197,209,222,238,238,316,316,332,348,348,348,9,9,44,44,120,138,153,153,53,70,70,147,147,157,170,186,211,227,227,102,114,114,114,144,154,154,0,0,0,0],"floor_reached":52,"language":"KOR","playtime":1906,"items_purged":["Doom and Gloom","Reprogram","Barrage"],"score":1770,"play_id":"0e912fea-050d-4f3a-a6da-a249d9a892d3","local_time":"20210113164446","is_ascension_mode":true,"campfire_choices":[{"data":"Beam Cell","floor":8,"key":"SMITH"},{"data":"Gash","floor":15,"key":"SMITH"},{"floor":23,"key":"REST"},{"floor":25,"key":"REST"},{"data":"Loop","floor":32,"key":"SMITH"},{"floor":40,"key":"DIG"},{"data":"Reboot","floor":47,"key":"SMITH"},{"floor":49,"key":"DIG"}],"circlet_count":0,"master_deck":["AscendersBane","Dualcast","Leap","Sweeping Beam","Beam Cell+1","Cold Snap","White Noise","FTL","All For One","White Noise","Gash+1","Fission","Biased Cognition","Chill","Cold Snap","Self Repair","Beam Cell","Compile Driver","Rebound","Dark Shackles","Go for the Eyes","Loop+1","Ball Lightning","Reboot+1","Electrodynamics","Chill","Gash","Beam Cell+1","Undo","Hello World+1"],"relics":["Cracked Core","NeowsBlessing","FossilizedHelix","Ornamental Fan","Pandora\u0027s Box","OrangePellets","Mercury Hourglass","Mummified Hand","Sozu","Shovel","Bronze Scales","Mango","Kunai","Red Mask","HornCleat"],"acts_visited":["Exordium","TheCity","TheBeyond"],"potions_floor_usage":[5,20,24,33],"damage_taken":[{"damage":0,"enemies":"Jaw Worm","floor":1,"turns":1},{"damage":0,"enemies":"Small Slimes","floor":4,"turns":1},{"damage":0,"enemies":"Cultist","floor":5,"turns":1},{"damage":27,"enemies":"3 Sentries","floor":6,"turns":8},{"damage":0,"enemies":"Large Slime","floor":7,"turns":4},{"damage":7,"enemies":"Gremlin Gang","floor":11,"turns":5},{"damage":0,"enemies":"Exordium Thugs","floor":12,"turns":3},{"damage":0,"enemies":"3 Louse","floor":13,"turns":3},{"damage":0,"enemies":"Large Slime","floor":14,"turns":3},{"damage":8,"enemies":"Slime Boss","floor":16,"turns":7},{"damage":32,"enemies":"2 Thieves","floor":18,"turns":5},{"damage":14,"enemies":"Spheric Guardian","floor":19,"turns":4},{"damage":23,"enemies":"Shelled Parasite and Fungi","floor":20,"turns":4},{"damage":22,"enemies":"Gremlin Leader","floor":24,"turns":7},{"damage":8,"enemies":"Snake Plant","floor":27,"turns":4},{"damage":8,"enemies":"Snecko","floor":28,"turns":4},{"damage":0,"enemies":"Centurion and Healer","floor":31,"turns":5},{"damage":18,"enemies":"Collector","floor":33,"turns":9},{"damage":0,"enemies":"3 Shapes","floor":35,"turns":5},{"damage":0,"enemies":"3 Darklings","floor":36,"turns":5},{"damage":0,"enemies":"Writhing Mass","floor":37,"turns":6},{"damage":0,"enemies":"Mind Bloom Boss Battle","floor":38,"turns":5},{"damage":0,"enemies":"Spire Growth","floor":39,"turns":4},{"damage":0,"enemies":"Jaw Worm Horde","floor":42,"turns":3},{"damage":37,"enemies":"Nemesis","floor":45,"turns":5},{"damage":0,"enemies":"4 Shapes","floor":46,"turns":5},{"damage":22,"enemies":"Donu and Deca","floor":50,"turns":6},{"damage":36,"enemies":"Awakened One","floor":51,"turns":17}],"seed_played":"3495153876403777886","potions_obtained":[{"floor":4,"key":"BlessingOfTheForge"},{"floor":5,"key":"Fruit Juice"},{"floor":7,"key":"BlessingOfTheForge"},{"floor":24,"key":"Strength Potion"},{"floor":31,"key":"FairyPotion"}],"is_trial":false,"path_per_floor":["M","?","?","M","M","E","M","R","T","?","M","M","M","M","R","B",null,"M","M","M","?","$","R","E","R","T","M","M","?","$","M","R","B",null,"M","M","M","?","M","R","$","M","T","?","E","M","R","?","R","B","B",null],"character_chosen":"DEFECT","items_purchased":["OrangePellets","Dark Shackles"],"campfire_rested":2,"item_purchase_floors":[22,22],"current_hp_per_floor":[64,64,64,64,69,42,42,42,42,42,35,35,35,35,35,27,64,39,32,16,16,16,38,16,38,38,37,36,36,36,43,43,32,65,65,72,76,76,76,76,76,76,90,85,55,55,55,55,55,40,11],"gold":0,"neow_bonus":"THREE_ENEMY_KILL","is_daily":false,"chose_seed":false,"campfire_upgraded":4,"win_rate":0.0,"timestamp":1610523886,"path_taken":["M","?","?","M","?","E","M","R","T","?","M","M","M","M","R","BOSS","M","M","?","?","?","R","E","R","T","M","M","?","$","M","R","BOSS","M","M","M","?","M","R","$","M","T","?","E","M","R","?","R","BOSS","BOSS"],"items_purchased_type":["Relic","Card"],"build_version":"2020-12-22","purchased_purges":3,"victory":true,"max_hp_per_floor":[71,71,71,71,76,76,76,76,76,76,76,76,76,76,76,76,76,76,76,76,76,76,76,76,76,76,76,76,76,76,76,76,76,76,76,76,76,76,76,76,76,76,90,85,85,85,85,85,85,85,85],"card_choices":[{"not_picked":["Go for the Eyes","Tempest"],"picked":"Leap","floor":1},{"not_picked":["Hologram","Leap"],"picked":"Sweeping Beam","floor":4},{"not_picked":["Go for the Eyes","Hologram"],"picked":"Beam Cell","floor":5},{"not_picked":["Recycle","Hologram"],"picked":"Cold Snap","floor":6},{"not_picked":["Turbo","Force Field"],"picked":"White Noise","floor":7},{"not_picked":["Reprogram","Turbo"],"picked":"FTL","floor":11},{"not_picked":["Ball Lightning","Gash"],"picked":"All For One","floor":12},{"not_picked":["Skim","Turbo"],"picked":"White Noise","floor":13},{"not_picked":["Reprogram","Steam"],"picked":"Gash","floor":14},{"not_picked":["Multi-Cast","Amplify"],"picked":"Fission","floor":16},{"not_picked":["Sunder","Loop"],"picked":"Beam Cell","floor":18},{"not_picked":["Lockon","Melter+1"],"picked":"Compile Driver","floor":19},{"not_picked":["Compile Driver+1","Streamline+1","Sweeping Beam"],"picked":"SKIP","floor":20},{"not_picked":["Scrape","Force Field+1"],"picked":"Go for the Eyes","floor":24},{"not_picked":["Streamline","Tempest+1","Heatsinks"],"picked":"SKIP","floor":27},{"not_picked":["Go for the Eyes","Genetic Algorithm"],"picked":"Loop","floor":28},{"not_picked":["Beam Cell","Auto Shields"],"picked":"Reboot","floor":31},{"not_picked":["Fission","Hyperbeam"],"picked":"Electrodynamics","floor":33},{"not_picked":["Conserve Battery+1","Heatsinks"],"picked":"Chill","floor":35},{"not_picked":["Steam","Compile Driver","Ball Lightning"],"picked":"SKIP","floor":36},{"not_picked":["Barrage","Conserve Battery"],"picked":"Gash","floor":37},{"not_picked":["Double Energy","Thunder Strike","Compile Driver"],"picked":"SKIP","floor":39},{"not_picked":["Double Energy","Thunder Strike","Compile Driver"],"picked":"SKIP","floor":39},{"not_picked":["Self Repair","Tempest"],"picked":"Beam Cell+1","floor":42},{"not_picked":["Beam Cell","Recycle"],"picked":"Undo","floor":45},{"not_picked":["Go for the Eyes","Tempest"],"picked":"Hello World+1","floor":46}],"player_experience":972643,"relics_obtained":[{"floor":6,"key":"FossilizedHelix"},{"floor":9,"key":"Ornamental Fan"},{"floor":24,"key":"Mercury Hourglass"},{"floor":26,"key":"Mummified Hand"},{"floor":38,"key":"Shovel"},{"floor":40,"key":"Bronze Scales"},{"floor":43,"key":"Mango"},{"floor":45,"key":"Kunai"},{"floor":49,"key":"HornCleat"}],"event_choices":[{"damage_healed":0,"gold_gain":0,"cards_transformed":["Strike_B"],"player_choice":"Change","damage_taken":0,"max_hp_gain":0,"max_hp_loss":0,"event_name":"Living Wall","floor":2,"gold_loss":0,"cards_obtained":["Barrage"]},{"cards_removed":["Defend_B"],"damage_healed":0,"gold_gain":0,"player_choice":"Purged","damage_taken":0,"max_hp_gain":0,"max_hp_loss":0,"event_name":"Purifier","floor":3,"gold_loss":0},{"damage_healed":0,"gold_gain":0,"player_choice":"0 cards matched","damage_taken":0,"max_hp_gain":0,"max_hp_loss":0,"event_name":"Match and Keep!","floor":10,"gold_loss":0,"cards_obtained":[]},{"damage_healed":0,"gold_gain":0,"player_choice":"1 cards matched","damage_taken":0,"max_hp_gain":0,"max_hp_loss":0,"event_name":"Match and Keep!","floor":21,"gold_loss":0,"cards_obtained":["Rebound"]},{"damage_healed":0,"gold_gain":0,"cards_transformed":["Zap","Tempest"],"player_choice":"Became Test Subject","damage_taken":0,"max_hp_gain":0,"max_hp_loss":0,"event_name":"Drug Dealer","floor":29,"gold_loss":0,"cards_obtained":["Ball Lightning","Reprogram"]},{"damage_healed":0,"gold_gain":0,"player_choice":"Fight","damage_taken":0,"max_hp_gain":0,"max_hp_loss":0,"event_name":"MindBloom","floor":38,"gold_loss":0},{"damage_healed":0,"gold_gain":0,"player_choice":"Max HP","damage_taken":0,"max_hp_gain":0,"max_hp_loss":5,"event_name":"Winding Halls","floor":44,"gold_loss":0},{"damage_healed":0,"gold_gain":0,"player_choice":"Paid","damage_taken":0,"relics_obtained":["Red Mask"],"max_hp_gain":0,"max_hp_loss":0,"event_name":"Tomb of Lord Red Mask","floor":48,"gold_loss":154}],"is_beta":false,"boss_relics":[{"not_picked":["Inserter","Coffee Dripper"],"picked":"Pandora\u0027s Box"},{"not_picked":["Nuclear Battery","SacredBark"],"picked":"Sozu"}],"items_purged_floors":[22,30,41],"is_endless":false,"potions_floor_spawned":[4,5,7,12,24,31,35,38,42,46],"ascension_level":20}}