{"host":"fjaupvxe7fzqrf4j","time":1610535521,"event":{"mods":["ATMod(°¢èªMod)","BaseMod","Minty Spire (QoL Compilation)","StSLib"],"gold_per_floor":[115,115,115,140,65,104,104,220,270,326,442,505,505,619,619,742,742,781,353,403,318,157,267,335,385,385,491,561,680,738,591,591,706,706,850,56,1073,1073,923,1033,1098,1207,1207,1281,1342,1450,1518,1627,1627,1652,1702,1702,1702,1151,1234,1259],"floor_reached":57,"language":"ZHS","playtime":1301,"items_purged":["Predator","Acrobatics","Blade Dance+1","Normality","Normality"],"score":5051,"play_id":"199b0248-3a55-4c42-ae61-42378e24a332","local_time":"20210113185841","daily_mods":["SealedDeck","Heirloom","Time Dilation","Flight","Elite Swarm"],"is_ascension_mode":true,"campfire_choices":[{"data":"AT_ShadowStep","floor":7.0,"key":"SMITH"},{"data":"Well Laid Plans","floor":15.0,"key":"SMITH"},{"data":"Wraith Form v2","floor":32.0,"key":"SMITH"},{"floor":49,"key":"RECALL"},{"data":"Wraith Form v2","floor":53,"key":"SMITH"}],"circlet_count":0,"master_deck":["AscendersBane","Well Laid Plans+1","Backflip","Prepared+1","Expertise+1","Acrobatics+1","Tactician+1","AT_ShadowStep+1","Escape Plan","AT_KingSlayer+1","Adrenaline+1","Grand Finale+1","Purity+1","Wraith Form v2+1"],"relics":["Ring of the Snake","AT_ATBox","AT_Kusabimaru","Golden Idol","AT_MibuBalloonWealth","Ice Cream","Potion Belt","Juzu Bracelet","HornCleat","CaptainsWheel","War Paint","Runic Pyramid","OrangePellets","Blood Vial","Question Card","AT_BellDemon","PreservedInsect","AT_GuinsooRageblade","Bottled Flame","AT_BladeRuinedKing","AT_BellowingDragoncrestRing","Pear","Lizard Tail","CeramicFish","Mango","Orichalcum","AT_SilvercatRing","Tiny Chest","AT_Manta","Vajra","Black Star","Bird Faced Urn","White Beast Statue","Lantern","Ginger","Shuriken","Ancient Tea Set","Smiling Mask","AT_SunfireAegis","Meat on the Bone","AT_RabadonDeathcap","Mummified Hand","Oddly Smooth Stone","AT_RedNoBalance","Strawberry","TungstenRod","Dream Catcher","Singing Bowl","Nunchaku","AT_PhaseBoots","Bag of Marbles","AT_ChloranthyRing","Pantograph","Eternal Feather","Anchor","Thread and Needle","Akabeko","ClockworkSouvenir","Whetstone","AT_LudenTempest","Torii","Pen Nib"],"acts_visited":["Exordium","TheCity","TheBeyond","TheEnding"],"potions_floor_usage":[56,56,56],"damage_taken":[{"damage":8.0,"enemies":"Small Slimes","floor":1.0,"turns":2.0},{"damage":0.0,"enemies":"Jaw Worm","floor":4.0,"turns":1.0},{"damage":0.0,"enemies":"Gremlin Nob","floor":6.0,"turns":1.0},{"damage":0.0,"enemies":"3 Sentries","floor":8.0,"turns":1.0},{"damage":0.0,"enemies":"Gremlin Nob","floor":10.0,"turns":1.0},{"damage":0.0,"enemies":"3 Sentries","floor":11.0,"turns":1.0},{"damage":0.0,"enemies":"Gremlin Nob","floor":12.0,"turns":1.0},{"damage":0.0,"enemies":"3 Sentries","floor":14.0,"turns":1.0},{"damage":0.0,"enemies":"Slime Boss","floor":16.0,"turns":1.0},{"damage":0.0,"enemies":"Shell Parasite","floor":18.0,"turns":1.0},{"damage":0.0,"enemies":"Slavers","floor":23.0,"turns":1.0},{"damage":0.0,"enemies":"Book of Stabbing","floor":24.0,"turns":1.0},{"damage":0.0,"enemies":"Gremlin Leader","floor":27.0,"turns":1.0},{"damage":0.0,"enemies":"Book of Stabbing","floor":28.0,"turns":1.0},{"damage":0.0,"enemies":"Gremlin Leader","floor":29.0,"turns":1.0},{"damage":0.0,"enemies":"Book of Stabbing","floor":30.0,"turns":1.0},{"damage":0,"enemies":"Champ","floor":33,"turns":1},{"damage":0,"enemies":"3 Darklings","floor":35,"turns":1},{"damage":0,"enemies":"Reptomancer","floor":40,"turns":1},{"damage":0,"enemies":"Nemesis","floor":41,"turns":1},{"damage":0,"enemies":"Reptomancer","floor":42,"turns":1},{"damage":0,"enemies":"Giant Head","floor":44,"turns":1},{"damage":0,"enemies":"Nemesis","floor":45,"turns":1},{"damage":0,"enemies":"Reptomancer","floor":46,"turns":1},{"damage":0,"enemies":"Nemesis","floor":47,"turns":1},{"damage":0,"enemies":"Reptomancer","floor":48,"turns":1},{"damage":0,"enemies":"Time Eater","floor":50,"turns":1},{"damage":0,"enemies":"Donu and Deca","floor":51,"turns":1},{"damage":0,"enemies":"Shield and Spear","floor":55,"turns":1},{"damage":0,"enemies":"The Heart","floor":56,"turns":4}],"seed_played":"544211851589008124","potions_obtained":[{"floor":1.0,"key":"SpeedPotion"},{"floor":4.0,"key":"ColorlessPotion"},{"floor":10.0,"key":"LiquidBronze"},{"floor":12.0,"key":"DuplicationPotion"},{"floor":28.0,"key":"Swift Potion"},{"floor":40,"key":"PowerPotion"},{"floor":45,"key":"DistilledChaos"}],"is_trial":true,"path_per_floor":["M","?","?","M","$","E","R","E","T","E","E","E","?","E","R","B",null,"M","$","?","?","$","E","E","?","T","E","E","E","E","?","R","B",null,"M","$","?","?","$","E","E","E","T","E","E","E","E","E","R","B","B",null,"R","$","E","B",null],"character_chosen":"THE_SILENT","items_purchased":["OrangePellets","Blood Vial","AT_BellDemon","Bird Faced Urn","White Beast Statue","Purity","Akabeko","ClockworkSouvenir","Whetstone"],"campfire_rested":0,"item_purchase_floors":[19,19,22,36,36,36,54,54,54],"current_hp_per_floor":[51,31,8,8,8,8,8,8,8,8,8,8,1,1,1,1,50,50,50,50,50,50,52,54,54,54,66,68,84,86,86,86,88,90,90,90,90,90,90,90,90,90,90,97,52,53,57,61,70,97,105,105,105,105,107,107],"gold":1259,"neow_bonus":"","is_daily":false,"chose_seed":false,"campfire_upgraded":4,"win_rate":0.0,"timestamp":1610535521,"path_taken":["M","?","?","M","?","E","R","E","T","E","E","E","?","E","R","BOSS","M","$","?","?","$","E","E","?","T","E","E","E","E","?","R","BOSS","M","$","?","?","$","E","E","E","T","E","E","E","E","E","R","BOSS","BOSS","R","$","E","BOSS"],"items_purchased_type":["Relic","Relic","Relic","Relic","Relic","Card","Relic","Relic","Relic"],"build_version":"2020-12-22","purchased_purges":5,"victory":true,"max_hp_per_floor":[66,66,66,66,66,66,66,66,66,66,66,66,66,66,66,66,66,66,66,66,66,66,66,66,66,66,76,76,90,90,90,90,90,90,90,90,90,90,90,90,90,90,90,97,99,101,103,105,105,105,105,105,105,105,107,107],"card_choices":[{"not_picked":["Dodge and Roll","Dagger Throw"],"picked":"Escape Plan","floor":1.0},{"not_picked":["Choke","Slice","Outmaneuver"],"picked":"SKIP","floor":4.0},{"not_picked":["Storm of Steel","Unload","Night Terror"],"picked":"SKIP","floor":6.0},{"not_picked":["Tools of the Trade","A Thousand Cuts","Venomology"],"picked":"SKIP","floor":8.0},{"not_picked":["Die Die Die","Burst","AT_MyraUnstableElement"],"picked":"SKIP","floor":10.0},{"not_picked":["Envenom","Glass Knife","Die Die Die"],"picked":"SKIP","floor":11.0},{"not_picked":["Venomology","Burst","Wraith Form v2"],"picked":"SKIP","floor":12.0},{"not_picked":["AT_KingSlayer","Malaise","Doppelganger"],"picked":"SKIP","floor":14.0},{"not_picked":["Malaise","Doppelganger"],"picked":"AT_KingSlayer","floor":14.0},{"not_picked":["Phantasmal Killer","AT_MyraUnstableElement"],"picked":"Adrenaline","floor":16.0},{"not_picked":["Flying Knee","Outmaneuver","Bouncing Flask"],"picked":"SKIP","floor":18.0},{"not_picked":["Malaise","Storm of Steel","Bullet Time","Die Die Die"],"picked":"SKIP","floor":23.0},{"not_picked":["Doppelganger","Adrenaline","Phantasmal Killer","Glass Knife"],"picked":"SKIP","floor":24.0},{"not_picked":["Venomology","Wraith Form v2","Tools of the Trade","Storm of Steel"],"picked":"SKIP","floor":27.0},{"not_picked":["Venomology","Tools of the Trade","Storm of Steel"],"picked":"Wraith Form v2","floor":27.0},{"not_picked":["Bullet Time","Unload","After Image"],"picked":"Grand Finale","floor":28.0},{"not_picked":["Night Terror","A Thousand Cuts","Grand Finale","Adrenaline"],"picked":"SKIP","floor":29.0},{"not_picked":["Night Terror","Adrenaline","Doppelganger","Corpse Explosion"],"picked":"SKIP","floor":30.0},{"not_picked":["Dodge and Roll+1","Leg Sweep","Poisoned Stab","Blade Dance"],"picked":"SKIP","floor":35},{"not_picked":["Malaise","Corpse Explosion","Bullet Time","Night Terror"],"picked":"SKIP","floor":40},{"not_picked":["Doppelganger","AT_KingSlayer","Bullet Time","Storm of Steel"],"picked":"SKIP","floor":41},{"not_picked":["Corpse Explosion","Die Die Die","Phantasmal Killer","A Thousand Cuts"],"picked":"SKIP","floor":42},{"not_picked":["Corpse Explosion","Venomology","Grand Finale"],"picked":"Wraith Form v2","floor":44},{"not_picked":["Tools of the Trade","Glass Knife","Venomology","A Thousand Cuts"],"picked":"Singing Bowl","floor":45},{"not_picked":["Malaise","Doppelganger","Envenom","Tools of the Trade"],"picked":"Singing Bowl","floor":46},{"not_picked":["AT_EssenceShift","AT_MyraUnstableElement","Unload","Corpse Explosion"],"picked":"Singing Bowl","floor":47},{"not_picked":["Storm of Steel","AT_KingSlayer","Unload","A Thousand Cuts"],"picked":"Singing Bowl","floor":48},{"not_picked":["Night Terror","Malaise","Glass Knife","Envenom"],"picked":"Singing Bowl","floor":55}],"player_experience":424028,"relics_obtained":[{"floor":6.0,"key":"AT_MibuBalloonWealth"},{"floor":8.0,"key":"Ice Cream"},{"floor":9.0,"key":"Potion Belt"},{"floor":10.0,"key":"Juzu Bracelet"},{"floor":11.0,"key":"HornCleat"},{"floor":12.0,"key":"CaptainsWheel"},{"floor":14.0,"key":"War Paint"},{"floor":23.0,"key":"PreservedInsect"},{"floor":24.0,"key":"AT_GuinsooRageblade"},{"floor":24.0,"key":"Bottled Flame"},{"floor":26.0,"key":"AT_BladeRuinedKing"},{"floor":27.0,"key":"AT_BellowingDragoncrestRing"},{"floor":27.0,"key":"Pear"},{"floor":28.0,"key":"Lizard Tail"},{"floor":28.0,"key":"CeramicFish"},{"floor":29.0,"key":"Mango"},{"floor":29.0,"key":"Orichalcum"},{"floor":30.0,"key":"AT_SilvercatRing"},{"floor":30.0,"key":"Tiny Chest"},{"floor":33,"key":"Vajra"},{"floor":40,"key":"Lantern"},{"floor":40,"key":"Ginger"},{"floor":40,"key":"Shuriken"},{"floor":41,"key":"Ancient Tea Set"},{"floor":41,"key":"Smiling Mask"},{"floor":41,"key":"AT_SunfireAegis"},{"floor":42,"key":"Meat on the Bone"},{"floor":42,"key":"AT_RabadonDeathcap"},{"floor":42,"key":"Mummified Hand"},{"floor":44,"key":"Oddly Smooth Stone"},{"floor":44,"key":"AT_SilverBalance"},{"floor":44,"key":"Strawberry"},{"floor":45,"key":"TungstenRod"},{"floor":45,"key":"Dream Catcher"},{"floor":45,"key":"Singing Bowl"},{"floor":46,"key":"Nunchaku"},{"floor":46,"key":"AT_SpeedBoots"},{"floor":46,"key":"Bag of Marbles"},{"floor":47,"key":"AT_ChloranthyRing"},{"floor":47,"key":"Pantograph"},{"floor":48,"key":"Eternal Feather"},{"floor":48,"key":"Anchor"},{"floor":48,"key":"Thread and Needle"},{"floor":55,"key":"AT_LudenTempest"},{"floor":55,"key":"Torii"},{"floor":55,"key":"Pen Nib"}],"event_choices":[{"damage_healed":0.0,"max_hp_gain":0.0,"max_hp_loss":0.0,"gold_gain":0.0,"event_name":"Shining Light","player_choice":"Entered Light","floor":2.0,"gold_loss":0.0,"damage_taken":20.0,"cards_upgraded":["Tactician","Blade Dance"]},{"damage_healed":0.0,"max_hp_gain":0.0,"max_hp_loss":0.0,"gold_gain":0.0,"event_name":"Golden Idol","player_choice":"Take Damage","floor":3.0,"gold_loss":0.0,"damage_taken":23.0,"relics_obtained":["Golden Idol"]},{"cards_removed":["Dagger Throw"],"damage_healed":0.0,"max_hp_gain":0.0,"max_hp_loss":0.0,"gold_gain":0.0,"event_name":"Golden Wing","player_choice":"Card Removal","floor":13.0,"gold_loss":0.0,"damage_taken":7.0},{"damage_healed":0.0,"max_hp_gain":0.0,"max_hp_loss":0.0,"gold_gain":50.0,"event_name":"Nest","player_choice":"Stole From Cult","floor":20.0,"gold_loss":0.0,"damage_taken":0.0},{"damage_healed":0.0,"max_hp_gain":0.0,"max_hp_loss":0.0,"gold_gain":0.0,"event_name":"Addict","player_choice":"Obtained Relic","floor":21.0,"gold_loss":85.0,"damage_taken":0.0,"relics_obtained":["Question Card"]},{"damage_healed":0.0,"max_hp_gain":0.0,"max_hp_loss":0.0,"gold_gain":50.0,"event_name":"Golden Shrine","player_choice":"Pray","floor":25.0,"gold_loss":0.0,"damage_taken":0.0},{"damage_healed":0.0,"max_hp_gain":0.0,"max_hp_loss":0.0,"gold_gain":0.0,"event_name":"WeMeetAgain","player_choice":"Paid Gold","floor":31.0,"gold_loss":147.0,"damage_taken":0.0,"relics_obtained":["AT_Manta"]},{"damage_healed":0,"gold_gain":999,"player_choice":"Gold","damage_taken":0,"max_hp_gain":0,"max_hp_loss":0,"event_name":"MindBloom","floor":37,"gold_loss":0,"cards_obtained":["Normality","Normality"]},{"cards_removed":["Wraith Form v2"],"damage_healed":0,"gold_gain":0,"player_choice":"Removed Power","damage_taken":0,"max_hp_gain":0,"max_hp_loss":0,"event_name":"Falling","floor":38,"gold_loss":0}],"is_beta":false,"boss_relics":[{"not_picked":["Coffee Dripper","Ring of the Serpent"],"picked":"Runic Pyramid"},{"not_picked":["SacredBark","Tiny House"],"picked":"Black Star"}],"items_purged_floors":[5,19,36,39,54],"is_endless":false,"potions_floor_spawned":[1,4,10,12,27,28,29,35,40,41,42,44,45,46,47,48,55],"ascension_level":20}}