{"host":"7qoz5gmva6til3yp","time":1610536266,"event":{"mods":["AchievementEnabler","BaseMod","Minty Spire (QoL Compilation)","StSLib","SuperFastMode"],"gold_per_floor":[115,40,40,51,51,51,85,100,100,100,100,114,114,139,139,139,139],"floor_reached":16,"language":"KOR","playtime":402,"items_purged":["Decay"],"score":130,"play_id":"09eb69c4-b67c-4dda-8851-b76c239ef19b","local_time":"20210113201106","is_ascension_mode":true,"campfire_choices":[{"data":"1","floor":6.0,"key":"LIFT"},{"floor":10.0,"key":"REST"},{"floor":13.0,"key":"REST"},{"data":"2","floor":15.0,"key":"LIFT"}],"circlet_count":0,"master_deck":["Strike_G","Strike_G","Strike_G","Strike_G","Strike_G","Defend_G","Defend_G","Defend_G","Defend_G","Defend_G","Survivor","Neutralize","Underhanded Strike","Backflip","Deadly Poison"],"relics":["Ring of the Snake","Girya","Eternal Feather","MealTicket","Toy Ornithopter","Golden Idol"],"acts_visited":["Exordium"],"potions_floor_usage":[16,16],"damage_taken":[{"damage":4.0,"enemies":"Cultist","floor":1.0,"turns":4.0},{"damage":0.0,"enemies":"Small Slimes","floor":4.0,"turns":4.0},{"damage":44.0,"enemies":"3 Sentries","floor":7.0,"turns":12.0},{"damage":0.0,"enemies":"2 Louse","floor":8.0,"turns":2.0},{"damage":0.0,"enemies":"2 Fungi Beasts","floor":12.0,"turns":3.0},{"damage":21.0,"enemies":"Lots of Slimes","floor":14.0,"turns":5.0},{"damage":60,"enemies":"Hexaghost","floor":16,"turns":11}],"seed_played":"-6836949407379475620","potions_obtained":[{"floor":1.0,"key":"Swift Potion"},{"floor":8.0,"key":"Swift Potion"},{"floor":12.0,"key":"Fruit Juice"}],"is_trial":false,"path_per_floor":["M","$","$","M","?","R","E","M","T","R","?","M","R","M","R","B"],"character_chosen":"THE_SILENT","items_purchased":[],"campfire_rested":2,"item_purchase_floors":[],"current_hp_per_floor":[59,59,59,59,41,47,3,3,3,30,30,30,55,34,43,0,0],"gold":139,"neow_bonus":"ONE_RARE_RELIC","is_daily":false,"chose_seed":false,"campfire_upgraded":0,"win_rate":0.0,"timestamp":1610536266,"path_taken":["M","?","$","M","?","R","E","M","T","R","?","M","R","M","R","BOSS"],"items_purchased_type":[],"build_version":"2020-12-22","purchased_purges":1,"victory":false,"max_hp_per_floor":[70,70,70,70,70,70,70,70,70,70,65,65,65,65,65,70,70],"card_choices":[{"not_picked":["Endless Agony","Distraction"],"picked":"Underhanded Strike","floor":1.0},{"not_picked":["Acrobatics","Cloak And Dagger","Choke"],"picked":"SKIP","floor":4.0},{"not_picked":["Deflect","Blade Dance"],"picked":"Backflip","floor":7.0},{"not_picked":["Blade Dance","Dagger Throw","Endless Agony"],"picked":"SKIP","floor":8.0},{"not_picked":["Acrobatics","Outmaneuver","Caltrops"],"picked":"SKIP","floor":12.0},{"not_picked":["Deflect","Tactician"],"picked":"Deadly Poison","floor":14.0}],"player_experience":336719,"relics_obtained":[{"floor":7.0,"key":"MealTicket"},{"floor":9.0,"key":"Toy Ornithopter"}],"event_choices":[{"damage_healed":0.0,"max_hp_gain":0.0,"max_hp_loss":0.0,"gold_gain":0.0,"event_name":"Scrap Ooze","player_choice":"Success","floor":5.0,"gold_loss":0.0,"damage_taken":18.0,"relics_obtained":["Eternal Feather"]},{"damage_healed":0.0,"max_hp_gain":0.0,"max_hp_loss":5.0,"gold_gain":0.0,"event_name":"Golden Idol","player_choice":"Lose Max HP","floor":11.0,"gold_loss":0.0,"damage_taken":0.0,"relics_obtained":["Golden Idol"]}],"is_beta":false,"boss_relics":[],"items_purged_floors":[2],"is_endless":false,"potions_floor_spawned":[1,8,12],"killed_by":"Hexaghost","ascension_level":6}}