{"host":"llpusn9usp8rznkj","time":1610514585,"event":{"mods":["2.2 Compatiblity","Aspiration","BaseMod","Colored Map","Colored Powertips","Conspire","Hubris","Minty Spire (QoL Compilation)","Quick Restart","Rare Cards Sparkle","Replay The Spire","StSLib","The Cursed"],"gold_per_floor":[112,123,123,123,137,166,166,183,183,211,221,221,221,250,250,333,333,356,356,380,457,484,484,409,409,409,409,409],"floor_reached":27,"language":"ENG","playtime":1296,"items_purged":[],"score":430,"play_id":"5f8e5e14-3795-412a-b5c2-a98b09e34efc","local_time":"20210113000945","is_ascension_mode":true,"campfire_choices":[{"data":"ReplayTheSpireMod:Muscle Training","floor":13,"key":"SMITH"},{"data":"Bash","floor":15,"key":"SMITH"},{"data":"Seeing Red","floor":23,"key":"SMITH"},{"data":"Armaments","floor":25,"key":"SMITH"}],"circlet_count":0,"master_deck":["AscendersBane","Strike_R","Strike_R","Defend_R","Defend_R","Defend_R","Defend_R","Bash+1","ReplayTheSpireMod:Muscle Training+1","conspire:ExplosiveBarrier","Sword Boomerang","Reaper","Cleave","Armaments+1","conspire:Charge","Demon Form","Carnage","Pommel Strike+1","Seeing Red+1"],"relics":["Burning Blood","NeowsBlessing","ReplayFunnel","Pantograph","CeramicFish","Ooze Armor","aspiration:RitualStick","conspire:BottledYoYo"],"acts_visited":["Exordium","TheCity"],"potions_floor_usage":[6,8,8,8,11,16,20],"damage_taken":[{"damage":0,"enemies":"Jaw Worm","floor":1,"turns":1},{"damage":0,"enemies":"Cultist","floor":2,"turns":1},{"damage":0,"enemies":"Small Slimes","floor":5,"turns":2},{"damage":38,"enemies":"3 Sentries","floor":6,"turns":8},{"damage":12,"enemies":"Gremlin Gang","floor":8,"turns":5},{"damage":9,"enemies":"Blue Slaver","floor":10,"turns":3},{"damage":21,"enemies":"Exordium Thugs","floor":11,"turns":4},{"damage":11,"enemies":"Looter","floor":14,"turns":3},{"damage":66,"enemies":"Hexaghost","floor":16,"turns":10},{"damage":28,"enemies":"Spheric Guardian","floor":18,"turns":7},{"damage":6,"enemies":"3 Byrds","floor":20,"turns":4},{"damage":9,"enemies":"Centurion and Healer","floor":22,"turns":4},{"damage":33,"enemies":"Gremlin Leader","floor":27,"turns":4}],"seed_played":"8453572575804480813","potions_obtained":[{"floor":2,"key":"Explosive Potion"},{"floor":5,"key":"Energy Potion"},{"floor":6,"key":"EntropicBrew"},{"floor":10,"key":"Energy Potion"},{"floor":11,"key":"BloodPotion"},{"floor":18,"key":"PowerPotion"}],"is_trial":false,"path_per_floor":["M","M","?","?","M","E","?","M","T","M","M","?","R","M","R","B",null,"M","?","M","T","M","R","?","R","T","E"],"character_chosen":"IRONCLAD","items_purchased":[],"campfire_rested":0,"item_purchase_floors":[],"current_hp_per_floor":[74,75,49,75,75,43,43,40,40,37,32,32,32,27,27,7,58,46,27,36,36,33,33,33,33,33,15,15],"gold":409,"neow_bonus":"THREE_ENEMY_KILL","is_daily":false,"chose_seed":false,"campfire_upgraded":4,"win_rate":0.0,"timestamp":1610514585,"path_taken":["M","M","?","?","?","E","?","M","T","?","?","?","R","?","R","BOSS","M","?","M","?","M","R","?","R","T","E"],"items_purchased_type":[],"build_version":"2020-12-22","purchased_purges":0,"victory":false,"max_hp_per_floor":[75,75,75,75,75,75,75,75,75,75,75,75,75,75,75,75,75,75,75,75,75,75,75,75,75,75,75,75],"card_choices":[{"not_picked":["Warcry","Havoc"],"picked":"ReplayTheSpireMod:Muscle Training","floor":1},{"not_picked":["Rampage","Rupture"],"picked":"conspire:ExplosiveBarrier","floor":2},{"not_picked":["Defy Death","hubris:ReadiedAction"],"picked":"Sword Boomerang","floor":5},{"not_picked":["Clash","Headbutt"],"picked":"Reaper","floor":6},{"not_picked":["Body Slam","hubris:SharpeningStone"],"picked":"Cleave","floor":8},{"not_picked":["Perfected Strike","hubris:ReadiedAction"],"picked":"Armaments","floor":10},{"not_picked":["Replay:Undeath\u0027s Touch","Clash","Combust"],"picked":"SKIP","floor":11},{"not_picked":["Run Through","Shrug It Off"],"picked":"conspire:Charge","floor":14},{"not_picked":["Brutality","hubris:StunningStrike"],"picked":"Demon Form","floor":16},{"not_picked":["Anger","Body Slam"],"picked":"Carnage","floor":18},{"not_picked":["Thunderclap","Abandon"],"picked":"Pommel Strike+1","floor":20},{"not_picked":["Pommel Strike","True Grit"],"picked":"Seeing Red","floor":22}],"player_experience":1142469,"relics_obtained":[{"floor":6,"key":"Pantograph"},{"floor":9,"key":"CeramicFish"},{"floor":26,"key":"conspire:BottledYoYo"}],"event_choices":[{"damage_healed":0,"gold_gain":0,"player_choice":"Success","damage_taken":26,"relics_obtained":["ReplayFunnel"],"max_hp_gain":0,"max_hp_loss":0,"event_name":"Scrap Ooze","floor":3,"gold_loss":0},{"damage_healed":26,"gold_gain":0,"player_choice":"Full Heal","damage_taken":0,"max_hp_gain":0,"max_hp_loss":0,"event_name":"Wheel of Change","floor":4,"gold_loss":0},{"cards_removed":["Strike_R"],"damage_healed":0,"gold_gain":0,"player_choice":"Purged","damage_taken":0,"max_hp_gain":0,"max_hp_loss":0,"event_name":"Purifier","floor":7,"gold_loss":0},{"cards_removed":["Strike_R"],"damage_healed":0,"gold_gain":0,"player_choice":"Offered Basic","damage_taken":0,"max_hp_gain":0,"max_hp_loss":0,"event_name":"Bonfire Elementals","floor":12,"gold_loss":0},{"cards_removed":["Strike_R"],"damage_healed":0,"gold_gain":0,"player_choice":"Gave Gold","damage_taken":0,"max_hp_gain":0,"max_hp_loss":0,"event_name":"Beggar","floor":24,"gold_loss":75}],"is_beta":false,"boss_relics":[{"not_picked":["aspiration:RunicSpoon","Empty Cage"],"picked":"Ooze Armor"}],"items_purged_floors":[],"is_endless":false,"potions_floor_spawned":[2,5,6,10,11,18],"killed_by":"Gremlin Leader","ascension_level":20}}