{"host":"Qube","time":1610503296,"event":{"mods":["AchievementEnabler","BaseMod","Colored Map","Colored Powertips","Minty Spire (QoL Compilation)","Quick Restart","Random Character Button","StSLib"],"gold_per_floor":[359,2,22,97,116,116,147,147,147,172,13,13,39,39,39,116,116,126,126,143,143,155,182,182,210,210,230,230,247,247,247,247,321,321,331,27,27,46,59,59,77,77,77,77,103,114,131,146,146,146],"floor_reached":51,"language":"ENG","playtime":2640,"items_purged":[],"score":1678,"play_id":"beaf9b3b-9346-43e2-99bf-6290a4244347","local_time":"20210112180136","is_ascension_mode":true,"campfire_choices":[{"floor":6.0,"key":"REST"},{"floor":8.0,"key":"REST"},{"data":"Apotheosis","floor":12.0,"key":"SMITH"},{"data":"BattleHymn","floor":15.0,"key":"SMITH"},{"floor":24.0,"key":"REST"},{"floor":28.0,"key":"REST"},{"floor":30.0,"key":"REST"},{"floor":32.0,"key":"REST"},{"data":"1","floor":40.0,"key":"LIFT"},{"data":"2","floor":44.0,"key":"LIFT"},{"floor":49,"key":"REST"}],"circlet_count":0,"master_deck":["AscendersBane","Eruption","Vigilance","CutThroughFate","Apotheosis+1","Scrawl","Prostrate","ClearTheMind","Blasphemy","Prostrate","BattleHymn+1","Prostrate","FollowUp","ThirdEye","Establishment","FlurryOfBlows+1","CutThroughFate","Wallop+1","FlurryOfBlows","Protect","SpiritShield","Madness","Madness"],"relics":["PureWater","Question Card","MealTicket","Incense Burner","The Courier","Girya","Pandora\u0027s Box","Nilry\u0027s Codex","MutagenicStrength","Art of War","TeardropLocket","SacredBark","ClockworkSouvenir","Bag of Preparation","Eternal Feather","Whetstone"],"acts_visited":["Exordium","TheCity","TheBeyond"],"potions_floor_usage":[46,48],"damage_taken":[{"damage":4.0,"enemies":"Small Slimes","floor":1.0,"turns":4.0},{"damage":0.0,"enemies":"2 Louse","floor":3.0,"turns":2.0},{"damage":0.0,"enemies":"Jaw Worm","floor":5.0,"turns":3.0},{"damage":30.0,"enemies":"3 Sentries","floor":7.0,"turns":9.0},{"damage":0.0,"enemies":"Gremlin Nob","floor":10.0,"turns":2.0},{"damage":0.0,"enemies":"Lagavulin","floor":13.0,"turns":4.0},{"damage":0.0,"enemies":"The Guardian","floor":16.0,"turns":6.0},{"damage":9.0,"enemies":"Shell Parasite","floor":18.0,"turns":3.0},{"damage":7.0,"enemies":"Spheric Guardian","floor":20.0,"turns":3.0},{"damage":0.0,"enemies":"3 Cultists","floor":22.0,"turns":3.0},{"damage":21.0,"enemies":"Gremlin Leader","floor":23.0,"turns":4.0},{"damage":0.0,"enemies":"Book of Stabbing","floor":25.0,"turns":3.0},{"damage":0.0,"enemies":"Centurion and Healer","floor":27.0,"turns":3.0},{"damage":17.0,"enemies":"Cultist and Chosen","floor":29.0,"turns":4.0},{"damage":32.0,"enemies":"Collector","floor":33.0,"turns":6.0},{"damage":7.0,"enemies":"Orb Walker","floor":35.0,"turns":4.0},{"damage":8.0,"enemies":"3 Darklings","floor":38.0,"turns":5.0},{"damage":0.0,"enemies":"Spire Growth","floor":39.0,"turns":3.0},{"damage":2.0,"enemies":"Writhing Mass","floor":41.0,"turns":4.0},{"damage":0.0,"enemies":"Giant Head","floor":45.0,"turns":4.0},{"damage":16,"enemies":"Maw","floor":46,"turns":3},{"damage":0,"enemies":"Sphere and 2 Shapes","floor":47,"turns":2},{"damage":2,"enemies":"Spire Growth","floor":48,"turns":4},{"damage":31,"enemies":"Time Eater","floor":50,"turns":7}],"seed_played":"-6159080490435558887","potions_obtained":[{"floor":3.0,"key":"GamblersBrew"},{"floor":7.0,"key":"StancePotion"},{"floor":16.0,"key":"SteroidPotion"},{"floor":25.0,"key":"FearPotion"},{"floor":29.0,"key":"ColorlessPotion"},{"floor":38.0,"key":"BlessingOfTheForge"}],"is_trial":false,"path_per_floor":["M","$","M","?","M","R","E","R","T","E","$","R","E","?","R","B",null,"M","?","M","?","M","E","R","E","T","M","R","M","R","?","R","B",null,"M","$","$","M","M","R","M","?","T","R","E","M","M","M","R","B",null],"character_chosen":"WATCHER","items_purchased":["Apotheosis","Scrawl","BattleHymn","Prostrate","FollowUp","ClockworkSouvenir","Bag of Preparation","Block Potion"],"campfire_rested":7,"item_purchase_floors":[2,2,11,11,11,36,36,36],"current_hp_per_floor":[39,39,39,28,28,48,18,38,38,38,53,53,53,48,48,48,63,54,33,26,26,26,5,25,25,25,25,45,28,48,48,68,36,60,53,68,68,60,60,60,58,46,46,58,58,42,42,40,68,37],"gold":146,"neow_bonus":"TWO_FIFTY_GOLD","is_daily":false,"chose_seed":false,"campfire_upgraded":2,"win_rate":0.0,"timestamp":1610503296,"path_taken":["M","$","M","?","M","R","E","R","T","E","$","R","E","?","R","BOSS","M","?","M","?","M","E","R","E","T","M","R","M","R","?","R","BOSS","M","?","$","M","?","R","M","?","T","R","E","M","M","M","R","BOSS"],"items_purchased_type":["Card","Card","Card","Card","Card","Relic","Relic","Potion"],"build_version":"2020-12-18","purchased_purges":0,"victory":true,"max_hp_per_floor":[68,68,68,68,68,68,68,68,68,68,68,68,68,68,68,68,68,68,68,68,68,68,68,68,68,68,68,68,68,68,68,68,68,68,68,68,68,68,68,68,68,68,68,68,68,68,68,68,68,68],"card_choices":[{"not_picked":["MentalFortress","Meditate"],"picked":"CutThroughFate","floor":1.0},{"not_picked":["Nirvana","SashWhip"],"picked":"Prostrate","floor":3.0},{"not_picked":["Meditate","JustLucky"],"picked":"ClearTheMind","floor":5.0},{"not_picked":["Halt","CutThroughFate"],"picked":"Blasphemy","floor":7.0},{"not_picked":["FlyingSleeves","Pray","Collect"],"picked":"Prostrate","floor":10.0},{"not_picked":["Tantrum","Perseverance","WreathOfFlame"],"picked":"ThirdEye","floor":13.0},{"not_picked":["Alpha","Blasphemy","DeusExMachina"],"picked":"Establishment","floor":16.0},{"not_picked":["Prostrate+1","Consecrate","Meditate"],"picked":"FlyingSleeves","floor":18.0},{"not_picked":["JustLucky+1","CutThroughFate","EmptyFist"],"picked":"FlurryOfBlows","floor":20.0},{"not_picked":["Adaptation","BattleHymn","Evaluate"],"picked":"CutThroughFate","floor":22.0},{"not_picked":["FollowUp","EmptyFist","Omniscience"],"picked":"Wallop","floor":23.0},{"not_picked":["WreathOfFlame","PathToVictory","Weave"],"picked":"FlurryOfBlows","floor":25.0},{"not_picked":["CrushJoints","ClearTheMind","Prostrate"],"picked":"Protect","floor":27.0},{"not_picked":["SashWhip","Study","EmptyFist","Crescendo"],"picked":"SKIP","floor":29.0},{"not_picked":["Judgement","ConjureBlade","MasterReality"],"picked":"SpiritShield","floor":33.0},{"not_picked":["FollowUp+1","FlurryOfBlows+1","Crescendo","JustLucky+1"],"picked":"SKIP","floor":35.0},{"not_picked":["SashWhip","Study","Crescendo","FlyingSleeves"],"picked":"SKIP","floor":38.0},{"not_picked":["CutThroughFate","BowlingBash","Evaluate+1","JustLucky"],"picked":"SKIP","floor":39.0},{"not_picked":["JustLucky","Study","Consecrate","Wireheading"],"picked":"SKIP","floor":41.0},{"not_picked":["Protect","CutThroughFate","Meditate","BowlingBash+1"],"picked":"SKIP","floor":45.0},{"not_picked":["CrushJoints+1","Wish","ClearTheMind","WaveOfTheHand"],"picked":"SKIP","floor":46},{"not_picked":["FollowUp","ThirdEye+1","EmptyBody","FlurryOfBlows"],"picked":"SKIP","floor":47},{"not_picked":["FlurryOfBlows","SashWhip+1","ThirdEye","Pray"],"picked":"SKIP","floor":48}],"player_experience":878758,"relics_obtained":[{"floor":7.0,"key":"Question Card"},{"floor":9.0,"key":"MealTicket"},{"floor":10.0,"key":"Incense Burner"},{"floor":13.0,"key":"The Courier"},{"floor":19.0,"key":"Nilry\u0027s Codex"},{"floor":23.0,"key":"Art of War"},{"floor":25.0,"key":"TeardropLocket"},{"floor":43.0,"key":"Eternal Feather"},{"floor":45.0,"key":"Whetstone"}],"event_choices":[{"damage_healed":0.0,"max_hp_gain":0.0,"max_hp_loss":0.0,"gold_gain":75.0,"event_name":"World of Goop","player_choice":"Gather Gold","floor":4.0,"gold_loss":0.0,"damage_taken":11.0},{"damage_healed":0.0,"max_hp_gain":0.0,"max_hp_loss":0.0,"gold_gain":0.0,"event_name":"Scrap Ooze","player_choice":"Success","floor":14.0,"gold_loss":0.0,"damage_taken":5.0,"relics_obtained":["Girya"]},{"damage_healed":0.0,"max_hp_gain":0.0,"max_hp_loss":0.0,"gold_gain":0.0,"event_name":"Cursed Tome","player_choice":"Obtained Book","floor":19.0,"gold_loss":0.0,"damage_taken":21.0},{"damage_healed":0.0,"max_hp_gain":0.0,"max_hp_loss":0.0,"gold_gain":0.0,"event_name":"Drug Dealer","player_choice":"Inject Mutagens","floor":21.0,"gold_loss":0.0,"damage_taken":0.0,"relics_obtained":["MutagenicStrength"]},{"cards_removed":["FlyingSleeves"],"damage_healed":0.0,"max_hp_gain":0.0,"max_hp_loss":0.0,"gold_gain":0.0,"event_name":"Purifier","player_choice":"Purged","floor":31.0,"gold_loss":0.0,"damage_taken":0.0},{"damage_healed":0.0,"max_hp_gain":0.0,"max_hp_loss":0.0,"gold_gain":0.0,"event_name":"Winding Halls","player_choice":"Embrace Madness","floor":42.0,"gold_loss":0.0,"damage_taken":12.0,"cards_obtained":["Madness","Madness"]}],"is_beta":true,"boss_relics":[{"not_picked":["Ectoplasm","Snecko Eye"],"picked":"Pandora\u0027s Box"},{"not_picked":["Runic Pyramid","Astrolabe"],"picked":"SacredBark"}],"items_purged_floors":[],"is_endless":false,"potions_floor_spawned":[3,7,16,25,27,29,38,39,45],"ascension_level":19}}