{"host":"y76x98twjnyyxs83","time":1610541216,"event":{"mods":["BaseMod","Colored Powertips","Minty Spire (QoL Compilation)","Permanent Neow","Quick Restart","Rare Cards Sparkle","Relic Stats","StSLib"],"gold_per_floor":[111,161,176,194,212,244,244,277,347,397,408,438,450,481,493,578,590,616,660,722,749,771,783,829,860,918,998,1010,1057,608,622,622,694,694,713,759,709,931,946,974,974,666,666,666,700,700,718,747,747,747,747,747],"floor_reached":51,"language":"ENG","playtime":2463,"items_purged":["Strike_P","Strike_P","Strike_P"],"score":1711,"play_id":"31ae46dd-77b3-4ce2-b6a7-a49f50191ae7","local_time":"20210113203336","is_ascension_mode":true,"campfire_choices":[{"data":"Wallop","floor":7.0,"key":"SMITH"},{"data":"SandsOfTime","floor":13.0,"key":"SMITH"},{"data":"Vigilance","floor":15.0,"key":"SMITH"},{"floor":23.0,"key":"REST"},{"floor":28.0,"key":"REST"},{"data":"Wireheading","floor":32.0,"key":"SMITH"},{"floor":41,"key":"REST"},{"floor":49,"key":"RECALL"}],"circlet_count":0,"master_deck":["AscendersBane","Strike_P+1","Defend_P+1","Defend_P+1","Defend_P+1","Eruption+1","Vigilance+1","SandsOfTime+1","Wallop+1","Indignation+1","Conclude+1","Swivel+1","Alpha+1","Wireheading+1","LessonLearned+1","Protect+1","Vigilance+1","FearNoEvil","FearNoEvil","Wallop+1"],"relics":["Snecko Eye","Smiling Mask","TungstenRod","MawBank","Busted Crown","Red Mask","Ancient Tea Set","War Paint","Mummified Hand","Vajra","PreservedInsect","DollysMirror","Cursed Key","Ginger","Art of War","Bronze Scales","Kunai","Pear"],"acts_visited":["Exordium","TheCity","TheBeyond"],"potions_floor_usage":[50],"damage_taken":[{"damage":6.0,"enemies":"2 Louse","floor":1.0,"turns":2.0},{"damage":0.0,"enemies":"Cultist","floor":3.0,"turns":2.0},{"damage":0.0,"enemies":"Jaw Worm","floor":4.0,"turns":1.0},{"damage":0.0,"enemies":"Looter","floor":5.0,"turns":2.0},{"damage":13.0,"enemies":"Lagavulin","floor":6.0,"turns":6.0},{"damage":16.0,"enemies":"Gremlin Nob","floor":8.0,"turns":3.0},{"damage":0.0,"enemies":"Exordium Thugs","floor":11.0,"turns":2.0},{"damage":0.0,"enemies":"3 Sentries","floor":12.0,"turns":2.0},{"damage":0.0,"enemies":"Red Slaver","floor":14.0,"turns":2.0},{"damage":0.0,"enemies":"Hexaghost","floor":16.0,"turns":6.0},{"damage":14.0,"enemies":"Spheric Guardian","floor":18.0,"turns":4.0},{"damage":0.0,"enemies":"Masked Bandits","floor":19.0,"turns":2.0},{"damage":24.0,"enemies":"3 Byrds","floor":21.0,"turns":5.0},{"damage":9.0,"enemies":"Cultist and Chosen","floor":22.0,"turns":7.0},{"damage":27.0,"enemies":"Slavers","floor":24.0,"turns":3.0},{"damage":1.0,"enemies":"Centurion and Healer","floor":25.0,"turns":6.0},{"damage":13.0,"enemies":"Gremlin Leader","floor":29.0,"turns":6.0},{"damage":0.0,"enemies":"3 Cultists","floor":31.0,"turns":3.0},{"damage":13.0,"enemies":"Champ","floor":33.0,"turns":9.0},{"damage":1.0,"enemies":"3 Darklings","floor":35.0,"turns":5.0},{"damage":8.0,"enemies":"2 Orb Walkers","floor":36.0,"turns":4.0},{"damage":0.0,"enemies":"Orb Walker","floor":39.0,"turns":4.0},{"damage":22,"enemies":"Reptomancer","floor":40,"turns":6},{"damage":18,"enemies":"Giant Head","floor":45,"turns":6},{"damage":0,"enemies":"Transient","floor":47,"turns":6},{"damage":20,"enemies":"Nemesis","floor":48,"turns":5},{"damage":15,"enemies":"Donu and Deca","floor":50,"turns":11},{"damage":23,"enemies":"Time Eater","floor":51,"turns":4}],"seed_played":"-3915539694660150467","potions_obtained":[{"floor":3.0,"key":"Strength Potion"},{"floor":5.0,"key":"FairyPotion"},{"floor":8.0,"key":"Energy Potion"},{"floor":16.0,"key":"AttackPotion"},{"floor":19.0,"key":"SkillPotion"},{"floor":24.0,"key":"EntropicBrew"},{"floor":33.0,"key":"BottledMiracle"},{"floor":35.0,"key":"PowerPotion"},{"floor":36.0,"key":"Dexterity Potion"},{"floor":40,"key":"Regen Potion"}],"is_trial":false,"path_per_floor":["M","?","M","M","M","E","R","E","T","?","M","E","R","M","R","B",null,"M","?","?","M","M","R","E","M","T","T","R","E","$","M","R","B",null,"M","?","$","?","M","E","R","$","T","T","E","?","M","E","R","B","B"],"character_chosen":"WATCHER","items_purchased":["GamblersBrew","PreservedInsect","DollysMirror","Bronze Scales","FearNoEvil"],"campfire_rested":3,"item_purchase_floors":[30,30,30,42,42],"current_hp_per_floor":[55,55,55,55,55,42,42,26,26,26,26,26,26,26,26,26,58,44,44,44,20,11,31,4,3,3,3,23,24,24,24,24,11,54,53,45,45,45,45,23,43,43,43,43,25,25,25,15,15,15,0,0],"gold":747,"neow_bonus":"BOSS_RELIC","is_daily":false,"chose_seed":false,"campfire_upgraded":4,"win_rate":0.0,"timestamp":1610541216,"path_taken":["M","?","?","M","M","E","R","E","T","?","M","E","R","?","R","BOSS","M","?","?","M","?","R","E","M","T","?","R","E","$","?","R","BOSS","M","?","$","?","M","E","R","$","T","?","E","?","M","E","R","BOSS","BOSS"],"items_purchased_type":["Potion","Relic","Relic","Relic","Card"],"build_version":"2020-12-22","purchased_purges":3,"victory":false,"max_hp_per_floor":[68,68,68,68,68,68,68,68,68,68,68,68,68,68,68,68,68,68,68,68,68,68,68,68,68,68,68,68,68,68,68,68,68,68,68,68,68,68,68,68,68,68,68,68,68,68,68,78,78,78,78,78],"relic_stats":{"counters":[28,124],"PreservedInsect":242,"Ginger":[3],"War Paint":["Protect","Defend_P"],"Smiling Mask":150,"MawBank":216,"Cursed Key":0,"Busted Crown":32,"Mummified Hand":[40],"Bronze Scales":[73],"Snecko Eye":[210,221,184,207],"Art of War":[5],"Kunai":[9],"obtain_stats":[{"Pear":48,"Vajra":29,"PreservedInsect":30,"Ginger":36,"War Paint":26,"Smiling Mask":6,"MawBank":12,"Ancient Tea Set":24,"Cursed Key":34,"Busted Crown":17,"Mummified Hand":27,"DollysMirror":30,"Bronze Scales":42,"Snecko Eye":0,"Red Mask":19,"Art of War":40,"Kunai":45,"PureWater":0,"TungstenRod":8},{"Pear":26,"Vajra":17,"PreservedInsect":17,"Ginger":21,"War Paint":16,"Smiling Mask":5,"MawBank":8,"Ancient Tea Set":15,"Cursed Key":19,"Busted Crown":10,"Mummified Hand":16,"DollysMirror":17,"Bronze Scales":23,"Snecko Eye":0,"Red Mask":12,"Art of War":23,"Kunai":24,"PureWater":0,"TungstenRod":6},{"Pear":109,"Vajra":61,"PreservedInsect":61,"Ginger":82,"War Paint":55,"Smiling Mask":13,"MawBank":20,"Ancient Tea Set":49,"Cursed Key":73,"Busted Crown":28,"Mummified Hand":55,"DollysMirror":61,"Bronze Scales":92,"Snecko Eye":0,"Red Mask":34,"Art of War":92,"Kunai":98,"PureWater":0,"TungstenRod":16}],"TungstenRod":41},"card_choices":[{"not_picked":["BowlingBash","FlurryOfBlows"],"picked":"SandsOfTime","floor":1.0},{"not_picked":["SashWhip","EmptyFist","Fasting2"],"picked":"SKIP","floor":3.0},{"not_picked":["EmptyFist","FlyingSleeves"],"picked":"Wallop","floor":4.0},{"not_picked":["Prostrate","BowlingBash","ClearTheMind"],"picked":"SKIP","floor":5.0},{"not_picked":["CutThroughFate","EmptyBody"],"picked":"Indignation","floor":6.0},{"not_picked":["ClearTheMind","Indignation"],"picked":"Conclude","floor":8.0},{"not_picked":["EmptyBody","Halt"],"picked":"Swivel","floor":11.0},{"not_picked":["ForeignInfluence","Prostrate"],"picked":"Alpha","floor":12.0},{"not_picked":["Protect","EmptyFist"],"picked":"Wireheading","floor":14.0},{"not_picked":["DeusExMachina","Establishment"],"picked":"LessonLearned","floor":16.0},{"not_picked":["CutThroughFate+1"],"picked":"SKIP","floor":18.0},{"not_picked":["Prostrate"],"picked":"SKIP","floor":21.0},{"not_picked":[],"picked":"Protect","floor":22.0},{"not_picked":["Crescendo"],"picked":"SKIP","floor":24.0},{"not_picked":["Conclude+1"],"picked":"SKIP","floor":25.0},{"not_picked":["Evaluate"],"picked":"SKIP","floor":29.0},{"not_picked":["Halt"],"picked":"SKIP","floor":31.0},{"not_picked":["ClearTheMind"],"picked":"SKIP","floor":35.0},{"not_picked":["Sanctity+1"],"picked":"SKIP","floor":39.0},{"not_picked":["Sanctity+1"],"picked":"SKIP","floor":39.0},{"not_picked":["ReachHeaven"],"picked":"SKIP","floor":40},{"not_picked":["FlyingSleeves+1"],"picked":"SKIP","floor":45},{"not_picked":[],"picked":"Wallop","floor":47},{"not_picked":["Consecrate"],"picked":"SKIP","floor":48}],"player_experience":1129938,"relics_obtained":[{"floor":6.0,"key":"Smiling Mask"},{"floor":8.0,"key":"TungstenRod"},{"floor":12.0,"key":"MawBank"},{"floor":19.0,"key":"Red Mask"},{"floor":24.0,"key":"Ancient Tea Set"},{"floor":26.0,"key":"War Paint"},{"floor":27.0,"key":"Mummified Hand"},{"floor":29.0,"key":"Vajra"},{"floor":36.0,"key":"Ginger"},{"floor":40,"key":"Art of War"},{"floor":45,"key":"Kunai"},{"floor":48,"key":"Pear"}],"event_choices":[{"damage_healed":0.0,"max_hp_gain":0.0,"max_hp_loss":0.0,"gold_gain":50.0,"event_name":"Golden Shrine","player_choice":"Pray","floor":2.0,"gold_loss":0.0,"damage_taken":0.0},{"damage_healed":0.0,"max_hp_gain":0.0,"max_hp_loss":0.0,"gold_gain":50.0,"event_name":"Golden Shrine","player_choice":"Pray","floor":10.0,"gold_loss":0.0,"damage_taken":0.0},{"damage_healed":0.0,"max_hp_gain":0.0,"max_hp_loss":0.0,"gold_gain":0.0,"event_name":"Masked Bandits","player_choice":"Fought Bandits","floor":19.0,"gold_loss":0.0,"damage_taken":0.0},{"damage_healed":0.0,"max_hp_gain":0.0,"max_hp_loss":0.0,"gold_gain":50.0,"event_name":"Golden Shrine","player_choice":"Pray","floor":20.0,"gold_loss":0.0,"damage_taken":0.0},{"damage_healed":0.0,"max_hp_gain":0.0,"max_hp_loss":0.0,"gold_gain":0.0,"event_name":"Mysterious Sphere","player_choice":"Fight","floor":36.0,"gold_loss":0.0,"damage_taken":0.0},{"damage_healed":0.0,"max_hp_gain":0.0,"max_hp_loss":0.0,"gold_gain":222.0,"event_name":"Tomb of Lord Red Mask","player_choice":"Wore Mask","floor":38.0,"gold_loss":0.0,"damage_taken":0.0},{"damage_healed":0,"gold_gain":0,"cards_transformed":["Defend_P"],"player_choice":"Transformed","damage_taken":0,"max_hp_gain":0,"max_hp_loss":0,"event_name":"Transmorgrifier","floor":46,"gold_loss":0,"cards_obtained":["FearNoEvil"]}],"is_beta":false,"boss_relics":[{"not_picked":["SacredBark","Empty Cage"],"picked":"Busted Crown"},{"not_picked":["SlaversCollar","Pandora\u0027s Box"],"picked":"Cursed Key"}],"items_purged_floors":[30,37,42],"is_endless":false,"potions_floor_spawned":[3,5,8,16,19,24,31,33,35,36,40],"killed_by":"Time Eater","ascension_level":20}}