{"host":"fq1bpa5mgr3rtgnr","time":1610516384,"event":{"mods":["AchievementEnabler","BaseMod","Colored Map","Colored Powertips","Highlight Path","Minty Spire (QoL Compilation)","Relic Stats","StSLib","The Animator"],"gold_per_floor":[369,369,17,28,28,56,56,66,66,83,83,83,115,215,215,330,330,348,358,273,298,298,298,298,322,400,400,413,413,186,261,261,356,356,375,375,375,387,387,421,421,452,525,541,541,541,568,107,107,107,107],"floor_reached":50,"language":"ENG","playtime":4497,"items_purged":["Doubt","animator:Hakurou"],"score":636,"play_id":"cbe184d7-e642-472f-bc72-4cffeca17c8d","local_time":"20210113003944","is_ascension_mode":false,"campfire_choices":[{"data":"animator:DolaSchwi","floor":7.0,"key":"SMITH"},{"floor":11.0,"key":"REST"},{"data":"animator:Lancer","floor":15.0,"key":"SMITH"},{"data":"animator:Vesta","floor":23.0,"key":"SMITH"},{"data":"animator:Kaijin","floor":27.0,"key":"SMITH"},{"floor":32,"key":"RECALL"},{"data":"animator:HigakiRinne","floor":41,"key":"SMITH"},{"data":"animator:Shuna","floor":45,"key":"SMITH"},{"data":"animator:Ainz","floor":49,"key":"SMITH"}],"circlet_count":0,"master_deck":["animator:Strike_NoGameNoLife+1","animator:Defend_NoGameNoLife+1","animator:Strike+1","animator:Strike+1","animator:Defend+1","animator:Defend+1","animator:Defend+1","animator:DolaSchwi+1","animator:DolaCouronne","animator:Lancer+1","animator:PandorasActor","animator:Entoma+10","animator:Kaijin+1","animator:Genos","animator:Vesta+1","animator:Ainz+1","animator:Sora","animator:Cocytus","animator:Hans","Writhe","animator:KyokoSakura+1","animator:Rimuru","animator:IchigoKurosaki","animator:HigakiRinne+1","animator:Mitsurugi","animator:Cocytus","animator:Shuna+1","animator:Sonic","animator:DolaCouronne"],"relics":["animator:LivingPicture","animator:TheMissingPiece","animator:WizardHat","Bronze Scales","Toy Ornithopter","Anchor","Coffee Dripper","Potion Belt","Nilry\u0027s Codex","Omamori","Bag of Preparation","The Courier","Calling Bell","Blood Vial","White Beast Statue","Unceasing Top","Blue Candle","animator:Buoy","Pantograph","Champion Belt","Ice Cream","OrangePellets"],"acts_visited":["Exordium","TheCity","TheBeyond"],"potions_floor_usage":[40,42,42,44,46,47,47,47,50],"damage_taken":[{"damage":0.0,"enemies":"Small Slimes","floor":1.0,"turns":4.0},{"damage":0.0,"enemies":"Cultist","floor":4.0,"turns":3.0},{"damage":27.0,"enemies":"Lagavulin","floor":6.0,"turns":6.0},{"damage":7.0,"enemies":"Jaw Worm","floor":8.0,"turns":3.0},{"damage":11.0,"enemies":"Gremlin Gang","floor":10.0,"turns":6.0},{"damage":25.0,"enemies":"3 Sentries","floor":13.0,"turns":6.0},{"damage":40.0,"enemies":"Slime Boss","floor":16.0,"turns":8.0},{"damage":12.0,"enemies":"Shell Parasite","floor":18.0,"turns":4.0},{"damage":0.0,"enemies":"Chosen","floor":19.0,"turns":4.0},{"damage":21.0,"enemies":"Snake Plant","floor":21.0,"turns":3.0},{"damage":22.0,"enemies":"Snecko","floor":25.0,"turns":4.0},{"damage":5.0,"enemies":"Cultist and Chosen","floor":28.0,"turns":4.0},{"damage":3,"enemies":"Champ","floor":33,"turns":8},{"damage":0,"enemies":"Orb Walker","floor":35,"turns":3},{"damage":9,"enemies":"3 Shapes","floor":38,"turns":5},{"damage":37,"enemies":"Reptomancer","floor":40,"turns":7},{"damage":31,"enemies":"Nemesis","floor":42,"turns":7},{"damage":23,"enemies":"Sphere and 2 Shapes","floor":44,"turns":4},{"damage":0,"enemies":"4 Shapes","floor":46,"turns":1},{"damage":32,"enemies":"Reptomancer","floor":47,"turns":6},{"damage":47,"enemies":"Donu and Deca","floor":50,"turns":5}],"seed_played":"-8199391176158550030","potions_obtained":[{"floor":2.0,"key":"FairyPotion"},{"floor":2.0,"key":"DistilledChaos"},{"floor":2.0,"key":"SteroidPotion"},{"floor":6.0,"key":"animator:GrowthPotion"},{"floor":8.0,"key":"SkillPotion"},{"floor":10.0,"key":"PowerPotion"},{"floor":19.0,"key":"SmokeBomb"},{"floor":25.0,"key":"Weak Potion"},{"floor":28.0,"key":"Dexterity Potion"},{"floor":33,"key":"AttackPotion"},{"floor":35,"key":"Ancient Potion"},{"floor":38,"key":"Ancient Potion"},{"floor":40,"key":"Weak Potion"},{"floor":42,"key":"Fire Potion"},{"floor":44,"key":"SmokeBomb"},{"floor":47,"key":"PowerPotion"}],"is_trial":false,"path_per_floor":["M","?","$","M","?","E","R","M","T","M","R","?","E","?","R","B",null,"M","M","?","M","?","R","?","M","T","R","M","?","$","T","R","B",null,"M","?","?","M","?","E","R","E","T","M","R","M","E","$","R","B"],"character_chosen":"THE_ANIMATOR","items_purchased":["animator:WizardHat","animator:PandorasActor","Bag of Preparation","animator:DolaCouronne","Ice Cream","OrangePellets"],"campfire_rested":1,"item_purchase_floors":[3,3,30,48,48,48],"current_hp_per_floor":[66,66,66,66,66,39,39,34,34,30,51,56,33,33,33,22,77,67,69,69,48,32,32,32,15,15,15,15,15,15,15,15,16,81,83,83,73,68,68,41,41,26,26,12,12,19,6,6,6,0,0],"gold":107,"neow_bonus":"TWO_FIFTY_GOLD","is_daily":false,"chose_seed":false,"campfire_upgraded":7,"win_rate":0.0,"timestamp":1610516384,"path_taken":["M","?","$","?","?","E","R","M","T","?","R","?","E","?","R","BOSS","M","?","?","M","?","R","?","M","T","R","M","?","$","?","R","BOSS","M","?","?","M","?","E","R","E","T","M","R","M","E","$","R","BOSS"],"items_purchased_type":["Relic","Card","Relic","Card","Relic","Relic"],"build_version":"2020-12-22","purchased_purges":2,"victory":false,"max_hp_per_floor":[66,66,66,66,66,66,66,68,68,70,70,75,77,77,77,77,77,79,81,81,81,81,81,81,81,81,81,81,81,81,81,81,81,81,83,83,83,85,85,88,88,88,88,90,90,90,92,92,92,92,92],"relic_stats":{"Blood Vial":14,"OrangePellets":[0],"counters":[21,100],"Bronze Scales":[203],"Blue Candle":[4],"Pantograph":25,"Bag of Preparation":[18],"Champion Belt":[3],"obtain_stats":[{"Potion Belt":20,"animator:Buoy":42,"Ice Cream":48,"animator:WizardHat":3,"Nilry\u0027s Codex":22,"animator:TheMissingPiece":0,"Blue Candle":40,"The Courier":31,"Omamori":24,"Bag of Preparation":30,"White Beast Statue":34,"Calling Bell":34,"Blood Vial":34,"OrangePellets":48,"Anchor":13,"Bronze Scales":6,"Pantograph":43,"animator:LivingPicture":0,"Coffee Dripper":17,"Champion Belt":47,"Toy Ornithopter":9,"Unceasing Top":34},{"Potion Belt":9,"animator:Buoy":17,"Ice Cream":20,"animator:WizardHat":1,"Nilry\u0027s Codex":10,"animator:TheMissingPiece":0,"Blue Candle":16,"The Courier":12,"Omamori":10,"Bag of Preparation":12,"White Beast Statue":13,"Calling Bell":13,"Blood Vial":13,"OrangePellets":20,"Anchor":6,"Bronze Scales":3,"Pantograph":17,"animator:LivingPicture":0,"Coffee Dripper":7,"Champion Belt":20,"Toy Ornithopter":4,"Unceasing Top":13},{"Potion Belt":44,"animator:Buoy":84,"Ice Cream":95,"animator:WizardHat":4,"Nilry\u0027s Codex":47,"animator:TheMissingPiece":0,"Blue Candle":77,"The Courier":54,"Omamori":47,"Bag of Preparation":54,"White Beast Statue":62,"Calling Bell":62,"Blood Vial":62,"OrangePellets":95,"Anchor":28,"Bronze Scales":13,"Pantograph":84,"animator:LivingPicture":0,"Coffee Dripper":36,"Champion Belt":95,"Toy Ornithopter":16,"Unceasing Top":62}],"Toy Ornithopter":60,"Unceasing Top":[6]},"card_choices":[{"not_picked":["animator:Aqua","animator:OrikoMikuni"],"picked":"animator:Lancer","floor":1.0},{"not_picked":["animator:IzunaHatsuse","animator:Melzalgald"],"picked":"animator:Entoma","floor":4.0},{"not_picked":["animator:KyokoSakura","animator:Jibril"],"picked":"animator:Kaijin","floor":6.0},{"not_picked":["animator:Melzalgald","animator:Tatsumaki"],"picked":"animator:Genos","floor":8.0},{"not_picked":["animator:EmiyaShirou","animator:Lancer"],"picked":"animator:Vesta","floor":10.0},{"not_picked":["animator:SakuraMatou","animator:Kazuma"],"picked":"animator:Ainz","floor":13.0},{"not_picked":["animator:Ainz","animator:MadokaKaname"],"picked":"animator:Sora","floor":16.0},{"not_picked":["animator:ChlammyZell+1","animator:YuiTsuruno","animator:MumenRider"],"picked":"SKIP","floor":18.0},{"not_picked":["animator:Evileye","animator:NarberalGamma"],"picked":"animator:Cocytus","floor":19.0},{"not_picked":["animator:Evileye","animator:Cocytus+1"],"picked":"animator:Hans","floor":21.0},{"not_picked":["animator:NagisaMomoe","animator:MumenRider"],"picked":"animator:KyokoSakura+1","floor":25.0},{"not_picked":["animator:Vesta","animator:Genos","animator:OrikoMikuni"],"picked":"SKIP","floor":28.0},{"not_picked":["animator:Eris","animator:Saber"],"picked":"animator:Rimuru","floor":33},{"not_picked":["animator:HarukoHaruhara","animator:Cirno"],"picked":"animator:IchigoKurosaki","floor":36},{"not_picked":["animator:PandorasActor","animator:Entoma","animator:DolaCouronne"],"picked":"SKIP","floor":38},{"not_picked":["animator:EmiyaShirou","animator:Entoma+1"],"picked":"animator:Mitsurugi","floor":40},{"not_picked":["animator:YachiyoNanami+1","animator:Berserker"],"picked":"animator:Cocytus","floor":42},{"not_picked":["animator:Shion","animator:Millim"],"picked":"animator:Shuna","floor":44},{"not_picked":["animator:YuiTsuruno+1","animator:SilverFang"],"picked":"animator:Sonic","floor":47}],"player_experience":393795,"relics_obtained":[{"floor":6.0,"key":"Bronze Scales"},{"floor":9.0,"key":"Toy Ornithopter"},{"floor":13.0,"key":"Anchor"},{"floor":22.0,"key":"Nilry\u0027s Codex"},{"floor":31,"key":"The Courier"},{"floor":34,"key":"Blood Vial"},{"floor":34,"key":"White Beast Statue"},{"floor":34,"key":"Unceasing Top"},{"floor":40,"key":"Blue Candle"},{"floor":42,"key":"animator:Buoy"},{"floor":43,"key":"Pantograph"},{"floor":47,"key":"Champion Belt"}],"event_choices":[{"damage_healed":0.0,"max_hp_gain":0.0,"max_hp_loss":0.0,"gold_gain":0.0,"event_name":"Lab","player_choice":"Got Potions","floor":2.0,"gold_loss":0.0,"damage_taken":0.0},{"damage_healed":0.0,"max_hp_gain":0.0,"max_hp_loss":0.0,"gold_gain":0.0,"cards_transformed":["animator:Strike"],"event_name":"Transmorgrifier","player_choice":"Transformed","floor":5.0,"gold_loss":0.0,"damage_taken":0.0,"cards_obtained":["animator:Hakurou"]},{"damage_healed":0.0,"max_hp_gain":5.0,"max_hp_loss":0.0,"gold_gain":0.0,"event_name":"Big Fish","player_choice":"Donut","floor":12.0,"gold_loss":0.0,"damage_taken":0.0},{"damage_healed":0.0,"max_hp_gain":0.0,"max_hp_loss":0.0,"gold_gain":100.0,"event_name":"Golden Shrine","player_choice":"Pray","floor":14.0,"gold_loss":0.0,"damage_taken":0.0},{"damage_healed":0.0,"max_hp_gain":0.0,"max_hp_loss":0.0,"gold_gain":0.0,"event_name":"Addict","player_choice":"Obtained Relic","floor":20.0,"gold_loss":85.0,"damage_taken":0.0,"relics_obtained":["Potion Belt"]},{"damage_healed":0.0,"max_hp_gain":0.0,"max_hp_loss":0.0,"gold_gain":0.0,"event_name":"Cursed Tome","player_choice":"Obtained Book","floor":22.0,"gold_loss":0.0,"damage_taken":16.0},{"damage_healed":0.0,"max_hp_gain":0.0,"max_hp_loss":0.0,"gold_gain":0.0,"event_name":"The Mausoleum","player_choice":"Opened","floor":24.0,"gold_loss":0.0,"damage_taken":0.0,"relics_obtained":["Omamori"],"cards_obtained":["Writhe"]},{"damage_healed":0.0,"max_hp_gain":0.0,"max_hp_loss":0.0,"gold_gain":0.0,"event_name":"Back to Basics","player_choice":"Simplicity","floor":29.0,"gold_loss":0.0,"damage_taken":0.0,"cards_upgraded":["animator:Strike_NoGameNoLife","animator:Strike","animator:Strike","animator:Defend","animator:Defend","animator:Defend"]},{"damage_healed":0,"gold_gain":0,"player_choice":"Memory 1","damage_taken":0,"max_hp_gain":0,"max_hp_loss":0,"event_name":"SensoryStone","floor":36,"gold_loss":0},{"damage_healed":0,"gold_gain":0,"player_choice":"Embrace Madness","damage_taken":10,"max_hp_gain":0,"max_hp_loss":0,"event_name":"Winding Halls","floor":37,"gold_loss":0,"cards_obtained":["animator:HigakiRinne"]},{"damage_healed":0,"gold_gain":0,"player_choice":"Bought 0 Potions","damage_taken":0,"max_hp_gain":0,"max_hp_loss":0,"event_name":"The Woman in Blue","floor":39,"gold_loss":0}],"is_beta":false,"boss_relics":[{"not_picked":["animator:RacePiece","Pandora\u0027s Box"],"picked":"Coffee Dripper"},{"not_picked":["Philosopher\u0027s Stone","Cursed Key"],"picked":"Calling Bell"}],"items_purged_floors":[30,48],"is_endless":false,"potions_floor_spawned":[6,8,10,19,25,28,33,35,38,40,42,44,46,47],"killed_by":"Donu and Deca","ascension_level":0}}