{"host":"mn7cqv84xrc37ulx","time":1610553660,"event":{"mods":["ATMod(∞¢Ë™Mod)","AchievementEnabler","BaseMod","Colored Powertips","Curses Come First","Dota2Spire","Energized Spire","Evolution","HumanHunterMod(π÷ŒÔ…±»Àmod)","Lobotomy","Marked Mod","Minty Spire (QoL Compilation)","MostiFishMod","Poor People Problems","Rare Cards Sparkle","Red Circlet Mod","Reimu£®≤©¿ˆ¡È√Œ£©","Replay The Spire","Robot Space Explorer","Spicy Shops","StSLib","The Dragon Tamer","The Forsaken","The Marked","The Runesmith","[µÿæ´ ◊¡Ï≈¿À˛]The Maniac","°æ“≈ŒÔø®≈∆°øREMEMod"],"gold_per_floor":[109,54,2,12,23,54,54,79,103,103,25,39,58,75,75,177,177,192,152,20,37,52,52,64,64,91,91,105,115,135,153,153,256,256,272,126,126,136,155,182,182,194,242,242,90,90,110,110,110],"floor_reached":48,"language":"ZHS","playtime":2819,"items_purged":["maniac:BurnBlood"],"score":765,"play_id":"434e0519-6a17-4019-82c9-8df85d1c9e3b","local_time":"20210114000100","is_ascension_mode":true,"campfire_choices":[{"data":"MostiFishMod:WinterMarkForm","floor":7,"key":"SMITH"},{"data":"DaCapo","floor":10,"key":"SMITH"},{"data":"AT_Dispersion","floor":15,"key":"SMITH"},{"floor":23,"key":"REST"},{"data":"maniac:Whirlscythe","floor":32,"key":"SMITH"},{"floor":41,"key":"REST"},{"floor":44,"key":"REST"},{"data":"maniac:BladesInCloak","floor":46,"key":"SMITH"}],"circlet_count":0,"master_deck":["maniac:BladeShoot","maniac:BladeShoot","maniac:BladeShoot","maniac:BladeShoot","maniac:BladeShoot","maniac:Defend","maniac:Defend","maniac:Defend","maniac:Defend","maniac:AbyssShackle","AT_Dispersion+1","DaCapo+1","MostiFishMod:FrostNova","MostiFishMod:WinterMarkForm+1","AbeCurse","maniac:Confront","maniac:Refine+1","maniac:BladesInCloak+1","maniac:BladesInCloak+1","maniac:SeeingDetails","maniac:ArmToTheTeeth","maniac:Lacerate","maniac:UnseenTerror","maniac:EndOfTheRoad","maniac:BladeArtist","maniac:PanickyParry","maniac:FanTheHammer","maniac:Intimidate+1","maniac:FoilArmor","maniac:FoilArmor","maniac:ObscuredAttack","maniac:PanickyParry","maniac:ShelteringEdge","Bite","Bite","Bite","Bite","Bite","maniac:PanickyParry+1","maniac:PanickyParry","maniac:Whirlscythe+1","maniac:PanickyParry+1","maniac:ExceedEnchantment","maniac:Confront+1","maniac:LootBarrage","maniac:TwistedEddies","maniac:Blastwave+1","maniac:ShiftingShadows+1"],"relics":["maniac:BrokenHorn","EVO:Axolotl","AT_ATBox","REME_ComplimentaryCards","DaveBox","FrostBlade","Abe\u0027s Treasure","SynthV:TestCard","Blue Doll","Dota2Spire:Vanguard","Quantum Egg","MealTicket","Simple Rune","Philosopher\u0027s Stone","AT_ChloranthyRing","Replay:Bronze Core","Bottled Flame","Toy Ornithopter","Sling"],"acts_visited":["Exordium","TheCity","TheBeyond"],"potions_floor_usage":[5,28,39,39,47],"damage_taken":[{"damage":0,"enemies":"2 Louse","floor":1,"turns":2},{"damage":0,"enemies":"Cultist","floor":4,"turns":2},{"damage":4,"enemies":"Small Slimes","floor":5,"turns":2},{"damage":16,"enemies":"Gremlin Nob","floor":6,"turns":4},{"damage":0,"enemies":"Lagavulin","floor":8,"turns":3},{"damage":1,"enemies":"3 Louse","floor":12,"turns":2},{"damage":0,"enemies":"Blue Slaver","floor":13,"turns":1},{"damage":20,"enemies":"2 Fungi Beasts","floor":14,"turns":2},{"damage":0,"enemies":"Fading Forest","floor":16,"turns":5},{"damage":0,"enemies":"Shell Parasite","floor":18,"turns":2},{"damage":15,"enemies":"Chosen","floor":21,"turns":3},{"damage":39,"enemies":"Snake Plant","floor":22,"turns":2},{"damage":15,"enemies":"Shelled Parasite and Fungi","floor":24,"turns":5},{"damage":0,"enemies":"Snecko","floor":28,"turns":3},{"damage":0,"enemies":"Sentry and Sphere","floor":29,"turns":9},{"damage":0,"enemies":"Snake Plant","floor":30,"turns":1},{"damage":0,"enemies":"Centurion and Healer","floor":31,"turns":4},{"damage":14,"enemies":"Automaton","floor":33,"turns":9},{"damage":7,"enemies":"3 Shapes","floor":35,"turns":6},{"damage":19,"enemies":"Orb Walker","floor":38,"turns":4},{"damage":30,"enemies":"Transient","floor":39,"turns":5},{"damage":2,"enemies":"Giant Head","floor":40,"turns":3},{"damage":0,"enemies":"Writhing Mass","floor":42,"turns":5},{"damage":29,"enemies":"Sphere and 2 Shapes","floor":47,"turns":12},{"damage":52,"enemies":"Spire Growth","floor":48,"turns":2}],"seed_played":"482972054533011674","potions_obtained":[{"floor":4,"key":"FearPotion"},{"floor":6,"key":"Dexterity Potion"},{"floor":12,"key":"Elixir"},{"floor":14,"key":"FearPotion"},{"floor":30,"key":"Dota2Spire:HealingSalve"},{"floor":35,"key":"EssenceOfSteel"}],"is_trial":false,"path_per_floor":["M","?","$","M","M","E","R","E","T","R","$","M","M","M","R","B",null,"M","?","$","M","M","R","M","?","T","?","M","M","M","M","R","B",null,"M","$","?","M","M","E","R","M","T","R","$","R","M","M"],"character_chosen":"THE_MANIAC","items_purchased":["maniac:Refine+1","maniac:BladesInCloak","Simple Rune","maniac:FoilArmor","maniac:LootBarrage","Sling"],"campfire_rested":3,"item_purchase_floors":[3,3,11,20,36,45],"current_hp_per_floor":[80,80,80,80,76,60,60,60,60,60,75,74,74,54,54,54,80,80,80,80,65,26,50,35,35,35,35,39,49,53,56,56,50,56,53,56,56,39,15,15,31,39,39,55,56,56,42,0,0],"gold":110,"neow_bonus":"BOSS_RELIC","is_daily":false,"chose_seed":false,"campfire_upgraded":5,"win_rate":0.0,"timestamp":1610553660,"path_taken":["M","?","$","M","M","E","R","E","T","R","$","?","M","M","R","BOSS","M","?","$","M","?","R","M","?","T","?","M","M","M","M","R","BOSS","M","$","?","M","M","E","R","M","T","R","$","R","M","M"],"items_purchased_type":["Card","Card","Relic","Card","Card","Relic"],"build_version":"2020-12-22","purchased_purges":1,"victory":false,"max_hp_per_floor":[80,80,80,80,80,80,80,80,80,80,80,80,80,80,80,80,80,80,80,80,80,80,80,80,56,56,56,56,56,56,56,56,56,56,56,56,56,56,56,56,56,56,56,56,56,56,56,56,56],"card_choices":[{"not_picked":["maniac:PanickyParry","maniac:SeekerKnife"],"picked":"maniac:Confront","floor":1},{"not_picked":["maniac:AlleviatingSorcery","maniac:ManipulatedFaith","maniac:Intimidate","maniac:ReconstructWounds"],"picked":"maniac:SeeingDetails","floor":4},{"not_picked":["maniac:Intimidate","maniac:Infuriate","maniac:MortalSteel","maniac:FindAShortcut"],"picked":"maniac:ArmToTheTeeth","floor":5},{"not_picked":["maniac:BladesInCloak","maniac:ShelteringEdge","maniac:TorturousScreams","maniac:DashForward"],"picked":"maniac:Lacerate","floor":6},{"not_picked":["maniac:Exterminator","maniac:AlleviatingSorcery","maniac:PanickyParry","maniac:MeleeStrike"],"picked":"maniac:UnseenTerror","floor":8},{"not_picked":["maniac:Intimidate","maniac:UntravelledPath","maniac:WardAndDefend","maniac:BladesInCloak"],"picked":"maniac:EndOfTheRoad","floor":12},{"not_picked":["maniac:ManipulatedFaith","maniac:UntravelledPath","maniac:TorturousScreams","maniac:ReachVictory"],"picked":"maniac:BladeArtist","floor":13},{"not_picked":["maniac:MeleeStrike","maniac:SpectralKnives","maniac:ArmToTheTeeth","maniac:Blastwave"],"picked":"maniac:PanickyParry","floor":14},{"not_picked":["maniac:Collecting","maniac:ForsakenHand","maniac:UnseenTerror","maniac:UniversalPerception"],"picked":"maniac:FanTheHammer","floor":16},{"not_picked":["maniac:FindAShortcut","maniac:Confront","maniac:ArmToTheTeeth","maniac:WitnessTrueSorcery"],"picked":"maniac:Intimidate+1","floor":18},{"not_picked":["maniac:MeleeStrike","maniac:FindAShortcut","maniac:ManipulatedFaith+1","maniac:ShelteringEdge"],"picked":"maniac:ObscuredAttack","floor":21},{"not_picked":["maniac:Intimidate","maniac:ShiftingShadows","maniac:UndyingDesire","maniac:EndOfTheRoad"],"picked":"maniac:PanickyParry","floor":22},{"not_picked":["maniac:Hasten","maniac:ListenToNone","maniac:UndyingDesire","maniac:Refine"],"picked":"maniac:ShelteringEdge","floor":24},{"not_picked":["maniac:Trap","maniac:ShelteringEdge","maniac:UntravelledPath","maniac:WardAndDefend"],"picked":"maniac:PanickyParry+1","floor":28},{"not_picked":["maniac:Confront","maniac:AllOutAttack","maniac:SeekerKnife+1","maniac:SpectralKnives"],"picked":"maniac:PanickyParry","floor":29},{"not_picked":["maniac:ExpectedMoves","maniac:SeeingDetails","maniac:Confront","maniac:UndyingDesire"],"picked":"maniac:Whirlscythe","floor":30},{"not_picked":["maniac:UntravelledPath","maniac:Trap","maniac:ShelteringEdge","maniac:DashForward"],"picked":"maniac:PanickyParry+1","floor":31},{"not_picked":["maniac:UnseenTerror","maniac:Trap","maniac:TimeForm","maniac:RallyToMe"],"picked":"maniac:ExceedEnchantment","floor":33},{"not_picked":["maniac:BladeShoot","maniac:ShatteredShield+1","maniac:BladesInCloak+1","maniac:Intimidate"],"picked":"maniac:Confront+1","floor":35},{"not_picked":["maniac:EndOfTheRoad","maniac:PanickyParry+1","maniac:UndyingDesire+1","maniac:Assassinate+1"],"picked":"maniac:TwistedEddies","floor":38},{"not_picked":["maniac:Feint+1","maniac:ExpectedMoves","maniac:BladeShoot","maniac:ListenToNone"],"picked":"maniac:Blastwave+1","floor":39},{"not_picked":["maniac:DashForward","maniac:ObscuredAttack","maniac:WardAndDefend","maniac:Intimidate","maniac:EndOfTheRoad"],"picked":"SKIP","floor":40},{"not_picked":["maniac:FindAShortcut","maniac:Intimidate+1","maniac:ListenToNone+1","maniac:PanickyParry+1","maniac:ShiftingShadows+1"],"picked":"SKIP","floor":42},{"not_picked":["maniac:Traceback+1","maniac:WardAndDefend+1","maniac:SpectralKnives","maniac:SeekerKnife"],"picked":"maniac:ShiftingShadows+1","floor":47}],"player_experience":100232,"relics_obtained":[{"floor":1,"key":"SynthV:TestCard"},{"floor":6,"key":"Dota2Spire:Vanguard"},{"floor":8,"key":"Quantum Egg"},{"floor":9,"key":"MealTicket"},{"floor":26,"key":"AT_ChloranthyRing"},{"floor":40,"key":"Bottled Flame"},{"floor":43,"key":"Toy Ornithopter"}],"event_choices":[{"damage_healed":0,"gold_gain":0,"player_choice":"Paid Gold","damage_taken":0,"relics_obtained":["Blue Doll"],"max_hp_gain":0,"max_hp_loss":0,"event_name":"WeMeetAgain","floor":2,"gold_loss":55},{"damage_healed":0,"gold_gain":0,"player_choice":"Upgrade","damage_taken":0,"max_hp_gain":0,"max_hp_loss":0,"event_name":"Designer","floor":19,"gold_loss":40,"cards_upgraded":["maniac:BladesInCloak"]},{"damage_healed":0,"gold_gain":0,"player_choice":"Became a vampire","damage_taken":0,"max_hp_gain":0,"max_hp_loss":24,"event_name":"Vampires","floor":25,"gold_loss":0,"cards_obtained":["Bite","Bite","Bite","Bite","Bite"]},{"damage_healed":0,"gold_gain":0,"player_choice":"Ignored","damage_taken":0,"max_hp_gain":0,"max_hp_loss":0,"event_name":"Ghosts","floor":27,"gold_loss":0}],"is_beta":false,"boss_relics":[{"not_picked":["xbg","Empty Cage"],"picked":"Philosopher\u0027s Stone"},{"not_picked":["Runic Pyramid","Cursed Key"],"picked":"Replay:Bronze Core"}],"items_purged_floors":[36],"is_endless":false,"potions_floor_spawned":[4,6,12,14,18,24,30,31,35,38],"killed_by":"Spire Growth","ascension_level":3}}