{"host":"hcqkcraj366891gy","time":1610557372,"event":{"mods":["BaseMod","Colored Map","Minty Spire (QoL Compilation)","Permanent Neow","Relic Stats","StSLib"],"gold_per_floor":[112,124,124,138,158,158,170,170,220,220,220,232,267,22,22,120,120,133,69,80,80,80,80,109,122,190,201,201,201],"floor_reached":28,"language":"ENG","playtime":1065,"items_purged":["Strike_P","Strike_P"],"score":392,"play_id":"7b37e76a-dc98-49c9-88cc-0fa97bd14cb3","local_time":"20210114010252","is_ascension_mode":true,"campfire_choices":[{"data":"Eruption","floor":6,"key":"SMITH"},{"data":"BattleHymn","floor":8,"key":"SMITH"},{"data":"Adaptation","floor":10,"key":"SMITH"},{"floor":15,"key":"REST"},{"floor":23,"key":"REST"}],"circlet_count":0,"master_deck":["Strike_P+1","Defend_P","Defend_P","Defend_P","Defend_P","Eruption+1","Vigilance","FlyingSleeves","Conclude","Adaptation+1","BattleHymn+1","Establishment","FearNoEvil","Study+1","Evaluate","DevaForm","EmptyFist+1","FollowUp+1","FlyingSleeves","Perseverance"],"relics":["PureWater","Boot","Tiny Chest","Shuriken","Membership Card","Busted Crown","Art of War","Whetstone","Letter Opener"],"acts_visited":["Exordium","TheCity"],"potions_floor_usage":[7,16,16,27,28],"damage_taken":[{"damage":4,"enemies":"Jaw Worm","floor":1,"turns":4},{"damage":7,"enemies":"Small Slimes","floor":2,"turns":5},{"damage":0,"enemies":"Cultist","floor":4,"turns":2},{"damage":13,"enemies":"Red Slaver","floor":5,"turns":4},{"damage":5,"enemies":"Gremlin Gang","floor":7,"turns":3},{"damage":0,"enemies":"2 Fungi Beasts","floor":12,"turns":2},{"damage":17,"enemies":"3 Sentries","floor":13,"turns":6},{"damage":0,"enemies":"Slime Boss","floor":16,"turns":5},{"damage":5,"enemies":"Spheric Guardian","floor":18,"turns":3},{"damage":21,"enemies":"Shell Parasite","floor":20,"turns":5},{"damage":34,"enemies":"Book of Stabbing","floor":24,"turns":4},{"damage":14,"enemies":"Centurion and Healer","floor":25,"turns":4},{"damage":13,"enemies":"3 Cultists","floor":27,"turns":3},{"damage":16,"enemies":"Snake Plant","floor":28,"turns":2}],"seed_played":"1602348644422804216","potions_obtained":[{"floor":1,"key":"ColorlessPotion"},{"floor":7,"key":"PowerPotion"},{"floor":12,"key":"Dexterity Potion"},{"floor":24,"key":"SpeedPotion"},{"floor":25,"key":"Fire Potion"}],"is_trial":false,"path_per_floor":["M","M","?","M","M","R","M","R","T","R","?","M","E","$","R","B",null,"M","$","M","?","T","R","E","M","T","M","M"],"character_chosen":"WATCHER","items_purchased":["Membership Card","Study","Evaluate","EmptyFist"],"campfire_rested":2,"item_purchase_floors":[14,14,14,19],"current_hp_per_floor":[61,54,59,59,46,46,41,41,41,41,41,41,24,24,47,47,70,65,65,44,44,44,67,33,19,19,6,0,0],"gold":201,"neow_bonus":"RANDOM_COMMON_RELIC","is_daily":false,"chose_seed":false,"campfire_upgraded":3,"win_rate":0.0,"timestamp":1610557372,"path_taken":["M","M","?","M","M","R","M","R","T","R","?","?","E","$","R","BOSS","M","$","M","?","?","R","E","M","T","M","M"],"items_purchased_type":["Relic","Card","Card","Card"],"build_version":"2020-12-22","purchased_purges":2,"victory":false,"max_hp_per_floor":[72,72,77,77,77,77,77,77,77,77,77,77,77,77,77,77,77,77,77,77,77,77,77,77,77,77,77,77,77],"relic_stats":{"Busted Crown":10,"counters":[14,52],"Shuriken":[11],"Tiny Chest":1,"Art of War":[4],"Whetstone":["Strike_P","EmptyFist"],"Letter Opener":[5],"Boot":[22],"obtain_stats":[{"Busted Crown":17,"Shuriken":13,"Tiny Chest":9,"Art of War":22,"Membership Card":14,"Whetstone":24,"Letter Opener":26,"PureWater":0,"Boot":0},{"Busted Crown":8,"Shuriken":7,"Tiny Chest":5,"Art of War":10,"Membership Card":7,"Whetstone":11,"Letter Opener":12,"PureWater":0,"Boot":0},{"Busted Crown":31,"Shuriken":26,"Tiny Chest":18,"Art of War":39,"Membership Card":26,"Whetstone":43,"Letter Opener":47,"PureWater":0,"Boot":0}]},"card_choices":[{"not_picked":["Halt","Evaluate"],"picked":"FlyingSleeves","floor":1},{"not_picked":["Vengeance","Protect"],"picked":"Conclude","floor":2},{"not_picked":["Halt","EmptyFist"],"picked":"Adaptation","floor":4},{"not_picked":["BowlingBash","PathToVictory"],"picked":"BattleHymn","floor":5},{"not_picked":["FlyingSleeves","Prostrate"],"picked":"Establishment","floor":7},{"not_picked":["Consecrate","CrushJoints"],"picked":"FearNoEvil","floor":12},{"not_picked":["PathToVictory","Swivel","ForeignInfluence"],"picked":"SKIP","floor":13},{"not_picked":["ConjureBlade","Vault"],"picked":"DevaForm","floor":16},{"not_picked":["ThirdEye"],"picked":"SKIP","floor":18},{"not_picked":[],"picked":"FollowUp+1","floor":20},{"not_picked":["Study"],"picked":"SKIP","floor":24},{"not_picked":[],"picked":"FlyingSleeves","floor":25},{"not_picked":[],"picked":"Perseverance","floor":27}],"player_experience":1638059,"relics_obtained":[{"floor":9,"key":"Tiny Chest"},{"floor":13,"key":"Shuriken"},{"floor":22,"key":"Art of War"},{"floor":24,"key":"Whetstone"},{"floor":26,"key":"Letter Opener"}],"event_choices":[{"damage_healed":0,"gold_gain":0,"player_choice":"Donut","damage_taken":0,"max_hp_gain":5,"max_hp_loss":0,"event_name":"Big Fish","floor":3,"gold_loss":0},{"cards_removed":["Strike_P"],"damage_healed":0,"gold_gain":0,"player_choice":"Offered Basic","damage_taken":0,"max_hp_gain":0,"max_hp_loss":0,"event_name":"Bonfire Elementals","floor":11,"gold_loss":0},{"damage_healed":0,"gold_gain":0,"player_choice":"Forge","damage_taken":0,"max_hp_gain":0,"max_hp_loss":0,"event_name":"Accursed Blacksmith","floor":21,"gold_loss":0,"cards_upgraded":["Study"]}],"is_beta":false,"boss_relics":[{"not_picked":["Tiny House","VioletLotus"],"picked":"Busted Crown"}],"items_purged_floors":[14,19],"is_endless":false,"potions_floor_spawned":[1,7,12,24,25],"killed_by":"Snake Plant","ascension_level":7}}