{"host":"5x08nt64u3vxxcfi","time":1610525343,"event":{"mods":["BaseMod","Minty Spire (QoL Compilation)","StSLib","SuperFastMode"],"gold_per_floor":[113,125,125,150,30,66,86,120,120,120,120,120],"floor_reached":11,"language":"KOR","playtime":189,"items_purged":[],"score":137,"play_id":"9671de12-8c86-4bf6-9d7f-6ffcb64dfd0c","local_time":"20210113170903","is_ascension_mode":true,"campfire_choices":[],"circlet_count":0,"master_deck":["AscendersBane","Strike_G","Strike_G","Strike_G","Strike_G","Strike_G","Defend_G","Defend_G","Defend_G","Defend_G","Defend_G","Survivor","Neutralize","Poisoned Stab","Quick Slash","Blade Dance","Accuracy","Dagger Throw","Cloak And Dagger","Tools of the Trade","Backstab"],"relics":["Ring of the Snake","NeowsBlessing","Golden Idol","Mercury Hourglass","Vajra","Sundial"],"acts_visited":["Exordium"],"potions_floor_usage":[6,11],"damage_taken":[{"damage":0,"enemies":"Cultist","floor":1,"turns":1},{"damage":0,"enemies":"2 Louse","floor":2,"turns":1},{"damage":0,"enemies":"Jaw Worm","floor":4,"turns":1},{"damage":27,"enemies":"Lagavulin","floor":6,"turns":5},{"damage":9,"enemies":"Exordium Thugs","floor":7,"turns":4},{"damage":15,"enemies":"3 Sentries","floor":8,"turns":7},{"damage":12,"enemies":"Lagavulin","floor":11,"turns":3}],"seed_played":"8667697082667239394","potions_obtained":[{"floor":1,"key":"LiquidMemories"},{"floor":6,"key":"Energy Potion"},{"floor":8,"key":"Energy Potion"}],"is_trial":false,"path_per_floor":["M","M","?","M","$","E","M","E","E","T","E"],"character_chosen":"THE_SILENT","items_purchased":["Accuracy","Dagger Throw"],"campfire_rested":0,"item_purchase_floors":[5,5],"current_hp_per_floor":[63,63,63,63,63,36,27,12,12,12,0,0],"gold":120,"neow_bonus":"THREE_ENEMY_KILL","is_daily":false,"chose_seed":false,"campfire_upgraded":0,"win_rate":0.0,"timestamp":1610525343,"path_taken":["M","?","?","M","$","E","M","E","E","T","E"],"items_purchased_type":["Card","Card"],"build_version":"2020-12-22","purchased_purges":0,"victory":false,"max_hp_per_floor":[70,70,65,65,65,65,65,65,65,65,65,65],"card_choices":[{"not_picked":["Catalyst","PiercingWail"],"picked":"Poisoned Stab","floor":1},{"not_picked":["Outmaneuver","Flying Knee"],"picked":"Quick Slash","floor":2},{"not_picked":["Caltrops","Calculated Gamble"],"picked":"Blade Dance","floor":4},{"not_picked":["Flying Knee","PiercingWail"],"picked":"Cloak And Dagger","floor":6},{"not_picked":["Backflip","Deadly Poison"],"picked":"Tools of the Trade","floor":7},{"not_picked":["Expertise","Slice"],"picked":"Backstab","floor":8}],"player_experience":96705,"relics_obtained":[{"floor":6,"key":"Mercury Hourglass"},{"floor":8,"key":"Vajra"},{"floor":10,"key":"Sundial"}],"event_choices":[{"damage_healed":0,"gold_gain":0,"player_choice":"Lose Max HP","damage_taken":0,"relics_obtained":["Golden Idol"],"max_hp_gain":0,"max_hp_loss":5,"event_name":"Golden Idol","floor":3,"gold_loss":0}],"is_beta":false,"boss_relics":[],"items_purged_floors":[],"is_endless":false,"potions_floor_spawned":[1,6,8],"killed_by":"Lagavulin","ascension_level":13}}