{"host":"y2kfqdipa4rrljwb","time":1610512231,"event":{"mods":["ATMod(阿瑾Mod)","AchievementEnabler","Act Like it!","Aspiration","BaseMod","Downfall","Friendly Minions","Infinite Spire","Minty Spire (QoL Compilation)","Relic Stats","Replay The Spire","RumiaBox-露米娅的神秘盒子","StSLib","TestMod","vexMod","【功能Mod】混沌之环修复补丁","【遗物卡牌】REMEMod"],"gold_per_floor":[111,186,186,186,205,240,139,139,139,157,157,175,75,110,110,205,205,225,225,239,239,258,258,276,311,311,401,421,621,621,641,641,743,743,755,775,792,792,792,792,820,839,839,872,632,650,650,661,661,661,661,661,511,511,511],"floor_reached":56,"language":"ZHS","playtime":4956,"items_purged":["Strike_P","Strike_P","Strike_P","WaveOfTheHand","Defend_P"],"score":1393,"play_id":"aeb7ef17-d8a2-408e-880e-18fd144ae3f9","local_time":"20210113123031","is_ascension_mode":true,"campfire_choices":[{"data":"REME_ACTH","floor":8.0,"key":"SMITH"},{"data":"Eruption","floor":11.0,"key":"SMITH"},{"data":"AT_KneejerkReflex","floor":15.0,"key":"SMITH"},{"data":"ConjureBlade","floor":23.0,"key":"SMITH"},{"floor":30.0,"key":"REST"},{"data":"infinitespire:Punishment","floor":32.0,"key":"SMITH"},{"data":"MasterReality","floor":40.0,"key":"SMITH"},{"data":"TalkToTheHand","floor":47.0,"key":"SMITH"},{"floor":49.0,"key":"RECALL"},{"data":"Study","floor":52,"key":"SMITH"}],"circlet_count":0,"master_deck":["Defend_P","Defend_P","Defend_P","Eruption+1","Vigilance","REME_ACTH+1","AT_KneejerkReflex+1","JustLucky","FlurryOfBlows","Evaluate","FlyingSleeves","Vengeance","Study+1","FollowUp","ConjureBlade+1","infinitespire:Punishment+1","AT_ChampionStep+1","Consecrate","MasterReality+1","FlurryOfBlows","CutThroughFate+1","Replay:Hum+1","TalkToTheHand+1","Wallop"],"relics":["PureWater","REME_ComplimentaryCards","AT_ATBox","testmod-TestBox","testmod-SaigiyounoYou","AddBug","SecretRecord","SecretRecord","Baka2","SecretRecord","AddBug","SecretRecord","SecretRecord","SecretRecord","SecretRecord"],"acts_visited":["Exordium","TheCity","TheBeyond","TheEnding"],"potions_floor_usage":[55,55],"damage_taken":[{"damage":0.0,"enemies":"Small Slimes","floor":1.0,"turns":1.0},{"damage":0.0,"enemies":"Jaw Worm","floor":5.0,"turns":1.0},{"damage":0.0,"enemies":"Lagavulin","floor":6.0,"turns":1.0},{"damage":0.0,"enemies":"Cultist","floor":10.0,"turns":1.0},{"damage":0.0,"enemies":"2 Fungi Beasts","floor":12.0,"turns":2.0},{"damage":0.0,"enemies":"3 Sentries","floor":14.0,"turns":3.0},{"damage":21.0,"enemies":"The Guardian","floor":16.0,"turns":4.0},{"damage":4.0,"enemies":"3 Byrds","floor":18.0,"turns":3.0},{"damage":2.0,"enemies":"Chosen","floor":20.0,"turns":2.0},{"damage":0.0,"enemies":"Centurion and Healer","floor":22.0,"turns":2.0},{"damage":0.0,"enemies":"Sentry and Sphere","floor":24.0,"turns":2.0},{"damage":18.0,"enemies":"Slavers","floor":25.0,"turns":2.0},{"damage":0.0,"enemies":"Snecko","floor":28.0,"turns":2.0},{"damage":0.0,"enemies":"Snake Plant","floor":31.0,"turns":2.0},{"damage":14.0,"enemies":"Champ","floor":33.0,"turns":3.0},{"damage":0.0,"enemies":"Orb Walker","floor":35.0,"turns":1.0},{"damage":11.0,"enemies":"3 Darklings","floor":36.0,"turns":2.0},{"damage":31.0,"enemies":"Jaw Worm Horde","floor":37.0,"turns":3.0},{"damage":0.0,"enemies":"Writhing Mass","floor":39.0,"turns":1.0},{"damage":0.0,"enemies":"Giant Head","floor":41.0,"turns":2.0},{"damage":30.0,"enemies":"Maw","floor":42.0,"turns":3.0},{"damage":26.0,"enemies":"Nemesis","floor":44.0,"turns":3.0},{"damage":0.0,"enemies":"Transient","floor":46.0,"turns":1.0},{"damage":21.0,"enemies":"3 Darklings","floor":48.0,"turns":2.0},{"damage":40,"enemies":"Awakened One","floor":50,"turns":3},{"damage":30,"enemies":"Shield and Spear","floor":54,"turns":2},{"damage":137,"enemies":"The Heart","floor":55,"turns":4}],"seed_played":"-5676725544466757011","potions_obtained":[{"floor":1.0,"key":"Languid Potion"},{"floor":20.0,"key":"EssenceOfSteel"},{"floor":25.0,"key":"ColorlessPotion"},{"floor":28.0,"key":"Fruit Juice"},{"floor":33.0,"key":"Elixir"},{"floor":41.0,"key":"AttackPotion"},{"floor":44.0,"key":"Swift Potion"},{"floor":46.0,"key":"Energy Potion"}],"is_trial":false,"path_per_floor":["M","?","?","?","M","E","$","R","T","M","R","M","$","E","R","B",null,"M","AVR","M","?","M","R","M","E","T","?","M","?","R","M","R","B",null,"M","M","M","?","M","R","E","M","T","E","$","M","R","M","R","B",null,"R","$","E","B",null],"character_chosen":"WATCHER","items_purchased":["FlyingSleeves","TalkToTheHand","Wallop"],"campfire_rested":1,"item_purchase_floors":[7,45,45],"current_hp_per_floor":[72,61,54,54,55,56,56,56,56,65,65,72,72,72,72,66,72,72,72,72,72,72,72,72,58,58,40,1,1,22,30,30,42,77,77,72,52,60,75,75,77,61,61,58,58,68,68,47,47,43,77,77,77,77,77],"gold":511,"neow_bonus":"THREE_ENEMY_KILL","is_daily":false,"chose_seed":false,"campfire_upgraded":8,"win_rate":0.0,"timestamp":1610512231,"path_taken":["M","?","?","?","M","E","?","R","T","?","R","M","$","E","R","BOSS","M","AVR","M","?","M","R","M","E","T","?","?","?","R","M","R","BOSS","M","M","?","?","M","R","E","M","T","E","$","M","R","M","R","BOSS","R","$","E","BOSS"],"items_purchased_type":["Card","Card","Card"],"build_version":"2020-12-22","purchased_purges":5,"victory":true,"max_hp_per_floor":[72,72,72,72,72,72,72,72,72,72,72,72,72,72,72,72,72,72,72,72,72,72,72,72,72,72,72,72,72,72,72,72,77,77,77,77,77,77,77,77,77,77,77,77,77,77,77,77,77,77,77,77,77,77,77],"relic_stats":{"counters":[27,58],"obtain_stats":[{"Baka2":22,"AT_ATBox":0,"testmod-TestBox":0,"NeowsBlessing":0,"AddBug":1,"SecretRecord":1,"Baka":1,"PureWater":0,"testmod-SaigiyounoYou":0,"REME_ComplimentaryCards":0},{"Baka2":10,"AT_ATBox":0,"testmod-TestBox":0,"NeowsBlessing":0,"AddBug":1,"SecretRecord":1,"Baka":1,"PureWater":0,"testmod-SaigiyounoYou":0,"REME_ComplimentaryCards":0},{"Baka2":20,"AT_ATBox":0,"testmod-TestBox":0,"NeowsBlessing":0,"AddBug":1,"SecretRecord":1,"Baka":1,"PureWater":0,"testmod-SaigiyounoYou":0,"REME_ComplimentaryCards":0}]},"card_choices":[{"not_picked":["Replay:BluntJabs","PathToVictory"],"picked":"JustLucky","floor":1.0},{"not_picked":["EmptyBody","SashWhip"],"picked":"FlurryOfBlows","floor":5.0},{"not_picked":["FlurryOfBlows","BattleHymn"],"picked":"Evaluate","floor":6.0},{"not_picked":["ClearTheMind","CarveReality"],"picked":"Vengeance","floor":10.0},{"not_picked":["Scrawl","BowlingBash"],"picked":"Study","floor":12.0},{"not_picked":["Pray","Weave"],"picked":"FollowUp","floor":14.0},{"not_picked":["Blasphemy","DeusExMachina"],"picked":"ConjureBlade","floor":16.0},{"not_picked":["Replay:BluntJabs","PathToVictory+1","Study"],"picked":"SKIP","floor":18.0},{"not_picked":["Crescendo","FollowUp"],"picked":"AT_ChampionStep+1","floor":20.0},{"not_picked":["REME_MusicOfDeath+1","WreathOfFlame","REME_Repentance"],"picked":"SKIP","floor":22.0},{"not_picked":["CrushJoints+1","Weave","FearNoEvil"],"picked":"SKIP","floor":24.0},{"not_picked":["CarveReality","SandsOfTime","Study"],"picked":"SKIP","floor":25.0},{"not_picked":["AT_RealColorLess","Fasting2+1"],"picked":"WaveOfTheHand","floor":28.0},{"not_picked":["ThirdEye","Weave"],"picked":"Consecrate","floor":31.0},{"not_picked":["AT_MachinaRedman","Replay:LoomingThreat"],"picked":"MasterReality","floor":33.0},{"not_picked":["CutThroughFate+1","Conclude"],"picked":"FlurryOfBlows","floor":35.0},{"not_picked":["MentalFortress+1","Replay:DivineShield"],"picked":"CutThroughFate+1","floor":36.0},{"not_picked":["ThirdEye+1","CrushJoints","Conclude"],"picked":"SKIP","floor":37.0},{"not_picked":["Protect+1","REME_Repentance","FollowUp"],"picked":"SKIP","floor":39.0},{"not_picked":["Halt+1","DevaForm","EmptyFist+1"],"picked":"SKIP","floor":41.0},{"not_picked":["Replay:AtTheReady+1","ThirdEye+1","PathToVictory"],"picked":"SKIP","floor":42.0},{"not_picked":["BowlingBash+1","PathToVictory"],"picked":"Replay:Hum+1","floor":44.0},{"not_picked":["Crescendo+1","FlurryOfBlows+1","AT_RealFormLess"],"picked":"SKIP","floor":46.0},{"not_picked":["Protect+1","REME_WorshipGod","CutThroughFate+1"],"picked":"SKIP","floor":48.0},{"not_picked":["CarveReality+1","MentalFortress+1","Consecrate"],"picked":"SKIP","floor":54}],"player_experience":215042,"relics_obtained":[{"floor":1.0,"key":"Baka"},{"floor":1.0,"key":"AddBug"},{"floor":6.0,"key":"Centennial Puzzle"},{"floor":14.0,"key":"Happy Flower"},{"floor":20.0,"key":"Pear"},{"floor":22.0,"key":"SecretRecord"},{"floor":22.0,"key":"Baka2"},{"floor":25.0,"key":"vexMod:BarristanHead"},{"floor":26.0,"key":"Incense Burner"},{"floor":31.0,"key":"SecretRecord"},{"floor":35.0,"key":"SecretRecord"},{"floor":35.0,"key":"testmod-SaigiyounoYou"},{"floor":39.0,"key":"SecretRecord"},{"floor":41.0,"key":"StoneCalendar"},{"floor":43.0,"key":"GodSword6"},{"floor":44.0,"key":"SecretRecord"},{"floor":44.0,"key":"Prayer Wheel"},{"floor":48.0,"key":"SecretRecord"},{"floor":54,"key":"SumBook"}],"event_choices":[{"damage_healed":0.0,"max_hp_gain":0.0,"max_hp_loss":0.0,"gold_gain":75.0,"event_name":"World of Goop","player_choice":"Gather Gold","floor":2.0,"gold_loss":0.0,"damage_taken":11.0},{"cards_removed":["Strike_P"],"damage_healed":0.0,"max_hp_gain":0.0,"max_hp_loss":0.0,"gold_gain":0.0,"event_name":"Golden Wing","player_choice":"Card Removal","floor":3.0,"gold_loss":0.0,"damage_taken":7.0},{"damage_healed":0.0,"max_hp_gain":0.0,"max_hp_loss":0.0,"gold_gain":0.0,"event_name":"给自己的盒子","player_choice":"Swap Relic","floor":21.0,"relics_lost":["NeowsBlessing"],"gold_loss":0.0,"damage_taken":0.0,"relics_obtained":["Juzu Bracelet"]},{"damage_healed":0.0,"max_hp_gain":0.0,"max_hp_loss":0.0,"gold_gain":90.0,"event_name":"Knowing Skull","player_choice":"POTION GOLD ","floor":27.0,"potions_obtained":["Elixir"],"gold_loss":0.0,"damage_taken":18.0,"cards_obtained":[]},{"damage_healed":0.0,"max_hp_gain":0.0,"max_hp_loss":0.0,"gold_gain":200.0,"event_name":"Wheel of Change","player_choice":"Gold","floor":29.0,"gold_loss":0.0,"damage_taken":0.0}],"is_beta":false,"boss_relics":[{"not_picked":["Tiny House","Painkiller Herb"],"picked":"testmod-HarvestTotem"},{"not_picked":["vexMod:BigBerry","Sozu"],"picked":"AddBug"}],"items_purged_floors":[7,13,19,45,53],"is_endless":false,"potions_floor_spawned":[1,20,25,28,33,41,44,46],"ascension_level":2}}