{"host":"6hzrz31j95f2y1pa","time":1610497029,"event":{"mods":["BaseMod","Colored Map","Downfall","Minty Spire (QoL Compilation)","StSLib"],"gold_per_floor":[99,99,274,45,45,77,103,119,135,153,187,187,112,122,134,236,286,286,300,310,326,341,341,364,364,364,374,374,374,374],"floor_reached":28,"language":"ENG","playtime":1030,"items_purged":["Doubt"],"score":459,"play_id":"d324c183-5eb9-4b6f-b88e-daa74a0c783d","local_time":"20210112191709","is_ascension_mode":true,"campfire_choices":[{"data":"champ:Execute","floor":1,"key":"SMITH"},{"data":"champ:BerserkerStyle","floor":13,"key":"SMITH"},{"data":"champ:PerfectForm","floor":18,"key":"SMITH"},{"floor":26,"key":"REST"}],"circlet_count":0,"master_deck":["AscendersBane","champ:Strike","champ:Strike","champ:Strike","champ:Defend+1","champ:Defend","champ:Defend+1","champ:Defend","champ:Execute+1","champ:Taunt","champ:AdrenalArmor","champ:CheapShot","champ:RecklessLeap","champ:Control+1","champ:Backstep","champ:BerserkerStyle+1","champ:ShieldThrow+1","champ:GutPunch","champ:PerfectForm+1","champ:SkillfulDodge","champ:CalledShot","champ:BerserkersShout+1","champ:SteelEdge"],"relics":["champ:ChampionCrown","downfall:HeartsMalice","champ:Barbells","Centennial Puzzle","Blood Vial","downfall:HeartBlessingBlue","Tiny House","Omamori"],"acts_visited":["Exordium","TheCity"],"potions_floor_usage":[11,16,17,22],"damage_taken":[{"damage":0,"enemies":"2 Louse","floor":2,"turns":1},{"damage":0,"enemies":"downfall:FleeingMerchant","floor":4,"turns":1},{"damage":0,"enemies":"Gremlin Nob","floor":6,"turns":1},{"damage":21,"enemies":"Small Slimes","floor":8,"turns":3},{"damage":15,"enemies":"Cultist","floor":9,"turns":2},{"damage":20,"enemies":"3 Louse","floor":10,"turns":3},{"damage":34,"enemies":"Lagavulin","floor":11,"turns":8},{"damage":21,"enemies":"2 Fungi Beasts","floor":14,"turns":5},{"damage":30,"enemies":"Large Slime","floor":15,"turns":3},{"damage":110,"enemies":"downfall:Defect","floor":16,"turns":9},{"damage":46,"enemies":"Spheric Guardian","floor":19,"turns":4},{"damage":24,"enemies":"Sentry and Sphere","floor":20,"turns":5},{"damage":44,"enemies":"Snake Plant","floor":21,"turns":3},{"damage":71,"enemies":"Cultist and Chosen","floor":22,"turns":7},{"damage":71,"enemies":"Shelled Parasite and Fungi","floor":27,"turns":7},{"damage":24,"enemies":"3 Cultists","floor":28,"turns":3}],"seed_played":"-7127551273256212124","potions_obtained":[{"floor":5,"key":"Strength Potion"},{"floor":5,"key":"Weak Potion"},{"floor":11,"key":"SpeedPotion"},{"floor":16,"key":"EssenceOfSteel"},{"floor":17,"key":"Fruit Juice"},{"floor":19,"key":"champ:TechniquePotion"},{"floor":21,"key":"Block Potion"}],"is_trial":false,"path_per_floor":["R","M","?","$","?","E","T","M","M","M","E","?","R","M","M","B",null,"R","M","M","M","M","?","T","?","R","M","M"],"character_chosen":"THE_CHAMP","items_purchased":["champ:Barbells"],"campfire_rested":1,"item_purchase_floors":[4],"current_hp_per_floor":[81,81,81,81,81,81,81,77,77,77,77,77,87,89,85,24,91,91,78,69,54,40,40,40,17,51,21,0,0,0],"gold":374,"neow_bonus":"THREE_ENEMY_KILL","is_daily":false,"chose_seed":false,"campfire_upgraded":3,"win_rate":0.0,"timestamp":1610497029,"path_taken":["R","M","?","$","?","E","T","M","M","?","E","?","R","M","M","BOSS","R","M","M","M","M","?","T","?","R","?","M"],"items_purchased_type":["Relic"],"build_version":"2020-12-22","purchased_purges":1,"victory":false,"max_hp_per_floor":[90,90,90,90,90,90,90,90,90,90,90,90,100,100,100,100,110,110,110,110,110,110,110,110,115,115,115,115,115,115],"card_choices":[{"not_picked":["champ:ShieldSigil","champ:Haymaker"],"picked":"champ:AdrenalArmor","floor":2},{"not_picked":["champ:Riposte","champ:FlashCut"],"picked":"champ:CheapShot","floor":4},{"not_picked":["champ:DefensiveShout","champ:SwordSigil"],"picked":"champ:RecklessLeap","floor":6},{"not_picked":["champ:PerfectedStrike","champ:PreciseThrust"],"picked":"champ:Control","floor":8},{"not_picked":["champ:TornadoPunch","champ:Lariat"],"picked":"champ:Backstep","floor":9},{"not_picked":["champ:Balance","champ:CalledShot"],"picked":"champ:BerserkerStyle","floor":10},{"not_picked":["champ:BringItOn","champ:Circumvent"],"picked":"champ:ShieldThrow","floor":11},{"not_picked":["champ:Circumvent","champ:CrookedStrike","champ:BladeFlurry"],"picked":"SKIP","floor":14},{"not_picked":["champ:RageSigil","champ:MurderStrike"],"picked":"champ:GutPunch","floor":15},{"not_picked":["champ:Improvising","champ:HoldFirm"],"picked":"champ:PerfectForm","floor":16},{"not_picked":["champ:Circumvent","champ:PerfectedStrike"],"picked":"champ:SkillfulDodge","floor":17},{"not_picked":["champ:ShieldWall","champ:PerfectedStrike"],"picked":"champ:CalledShot","floor":19},{"not_picked":["champ:RapidStrikes","champ:Backstep"],"picked":"champ:BerserkersShout+1","floor":20},{"not_picked":["champ:Haymaker","champ:CrookedStrike","champ:ArenaPreparation"],"picked":"SKIP","floor":21},{"not_picked":["champ:RageSigil","champ:FaceSlap"],"picked":"champ:SteelEdge","floor":22},{"not_picked":["champ:FocusedDefense","champ:Backstep","champ:CrookedStrike+1"],"picked":"SKIP","floor":27},{"not_picked":["champ:FocusedDefense","champ:Backstep","champ:CrookedStrike+1"],"picked":"SKIP","floor":27}],"player_experience":1322943,"relics_obtained":[{"floor":6,"key":"Centennial Puzzle"},{"floor":11,"key":"Blood Vial"},{"floor":24,"key":"Omamori"}],"event_choices":[{"damage_healed":0,"gold_gain":0,"player_choice":"Got Potions","damage_taken":0,"max_hp_gain":0,"max_hp_loss":0,"event_name":"Lab","floor":5,"gold_loss":0}],"is_beta":false,"boss_relics":[{"not_picked":["champ:PowerArmor","Black Star"],"picked":"Tiny House"}],"items_purged_floors":[4],"is_endless":false,"potions_floor_spawned":[6,10,11,14,16,19,21],"killed_by":"3 Cultists","ascension_level":11}}