{"host":"ydujlihd8f5px9gp","time":1610500013,"event":{"mods":["AchievementEnabler","BaseMod","Block Reminder","Colored Map","Minty Spire (QoL Compilation)","ojb\u0027s Info Mod"],"gold_per_floor":[116,116,132,102,112,112,128,128,151,168,168,19,48,73,73,174,174,174,129,5,5,5,5,5,5,5,5,5,5,5,5,5,5,5,5,5,5,5,5,5,5,5,5,5,5,5,5,5,5,5],"floor_reached":51,"language":"ENG","playtime":2095,"items_purged":["Strike_G"],"score":849,"play_id":"57ad863b-6254-4e4e-8728-3e27f5227592","local_time":"20210112230653","is_ascension_mode":true,"campfire_choices":[{"data":"Catalyst","floor":6,"key":"SMITH"},{"data":"Neutralize","floor":15,"key":"SMITH"},{"data":"Poisoned Stab","floor":23,"key":"SMITH"},{"data":"Catalyst","floor":28,"key":"SMITH"},{"data":"Backstab","floor":32,"key":"SMITH"},{"data":"Adrenaline","floor":40,"key":"SMITH"},{"floor":49,"key":"REST"}],"circlet_count":0,"master_deck":["Strike_G","Strike_G","Strike_G","Defend_G","Defend_G","Defend_G","Defend_G+1","Defend_G","Survivor+1","Neutralize+1","Catalyst+1","Backstab+1","Bane","Dash+1","Dagger Throw+1","Poisoned Stab+1","Bouncing Flask+1","Catalyst+1","Adrenaline+1","Dagger Throw+1"],"relics":["Ring of the Snake","Pen Nib","Vajra","Juzu Bracelet","Ancient Tea Set","Ectoplasm","Oddly Smooth Stone","Bag of Marbles","Centennial Puzzle","Runic Pyramid","Bottled Flame","Lantern","Prayer Wheel"],"acts_visited":["Exordium","TheCity","TheBeyond"],"potions_floor_usage":[31,50,50],"damage_taken":[{"damage":4,"enemies":"Small Slimes","floor":1,"turns":5},{"damage":1,"enemies":"2 Louse","floor":3,"turns":3},{"damage":0,"enemies":"Cultist","floor":5,"turns":4},{"damage":1,"enemies":"Blue Slaver","floor":7,"turns":5},{"damage":6,"enemies":"Looter","floor":10,"turns":4},{"damage":1,"enemies":"Gremlin Nob","floor":13,"turns":4},{"damage":25,"enemies":"The Guardian","floor":16,"turns":15},{"damage":4,"enemies":"Chosen","floor":18,"turns":4},{"damage":1,"enemies":"2 Thieves","floor":19,"turns":4},{"damage":6,"enemies":"Centurion and Healer","floor":22,"turns":5},{"damage":6,"enemies":"Cultist and Chosen","floor":25,"turns":4},{"damage":12,"enemies":"Chosen and Byrds","floor":27,"turns":4},{"damage":0,"enemies":"Centurion and Healer","floor":29,"turns":2},{"damage":0,"enemies":"Gremlin Leader","floor":31,"turns":4},{"damage":16,"enemies":"Automaton","floor":33,"turns":4},{"damage":5,"enemies":"3 Darklings","floor":35,"turns":3},{"damage":2,"enemies":"Orb Walker","floor":36,"turns":2},{"damage":10,"enemies":"4 Shapes","floor":37,"turns":5},{"damage":0,"enemies":"Spire Growth","floor":39,"turns":2},{"damage":0,"enemies":"Jaw Worm Horde","floor":42,"turns":3},{"damage":3,"enemies":"4 Shapes","floor":45,"turns":4},{"damage":0,"enemies":"Reptomancer","floor":46,"turns":2},{"damage":0,"enemies":"Mind Bloom Boss Battle","floor":47,"turns":3},{"damage":0,"enemies":"Transient","floor":48,"turns":5},{"damage":99,"enemies":"Time Eater","floor":50,"turns":9}],"seed_played":"298052878954519627","potions_obtained":[{"floor":3,"key":"DistilledChaos"},{"floor":4,"key":"FearPotion"},{"floor":4,"key":"FairyPotion"},{"floor":31,"key":"Ancient Potion"},{"floor":47,"key":"Regen Potion"}],"is_trial":false,"path_per_floor":["M","?","M","?","M","R","M","?","T","M","?","$","E","T","R","B",null,"M","M","$","T","M","R","$","M","T","M","R","M","?","E","R","B",null,"M","M","M","$","M","R","?","M","T","?","M","E","?","M","R","B",null],"character_chosen":"THE_SILENT","items_purchased":["Vajra","Poisoned Stab"],"campfire_rested":1,"item_purchase_floors":[12,20],"current_hp_per_floor":[73,66,65,65,65,65,64,49,49,43,43,43,42,42,42,17,77,73,72,72,72,66,66,66,60,60,48,48,48,77,77,77,61,77,72,70,60,60,60,60,60,60,60,60,57,57,57,57,73,21],"gold":5,"neow_bonus":"TEN_PERCENT_HP_BONUS","is_daily":false,"chose_seed":false,"campfire_upgraded":6,"win_rate":0.0,"timestamp":1610500013,"path_taken":["M","?","M","?","?","R","M","?","T","M","?","$","E","?","R","BOSS","M","M","?","?","M","R","?","M","T","M","R","M","?","E","R","BOSS","M","M","M","$","M","R","?","M","T","?","M","E","?","M","R","BOSS"],"items_purchased_type":["Relic","Card"],"build_version":"2020-12-22","purchased_purges":1,"victory":true,"max_hp_per_floor":[77,77,77,77,77,77,77,77,77,77,77,77,77,77,77,77,77,77,77,77,77,77,77,77,77,77,77,77,77,77,77,77,77,77,77,77,77,77,77,77,73,73,73,73,73,73,73,73,73,73],"card_choices":[{"not_picked":["Slice","Flying Knee","Choke"],"picked":"SKIP","floor":1},{"not_picked":["Poisoned Stab","Terror"],"picked":"Catalyst","floor":3},{"not_picked":["Quick Slash","Caltrops"],"picked":"Backstab","floor":5},{"not_picked":["Infinite Blades","Dagger Spray"],"picked":"Bane","floor":7},{"not_picked":["Acrobatics","Deflect"],"picked":"Dash","floor":10},{"not_picked":["Slice","Masterful Stab","Outmaneuver"],"picked":"SKIP","floor":13},{"not_picked":["Blade Dance","PiercingWail"],"picked":"Dagger Throw+1","floor":18},{"not_picked":["All Out Attack+1","Slice+1","Prepared"],"picked":"SKIP","floor":19},{"not_picked":["Cloak And Dagger","Concentrate"],"picked":"Bouncing Flask+1","floor":22},{"not_picked":["Cloak And Dagger","Underhanded Strike+1"],"picked":"Catalyst","floor":25},{"not_picked":["Slice+1","PiercingWail+1","Acrobatics"],"picked":"SKIP","floor":27},{"not_picked":["Unload","Deadly Poison","Prepared"],"picked":"SKIP","floor":29},{"not_picked":["Underhanded Strike+1","Cloak And Dagger+1","Bane"],"picked":"SKIP","floor":31},{"not_picked":["Die Die Die","Venomology"],"picked":"Adrenaline","floor":33},{"not_picked":["Outmaneuver","Slice+1","Choke"],"picked":"SKIP","floor":35},{"not_picked":["Calculated Gamble","Prepared","Masterful Stab"],"picked":"SKIP","floor":36},{"not_picked":["Masterful Stab+1","Backflip+1","Dagger Spray"],"picked":"SKIP","floor":37},{"not_picked":["Quick Slash+1","Blur+1","Dagger Throw+1"],"picked":"SKIP","floor":39},{"not_picked":["Cloak And Dagger","Blade Dance+1","All Out Attack"],"picked":"SKIP","floor":42},{"not_picked":["Heel Hook","Endless Agony","Bane+1"],"picked":"SKIP","floor":45},{"not_picked":["Blade Dance","Outmaneuver"],"picked":"Dagger Throw+1","floor":46},{"not_picked":["Cloak And Dagger","Slice+1","Deflect"],"picked":"SKIP","floor":48},{"not_picked":["Poisoned Stab","Backflip+1","Prepared"],"picked":"SKIP","floor":48}],"player_experience":125249,"relics_obtained":[{"floor":9,"key":"Pen Nib"},{"floor":13,"key":"Juzu Bracelet"},{"floor":14,"key":"Ancient Tea Set"},{"floor":21,"key":"Oddly Smooth Stone"},{"floor":26,"key":"Bag of Marbles"},{"floor":31,"key":"Centennial Puzzle"},{"floor":43,"key":"Bottled Flame"},{"floor":46,"key":"Lantern"},{"floor":47,"key":"Prayer Wheel"}],"event_choices":[{"cards_removed":["Strike_G"],"damage_healed":0,"gold_gain":0,"player_choice":"Card Removal","damage_taken":7,"max_hp_gain":0,"max_hp_loss":0,"event_name":"Golden Wing","floor":2,"gold_loss":0},{"damage_healed":0,"gold_gain":0,"player_choice":"Bought 2 Potions","damage_taken":0,"max_hp_gain":0,"max_hp_loss":0,"event_name":"The Woman in Blue","floor":4,"gold_loss":0},{"damage_healed":0,"gold_gain":0,"player_choice":"Entered Light","damage_taken":15,"max_hp_gain":0,"max_hp_loss":0,"event_name":"Shining Light","floor":8,"gold_loss":0,"cards_upgraded":["Defend_G","Survivor"]},{"damage_healed":0,"gold_gain":0,"player_choice":"Grow","damage_taken":0,"max_hp_gain":0,"max_hp_loss":0,"event_name":"Living Wall","floor":11,"gold_loss":0,"cards_upgraded":["Dash"]},{"damage_healed":29,"gold_gain":0,"player_choice":"Full Heal","damage_taken":0,"max_hp_gain":0,"max_hp_loss":0,"event_name":"Wheel of Change","floor":30,"gold_loss":0},{"damage_healed":0,"gold_gain":0,"player_choice":"Max HP","damage_taken":0,"max_hp_gain":0,"max_hp_loss":4,"event_name":"Winding Halls","floor":41,"gold_loss":0},{"damage_healed":0,"gold_gain":0,"player_choice":"Ignored","damage_taken":0,"max_hp_gain":0,"max_hp_loss":0,"event_name":"SecretPortal","floor":44,"gold_loss":0},{"damage_healed":0,"gold_gain":0,"player_choice":"Fight","damage_taken":0,"max_hp_gain":0,"max_hp_loss":0,"event_name":"MindBloom","floor":47,"gold_loss":0}],"is_beta":false,"boss_relics":[{"not_picked":["Coffee Dripper","Busted Crown"],"picked":"Ectoplasm"},{"not_picked":["Philosopher\u0027s Stone","WristBlade"],"picked":"Runic Pyramid"}],"items_purged_floors":[20],"is_endless":false,"potions_floor_spawned":[3,7,13,22,25,31,33,35,42,47,48],"ascension_level":2}}