{"host":"091y6d77ht7dl3wb","time":1610530658,"event":{"mods":["AchievementEnabler","BaseMod","Colored Map","Minty Spire (QoL Compilation)","Rare Cards Sparkle","StSLib"],"gold_per_floor":[112,45,56,76,76,104,104,124,149,149,149,161,161,193,193,290,290,306,9,29,29,48,48,68,68,68],"floor_reached":25,"language":"KOR","playtime":1032,"items_purged":["Reprogram"],"score":213,"play_id":"bfaba1b5-80c0-4b16-a8ab-33fbc925683a","local_time":"20210113183738","daily_mods":["Colorless Cards","Heirloom","Time Dilation"],"is_ascension_mode":false,"campfire_choices":[{"floor":7,"key":"REST"},{"floor":11,"key":"REST"},{"data":"Lockon","floor":13,"key":"SMITH"},{"floor":15,"key":"REST"},{"floor":23,"key":"REST"}],"circlet_count":0,"master_deck":["Strike_B","Strike_B","Strike_B","Strike_B","Defend_B","Defend_B","Defend_B+1","Defend_B","Zap","Dualcast","Redo","Lockon+1","Genetic Algorithm+1","Lockon","Barrage","Auto Shields","Trip","Echo Form","Tempest","Hello World+1","Ball Lightning+1","Go for the Eyes"],"relics":["Cracked Core","TungstenRod","Smiling Mask","Regal Pillow","Lantern","Inserter","Bottled Lightning"],"acts_visited":["Exordium","TheCity"],"potions_floor_usage":[12,20,20,24],"damage_taken":[{"damage":0,"enemies":"Cultist","floor":1,"turns":3},{"damage":0,"enemies":"Jaw Worm","floor":3,"turns":2},{"damage":3,"enemies":"Small Slimes","floor":4,"turns":2},{"damage":39,"enemies":"3 Sentries","floor":6,"turns":10},{"damage":7,"enemies":"3 Louse","floor":8,"turns":3},{"damage":4,"enemies":"Red Slaver","floor":12,"turns":2},{"damage":39,"enemies":"Lagavulin","floor":14,"turns":7},{"damage":34,"enemies":"The Guardian","floor":16,"turns":8},{"damage":9,"enemies":"Chosen","floor":18,"turns":6},{"damage":15,"enemies":"3 Byrds","floor":20,"turns":6},{"damage":27,"enemies":"Cultist and Chosen","floor":22,"turns":8},{"damage":23,"enemies":"Centurion and Healer","floor":24,"turns":9},{"damage":43,"enemies":"Shelled Parasite and Fungi","floor":25,"turns":7}],"seed_played":"-5633339762469532021","potions_obtained":[{"floor":4,"key":"Energy Potion"},{"floor":6,"key":"EssenceOfSteel"},{"floor":8,"key":"Energy Potion"},{"floor":12,"key":"SmokeBomb"},{"floor":20,"key":"EssenceOfSteel"}],"is_trial":true,"path_per_floor":["M","$","M","M","?","E","R","M","T","?","R","M","R","E","R","B",null,"M","$","M","?","M","R","M","M"],"character_chosen":"DEFECT","items_purchased":["Lockon","Bottled Lightning"],"campfire_rested":4,"item_purchase_floors":[2,19],"current_hp_per_floor":[75,75,75,72,72,33,55,48,48,34,71,67,67,28,65,31,75,66,66,51,51,24,61,38,0,0],"gold":68,"neow_bonus":"","is_daily":false,"chose_seed":false,"campfire_upgraded":1,"win_rate":0.0,"timestamp":1610530658,"path_taken":["M","$","?","?","?","E","R","M","T","?","R","M","R","E","R","BOSS","M","$","M","?","M","R","M","M"],"items_purchased_type":["Card","Relic"],"build_version":"2020-12-22","purchased_purges":1,"victory":false,"max_hp_per_floor":[75,75,75,75,75,75,75,75,75,75,75,75,75,75,75,75,75,75,75,75,75,75,75,75,75,75],"card_choices":[{"not_picked":["Stack","Capacitor"],"picked":"Redo","floor":1},{"not_picked":["Static Discharge","Streamline"],"picked":"Genetic Algorithm","floor":3},{"not_picked":["White Noise","Rebound"],"picked":"Reprogram","floor":4},{"not_picked":["Trip","Chaos"],"picked":"Lockon","floor":6},{"not_picked":["Go for the Eyes","Stack"],"picked":"Barrage","floor":8},{"not_picked":["Go for the Eyes","Leap"],"picked":"Auto Shields","floor":12},{"not_picked":["Master of Strategy","Go for the Eyes"],"picked":"Trip","floor":14},{"not_picked":["Secret Weapon","Thinking Ahead"],"picked":"Echo Form","floor":16},{"not_picked":["Dark Shackles","Compile Driver"],"picked":"Tempest","floor":18},{"not_picked":["Leap","Rebound"],"picked":"Hello World+1","floor":20},{"not_picked":["Streamline","Swift Strike"],"picked":"Ball Lightning+1","floor":22},{"not_picked":["Steam","Tempest"],"picked":"Go for the Eyes","floor":24}],"player_experience":214201,"relics_obtained":[{"floor":6,"key":"Smiling Mask"},{"floor":9,"key":"Regal Pillow"},{"floor":14,"key":"Lantern"}],"event_choices":[{"damage_healed":0,"gold_gain":0,"player_choice":"Leave","damage_taken":0,"max_hp_gain":0,"max_hp_loss":0,"event_name":"The Cleric","floor":5,"gold_loss":0},{"damage_healed":0,"gold_gain":0,"player_choice":"Entered Light","damage_taken":15,"max_hp_gain":0,"max_hp_loss":0,"event_name":"Shining Light","floor":10,"gold_loss":0,"cards_upgraded":["Defend_B","Genetic Algorithm"]},{"damage_healed":0,"gold_gain":0,"player_choice":"Ignored","damage_taken":0,"max_hp_gain":0,"max_hp_loss":0,"event_name":"NoteForYourself","floor":21,"gold_loss":0}],"is_beta":false,"boss_relics":[{"not_picked":["Runic Pyramid","Astrolabe"],"picked":"Inserter"}],"items_purged_floors":[19],"is_endless":false,"potions_floor_spawned":[4,6,8,12,20],"killed_by":"Shelled Parasite and Fungi","ascension_level":0}}