{"host":"i0avyit1s6jb1siw","time":1610575514,"event":{"mods":["BaseMod","DeckTracker","Dota2Spire","Highlight Path","Minty Spire (QoL Compilation)","Quick Restart","StSLib","SuperFastMode"],"gold_per_floor":[118,118,131,146,296,328,86,116,116,141,141,155,155,188,188,265,265,285,285,305,305,220,249,249,275,326,161,186,204,120,133,133,211,211,229,229,281,306,306,337,356,369,395,423,89,89,120,120,120,120,120,120,120,35,65,65],"floor_reached":57,"language":"ENG","playtime":928,"items_purged":["Doubt"],"score":3994,"play_id":"90507412-11c0-4ce8-8f3e-02c6dfab169f","local_time":"20210113230514","is_ascension_mode":true,"campfire_choices":[{"floor":15,"key":"RECALL"},{"data":"Tactician","floor":24,"key":"SMITH"},{"data":"Expertise","floor":32,"key":"SMITH"},{"data":"Escape Plan","floor":46,"key":"SMITH"},{"data":"Acrobatics","floor":49,"key":"SMITH"},{"data":"Reflex","floor":53,"key":"SMITH"}],"circlet_count":0,"master_deck":["Grand Finale+1","Acrobatics+1","Tactician+1","Prepared+1","Escape Plan+1","After Image","CurseOfTheBell","Reflex+1"],"relics":["Ring of the Snake","Whetstone","Pantograph","Lantern","Shuriken","Dota2Spire:Desolator","Sundial","Pen Nib","Philosopher\u0027s Stone","Dota2Spire:PhaseBoots","Paper Crane","Centennial Puzzle","OrangePellets","Matryoshka","Calling Bell","Juzu Bracelet","Dota2Spire:MantaStyle","The Specimen","Dota2Spire:Butterfly","Dead Branch","Dota2Spire:MaskOfMadness","Blood Vial","Dota2Spire:ShadowBlade","Anchor","Tough Bandages","Snake Skull","Bottled Tornado"],"acts_visited":["TheCity","TheBeyond","TheEnding"],"potions_floor_usage":[54,56],"damage_taken":[{"damage":0.0,"enemies":"2 Louse","floor":1.0,"turns":1.0},{"damage":0.0,"enemies":"Small Slimes","floor":3.0,"turns":1.0},{"damage":0.0,"enemies":"Jaw Worm","floor":4.0,"turns":1.0},{"damage":0.0,"enemies":"3 Sentries","floor":6.0,"turns":1.0},{"damage":0.0,"enemies":"Gremlin Nob","floor":8.0,"turns":1.0},{"damage":0.0,"enemies":"3 Sentries","floor":10.0,"turns":1.0},{"damage":0,"enemies":"Blue Slaver","floor":12,"turns":1},{"damage":0,"enemies":"Lagavulin","floor":14,"turns":1},{"damage":0,"enemies":"The Guardian","floor":16,"turns":1},{"damage":0,"enemies":"Shell Parasite","floor":18,"turns":1},{"damage":0,"enemies":"2 Thieves","floor":20,"turns":1},{"damage":0,"enemies":"Gremlin Leader","floor":23,"turns":1},{"damage":0,"enemies":"Slavers","floor":25,"turns":1},{"damage":0,"enemies":"Book of Stabbing","floor":28,"turns":1},{"damage":0,"enemies":"Shelled Parasite and Fungi","floor":29,"turns":1},{"damage":0,"enemies":"Cultist and Chosen","floor":31,"turns":1},{"damage":0,"enemies":"Collector","floor":33,"turns":1},{"damage":0,"enemies":"3 Shapes","floor":35,"turns":1},{"damage":0,"enemies":"2 Orb Walkers","floor":37,"turns":1},{"damage":0,"enemies":"Mind Bloom Boss Battle","floor":38,"turns":1},{"damage":0,"enemies":"Reptomancer","floor":40,"turns":1},{"damage":0,"enemies":"Orb Walker","floor":41,"turns":1},{"damage":0,"enemies":"Writhing Mass","floor":42,"turns":1},{"damage":0,"enemies":"Nemesis","floor":44,"turns":1},{"damage":0,"enemies":"Reptomancer","floor":47,"turns":1},{"damage":0,"enemies":"Donu and Deca","floor":50,"turns":1},{"damage":0,"enemies":"Awakened One","floor":51,"turns":2},{"damage":0,"enemies":"Shield and Spear","floor":55,"turns":1},{"damage":50,"enemies":"The Heart","floor":56,"turns":6}],"seed_played":"7299340290137208328","potions_obtained":[{"floor":6.0,"key":"ColorlessPotion"},{"floor":8.0,"key":"FearPotion"},{"floor":10.0,"key":"DuplicationPotion"},{"floor":47,"key":"Fruit Juice"},{"floor":55,"key":"FairyPotion"}],"is_trial":false,"path_per_floor":["M","?","M","M","?","E","$","E","T","E","?","M","$","E","R","B",null,"M","?","M","?","?","E","R","E","T","$","E","M","$","M","R","B",null,"M","?","?","?","?","E","M","M","T","E","$","R","E","?","R","B","B",null,"R","$","E","B",null],"character_chosen":"THE_SILENT","items_purchased":["Lantern","OrangePellets","After Image","Tough Bandages","EssenceOfSteel"],"campfire_rested":0,"item_purchase_floors":[7,27,30,45,54],"current_hp_per_floor":[59,59,59,59,59,59,59,59,59,59,59,59,59,59,59,66,66,66,66,66,66,66,66,66,66,66,66,66,66,66,66,66,66,66,66,56,56,66,66,66,66,66,66,66,66,66,66,66,66,66,66,66,66,71,71,21],"gold":65,"neow_bonus":"RANDOM_COMMON_RELIC","is_daily":false,"chose_seed":false,"campfire_upgraded":5,"win_rate":0.0,"timestamp":1610575514,"path_taken":["M","?","M","M","?","E","$","E","T","E","?","M","$","E","R","BOSS","M","?","M","?","?","E","R","E","T","$","E","?","$","M","R","BOSS","M","?","?","?","?","E","M","M","T","E","?","R","E","?","R","BOSS","BOSS","R","$","E","BOSS"],"items_purchased_type":["Relic","Relic","Card","Relic","Potion"],"build_version":"2020-12-22","purchased_purges":1,"victory":true,"max_hp_per_floor":[66,66,66,66,66,66,66,66,66,66,66,66,66,66,66,66,66,66,66,66,66,66,66,66,66,66,66,66,66,66,66,66,66,66,66,66,66,66,66,66,66,66,66,66,66,66,66,66,66,66,66,66,66,71,71,71],"card_choices":[{"not_picked":["Poisoned Stab","Deadly Poison","Leg Sweep"],"picked":"SKIP","floor":1.0},{"not_picked":["Predator","Deflect"],"picked":"Acrobatics","floor":3.0},{"not_picked":["Caltrops","Outmaneuver"],"picked":"Tactician","floor":4.0},{"not_picked":["Deadly Poison","Blade Dance"],"picked":"Expertise","floor":6.0},{"not_picked":["Eviscerate","Flying Knee","Blade Dance"],"picked":"SKIP","floor":8.0},{"not_picked":["Predator","Flechettes","Masterful Stab"],"picked":"SKIP","floor":10.0},{"not_picked":["Sucker Punch","Expertise"],"picked":"Prepared","floor":12},{"not_picked":["Dagger Throw","Bane","Outmaneuver"],"picked":"SKIP","floor":14},{"not_picked":["Flying Knee","Poisoned Stab","Dodge and Roll"],"picked":"SKIP","floor":18},{"not_picked":["Underhanded Strike+1","Slice","Poisoned Stab"],"picked":"SKIP","floor":20},{"not_picked":["Underhanded Strike","Crippling Poison","Well Laid Plans"],"picked":"SKIP","floor":23},{"not_picked":["Poisoned Stab","Terror","Endless Agony"],"picked":"SKIP","floor":25},{"not_picked":["Blade Dance","Deflect","A Thousand Cuts"],"picked":"SKIP","floor":28},{"not_picked":["Blade Dance","Dagger Throw","Dagger Spray"],"picked":"SKIP","floor":29},{"not_picked":["Dagger Throw","All Out Attack","Bouncing Flask"],"picked":"SKIP","floor":31},{"not_picked":["Slice","Sucker Punch","Catalyst"],"picked":"SKIP","floor":35},{"not_picked":["PiercingWail+1","Poisoned Stab"],"picked":"Reflex","floor":37},{"not_picked":["Poisoned Stab","Flechettes","Quick Slash"],"picked":"SKIP","floor":40},{"not_picked":["Prepared+1","Flying Knee","Footwork"],"picked":"SKIP","floor":41},{"not_picked":["Night Terror","Flying Knee+1","Deadly Poison"],"picked":"SKIP","floor":42},{"not_picked":["Bouncing Flask","Dagger Spray","Reflex"],"picked":"SKIP","floor":44},{"not_picked":["Eviscerate","PiercingWail+1","Underhanded Strike+1"],"picked":"SKIP","floor":47},{"not_picked":["PiercingWail","Accuracy","Caltrops+1"],"picked":"SKIP","floor":55}],"player_experience":2231894,"relics_obtained":[{"floor":6.0,"key":"Pantograph"},{"floor":8.0,"key":"Shuriken"},{"floor":9.0,"key":"Dota2Spire:Desolator"},{"floor":10.0,"key":"Sundial"},{"floor":14,"key":"Pen Nib"},{"floor":23,"key":"Paper Crane"},{"floor":25,"key":"Centennial Puzzle"},{"floor":28,"key":"Matryoshka"},{"floor":34,"key":"Juzu Bracelet"},{"floor":34,"key":"Dota2Spire:MantaStyle"},{"floor":34,"key":"The Specimen"},{"floor":37,"key":"Dota2Spire:Butterfly"},{"floor":38,"key":"Dead Branch"},{"floor":40,"key":"Dota2Spire:MaskOfMadness"},{"floor":43,"key":"Blood Vial"},{"floor":43,"key":"Dota2Spire:ShadowBlade"},{"floor":44,"key":"Anchor"},{"floor":47,"key":"Snake Skull"},{"floor":55,"key":"Bottled Tornado"}],"event_choices":[{"damage_healed":0.0,"max_hp_gain":0.0,"max_hp_loss":0.0,"gold_gain":0.0,"event_name":"Shining Light","player_choice":"Ignored","floor":2.0,"gold_loss":0.0,"damage_taken":0.0},{"damage_healed":0.0,"max_hp_gain":0.0,"max_hp_loss":0.0,"gold_gain":150.0,"event_name":"Liars Game","player_choice":"AGREE","floor":5.0,"gold_loss":0.0,"damage_taken":0.0,"cards_obtained":["Doubt"]},{"damage_healed":0,"gold_gain":0,"player_choice":"Leave","damage_taken":0,"max_hp_gain":0,"max_hp_loss":0,"event_name":"The Cleric","floor":11,"gold_loss":0},{"damage_healed":0,"gold_gain":0,"player_choice":"Simplicity","damage_taken":0,"max_hp_gain":0,"max_hp_loss":0,"event_name":"Back to Basics","floor":19,"gold_loss":0,"cards_upgraded":[]},{"damage_healed":0,"gold_gain":0,"player_choice":"Read","damage_taken":0,"max_hp_gain":0,"max_hp_loss":0,"event_name":"The Library","floor":21,"gold_loss":0,"cards_obtained":["Escape Plan"]},{"damage_healed":0,"gold_gain":0,"player_choice":"Obtained Relic","damage_taken":0,"relics_obtained":["Dota2Spire:PhaseBoots"],"max_hp_gain":0,"max_hp_loss":0,"event_name":"Addict","floor":22,"gold_loss":85},{"damage_healed":0,"gold_gain":0,"player_choice":"Memory 3","damage_taken":10,"max_hp_gain":0,"max_hp_loss":0,"event_name":"SensoryStone","floor":36,"gold_loss":0},{"damage_healed":0,"gold_gain":0,"player_choice":"Fight","damage_taken":0,"max_hp_gain":0,"max_hp_loss":0,"event_name":"Mysterious Sphere","floor":37,"gold_loss":0},{"damage_healed":0,"gold_gain":0,"player_choice":"Fight","damage_taken":0,"max_hp_gain":0,"max_hp_loss":0,"event_name":"MindBloom","floor":38,"gold_loss":0},{"damage_healed":0,"gold_gain":0,"player_choice":"Forge","damage_taken":0,"max_hp_gain":0,"max_hp_loss":0,"event_name":"Accursed Blacksmith","floor":39,"gold_loss":0,"cards_upgraded":["Prepared"]},{"cards_removed":["Expertise"],"damage_healed":0,"gold_gain":0,"player_choice":"Removed Skill","damage_taken":0,"max_hp_gain":0,"max_hp_loss":0,"event_name":"Falling","floor":48,"gold_loss":0}],"is_beta":false,"boss_relics":[{"not_picked":["Astrolabe","Empty Cage"],"picked":"Philosopher\u0027s Stone"},{"not_picked":["Cursed Key","SacredBark"],"picked":"Calling Bell"}],"items_purged_floors":[7],"is_endless":false,"potions_floor_spawned":[6,8,10,12,23,25,31,38,40,44,47,55],"ascension_level":20}}