{"host":"lzzv50t0ea3gz1kk","time":1610527085,"event":{"mods":["Act Like it!","BaseMod","Downfall","Gensokyo","Hallownest","Hermit","Marisa£®ÏF”Í°°ƒß¿Ì…≥£©","Minty Spire (QoL Compilation)","Replay The Spire","StSLib","The Animator","The Bug Knight","The Marked"],"gold_per_floor":[111,126,126,126,126,21,21,36,36,55,55,289,310,336,336,343,343],"floor_reached":16,"language":"ZHS","playtime":861,"items_purged":[],"score":100,"play_id":"a1d597ab-eec1-4435-8374-944c8b2e0924","local_time":"20210113163805","is_ascension_mode":false,"campfire_choices":[{"data":"hermit:Showdown","floor":7,"key":"SMITH"},{"floor":11,"key":"REST"},{"floor":15,"key":"REST"}],"circlet_count":0,"master_deck":["hermit:Strike_Hermit","hermit:Strike_Hermit","hermit:Strike_Hermit","hermit:Strike_Hermit","hermit:Defend_Hermit","hermit:Defend_Hermit","hermit:Defend_Hermit","hermit:Defend_Hermit","hermit:Snapshot","hermit:Covet","hermit:Showdown+1","hermit:Determination","hermit:Scavenge+1","hermit:RoundhouseKick"],"relics":["hermit:Momento","Bag of Marbles","Replay:Accelerometer","Potion Belt"],"acts_visited":["Gensokyo:Gensokyo"],"potions_floor_usage":[12,16],"damage_taken":[{"damage":2,"enemies":"Gensokyo:Gryphon","floor":1,"turns":3},{"damage":0,"enemies":"Gensokyo:2_Kodama","floor":2,"turns":5},{"damage":19,"enemies":"Gensokyo:3_Fairies","floor":8,"turns":6},{"damage":11,"enemies":"Gensokyo:Python_and_Kodama","floor":10,"turns":4},{"damage":42,"enemies":"Gensokyo:Cirno","floor":12,"turns":6},{"damage":0,"enemies":"Gensokyo:LivingMonolith","floor":13,"turns":3},{"damage":57,"enemies":"Gensokyo:Reimu","floor":16,"turns":15}],"seed_played":"8200891602532254871","potions_obtained":[{"floor":1,"key":"LifebloodPotion"},{"floor":2,"key":"LiquidMemories"}],"is_trial":false,"path_per_floor":["M","M","?","$","?","COS","R","M","T","M","R","E","M","T","R","B"],"character_chosen":"HERMIT","items_purchased":[],"campfire_rested":2,"item_purchase_floors":[],"current_hp_per_floor":[80,80,80,80,80,80,80,61,61,50,74,32,32,32,56,0,0],"gold":343,"neow_bonus":"TEN_PERCENT_HP_BONUS","is_daily":false,"chose_seed":false,"campfire_upgraded":1,"win_rate":0.0,"timestamp":1610527085,"path_taken":["M","M","?","$","?","COS","R","M","T","M","R","E","?","?","R","BOSS"],"items_purchased_type":[],"build_version":"2020-12-22","purchased_purges":0,"victory":false,"max_hp_per_floor":[82,82,82,82,82,82,82,82,82,82,82,82,82,82,82,82,82],"card_choices":[{"not_picked":["hermit:EyeOfTheStorm","hermit:LowProfile"],"picked":"hermit:Showdown","floor":1},{"not_picked":["hermit:HighCaliber","hermit:TakeCover"],"picked":"hermit:Determination","floor":2},{"not_picked":["hermit:Deadeye+1","hermit:SprayPray+1"],"picked":"hermit:Scavenge+1","floor":8},{"not_picked":["hermit:ItchyTrigger","hermit:Quickdraw","hermit:GhostlyPresence"],"picked":"SKIP","floor":8},{"not_picked":["hermit:Purgatory","hermit:Dissolve"],"picked":"hermit:RoundhouseKick","floor":10},{"not_picked":["hermit:Combo","hermit:TakeCover","hermit:Glare"],"picked":"SKIP","floor":10},{"not_picked":["hermit:ShadowCloak","hermit:Quickdraw","hermit:Desperado"],"picked":"SKIP","floor":12},{"not_picked":["hermit:SprayPray","hermit:LuckOfTheDraw","hermit:DeadMansHand"],"picked":"SKIP","floor":13}],"player_experience":413197,"relics_obtained":[{"floor":9,"key":"Bag of Marbles"},{"floor":12,"key":"Replay:Accelerometer"},{"floor":14,"key":"Potion Belt"}],"event_choices":[],"is_beta":false,"boss_relics":[],"items_purged_floors":[],"is_endless":false,"potions_floor_spawned":[1,2],"killed_by":"Gensokyo:Reimu","ascension_level":0}}