{"host":"tmzq6unyecs2p367","time":1610558662,"event":{"mods":["BaseMod","Koishi","Minty Spire (QoL Compilation)","StSLib","The Bug Knight","The Dragon Tamer","The Juggle","The Senshi"],"gold_per_floor":[115,135,151,151,40,40,55,88,88,88,88,101,158,158,158,158],"floor_reached":14,"language":"ENG","playtime":359,"items_purged":[],"score":108,"play_id":"484a014c-b9fe-4ae1-a907-b6fbd3e86a80","local_time":"20210113182422","is_ascension_mode":true,"metric_token":531,"campfire_choices":[{"data":"DTMod:Prediction","floor":6,"key":"SMITH"},{"data":"DTMod:CrossStep","floor":10,"key":"SMITH"}],"dtmod_dragon_data":[0,50,-1,-1,0,0],"circlet_count":0,"master_deck":["DTMod:Strike","DTMod:Strike","DTMod:Strike","DTMod:DoubleHit","DTMod:TargetDefense","DTMod:TargetDefense","DTMod:TargetDefense","DTMod:TargetDefense","DTMod:SwitchingTactic","DTMod:FlameSlash","DTMod:Prediction+1","DTMod:Astonish+1","DTMod:CrossStep+1","DTMod:CleansingStrike","DTMod:PurifyingFlame"],"relics":["Runic Dome","Orichalcum","Centennial Puzzle","Meat on the Bone"],"acts_visited":["Exordium"],"potions_floor_usage":[8,12,14],"damage_taken":[{"damage":0,"enemies":"2 Louse","floor":1,"turns":2},{"damage":0,"enemies":"Small Slimes","floor":2,"turns":3},{"damage":4,"enemies":"Jaw Worm","floor":3,"turns":2},{"damage":3,"enemies":"Looter","floor":7,"turns":3},{"damage":13,"enemies":"Gremlin Nob","floor":8,"turns":5},{"damage":0,"enemies":"2 Fungi Beasts","floor":12,"turns":3},{"damage":15,"enemies":"Lagavulin Event","floor":13,"turns":7},{"damage":4,"enemies":"3 Sentries","floor":14,"turns":2}],"seed_played":"7892377947082807195","potions_obtained":[{"floor":1,"key":"BlessingOfTheForge"},{"floor":2,"key":"Explosive Potion"},{"floor":13,"key":"EssenceOfSteel"}],"is_trial":false,"path_per_floor":["M","M","M","?","$","R","M","E","T","R","?","M","?","E"],"character_chosen":"THE_DT","items_purchased":["DTMod:Astonish","DTMod:CrossStep"],"campfire_rested":0,"item_purchase_floors":[5,5],"current_hp_per_floor":[45,45,41,34,34,34,31,18,18,18,18,18,3,0,0,0],"gold":158,"neow_bonus":"BOSS_RELIC","is_daily":false,"chose_seed":false,"campfire_upgraded":2,"win_rate":0.0,"timestamp":1610558662,"path_taken":["M","M","M","?","$","R","M","E","T","R","?","M","?","E"],"items_purchased_type":["Card","Card"],"build_version":"2020-12-22","purchased_purges":0,"victory":false,"max_hp_per_floor":[45,45,45,45,45,45,45,45,45,45,45,45,45,45,45,45],"card_choices":[{"not_picked":["DTMod:DeepFocus","DTMod:Weaken"],"picked":"DTMod:FlameSlash","floor":1},{"not_picked":["DTMod:BurningEnergy","DTMod:BizarreTactic","DTMod:HeatWave"],"picked":"SKIP","floor":2},{"not_picked":["DTMod:QuickFly","DTMod:Coolant"],"picked":"DTMod:Prediction","floor":3},{"not_picked":["DTMod:BlazingStrike","DTMod:BizarreTactic","DTMod:MasterPlan"],"picked":"SKIP","floor":7},{"not_picked":["DTMod:BlazingStrike","DTMod:LowKick"],"picked":"DTMod:CleansingStrike","floor":8},{"not_picked":["DTMod:HeatWave","DTMod:QuickFly"],"picked":"DTMod:PurifyingFlame","floor":12}],"player_experience":1839443,"relics_obtained":[{"floor":8,"key":"Orichalcum"},{"floor":9,"key":"Centennial Puzzle"},{"floor":13,"key":"Meat on the Bone"}],"event_choices":[{"cards_removed":["DTMod:Strike"],"damage_healed":0,"gold_gain":0,"player_choice":"Card Removal","damage_taken":7,"max_hp_gain":0,"max_hp_loss":0,"event_name":"Golden Wing","floor":4,"gold_loss":0},{"damage_healed":0,"gold_gain":0,"player_choice":"Grow","damage_taken":0,"max_hp_gain":0,"max_hp_loss":0,"event_name":"Living Wall","floor":11,"gold_loss":0,"cards_upgraded":["DTMod:Astonish"]},{"damage_healed":0,"gold_gain":0,"player_choice":"Searched \u00271\u0027 times","damage_taken":0,"max_hp_gain":0,"max_hp_loss":0,"event_name":"Dead Adventurer","floor":13,"gold_loss":0}],"is_beta":false,"boss_relics":[],"items_purged_floors":[],"is_endless":false,"potions_floor_spawned":[1,2,13],"killed_by":"3 Sentries","ascension_level":4}}