{"host":"yhemb00fn7g5zwp1","time":1610523606,"event":{"mods":["AchievementEnabler","Act Like it!","BaseMod","CapriCore","Gensokyo","Highlight Path","KinomotoSakuraMod(ƒæ÷Æ±æ”£)","Koishi","KomeijiMod","Lobotomy","LobotomyExtend","Marisa£®ÏF”Í°°ƒß¿Ì…≥£©","Minty Spire (QoL Compilation)","MostiFishMod","Pale of the Ancients","Prisma Mod","Reimu£®≤©¿ˆ¡È√Œ£©","StSLib","Td1madao Mod","The Immortal","The Servant 0.9.4","Yakumo Yukari mod","Youmu£®ªÍ∆«—˝√Œ£©","Yuyuko","vexMod","°æ“≈ŒÔø®≈∆°øREMEMod","ÛÙª÷∏ƒœ"],"gold_per_floor":[116,116,116,133,153,182,182,209,209,225,225,238,252,268,268,371,371,382,59,59,59,71,71,91,191,191,191,205,236,236,266,266,671,671,690,223,133,152,164,191,191,217,217,217,217,228,228,128,128,128],"floor_reached":51,"playtime":2047,"items_purged":["Strike_B","Pride"],"score":1205,"play_id":"69b642ce-4c51-458c-8f48-61a47df43497","local_time":"20210113154006","is_ascension_mode":true,"campfire_choices":[{"data":"MiraiBunraku","floor":7,"key":"SMITH"},{"data":"Loop","floor":11,"key":"SMITH"},{"data":"Chaos","floor":15,"key":"SMITH"},{"data":"Gensokyo:FourOfAKind","floor":23,"key":"SMITH"},{"data":"Gensokyo:FourOfAKind","floor":32,"key":"SMITH"},{"data":"MostiFishMod:ReadyAimFire","floor":41,"key":"SMITH"},{"data":"MostiFishMod:ReadyAimFire","floor":49,"key":"SMITH"}],"circlet_count":0,"master_deck":["Strike_B","Strike_B","Strike_B","Defend_B","Defend_B","Defend_B","Defend_B","Zap","Dualcast","MiraiBunraku+1","Redo","White Noise","Storm+1","Redo","Loop+1","REME_SelfUpgrade","Static Discharge","Coolheaded","Cold Snap","Coolheaded","Chaos+1","MostiFishMod:ReadyAimFire+1","Loop","Gensokyo:FourOfAKind+1","Gensokyo:FourOfAKind","Gensokyo:FourOfAKind+1","Moon Tear","REME_Whirling+1","Turbo+1","Sunder","Meteor Strike","Rainbow","Lockon","Creative AI","MostiFishMod:ReadyAimFire+1","Gensokyo:CustomPotion","Heatsinks","Defragment+1","Gensokyo:PrivateSquare","Skim"],"relics":["Cracked Core","REME_ComplimentaryCards","DaveBox","ArrowTower","SynthV:TestCard","Mercury Hourglass","LetterFromLob","SlaversCollar","BirthdayGift-Icosahedron","vexMod:CardConverter","BionicSphere","Tea:ReiMu","Thread and Needle","Mummified Hand","Ancient Tea Set","RhineSuit","Runic Capacitor","Blue Candle","vexMod:BarristanHead","SentryEyes","ImprovedEquipment","TungstenRod","SynthV:C4"],"acts_visited":["Exordium","Gensokyo:Gensokyo","Gensokyo:Gensokyoer"],"potions_floor_usage":[16,33,51],"damage_taken":[{"damage":15,"enemies":"Gensokyo:Gryphon","floor":1,"turns":3},{"damage":6,"enemies":"Gensokyo:2_Kodama","floor":4,"turns":3},{"damage":0,"enemies":"Gensokyo:Python","floor":5,"turns":2},{"damage":0,"enemies":"Gensokyo:Mamizou","floor":6,"turns":4},{"damage":4,"enemies":"Gensokyo:Cirno","floor":8,"turns":4},{"damage":9,"enemies":"Gensokyo:VengefulSpirit","floor":10,"turns":3},{"damage":8,"enemies":"Gensokyo:2_Rabbits","floor":12,"turns":2},{"damage":5,"enemies":"Gensokyo:CorruptedTreant","floor":13,"turns":2},{"damage":6,"enemies":"Gensokyo:Python_and_Kodama","floor":14,"turns":3},{"damage":22,"enemies":"Gensokyo:Kokoro","floor":16,"turns":6},{"damage":9,"enemies":"Gensokyo:Chomper","floor":18,"turns":3},{"damage":0,"enemies":"Gensokyo:3_Dogs","floor":22,"turns":1},{"damage":0,"enemies":"Gensokyo:3_Gloops","floor":24,"turns":2},{"damage":0,"enemies":"Gensokyo:3_Gloops","floor":25,"turns":4},{"damage":0,"enemies":"Gensokyo:Swordslinger","floor":28,"turns":3},{"damage":0,"enemies":"Gensokyo:Koishi","floor":29,"turns":2},{"damage":0,"enemies":"Gensokyo:Tenshi","floor":31,"turns":1},{"damage":0,"enemies":"Gensokyo:Kaguya","floor":33,"turns":2},{"damage":0,"enemies":"Gensokyo:3_Boulders","floor":35,"turns":1},{"damage":0,"enemies":"Gensokyo:3_Bats","floor":38,"turns":2},{"damage":0,"enemies":"Gensokyo:AtlasGolem","floor":39,"turns":2},{"damage":0,"enemies":"Gensokyo:Kasen","floor":40,"turns":1},{"damage":0,"enemies":"Gensokyo:Doremy","floor":42,"turns":1},{"damage":0,"enemies":"Gensokyo:Rafflesia","floor":46,"turns":2},{"damage":0,"enemies":"Gensokyo:Shinki","floor":50,"turns":3},{"damage":0,"enemies":"Malkuth","floor":51,"turns":2},{"damage":0,"enemies":"Yesod","floor":51,"turns":2},{"damage":0,"enemies":"Geburah","floor":51,"turns":4},{"damage":0,"enemies":"Binah","floor":51,"turns":3},{"damage":0,"enemies":"Angela","floor":51,"turns":2}],"seed_played":"5283796843461699030","potions_obtained":[{"floor":8,"key":"CalmPotion"},{"floor":12,"key":"ZuzhouPotion:ReiMu"},{"floor":13,"key":"PowerPotion"},{"floor":14,"key":"SpeedPotion"},{"floor":18,"key":"Fire Potion"},{"floor":29,"key":"Swift Potion"},{"floor":38,"key":"Energy Potion"},{"floor":39,"key":"DistilledChaos"},{"floor":42,"key":"GrandPatriotsElixir:ReiMu"}],"is_trial":false,"path_per_floor":["M","?","?","M","M","E","R","E","T","M","R","M","M","M","R","B",null,"M","COS","?","?","M","R","M","?","T","?","M","E","T","E","R","B",null,"M","$","?","M","M","E","R","E","T","?","?","M","T","$","R","B",null],"character_chosen":"DEFECT","items_purchased":["Runic Capacitor","Blue Candle"],"campfire_rested":0,"item_purchase_floors":[36,36],"current_hp_per_floor":[60,75,75,69,69,69,69,65,65,56,56,48,43,37,37,15,75,66,66,53,53,53,53,53,55,55,55,55,57,57,59,59,63,63,63,63,65,65,65,67,67,69,69,73,75,77,77,77,77,77],"gold":128,"neow_bonus":"THREE_CARDS","is_daily":false,"chose_seed":false,"campfire_upgraded":7,"win_rate":0.0,"timestamp":1610523606,"path_taken":["M","?","?","M","M","E","R","E","T","M","R","?","M","?","R","BOSS","M","COS","?","?","?","R","M","?","T","?","M","E","?","E","R","BOSS","M","$","?","?","M","E","R","E","T","?","?","?","?","?","R","BOSS"],"items_purchased_type":["Relic","Relic"],"build_version":"2020-12-22","purchased_purges":2,"victory":true,"max_hp_per_floor":[75,75,75,75,75,75,75,75,75,75,75,75,75,75,75,75,75,75,75,53,53,53,53,53,55,55,55,55,57,57,59,59,63,63,63,63,65,65,65,67,67,69,69,73,75,77,77,77,77,77],"card_choices":[{"not_picked":["Undo","Hologram"],"picked":"Redo","floor":0},{"not_picked":["Force Field","Hologram"],"picked":"White Noise","floor":1},{"not_picked":["Undo","Turbo","Aggregate","Barrage"],"picked":"Redo","floor":4},{"not_picked":["Genetic Algorithm","REME_SelfUpgrade","Steam","Ball Lightning"],"picked":"Loop","floor":5},{"not_picked":["Stack","Gash","Rebound","Turbo"],"picked":"REME_SelfUpgrade","floor":6},{"not_picked":["MostiFishMod:PushDownKick","BootSequence","Chaos","White Noise","Recycle"],"picked":"Static Discharge","floor":8},{"not_picked":["Beam Cell","Stack","Turbo","Ball Lightning","Double Energy"],"picked":"Coolheaded","floor":10},{"not_picked":["REME_DataAnalysis","REME_Compress","MostiFishMod:StarOceanB","Leap","MostiFishMod:PushDownKick"],"picked":"Cold Snap","floor":12},{"not_picked":["Gash","Rip and Tear","Beam Cell","Go for the Eyes","Steam Power"],"picked":"Coolheaded","floor":13},{"not_picked":["MostiFishMod:FluxCapactior","Cold Snap","Reinforced Body","Leap"],"picked":"Chaos","floor":14},{"not_picked":["All For One","Reboot","MostiFishMod:Exploitation","MostiFishMod:StarOceanB","Core Surge"],"picked":"MostiFishMod:ReadyAimFire","floor":16},{"not_picked":["Compile Driver+1","Conserve Battery","Steam","Darkness","Streamline+1"],"picked":"Loop","floor":18},{"not_picked":["Ball Lightning","Rip and Tear","Consume","Turbo"],"picked":"REME_Whirling+1","floor":22},{"not_picked":["Streamline+1","Genetic Algorithm+1","Sweeping Beam+1","Hologram+1"],"picked":"Turbo+1","floor":24},{"not_picked":["Doom and Gloom","Coolheaded","Streamline","Reinforced Body"],"picked":"Sunder","floor":24},{"not_picked":["MostiFishMod:PushDownKick+1","Rebound+1","Compile Driver+1","Leap"],"picked":"Meteor Strike","floor":25},{"not_picked":["Streamline+1","Leap","Redo","Recycle","Rebound"],"picked":"SKIP","floor":28},{"not_picked":["Meteor Strike","Rebound+1","Sunder","Sweeping Beam"],"picked":"Rainbow","floor":29},{"not_picked":["Beam Cell","Compile Driver","MostiFishMod:PushDownKick","Stack","Sweeping Beam"],"picked":"Lockon","floor":31},{"not_picked":["Multi-Cast","REME_ForAll","Buffer","Reboot"],"picked":"Creative AI","floor":33},{"not_picked":["Fission","Machine Learning","Meteor Strike","Reboot","MostiFishMod:GoodWordForIt"],"picked":"MostiFishMod:ReadyAimFire","floor":33},{"not_picked":["Coolheaded+1","Barrage","Go for the Eyes+1","Gash+1","Leap"],"picked":"SKIP","floor":35},{"not_picked":["Stack+1","Sweeping Beam","Gash","Rebound","Beam Cell"],"picked":"SKIP","floor":38},{"not_picked":["Gash+1","Rebound","Rip and Tear+1","Stack+1","REME_Compress","Aggregate+1"],"picked":"SKIP","floor":39},{"not_picked":["Genetic Algorithm","MostiFishMod:Culaccino","Steam+1","Self Repair+1"],"picked":"Heatsinks","floor":40},{"not_picked":["REME_Compress+1","Heatsinks","Streamline+1","Hologram"],"picked":"Defragment+1","floor":42},{"not_picked":["Compile Driver+1","Consume","Beam Cell+1","Streamline+1"],"picked":"Skim","floor":46}],"player_experience":438112,"relics_obtained":[{"floor":1,"key":"SynthV:TestCard"},{"floor":8,"key":"Mercury Hourglass"},{"floor":10,"key":"LetterFromLob"},{"floor":25,"key":"vexMod:CardConverter"},{"floor":25,"key":"BionicSphere"},{"floor":26,"key":"Tea:ReiMu"},{"floor":29,"key":"Thread and Needle"},{"floor":30,"key":"Mummified Hand"},{"floor":31,"key":"Ancient Tea Set"},{"floor":40,"key":"vexMod:BarristanHead"},{"floor":42,"key":"ImprovedEquipment"},{"floor":43,"key":"TungstenRod"},{"floor":47,"key":"SynthV:C4"}],"event_choices":[],"is_beta":false,"boss_relics":[{"not_picked":["Snecko Eye","BloodWine"],"picked":"SlaversCollar"},{"not_picked":["Tiny House","NightmareShop"],"picked":"RhineSuit"}],"items_purged_floors":[36,48],"is_endless":false,"potions_floor_spawned":[8,12,13,14,18,29,38,39,42,46],"ascension_level":3}}