{"host":"52jmisti11ysmja4","time":1610567029,"event":{"mods":["Aspiration","BaseMod","Better Third Choice","Minty Spire (QoL Compilation)","Remove Card Discount Mod","StSLib","The Bladedancer"],"gold_per_floor":[114,132,132,39,59,84,84,112,137,137,169,98,98,116,116,211,211,224,224,240,240,236,266,266,291,359,379,379,379],"floor_reached":28,"language":"ENG","playtime":1769,"items_purged":["blademaster:Defend","blademaster:Defend","blademaster:Defend","blademaster:Defend","blademaster:Strike","blademaster:Strike","blademaster:Strike","blademaster:Strike"],"score":463,"play_id":"3c30d6a0-3c40-4e15-9ff4-da15ef4a4036","local_time":"20210113114349","is_ascension_mode":true,"campfire_choices":[{"data":"blademaster:BladeMastery","floor":7,"key":"SMITH"},{"data":"blademaster:ThunderSlash","floor":10,"key":"SMITH"},{"data":"blademaster:RagingBlow","floor":13,"key":"SMITH"},{"floor":15,"key":"REST"},{"floor":24,"key":"REST"}],"circlet_count":0,"master_deck":["AscendersBane","blademaster:RagingBlow+1","blademaster:HighVoltage","blademaster:Momentum","blademaster:Momentum","blademaster:ThunderingOpener","blademaster:ThunderSlash+1","blademaster:Slice","blademaster:BladeMastery+1","blademaster:Breeze","blademaster:AwakeningStrike","blademaster:ThunderSlash","blademaster:Flurry","blademaster:BladeDance+1","CurseOfTheBell","blademaster:Frontflip+1","blademaster:FuriousStrike","blademaster:FlockOfBlades","blademaster:Cut","blademaster:CombatPrep+1"],"relics":["blademaster:DancersAmulet","NeowsBlessing","CaptainsWheel","Blood Vial","aspiration:ChemicalBlood","Pear","Calling Bell","Vajra","Toxic Egg 2","Girya","Strawberry","aspiration:StickyExplosives_weak","Bottled Lightning"],"acts_visited":["Exordium","TheCity"],"potions_floor_usage":[6,6,6,6,8,11,16,16,20,23,25],"damage_taken":[{"damage":0.0,"enemies":"Jaw Worm","floor":1.0,"turns":1.0},{"damage":0.0,"enemies":"Cultist","floor":2.0,"turns":1.0},{"damage":0.0,"enemies":"Small Slimes","floor":5.0,"turns":1.0},{"damage":2,"enemies":"3 Sentries","floor":6,"turns":3},{"damage":8,"enemies":"Gremlin Nob","floor":8,"turns":3},{"damage":20,"enemies":"Lagavulin","floor":11,"turns":5},{"damage":21,"enemies":"2 Fungi Beasts","floor":14,"turns":3},{"damage":31,"enemies":"The Guardian","floor":16,"turns":6},{"damage":3,"enemies":"Chosen","floor":18,"turns":4},{"damage":17,"enemies":"Shell Parasite","floor":20,"turns":3},{"damage":46,"enemies":"Slavers","floor":23,"turns":5},{"damage":21,"enemies":"Gremlin Leader","floor":25,"turns":5},{"damage":21,"enemies":"Shelled Parasite and Fungi","floor":27,"turns":3},{"damage":24,"enemies":"Snake Plant","floor":28,"turns":2}],"seed_played":"-6812297666200494128","potions_obtained":[{"floor":2.0,"key":"EntropicBrew"},{"floor":5.0,"key":"DistilledChaos"},{"floor":6,"key":"Energy Potion"}],"is_trial":false,"path_per_floor":["M","M","?","$","M","E","R","E","T","R","E","$","R","M","R","B",null,"M","?","M","?","$","E","R","E","T","M","M"],"character_chosen":"THE_BLADEMASTER","items_purchased":["blademaster:ThunderingOpener","blademaster:ThunderSlash","blademaster:ThunderSlash","blademaster:Flurry"],"campfire_rested":2,"item_purchase_floors":[4,4,12,12],"current_hp_per_floor":[68,68,68,68,68,71,71,63,63,63,55,55,55,36,61,32,72,71,80,65,65,65,28,55,36,36,17,0,0],"gold":379,"neow_bonus":"THREE_ENEMY_KILL","is_daily":false,"chose_seed":false,"campfire_upgraded":3,"win_rate":0.0,"timestamp":1610567029,"path_taken":["M","M","?","$","M","E","R","E","T","R","E","$","R","?","R","BOSS","M","?","M","?","$","E","R","E","T","M","?"],"items_purchased_type":["Card","Card","Card","Card"],"build_version":"2020-12-22","purchased_purges":8,"victory":false,"max_hp_per_floor":[75,75,75,75,75,75,75,75,75,75,85,85,85,85,85,85,85,85,85,85,85,85,92,92,92,92,92,92,92],"card_choices":[{"not_picked":["blademaster:BladeMastery","blademaster:Gust"],"picked":"blademaster:Momentum","floor":1.0},{"not_picked":["blademaster:BloodyBlow","blademaster:AspectOfLightning"],"picked":"blademaster:Momentum","floor":2.0},{"not_picked":["blademaster:Sunder","blademaster:ThunderingOpener"],"picked":"blademaster:Slice","floor":5.0},{"not_picked":["blademaster:ThunderingOpener","blademaster:ChargingUp"],"picked":"blademaster:BladeMastery","floor":6},{"not_picked":["blademaster:Thrust","blademaster:Sharpen"],"picked":"blademaster:Breeze","floor":8},{"not_picked":["blademaster:CombatPrep","blademaster:AspectOfLightning"],"picked":"blademaster:AwakeningStrike","floor":11},{"not_picked":["blademaster:Quickstep","blademaster:CombatPrep","blademaster:BrainBloom"],"picked":"SKIP","floor":14},{"not_picked":["blademaster:FlockOfBlades","blademaster:Flash"],"picked":"blademaster:BladeDance","floor":16},{"not_picked":["blademaster:AspectOfWind+1","blademaster:Sunder"],"picked":"blademaster:Frontflip+1","floor":18},{"not_picked":["blademaster:Bloodbath","blademaster:Gust+1"],"picked":"blademaster:FuriousStrike","floor":20},{"not_picked":["blademaster:BladeDance","blademaster:AspectOfLightning+1"],"picked":"blademaster:FlockOfBlades","floor":23},{"not_picked":["blademaster:TraverseCut","blademaster:RollingTyphoon"],"picked":"blademaster:Cut","floor":25},{"not_picked":["blademaster:Overcharge+1","blademaster:Quickness"],"picked":"blademaster:CombatPrep+1","floor":27}],"player_experience":553085,"relics_obtained":[{"floor":6,"key":"CaptainsWheel"},{"floor":6,"key":"blademaster:DextrousPerk"},{"floor":8,"key":"Blood Vial"},{"floor":8,"key":"blademaster:FuryEveryTurnPerk"},{"floor":9,"key":"aspiration:ChemicalBlood"},{"floor":11,"key":"Pear"},{"floor":11,"key":"blademaster:ComboEveryTurnPerk"},{"floor":17,"key":"Vajra"},{"floor":17,"key":"Toxic Egg 2"},{"floor":17,"key":"Girya"},{"floor":23,"key":"Strawberry"},{"floor":23,"key":"blademaster:RandomStancePerk"},{"floor":25,"key":"aspiration:StickyExplosives_weak"},{"floor":25,"key":"blademaster:WindChargePerk"},{"floor":26,"key":"Bottled Lightning"}],"event_choices":[{"damage_healed":0.0,"max_hp_gain":0.0,"max_hp_loss":0.0,"gold_gain":0.0,"event_name":"The Woman in Blue","player_choice":"Bought 0 Potions","floor":3.0,"gold_loss":0.0,"damage_taken":0.0},{"damage_healed":0,"gold_gain":0,"player_choice":"Upgraded","damage_taken":0,"max_hp_gain":0,"max_hp_loss":0,"event_name":"Upgrade Shrine","floor":21,"gold_loss":0,"cards_upgraded":["blademaster:BladeDance"]}],"is_beta":false,"boss_relics":[{"not_picked":["Fusion Hammer","aspiration:FutureDiary"],"picked":"Calling Bell"}],"items_purged_floors":[4,4,4,4,4,4,22,22],"is_endless":false,"potions_floor_spawned":[2,5,6,23,27],"killed_by":"Snake Plant","ascension_level":12}}