{"host":"h4lp0eeso8a0ssq0","time":1610516176,"event":{"mods":["2.2 Compatiblity","AchievementEnabler","BaseMod","CapriCore","Colored Map","Minty Spire (QoL Compilation)","StSLib","SuperFastMode"],"gold_per_floor":[20,20,34,54,65,65,79,113,113,113,47,47,88,59,59,168,168,168,168,168,148,148,148,71,71,71,71,71,71,71,71,71,71,71],"floor_reached":33,"language":"KOR","playtime":1141,"items_purged":[],"score":317,"play_id":"ec0488ba-1cea-45be-b857-d44b7441a57a","local_time":"20210113143616","is_ascension_mode":false,"campfire_choices":[{"data":"Corruption","floor":6.0,"key":"SMITH"},{"data":"True Grit","floor":10.0,"key":"SMITH"},{"data":"Uppercut","floor":15.0,"key":"SMITH"},{"data":"Blood for Blood","floor":25.0,"key":"SMITH"},{"data":"Pommel Strike","floor":32.0,"key":"SMITH"}],"circlet_count":0,"master_deck":["Strike_R","Strike_R","Strike_R","Strike_R","Strike_R","Defend_R","Defend_R","Defend_R","Defend_R","Bash","Ghostly Armor","Corruption+1","Blood for Blood+1","Thunderclap","True Grit+1","Pommel Strike+1","Fire Breathing+1","Flame Barrier","Uppercut+1","Exhume","Armaments+1","Flame Barrier+1","Second Wind+1","Wild Strike","Power Through","Disarm+1","Shrug It Off"],"relics":["Burning Blood","Champion Belt","FossilizedHelix","CeramicFish","Pen Nib","Ectoplasm","Question Card","PreservedInsect","Happy Flower","Smiling Mask"],"acts_visited":["Exordium","TheCity"],"potions_floor_usage":[33],"damage_taken":[{"damage":5.0,"enemies":"Jaw Worm","floor":1.0,"turns":4.0},{"damage":4.0,"enemies":"Cultist","floor":3.0,"turns":4.0},{"damage":3.0,"enemies":"2 Louse","floor":4.0,"turns":3.0},{"damage":21.0,"enemies":"Gremlin Gang","floor":5.0,"turns":5.0},{"damage":0.0,"enemies":"Looter","floor":7.0,"turns":4.0},{"damage":31.0,"enemies":"3 Sentries","floor":8.0,"turns":9.0},{"damage":15.0,"enemies":"Gremlin Nob","floor":13.0,"turns":5.0},{"damage":17.0,"enemies":"Slime Boss","floor":16.0,"turns":9.0},{"damage":0.0,"enemies":"Chosen","floor":18.0,"turns":5.0},{"damage":0.0,"enemies":"3 Byrds","floor":19.0,"turns":4.0},{"damage":22.0,"enemies":"Snake Plant","floor":20.0,"turns":5.0},{"damage":6.0,"enemies":"Chosen and Byrds","floor":22.0,"turns":5.0},{"damage":6.0,"enemies":"Book of Stabbing","floor":23.0,"turns":6.0},{"damage":9.0,"enemies":"Gremlin Leader","floor":27.0,"turns":6.0},{"damage":9.0,"enemies":"Shelled Parasite and Fungi","floor":28.0,"turns":7.0},{"damage":25.0,"enemies":"Slavers","floor":29.0,"turns":6.0},{"damage":10.0,"enemies":"Snake Plant","floor":30.0,"turns":3.0},{"damage":41,"enemies":"Champ","floor":33,"turns":14}],"seed_played":"9150775285562282556","potions_obtained":[{"floor":2.0,"key":"LiquidMemories"},{"floor":2.0,"key":"LiquidBronze"},{"floor":2.0,"key":"EssenceOfSteel"},{"floor":3.0,"key":"Fruit Juice"},{"floor":5.0,"key":"FearPotion"},{"floor":7.0,"key":"SpeedPotion"},{"floor":16.0,"key":"ElixirPotion"},{"floor":20.0,"key":"AttackPotion"},{"floor":21.0,"key":"Ancient Potion"},{"floor":22.0,"key":"FearPotion"},{"floor":28.0,"key":"Weak Potion"},{"floor":30.0,"key":"Strength Potion"}],"is_trial":false,"path_per_floor":["M","?","M","M","M","R","M","E","T","R","$","?","E","$","R","B",null,"M","M","M","?","M","E","$","R","T","E","M","E","M","?","R","B"],"character_chosen":"IRONCLAD","items_purchased":["Fire Breathing","Uppercut","Power Through"],"campfire_rested":0,"item_purchase_floors":[11,14,24],"current_hp_per_floor":[80,80,80,80,65,65,76,51,51,51,51,51,42,42,42,31,85,85,85,69,69,69,69,69,69,69,66,63,44,40,40,40,0,0],"gold":71,"neow_bonus":"ONE_RARE_RELIC","is_daily":false,"chose_seed":false,"campfire_upgraded":5,"win_rate":0.0,"timestamp":1610516176,"path_taken":["M","?","M","M","M","R","M","E","T","R","?","?","E","$","R","BOSS","M","M","?","?","M","E","?","R","T","E","M","E","?","?","R","BOSS"],"items_purchased_type":["Card","Card","Card"],"build_version":"2020-12-22","purchased_purges":0,"victory":false,"max_hp_per_floor":[80,80,80,80,80,80,85,85,85,85,85,85,85,85,85,85,85,85,85,85,85,85,85,85,85,85,85,85,85,85,85,85,85,85],"card_choices":[{"not_picked":["Warcry","Havoc"],"picked":"Ghostly Armor","floor":1.0},{"not_picked":["Dropkick","Clothesline"],"picked":"Corruption","floor":3.0},{"not_picked":["Twin Strike","Perfected Strike"],"picked":"Blood for Blood","floor":4.0},{"not_picked":["Clash","Pommel Strike"],"picked":"Thunderclap","floor":5.0},{"not_picked":["Seeing Red","Clothesline"],"picked":"True Grit","floor":7.0},{"not_picked":["Headbutt","Armaments"],"picked":"Pommel Strike","floor":8.0},{"not_picked":["Clash","Headbutt"],"picked":"Flame Barrier","floor":13.0},{"not_picked":["Berserk","Limit Break"],"picked":"Exhume","floor":16.0},{"not_picked":["Warcry","Sword Boomerang"],"picked":"Armaments+1","floor":18.0},{"not_picked":["Clash","Combust","Iron Wave"],"picked":"SKIP","floor":19.0},{"not_picked":["Armaments","Dual Wield"],"picked":"Flame Barrier+1","floor":20.0},{"not_picked":["Thunderclap","True Grit+1"],"picked":"Second Wind+1","floor":22.0},{"not_picked":["Corruption","Demon Form"],"picked":"Wild Strike","floor":23.0},{"not_picked":["Searing Blow","Havoc","Wild Strike","Clash"],"picked":"SKIP","floor":27.0},{"not_picked":["Clothesline","Clash","Cleave","Reckless Charge"],"picked":"SKIP","floor":28.0},{"not_picked":["Havoc","Clothesline+1","Shrug It Off"],"picked":"Disarm+1","floor":29.0},{"not_picked":["Iron Wave","Impervious","Clash"],"picked":"Shrug It Off","floor":30.0}],"player_experience":147275,"relics_obtained":[{"floor":8.0,"key":"FossilizedHelix"},{"floor":9.0,"key":"CeramicFish"},{"floor":13.0,"key":"Pen Nib"},{"floor":23.0,"key":"Question Card"},{"floor":26.0,"key":"PreservedInsect"},{"floor":27.0,"key":"Happy Flower"},{"floor":29.0,"key":"Smiling Mask"}],"event_choices":[{"damage_healed":0.0,"max_hp_gain":0.0,"max_hp_loss":0.0,"gold_gain":0.0,"event_name":"Lab","player_choice":"Got Potions","floor":2.0,"gold_loss":0.0,"damage_taken":0.0},{"damage_healed":0.0,"max_hp_gain":0.0,"max_hp_loss":0.0,"gold_gain":0.0,"event_name":"Upgrade Shrine","player_choice":"Upgraded","floor":12.0,"gold_loss":0.0,"damage_taken":0.0,"cards_upgraded":["Fire Breathing"]},{"damage_healed":0.0,"max_hp_gain":0.0,"max_hp_loss":0.0,"gold_gain":0.0,"event_name":"The Woman in Blue","player_choice":"Bought 1 Potion","floor":21.0,"gold_loss":0.0,"damage_taken":0.0},{"damage_healed":0.0,"max_hp_gain":0.0,"max_hp_loss":0.0,"gold_gain":99.0,"event_name":"Nest","player_choice":"Stole From Cult","floor":31.0,"gold_loss":0.0,"damage_taken":0.0}],"is_beta":false,"boss_relics":[{"not_picked":["Black Blood","Velvet Choker"],"picked":"Ectoplasm"}],"items_purged_floors":[],"is_endless":false,"potions_floor_spawned":[3,5,7,16,20,22,28,30],"killed_by":"Champ","ascension_level":0}}