{"host":"3y2rtlgteqp2nuo3","time":1610504281,"event":{"mods":["2.2 Compatiblity","AchievementEnabler","BaseMod","Colored Map","DeckTracker","Highlight Path","Keyboard Shortcuts","Minty Spire (QoL Compilation)","Permanent Neow","Quick Restart","StSLib","SuperFastMode","everything is the same but u backflip on backflip"],"gold_per_floor":[111,36,54,68,143,143,168,168,240,240,257,289,289,64,64,161,161,177,64,76,90,90,90,90,90],"floor_reached":24,"playtime":760,"items_purged":["Strike_G","Strike_G"],"score":306,"play_id":"71171b26-337c-4dfc-b2d5-ce2ae7a88d68","local_time":"20210113111801","is_ascension_mode":true,"campfire_choices":[{"data":"Deadly Poison","floor":6.0,"key":"SMITH"},{"floor":8.0,"key":"REST"},{"floor":13.0,"key":"REST"},{"data":"Dagger Spray","floor":15.0,"key":"SMITH"},{"floor":23.0,"key":"REST"}],"circlet_count":0,"master_deck":["AscendersBane","Strike_G","Strike_G","Defend_G","Defend_G","Defend_G","Defend_G","Defend_G","Survivor","Neutralize+1","Poisoned Stab","Deadly Poison+1","Deadly Poison","Dagger Spray+1","Bane","PiercingWail","Well Laid Plans","After Image","Bouncing Flask","Catalyst","Footwork","Backflip"],"relics":["Ring of the Snake","Ancient Tea Set","Matryoshka","Tiny Chest","Philosopher\u0027s Stone"],"acts_visited":["Exordium","TheCity"],"potions_floor_usage":[24],"damage_taken":[{"damage":0.0,"enemies":"2 Louse","floor":1.0,"turns":5.0},{"damage":0.0,"enemies":"Jaw Worm","floor":3.0,"turns":6.0},{"damage":0.0,"enemies":"Cultist","floor":4.0,"turns":4.0},{"damage":26.0,"enemies":"Lagavulin","floor":7.0,"turns":7.0},{"damage":1.0,"enemies":"3 Louse","floor":11.0,"turns":4.0},{"damage":27.0,"enemies":"3 Sentries","floor":12.0,"turns":7.0},{"damage":37.0,"enemies":"Slime Boss","floor":16.0,"turns":11.0},{"damage":0.0,"enemies":"Chosen","floor":18.0,"turns":5.0},{"damage":25.0,"enemies":"3 Byrds","floor":20.0,"turns":5.0},{"damage":12.0,"enemies":"Centurion and Healer","floor":21.0,"turns":7.0},{"damage":60,"enemies":"Gremlin Leader","floor":24,"turns":6}],"seed_played":"-1653709348657276567","potions_obtained":[{"floor":7.0,"key":"Fruit Juice"},{"floor":11.0,"key":"SpeedPotion"},{"floor":20.0,"key":"GamblersBrew"}],"is_trial":false,"path_per_floor":["M","$","M","M","?","R","E","R","T","?","M","E","R","$","R","B",null,"M","$","M","M","?","R","E"],"character_chosen":"THE_SILENT","items_purchased":["PiercingWail","Well Laid Plans","Catalyst","Footwork"],"campfire_rested":3,"item_purchase_floors":[14,14,19,19],"current_hp_per_floor":[63,63,63,63,52,52,31,53,53,46,45,18,40,40,40,3,57,57,57,32,20,20,42,0,0],"gold":90,"neow_bonus":"UPGRADE_CARD","is_daily":false,"chose_seed":false,"campfire_upgraded":2,"win_rate":0.0,"timestamp":1610504281,"path_taken":["M","$","M","M","?","R","E","R","T","?","M","E","R","$","R","BOSS","M","$","M","M","?","R","E"],"items_purchased_type":["Card","Card","Card","Card"],"build_version":"2020-12-22","purchased_purges":2,"victory":false,"max_hp_per_floor":[70,70,70,70,70,70,75,75,75,75,75,75,75,75,75,75,75,75,75,75,75,75,75,75,75],"card_choices":[{"not_picked":["Dagger Spray","Skewer"],"picked":"Poisoned Stab","floor":1.0},{"not_picked":["Infinite Blades","Eviscerate"],"picked":"Deadly Poison","floor":3.0},{"not_picked":["Underhanded Strike","Poisoned Stab"],"picked":"Deadly Poison","floor":4.0},{"not_picked":["Setup","Deadly Poison"],"picked":"Dagger Spray","floor":7.0},{"not_picked":["Quick Slash","Backflip","Bane"],"picked":"SKIP","floor":11.0},{"not_picked":["Quick Slash","Backflip"],"picked":"Bane","floor":11.0},{"not_picked":["Dash","Dagger Spray","Accuracy"],"picked":"SKIP","floor":12.0},{"not_picked":["Unload","Bullet Time"],"picked":"After Image","floor":16.0},{"not_picked":["Slice","Footwork+1"],"picked":"Bouncing Flask","floor":18.0},{"not_picked":["Flying Knee","Deflect"],"picked":"Backflip","floor":20.0},{"not_picked":["Acrobatics","Choke","Terror+1"],"picked":"SKIP","floor":21.0}],"player_experience":684648,"relics_obtained":[{"floor":7.0,"key":"Ancient Tea Set"},{"floor":9.0,"key":"Matryoshka"},{"floor":12.0,"key":"Tiny Chest"}],"event_choices":[{"damage_healed":0.0,"max_hp_gain":0.0,"max_hp_loss":0.0,"gold_gain":75.0,"event_name":"World of Goop","player_choice":"Gather Gold","floor":5.0,"gold_loss":0.0,"damage_taken":11.0},{"cards_removed":["Strike_G"],"damage_healed":0.0,"max_hp_gain":0.0,"max_hp_loss":0.0,"gold_gain":0.0,"event_name":"Golden Wing","player_choice":"Card Removal","floor":10.0,"gold_loss":0.0,"damage_taken":7.0},{"damage_healed":0.0,"max_hp_gain":0.0,"max_hp_loss":0.0,"gold_gain":0.0,"event_name":"Vampires","player_choice":"Ignored","floor":22.0,"gold_loss":0.0,"damage_taken":0.0}],"is_beta":false,"boss_relics":[{"not_picked":["Busted Crown","Velvet Choker"],"picked":"Philosopher\u0027s Stone"}],"items_purged_floors":[2,14],"is_endless":false,"potions_floor_spawned":[7,11,20],"killed_by":"Gremlin Leader","ascension_level":10}}