{"host":"8d3fefv2347kqkpz","time":1610537630,"event":{"mods":["100% Spire Juice","BaseMod","Better Vampires","Colored Map","Downfall","Minty Spire (QoL Compilation)","Quick Restart","Replay The Spire","StSLib","The Gatherer","Waifu the Spire"],"gold_per_floor":[115,115,115,115,127,127,141,141,192,209,226,71,71,90,90,90,90],"floor_reached":16,"language":"ZHS","playtime":1159,"items_purged":[],"score":92,"play_id":"52f766fd-66be-4e0a-8442-7eaba3f9b23b","local_time":"20210113193350","is_ascension_mode":false,"campfire_choices":[{"data":"ReplayTheSpireMod:Shiv Toss","floor":6,"key":"SMITH"},{"data":"Blade Dance","floor":8,"key":"SMITH"},{"data":"Survivor","floor":13,"key":"SMITH"},{"data":"Deflect","floor":15,"key":"SMITH"}],"circlet_count":1,"master_deck":["Strike_G","Strike_G","Strike_G","Strike_G","Defend_G","Defend_G","Defend_G","Defend_G","Defend_G","Survivor+1","Neutralize","ReplayTheSpireMod:Shiv Toss+1","Blade Dance+1","Deflect+1"],"relics":["Ring of the Snake","Ring of Peace","ReplayTheSpireMod:Ring of Addiction","White Beast Statue","Circlet","MealTicket","PreservedInsect"],"acts_visited":["Exordium"],"potions_floor_usage":[16,16,16],"damage_taken":[{"damage":0,"enemies":"Small Slimes","floor":1,"turns":4},{"damage":0,"enemies":"2 Louse","floor":5,"turns":6},{"damage":0,"enemies":"Cultist","floor":7,"turns":5},{"damage":2,"enemies":"Large Slime","floor":10,"turns":8},{"damage":0,"enemies":"Looter","floor":11,"turns":4},{"damage":4,"enemies":"3 Louse","floor":14,"turns":5},{"damage":78,"enemies":"Fading Forest","floor":16,"turns":10}],"seed_played":"-9134384904492447000","potions_obtained":[{"floor":1,"key":"PowerPotion"},{"floor":3,"key":"Weak Potion"},{"floor":3,"key":"ColorlessPotion"},{"floor":5,"key":"Dexterity Potion"}],"is_trial":false,"path_per_floor":["M","?","?","?","M","R","M","R","T","M","M","$","R","M","R","B"],"character_chosen":"THE_SILENT","items_purchased":["PreservedInsect"],"campfire_rested":0,"item_purchase_floors":[12],"current_hp_per_floor":[77,77,77,77,77,77,75,75,75,71,71,73,71,67,67,0,0],"gold":90,"neow_bonus":"TEN_PERCENT_HP_BONUS","is_daily":false,"chose_seed":false,"campfire_upgraded":4,"win_rate":0.0,"timestamp":1610537630,"path_taken":["M","?","?","?","?","R","M","R","T","M","M","$","R","M","R","BOSS"],"items_purchased_type":["Relic"],"build_version":"2020-12-22","purchased_purges":0,"victory":false,"max_hp_per_floor":[77,77,77,77,77,77,75,75,75,73,73,73,71,71,71,69,69],"card_choices":[{"not_picked":["Dagger Spray","Backstab"],"picked":"ReplayTheSpireMod:Shiv Toss","floor":1},{"not_picked":["All Out Attack","Backflip"],"picked":"Blade Dance","floor":5},{"not_picked":["Outmaneuver","Bouncing Flask","Slice"],"picked":"SKIP","floor":7},{"not_picked":["Finisher","Dagger Spray","Prepared"],"picked":"SKIP","floor":10},{"not_picked":["Poisoned Stab","Slice","Outmaneuver"],"picked":"SKIP","floor":11},{"not_picked":["Underhanded Strike","Poisoned Stab"],"picked":"Deflect","floor":14}],"player_experience":36975,"relics_obtained":[{"floor":3,"key":"Ring of Peace"},{"floor":3,"key":"ReplayTheSpireMod:Ring of Addiction"},{"floor":3,"key":"White Beast Statue"},{"floor":3,"key":"Circlet"},{"floor":9,"key":"MealTicket"}],"event_choices":[{"damage_healed":0,"gold_gain":0,"player_choice":"Ignored","damage_taken":0,"max_hp_gain":0,"max_hp_loss":0,"event_name":"Liars Game","floor":2,"gold_loss":0},{"cards_removed":["Strike_G"],"damage_healed":0,"gold_gain":0,"player_choice":"Card Removal","damage_taken":0,"max_hp_gain":0,"max_hp_loss":0,"event_name":"Wheel of Change","floor":4,"gold_loss":0}],"is_beta":false,"boss_relics":[],"items_purged_floors":[],"is_endless":false,"potions_floor_spawned":[1,5,7,10,11,14],"killed_by":"Fading Forest","ascension_level":0}}