{"host":"c5slkkw8hp42e20v","time":1610514285,"event":{"mods":["AchievementEnabler","BaseMod","Better Note","BetterRewards","Colored Powertips","DeckTracker","Friendly Minions","GifTheSpireLib","Hermit","Highlight Path","Minty Spire (QoL Compilation)","Quick Restart","Rare Cards Sparkle","Replay The Spire","Spicy Shops","StSLib","The Animator","The Hierophant","The Poker Player","????"],"gold_per_floor":[113,132,132,132,132,132,151,167,215,0,24,44,60,94,94,104,104],"floor_reached":16,"language":"ENG","playtime":774,"items_purged":[],"score":109,"play_id":"2338129a-c6ec-4fe6-a093-7ade7ab99b0e","local_time":"20210112230445","is_ascension_mode":true,"campfire_choices":[{"data":"Eclipse","floor":6,"key":"SMITH"},{"floor":15,"key":"RECALL"}],"circlet_count":0,"master_deck":["Strike_R","Strike_R","Strike_R","Strike_R","Strike_R","Defend_R","Defend_R","Defend_R","Bash","Clash","Havoc","Eclipse+1","Bash","Cleave","Clothesline","Dark Embrace","ReplayTheSpireMod:Strike From Hell","Sword Boomerang","Havoc","Uppercut"],"relics":["Burning Blood","Golden Idol","Membership Card","Anchor","Replay:Bandana"],"acts_visited":["Exordium"],"potions_floor_usage":[],"damage_taken":[{"damage":11,"enemies":"Jaw Worm","floor":1,"turns":3},{"damage":8,"enemies":"Small Slimes","floor":2,"turns":3},{"damage":0,"enemies":"Cultist","floor":7,"turns":3},{"damage":21,"enemies":"Lots of Slimes","floor":8,"turns":4},{"damage":7,"enemies":"Gremlin Gang","floor":11,"turns":4},{"damage":8,"enemies":"Exordium Thugs","floor":12,"turns":5},{"damage":0,"enemies":"Large Slime","floor":13,"turns":3},{"damage":1,"enemies":"3 Sentries","floor":14,"turns":6},{"damage":74,"enemies":"The Guardian","floor":16,"turns":9}],"seed_played":"-4417329900117775098","potions_obtained":[{"floor":1,"key":"Doom Potion"},{"floor":2,"key":"ColorlessPotion"},{"floor":13,"key":"LiquidMemories"},{"floor":14,"key":"SteroidPotion"}],"is_trial":false,"path_per_floor":["M","M","?","?","?","R","M","M","T","R","M","M","M","E","R","B"],"character_chosen":"IRONCLAD","items_purchased":["Membership Card","Anchor","Dark Embrace"],"campfire_rested":0,"item_purchase_floors":[10,10,10],"current_hp_per_floor":[83,81,81,74,74,74,80,65,65,65,64,62,68,73,73,0,0],"gold":104,"neow_bonus":"TEN_PERCENT_HP_BONUS","is_daily":false,"chose_seed":false,"campfire_upgraded":1,"win_rate":0.0,"timestamp":1610514285,"path_taken":["M","M","?","?","?","R","M","M","T","R","?","M","M","E","R","BOSS"],"items_purchased_type":["Relic","Relic","Card"],"build_version":"2020-12-22","purchased_purges":0,"victory":false,"max_hp_per_floor":[88,88,81,81,81,81,81,81,81,81,81,81,81,81,81,81,81],"card_choices":[{"not_picked":["Massacre","Rage"],"picked":"Clash","floor":1},{"not_picked":["Warcry","Sword Boomerang"],"picked":"Havoc","floor":2},{"not_picked":["Anger","Replay:Undeath\u0027s Touch"],"picked":"Cleave","floor":7},{"not_picked":["Second Wind","Headbutt"],"picked":"Clothesline","floor":8},{"not_picked":["Headbutt","Evolve"],"picked":"ReplayTheSpireMod:Strike From Hell","floor":11},{"not_picked":["Perfected Strike","Clothesline"],"picked":"Sword Boomerang","floor":12},{"not_picked":["Second Wind","Dual Wield"],"picked":"Havoc","floor":13},{"not_picked":["Iron Wave","Headbutt"],"picked":"Uppercut","floor":14}],"player_experience":44465,"relics_obtained":[{"floor":14,"key":"Replay:Bandana"}],"event_choices":[{"damage_healed":0,"gold_gain":0,"player_choice":"Lose Max HP","damage_taken":0,"relics_obtained":["Golden Idol"],"max_hp_gain":0,"max_hp_loss":7,"event_name":"Golden Idol","floor":3,"gold_loss":0},{"cards_removed":["Defend_R"],"damage_healed":0,"gold_gain":0,"player_choice":"Card Removal","damage_taken":7,"max_hp_gain":0,"max_hp_loss":0,"event_name":"Golden Wing","floor":4,"gold_loss":0},{"damage_healed":0,"gold_gain":0,"player_choice":"2 cards matched","damage_taken":0,"max_hp_gain":0,"max_hp_loss":0,"event_name":"Match and Keep!","floor":5,"gold_loss":0,"cards_obtained":["Eclipse","Bash"]}],"is_beta":false,"boss_relics":[],"items_purged_floors":[],"is_endless":false,"potions_floor_spawned":[1,2,13,14],"killed_by":"The Guardian","ascension_level":1}}