{"host":"ow66nzv2xecjoor3","time":1610519341,"event":{"mods":["BaseMod","Bestiary","Block Reminder","Colored Powertips","Curses Come First","Highlight Path","Keyboard Shortcuts","Minty Spire (QoL Compilation)","Permanent Neow","Relic Stats","StSLib","UnlockEverythingMod"],"gold_per_floor":[364,379,230,230,245,245,21,50,75,92,111,145,158,158,158,232,232,242,142,175,192,211,237,152,178,202,202,220,255,270,282,282,282,282],"floor_reached":33,"language":"ENG","playtime":1312,"items_purged":["Strike_R","Defend_R"],"score":638,"play_id":"bc8266f6-0d3a-4e04-844f-be8711304e8c","local_time":"20210113002901","is_ascension_mode":true,"campfire_choices":[{"data":"Whirlwind","floor":6.0,"key":"SMITH"},{"data":"Double Tap","floor":15.0,"key":"SMITH"},{"floor":27.0,"key":"REST"},{"floor":32.0,"key":"REST"}],"circlet_count":0,"master_deck":["AscendersBane","Strike_R","Strike_R","Strike_R","Defend_R","Defend_R","Defend_R","Bash","Pommel Strike","Wild Strike","Whirlwind+1","Inflame","Carnage","Double Tap+1","Rage","Dark Embrace","Limit Break","Shrug It Off","Warcry+1","Ghostly Armor+1","Armaments","Dual Wield+1","Impervious+1","Infernal Blade+1","Evolve"],"relics":["Burning Blood","Bottled Flame","Medical Kit","Vajra","Lantern","Centennial Puzzle","Sozu","Red Mask","Pen Nib","StoneCalendar","Boot","Regal Pillow","Toxic Egg 2"],"acts_visited":["Exordium","TheCity"],"potions_floor_usage":[],"damage_taken":[{"damage":6.0,"enemies":"Cultist","floor":1.0,"turns":3.0},{"damage":19.0,"enemies":"Jaw Worm","floor":2.0,"turns":5.0},{"damage":8.0,"enemies":"Small Slimes","floor":5.0,"turns":2.0},{"damage":31.0,"enemies":"Gremlin Nob","floor":8.0,"turns":4.0},{"damage":0.0,"enemies":"Exordium Wildlife","floor":10.0,"turns":1.0},{"damage":13.0,"enemies":"Large Slime","floor":11.0,"turns":3.0},{"damage":5.0,"enemies":"3 Sentries","floor":12.0,"turns":4.0},{"damage":4.0,"enemies":"Blue Slaver","floor":13.0,"turns":2.0},{"damage":14.0,"enemies":"Slime Boss","floor":16.0,"turns":7.0},{"damage":6.0,"enemies":"Spheric Guardian","floor":18.0,"turns":3.0},{"damage":0.0,"enemies":"Masked Bandits","floor":20.0,"turns":1.0},{"damage":15.0,"enemies":"Shell Parasite","floor":21.0,"turns":2.0},{"damage":4.0,"enemies":"Centurion and Healer","floor":22.0,"turns":2.0},{"damage":24.0,"enemies":"Gremlin Leader","floor":23.0,"turns":6.0},{"damage":24.0,"enemies":"Slavers","floor":25.0,"turns":3.0},{"damage":0.0,"enemies":"Chosen and Byrds","floor":28.0,"turns":3.0},{"damage":65.0,"enemies":"Book of Stabbing","floor":29.0,"turns":6.0},{"damage":0.0,"enemies":"Snake Plant","floor":30.0,"turns":2.0},{"damage":0.0,"enemies":"Cultist and Chosen","floor":31.0,"turns":5.0},{"damage":67,"enemies":"Champ","floor":33,"turns":9}],"seed_played":"4030945254828286050","potions_obtained":[{"floor":2.0,"key":"Fruit Juice"},{"floor":10.0,"key":"AttackPotion"},{"floor":11.0,"key":"Fruit Juice"}],"is_trial":false,"path_per_floor":["M","M","$","T","M","R","$","E","T","M","M","E","M","?","R","B",null,"M","$","?","M","M","E","?","E","T","R","M","E","M","M","R","B"],"character_chosen":"IRONCLAD","items_purchased":["Whirlwind","Medical Kit","SteroidPotion"],"campfire_rested":2,"item_purchase_floors":[3,7,7],"current_hp_per_floor":[68,55,55,55,53,53,53,28,28,39,32,33,35,28,28,20,60,60,60,66,57,59,41,41,23,23,59,65,11,17,23,61,0,0],"gold":282,"neow_bonus":"TWO_FIFTY_GOLD","is_daily":false,"chose_seed":false,"campfire_upgraded":2,"win_rate":0.0,"timestamp":1610519341,"path_taken":["M","?","$","?","M","R","?","E","T","M","M","E","M","?","R","BOSS","M","$","?","M","M","E","?","E","T","R","M","E","M","M","R","BOSS"],"items_purchased_type":["Card","Relic","Potion"],"build_version":"2020-12-22","purchased_purges":2,"victory":false,"max_hp_per_floor":[68,68,68,68,68,68,68,68,68,73,73,73,73,73,73,73,73,73,73,73,73,73,73,73,73,73,73,73,78,78,78,78,78,78],"relic_stats":{"Sozu":5,"Centennial Puzzle":[27],"Regal Pillow":30,"counters":[20,73],"StoneCalendar":[52],"Pen Nib":[5],"Medical Kit":[14],"Boot":[10],"obtain_stats":[{"Lantern":9,"Regal Pillow":26,"Vajra":8,"StoneCalendar":24,"Pen Nib":23,"Medical Kit":7,"Boot":25,"Burning Blood":0,"Sozu":17,"Bottled Flame":4,"Centennial Puzzle":12,"Red Mask":20,"Toxic Egg 2":29},{"Lantern":4,"Regal Pillow":15,"Vajra":4,"StoneCalendar":14,"Pen Nib":14,"Medical Kit":3,"Boot":15,"Burning Blood":0,"Sozu":9,"Bottled Flame":2,"Centennial Puzzle":7,"Red Mask":11,"Toxic Egg 2":17},{"Lantern":14,"Regal Pillow":48,"Vajra":14,"StoneCalendar":45,"Pen Nib":45,"Medical Kit":10,"Boot":48,"Burning Blood":0,"Sozu":31,"Bottled Flame":8,"Centennial Puzzle":22,"Red Mask":35,"Toxic Egg 2":57}],"Burning Blood":114},"card_choices":[{"not_picked":["Warcry","Body Slam"],"picked":"Pommel Strike","floor":1.0},{"not_picked":["Searing Blow","Ghostly Armor"],"picked":"Wild Strike","floor":2.0},{"not_picked":["Havoc","Clash"],"picked":"Inflame","floor":5.0},{"not_picked":["Clothesline","Wild Strike"],"picked":"Carnage","floor":8.0},{"not_picked":["Clothesline","Heavy Blade"],"picked":"Double Tap","floor":10.0},{"not_picked":["Iron Wave","Metallicize"],"picked":"Rage","floor":11.0},{"not_picked":["Anger","Entrench"],"picked":"Dark Embrace","floor":12.0},{"not_picked":["Armaments","Twin Strike","Pommel Strike"],"picked":"SKIP","floor":13.0},{"not_picked":["Demon Form","Fiend Fire"],"picked":"Limit Break","floor":16.0},{"not_picked":["Cleave","Whirlwind","Searing Blow"],"picked":"SKIP","floor":18.0},{"not_picked":["Cleave","Pommel Strike"],"picked":"Shrug It Off","floor":20.0},{"not_picked":["Dark Embrace","Searing Blow"],"picked":"Warcry+1","floor":21.0},{"not_picked":["Combust","Wild Strike"],"picked":"Ghostly Armor+1","floor":22.0},{"not_picked":["Perfected Strike","Hemokinesis","Whirlwind"],"picked":"SKIP","floor":23.0},{"not_picked":["Flex","Clothesline"],"picked":"Armaments","floor":25.0},{"not_picked":["Battle Trance","Combust"],"picked":"Dual Wield+1","floor":28.0},{"not_picked":["Twin Strike+1","Wild Strike"],"picked":"Impervious+1","floor":29.0},{"not_picked":["Flex+1","Cleave"],"picked":"Infernal Blade+1","floor":30.0},{"not_picked":["Cleave+1","Twin Strike"],"picked":"Evolve","floor":31.0}],"player_experience":2696864,"relics_obtained":[{"floor":4.0,"key":"Bottled Flame"},{"floor":8.0,"key":"Vajra"},{"floor":9.0,"key":"Lantern"},{"floor":12.0,"key":"Centennial Puzzle"},{"floor":20.0,"key":"Red Mask"},{"floor":23.0,"key":"Pen Nib"},{"floor":25.0,"key":"Boot"},{"floor":26.0,"key":"Regal Pillow"},{"floor":29.0,"key":"Toxic Egg 2"}],"event_choices":[{"cards_removed":["Strike_R"],"damage_healed":0.0,"max_hp_gain":0.0,"max_hp_loss":0.0,"gold_gain":0.0,"event_name":"Golden Wing","player_choice":"Card Removal","floor":14.0,"gold_loss":0.0,"damage_taken":7.0},{"damage_healed":0.0,"max_hp_gain":0.0,"max_hp_loss":0.0,"gold_gain":0.0,"event_name":"Masked Bandits","player_choice":"Fought Bandits","floor":20.0,"gold_loss":0.0,"damage_taken":0.0},{"damage_healed":0.0,"max_hp_gain":0.0,"max_hp_loss":0.0,"gold_gain":0.0,"event_name":"Addict","player_choice":"Obtained Relic","floor":24.0,"gold_loss":85.0,"damage_taken":0.0,"relics_obtained":["StoneCalendar"]}],"is_beta":false,"boss_relics":[{"not_picked":["Fusion Hammer","Ectoplasm"],"picked":"Sozu"}],"items_purged_floors":[3,19],"is_endless":false,"potions_floor_spawned":[2,10,11,20,21,22,29,31],"killed_by":"Champ","ascension_level":20}}