{"host":"29edf478rwpwmxys","time":1610566275,"event":{"mods":["AchievementEnabler","BaseMod","Bestiary","Dark Map","Downfall","Hermit","Minty Spire (QoL Compilation)","Quick Restart","Rare Cards Sparkle","StSLib","The Necromancer","everything is the same but u backflip on backflip"],"gold_per_floor":[115,128,141,151,163,198,198,198,198,232,247,247,311,276,276,276,276],"floor_reached":16,"language":"SPA","playtime":914,"items_purged":[],"score":112,"play_id":"d3386d10-e5d7-4028-afe7-8fc5868166b3","local_time":"20210113203115","is_ascension_mode":false,"campfire_choices":[{"data":"Summon_Lich","floor":7,"key":"SMITH"},{"data":"Thousand_Bone_Knives","floor":12,"key":"SMITH"},{"data":"Summon_Lich","floor":15,"key":"SMITH"}],"circlet_count":0,"master_deck":["Strike_W","Strike_W","Strike_W","Strike_W","Defend_W","Defend_W","Defend_W","Defend_W","Negative_Energy_Arrows","Bone_Wall","Summon_Lich+1","Bone_Shift","Bone_Armory","Negative_Energy_Sphere","Summon_Lich+1","Thousand_Bone_Knives+1","Bone_Armory","Negative_Energy_Sphere"],"relics":["Vampire_Amulet","Gambling Chip","Bottled Tornado","Question Card","Mummified Hand"],"acts_visited":["Exordium"],"potions_floor_usage":[11,16],"damage_taken":[{"damage":2,"enemies":"Jaw Worm","floor":1,"turns":5},{"damage":4,"enemies":"Cultist","floor":2,"turns":5},{"damage":1,"enemies":"2 Louse","floor":3,"turns":3},{"damage":0,"enemies":"Large Slime","floor":4,"turns":7},{"damage":15,"enemies":"2 Fungi Beasts","floor":5,"turns":4},{"damage":51,"enemies":"Gremlin Nob","floor":6,"turns":6},{"damage":37,"enemies":"Lagavulin","floor":10,"turns":7},{"damage":0,"enemies":"Lots of Slimes","floor":11,"turns":1},{"damage":27,"enemies":"Gremlin Nob","floor":13,"turns":4},{"damage":58,"enemies":"The Guardian","floor":16,"turns":10}],"seed_played":"8111908656934369367","potions_obtained":[{"floor":2,"key":"Explosive Potion"},{"floor":3,"key":"Fruit Juice"},{"floor":4,"key":"GamblersBrew"},{"floor":11,"key":"SmokeBomb"}],"is_trial":false,"path_per_floor":["M","M","M","M","M","E","R","?","T","E","M","R","?","?","R","B"],"character_chosen":"NECROMANCER","items_purchased":[],"campfire_rested":0,"item_purchase_floors":[],"current_hp_per_floor":[82,80,82,82,71,22,22,82,82,47,57,57,32,52,52,0,0],"gold":276,"neow_bonus":"TEN_PERCENT_HP_BONUS","is_daily":false,"chose_seed":false,"campfire_upgraded":3,"win_rate":0.0,"timestamp":1610566275,"path_taken":["M","M","M","M","M","E","R","?","T","E","?","R","?","?","R","BOSS"],"items_purchased_type":[],"build_version":"2020-12-22","purchased_purges":0,"victory":false,"max_hp_per_floor":[82,82,82,82,82,82,82,82,82,82,82,82,82,82,82,87,87],"card_choices":[{"not_picked":["Bones_to_Steel","Finger_Of_Death"],"picked":"Summon_Lich","floor":1},{"not_picked":["Corrupt","Blood_Curse","Death_Coil"],"picked":"SKIP","floor":2},{"not_picked":["Scare","Violent_Necrosis"],"picked":"Bone_Shift","floor":3},{"not_picked":["Negative_Energy_Sphere","Necrotic_Claws"],"picked":"Bone_Armory","floor":4},{"not_picked":["Chill_Blood","Strike_from_Beyond"],"picked":"Negative_Energy_Sphere","floor":5},{"not_picked":["Blood_for_Blood","Vampiric_Strike"],"picked":"Summon_Lich","floor":6},{"not_picked":["Epidemic","Spectral_Walk"],"picked":"Thousand_Bone_Knives","floor":10},{"not_picked":["Chill_Blood","Violent_Necrosis","Toxic_Smoke_Screen"],"picked":"Bone_Armory","floor":11},{"not_picked":["Slay_Living","Reap_The_Weak","Blood_Curse"],"picked":"Negative_Energy_Sphere","floor":13}],"player_experience":135056,"relics_obtained":[{"floor":6,"key":"Gambling Chip"},{"floor":9,"key":"Bottled Tornado"},{"floor":10,"key":"Question Card"},{"floor":13,"key":"Mummified Hand"}],"event_choices":[{"damage_healed":60,"gold_gain":0,"player_choice":"Full Heal","damage_taken":0,"max_hp_gain":0,"max_hp_loss":0,"event_name":"Wheel of Change","floor":8,"gold_loss":0},{"damage_healed":0,"gold_gain":30,"player_choice":"Searched \u00272\u0027 times","damage_taken":0,"max_hp_gain":0,"max_hp_loss":0,"event_name":"Dead Adventurer","floor":13,"gold_loss":0},{"damage_healed":20,"gold_gain":0,"player_choice":"Healed","damage_taken":0,"max_hp_gain":0,"max_hp_loss":0,"event_name":"The Cleric","floor":14,"gold_loss":35}],"is_beta":false,"boss_relics":[],"items_purged_floors":[],"is_endless":false,"potions_floor_spawned":[2,3,4,10,11],"killed_by":"The Guardian","ascension_level":0}}