{"host":"ekha54jsiuuqgn65","time":1610501641,"event":{"mods":["BaseMod","Colored Map","Conspire","Lobotomy","LobotomyExtend","Minty Spire (QoL Compilation)","Quick Restart","Replay The Spire","StSLib","SuperFastMode","The Marked","[IsaacMod]ÒÔÈö¼âËþ","vexMod","¡¾ÒÅÎï¿¨ÅÆ¡¿REMEMod"],"gold_per_floor":[112,112,112,130,130,156,172,172,172],"floor_reached":8,"language":"ZHS","playtime":252,"items_purged":[],"score":59,"play_id":"99f6c121-487c-44d5-9fc3-22b87e68de5f","local_time":"20210113093401","is_ascension_mode":true,"campfire_choices":[],"circlet_count":0,"master_deck":["Strike_R","Strike_R","Strike_R","Strike_R","Strike_R","Defend_R","Defend_R","Defend_R","Defend_R","Bash","BettingIsNotGood","Rainbow","Headbutt","Bloodbath","CrumblingArmor","Perfected Strike","Murderer","BodiesMountain","Twin Strike"],"relics":["Burning Blood","HushsDoor","REME_ComplimentaryCards","D6","CogitoBucket","LetterFromLob","BookOfRevelations","vexMod:BarristanHead"],"acts_visited":["Exordium"],"potions_floor_usage":[6],"damage_taken":[{"damage":20,"enemies":"2 Louse","floor":1,"turns":3},{"damage":15,"enemies":"Jaw Worm","floor":4,"turns":4},{"damage":28,"enemies":"Gremlin Nob","floor":6,"turns":4},{"damage":10,"enemies":"Small Slimes","floor":7,"turns":3},{"damage":50,"enemies":"Lagavulin","floor":8,"turns":6}],"seed_played":"-5059256612382620320","potions_obtained":[{"floor":1,"key":"Explosive Potion"},{"floor":6,"key":"Elixir"}],"is_trial":false,"path_per_floor":["M","?","?","M","?","E","M","E"],"character_chosen":"IRONCLAD","items_purchased":[],"campfire_rested":0,"item_purchase_floors":[],"current_hp_per_floor":[66,66,63,56,64,42,38,0,0],"gold":172,"neow_bonus":"","is_daily":false,"chose_seed":false,"campfire_upgraded":0,"win_rate":0.0,"timestamp":1610501641,"path_taken":["M","?","?","M","?","E","M","E"],"items_purchased_type":[],"build_version":"2020-12-22","purchased_purges":0,"victory":false,"max_hp_per_floor":[80,80,80,80,80,80,80,80,80],"card_choices":[{"not_picked":[],"picked":"BettingIsNotGood","floor":0},{"not_picked":["Cleave","Anger"],"picked":"Headbutt","floor":1},{"not_picked":["VoidDream","WallGazer"],"picked":"Bloodbath","floor":1},{"not_picked":["MHz","OSAHOGD","Variant"],"picked":"Singing Bowl","floor":4},{"not_picked":["SingingMachine","HeroicMonk"],"picked":"CrumblingArmor","floor":4},{"not_picked":["Havoc","Body Slam","Anger"],"picked":"SKIP","floor":4},{"not_picked":["Second Wind","Battle Trance"],"picked":"Perfected Strike","floor":6},{"not_picked":["MeatLantern","SpiderBud"],"picked":"Murderer","floor":6},{"not_picked":["SpiderBud","BigBadWolf"],"picked":"BodiesMountain","floor":7},{"not_picked":["Pummel","Thunderclap"],"picked":"Twin Strike","floor":7}],"player_experience":20576,"relics_obtained":[{"floor":1,"key":"LetterFromLob"},{"floor":6,"key":"vexMod:BarristanHead"}],"event_choices":[{"damage_healed":0,"gold_gain":0,"player_choice":"Leave","damage_taken":0,"max_hp_gain":0,"max_hp_loss":0,"event_name":"conspire:Investor","floor":2,"gold_loss":0},{"damage_healed":0,"gold_gain":0,"player_choice":"Success","damage_taken":3,"relics_obtained":["BookOfRevelations"],"max_hp_gain":0,"max_hp_loss":0,"event_name":"Scrap Ooze","floor":3,"gold_loss":0}],"is_beta":false,"boss_relics":[],"items_purged_floors":[],"is_endless":false,"potions_floor_spawned":[1,6],"killed_by":"Lagavulin","ascension_level":1}}