{"host":"6azrrw3tf7wb0f4b","time":1610555759,"event":{"mods":["BaseMod","DeckTracker","Minty Spire (QoL Compilation)","SuperFastMode"],"gold_per_floor":[113,124,299,316,335,335,335,346,346,346,158,158,158,188,188,289,289,301,316,242,253,270,270,303,320,320,320,339,339,84,117,117,117,117],"floor_reached":33,"language":"KOR","playtime":967,"items_purged":["Doubt","Defend_B"],"score":499,"play_id":"18341a92-d5de-48c9-9d33-ae072eda8461","local_time":"20210114013559","is_ascension_mode":true,"campfire_choices":[{"data":"Defragment","floor":6,"key":"SMITH"},{"data":"White Noise","floor":10,"key":"SMITH"},{"floor":12,"key":"REST"},{"data":"Dualcast","floor":15,"key":"SMITH"},{"floor":23,"key":"REST"},{"floor":27,"key":"REST"},{"floor":29,"key":"REST"},{"data":"Creative AI","floor":32,"key":"SMITH"}],"circlet_count":0,"master_deck":["AscendersBane","Strike_B","Strike_B","Defend_B","Defend_B","Zap","Dualcast+1","Compile Driver+1","Beam Cell","Reinforced Body","Defragment+1","Sweeping Beam+1","White Noise+1","Self Repair","BootSequence","Creative AI+1","Leap+1","Coolheaded+1","Chill+1","Recycle+1","Defragment","Force Field+1","Double Energy+1"],"relics":["Cracked Core","CaptainsWheel","Toxic Egg 2","Inserter","WingedGreaves","Sundial","PreservedInsect","Bottled Flame"],"acts_visited":["Exordium","TheCity"],"potions_floor_usage":[21,24,28],"damage_taken":[{"damage":7,"enemies":"Jaw Worm","floor":1,"turns":2},{"damage":0,"enemies":"2 Louse","floor":2,"turns":2},{"damage":0,"enemies":"Cultist","floor":4,"turns":4},{"damage":3,"enemies":"Blue Slaver","floor":5,"turns":4},{"damage":11,"enemies":"Gremlin Gang","floor":8,"turns":5},{"damage":0,"enemies":"Lagavulin","floor":14,"turns":7},{"damage":18,"enemies":"Slime Boss","floor":16,"turns":10},{"damage":33,"enemies":"3 Byrds","floor":18,"turns":5},{"damage":6,"enemies":"Spheric Guardian","floor":19,"turns":5},{"damage":30,"enemies":"Snake Plant","floor":21,"turns":6},{"damage":0,"enemies":"Centurion and Healer","floor":22,"turns":10},{"damage":27,"enemies":"Slavers","floor":24,"turns":8},{"damage":19,"enemies":"3 Cultists","floor":25,"turns":7},{"damage":14,"enemies":"Snake Plant","floor":28,"turns":7},{"damage":16,"enemies":"Gremlin Leader","floor":31,"turns":10},{"damage":49,"enemies":"Collector","floor":33,"turns":7}],"seed_played":"-279852487042362243","potions_obtained":[{"floor":1,"key":"Swift Potion"},{"floor":14,"key":"CultistPotion"},{"floor":25,"key":"Regen Potion"},{"floor":31,"key":"SteroidPotion"}],"is_trial":false,"path_per_floor":["M","M","?","M","M","R","?","M","T","R","$","R","?","E","R","B",null,"M","M","$","M","M","R","E","M","T","R","M","R","$","E","R","B"],"character_chosen":"DEFECT","items_purchased":["Self Repair","BootSequence","Chill+1","PreservedInsect"],"campfire_rested":4,"item_purchase_floors":[11,11,20,30],"current_hp_per_floor":[43,43,43,43,40,40,25,14,14,14,14,36,36,43,43,32,64,38,46,46,23,30,52,32,13,13,35,36,58,58,49,49,0,0],"gold":117,"neow_bonus":"TRANSFORM_TWO_CARDS","is_daily":false,"chose_seed":false,"campfire_upgraded":4,"win_rate":0.0,"timestamp":1610555759,"path_taken":["M","M","?","M","M","R","?","M","T","R","$","R","?","E","R","BOSS","M","M","$","M","M","R","E","?","T","R","M","R","$","E","R","BOSS"],"items_purchased_type":["Card","Card","Card","Relic"],"build_version":"2020-12-22","purchased_purges":2,"victory":false,"max_hp_per_floor":[75,75,75,75,75,75,75,75,75,75,75,75,75,75,75,75,75,75,75,75,75,75,75,75,75,75,75,75,75,75,75,75,75,75],"card_choices":[{"not_picked":["Redo","Conserve Battery"],"picked":"Reinforced Body","floor":1},{"not_picked":["Stack","Gash","Skim"],"picked":"SKIP","floor":2},{"not_picked":["Go for the Eyes","Coolheaded"],"picked":"Defragment","floor":4},{"not_picked":["Streamline","Conserve Battery"],"picked":"Sweeping Beam","floor":5},{"not_picked":["Stack","Ball Lightning"],"picked":"White Noise","floor":8},{"not_picked":["All For One","Sweeping Beam","Gash"],"picked":"SKIP","floor":14},{"not_picked":["Rainbow+1","Reboot+1"],"picked":"Creative AI","floor":16},{"not_picked":["Compile Driver","Beam Cell+1"],"picked":"Leap+1","floor":18},{"not_picked":["Go for the Eyes","Rebound"],"picked":"Coolheaded+1","floor":19},{"not_picked":["FTL","Beam Cell","Hello World"],"picked":"SKIP","floor":21},{"not_picked":["Gash","Steam Power+1","Electrodynamics"],"picked":"SKIP","floor":22},{"not_picked":["Steam+1","Conserve Battery+1"],"picked":"Recycle+1","floor":24},{"not_picked":["Darkness+1","Gash"],"picked":"Defragment","floor":25},{"not_picked":["Streamline","Double Energy+1"],"picked":"Force Field+1","floor":28},{"not_picked":["Streamline","Sweeping Beam"],"picked":"Double Energy+1","floor":31}],"player_experience":708678,"relics_obtained":[{"floor":9,"key":"CaptainsWheel"},{"floor":14,"key":"Toxic Egg 2"},{"floor":24,"key":"WingedGreaves"},{"floor":26,"key":"Sundial"},{"floor":31,"key":"Bottled Flame"}],"event_choices":[{"damage_healed":0,"gold_gain":175,"player_choice":"AGREE","damage_taken":0,"max_hp_gain":0,"max_hp_loss":0,"event_name":"Liars Game","floor":3,"gold_loss":0,"cards_obtained":["Doubt"]},{"damage_healed":0,"gold_gain":0,"player_choice":"Entered Light","damage_taken":15,"max_hp_gain":0,"max_hp_loss":0,"event_name":"Shining Light","floor":7,"gold_loss":0,"cards_upgraded":["Compile Driver","Sweeping Beam"]},{"cards_removed":["Strike_B"],"damage_healed":0,"gold_gain":0,"player_choice":"Purged","damage_taken":0,"max_hp_gain":0,"max_hp_loss":0,"event_name":"Purifier","floor":13,"gold_loss":0}],"is_beta":false,"boss_relics":[{"not_picked":["Nuclear Battery","Calling Bell"],"picked":"Inserter"}],"items_purged_floors":[11,30],"is_endless":false,"potions_floor_spawned":[1,14,16,18,19,25,31],"killed_by":"Collector","ascension_level":12}}