{"host":"gzsdmyo07u314vug","time":1610565850,"event":{"mods":["2.2 Compatiblity","BaseMod","Downfall","GifTheSpireLib","Minty Spire (QoL Compilation)","Quick Restart","Rare Cards Sparkle","Relic Stats","Replay The Spire","Robot Space Explorer","Shop Mod","StSLib","The Bug Knight","The Construct","The Elementalist","The IronCluck","The Marked","The Servant 0.9.4","Unceasing Turn Reminder","everything is the same but u backflip on backflip","slay the spire mod where everything is the same but ironclad has a cowboy hat","vexMod"],"gold_per_floor":[110,35,55,74,85,85,118,118,118,138,157,157,432,134,134,213,213,233,50,68,68,79,79,105,123,205,205,223,243,243,257,257,328,428,440,440,360,375,375,409,422,422,422,422,447,281,292,292,292,292,292],"floor_reached":52,"language":"ENG","playtime":4554,"items_purged":["Guardian:Aged","Regret","Strike_G"],"score":2168,"play_id":"28e428bb-870a-4bf2-9445-807201a83129","local_time":"20210113162410","is_ascension_mode":true,"campfire_choices":[{"data":"Deadly Poison","floor":6,"key":"SMITH"},{"floor":8,"key":"REST"},{"data":"Deadly Poison","floor":12,"key":"SMITH"},{"floor":15,"key":"REST"},{"floor":23,"key":"REST"},{"floor":27,"key":"REST"},{"data":"Apotheosis","floor":30,"key":"SMITH"},{"floor":32,"key":"REST"},{"data":"Noxious Fumes","floor":42,"key":"SMITH"},{"data":"Infinite Blades","floor":44,"key":"SMITH"},{"floor":49,"key":"DIG"}],"circlet_count":0,"master_deck":["AscendersBane","Defend_G","Defend_G","Defend_G","Defend_G","Defend_G","Survivor","Neutralize","Deadly Poison+1","Backflip","Backstab","Leg Sweep","Infinite Blades+1","Deadly Poison+1","Apotheosis+1","Burst","Masterful Stab","Blade Dance","Prepared","Backstab","After Image+1","Prepared","Cloak And Dagger","Deflect","Glass Knife","Noxious Fumes+1","Replay:Bag of Tricks","Toxin Wave+1","Deflect","ReplayTheSpireMod:Shiv Toss+1"],"relics":["Ring of the Snake","TungstenRod","Question Card","Garlic","Replay:Drink Me","Bag of Preparation","Singing Bowl","Replay:Wanted Poster","Byrd Skull","Snack Pack","ReplayTheSpireMod:TigerMarble","Oddly Smooth Stone","Iron Hammer"],"acts_visited":["Exordium","TheCity","TheBeyond"],"potions_floor_usage":[5,7,16,16,25,25,33,38,41,50,50],"damage_taken":[{"damage":2,"enemies":"Cultist","floor":1,"turns":5},{"damage":2,"enemies":"2 Louse","floor":3,"turns":3},{"damage":5,"enemies":"Small Slimes","floor":4,"turns":4},{"damage":4,"enemies":"Red Slaver","floor":5,"turns":4},{"damage":20,"enemies":"Gremlin Nob","floor":7,"turns":4},{"damage":25,"enemies":"Exordium Thugs","floor":10,"turns":7},{"damage":0,"enemies":"3 Louse","floor":11,"turns":3},{"damage":41,"enemies":"Fading Forest","floor":16,"turns":13},{"damage":6,"enemies":"Shell Parasite","floor":18,"turns":7},{"damage":3,"enemies":"3 Byrds","floor":20,"turns":5},{"damage":22,"enemies":"Sentry and Sphere","floor":22,"turns":9},{"damage":0,"enemies":"HollowMod:Nosk","floor":24,"turns":9},{"damage":7,"enemies":"Cultist and Chosen","floor":25,"turns":6},{"damage":5,"enemies":"Snake Plant","floor":28,"turns":4},{"damage":7,"enemies":"Centurion and Healer","floor":29,"turns":11},{"damage":0,"enemies":"Sentry and Sphere","floor":31,"turns":8},{"damage":0,"enemies":"Champ","floor":33,"turns":11},{"damage":0,"enemies":"Orb Walker","floor":35,"turns":2},{"damage":7,"enemies":"3 Darklings","floor":38,"turns":6},{"damage":0,"enemies":"HollowMod:StalkingDevout","floor":40,"turns":7},{"damage":0,"enemies":"Transient","floor":41,"turns":6},{"damage":0,"enemies":"Giant Head","floor":45,"turns":7},{"damage":0,"enemies":"Sphere and 2 Shapes","floor":47,"turns":5},{"damage":9,"enemies":"Awakened One","floor":50,"turns":11},{"damage":0,"enemies":"Donu and Deca","floor":51,"turns":10}],"seed_played":"4064346129347123986","potions_obtained":[{"floor":1,"key":"Weak Potion"},{"floor":5,"key":"Explosive Potion"},{"floor":10,"key":"BlessingOfTheForge"},{"floor":11,"key":"Fire Potion"},{"floor":22,"key":"LiquidBronze"},{"floor":24,"key":"Energy Potion"},{"floor":28,"key":"Poison Potion"},{"floor":31,"key":"Doom Potion"},{"floor":33,"key":"SkillPotion"},{"floor":41,"key":"Energy Potion"},{"floor":47,"key":"Strength Potion"}],"is_trial":false,"path_per_floor":["M","$","M","M","M","R","E","R","T","M","M","R","?","$","R","B",null,"M","$","M","?","M","R","E","M","T","R","M","M","R","M","R","B",null,"M","?","$","M","?","E","M","R","T","R","E","$","M","$","R","B","B",null],"character_chosen":"THE_SILENT","items_purchased":["Apotheosis","Blade Dance","Noxious Fumes","Oddly Smooth Stone"],"campfire_rested":5,"item_purchase_floors":[14,19,37,46],"current_hp_per_floor":[57,57,55,50,46,46,26,45,45,20,20,20,20,20,39,6,39,33,33,30,25,3,18,18,11,11,26,21,16,16,16,31,31,47,49,49,49,44,44,44,46,46,46,46,58,58,58,58,58,58,58],"gold":292,"neow_bonus":"ONE_RARE_RELIC","is_daily":false,"chose_seed":false,"campfire_upgraded":5,"win_rate":0.0,"timestamp":1610565850,"path_taken":["M","$","M","?","M","R","E","R","T","M","M","R","?","$","R","BOSS","M","?","M","?","M","R","E","M","T","R","M","M","R","M","R","BOSS","M","?","?","M","?","E","M","R","T","R","E","$","M","$","R","BOSS","BOSS"],"items_purchased_type":["Card","Card","Card","Relic"],"build_version":"2020-12-22","purchased_purges":3,"victory":true,"max_hp_per_floor":[66,66,66,66,66,66,66,66,66,66,66,66,66,66,66,66,50,50,50,50,50,50,50,50,50,50,50,50,52,52,52,52,52,52,54,54,54,56,56,56,58,58,58,58,58,58,58,58,58,58,58],"relic_stats":{"Singing Bowl":8,"counters":[25,166],"Bag of Preparation":[13],"Question Card":18,"obtain_stats":[{"Singing Bowl":26,"Oddly Smooth Stone":46,"Bag of Preparation":24,"Question Card":7,"Replay:Wanted Poster":34,"Iron Hammer":49,"Garlic":9,"Snack Pack":43,"ReplayTheSpireMod:TigerMarble":45,"Replay:Drink Me":17,"Byrd Skull":40,"TungstenRod":0,"Ring of the Snake":0},{"Singing Bowl":13,"Oddly Smooth Stone":22,"Bag of Preparation":12,"Question Card":5,"Replay:Wanted Poster":17,"Iron Hammer":23,"Garlic":5,"Snack Pack":21,"ReplayTheSpireMod:TigerMarble":22,"Replay:Drink Me":8,"Byrd Skull":20,"TungstenRod":0,"Ring of the Snake":0},{"Singing Bowl":79,"Oddly Smooth Stone":140,"Bag of Preparation":73,"Question Card":20,"Replay:Wanted Poster":112,"Iron Hammer":145,"Garlic":20,"Snack Pack":133,"ReplayTheSpireMod:TigerMarble":140,"Replay:Drink Me":43,"Byrd Skull":127,"TungstenRod":0,"Ring of the Snake":0}],"TungstenRod":52,"Ring of the Snake":[50]},"card_choices":[{"not_picked":["Acrobatics","Outmaneuver"],"picked":"Deadly Poison","floor":1},{"not_picked":["Acrobatics","Slice"],"picked":"Backflip","floor":3},{"not_picked":["Riddle With Holes","Acrobatics"],"picked":"Backstab","floor":4},{"not_picked":["Acrobatics","Bane"],"picked":"Leg Sweep","floor":5},{"not_picked":["Sucker Punch","Predator","Sneak Up"],"picked":"SKIP","floor":7},{"not_picked":["Venomology","Poisoned Stab","Backstab"],"picked":"Infinite Blades","floor":10},{"not_picked":["Sucker Punch","PiercingWail","Quick Slash"],"picked":"Deadly Poison","floor":11},{"not_picked":["Tools of the Trade","Night Terror","Glass Knife"],"picked":"Burst","floor":16},{"not_picked":["Deadly Poison","Flying Knee","Terror"],"picked":"Masterful Stab","floor":18},{"not_picked":["Dagger Throw","Blade Dance","Hidden Blade"],"picked":"Prepared","floor":20},{"not_picked":["Outmaneuver","Backflip","PiercingWail"],"picked":"Backstab","floor":22},{"not_picked":["PiercingWail","Masterful Stab","Catalyst"],"picked":"After Image","floor":24},{"not_picked":["Deadly Poison","Acrobatics+1","Quick Slash"],"picked":"Prepared","floor":25},{"not_picked":["Prepared","Terror","Concentrate"],"picked":"Cloak And Dagger","floor":28},{"not_picked":["Deadly Poison+1","Dash","Predator+1","Dagger Spray"],"picked":"Singing Bowl","floor":29},{"not_picked":["Caltrops","Blur","Sucker Punch"],"picked":"Deflect","floor":31},{"not_picked":["Wraith Form v2","Doppelganger","Replay:Bag of Tricks"],"picked":"Glass Knife","floor":33},{"not_picked":["Hidden Blade","Backflip","Dodge and Roll+1","Dagger Spray"],"picked":"Singing Bowl","floor":35},{"not_picked":["Terror","Acrobatics","Dodge and Roll","Flechettes"],"picked":"Singing Bowl","floor":38},{"not_picked":["Replay:Poison Smokescreen","Outmaneuver","Slice"],"picked":"Toxin Wave+1","floor":40},{"not_picked":["Setup","Deadly Poison","Poisoned Stab+1","Distraction+1"],"picked":"Singing Bowl","floor":41},{"not_picked":["Flying Knee","Sucker Punch","Cloak And Dagger"],"picked":"Deflect","floor":45},{"not_picked":["Outmaneuver+1","Deflect+1","Reflex"],"picked":"ReplayTheSpireMod:Shiv Toss+1","floor":47}],"player_experience":728594,"relics_obtained":[{"floor":7,"key":"Question Card"},{"floor":9,"key":"Garlic"},{"floor":24,"key":"Bag of Preparation"},{"floor":26,"key":"Singing Bowl"},{"floor":40,"key":"Byrd Skull"},{"floor":43,"key":"Snack Pack"},{"floor":45,"key":"ReplayTheSpireMod:TigerMarble"},{"floor":49,"key":"Iron Hammer"}],"event_choices":[{"damage_healed":0,"gold_gain":275,"player_choice":"Desecrate","damage_taken":0,"max_hp_gain":0,"max_hp_loss":0,"event_name":"Golden Shrine","floor":13,"gold_loss":0,"cards_obtained":["Regret"]},{"damage_healed":0,"gold_gain":0,"player_choice":"","damage_taken":6,"max_hp_gain":0,"max_hp_loss":0,"event_name":"Knowing Skull","floor":21,"potions_obtained":[],"gold_loss":0,"cards_obtained":[]},{"damage_healed":0,"gold_gain":0,"player_choice":"Upgraded","damage_taken":0,"max_hp_gain":0,"max_hp_loss":0,"event_name":"Upgrade Shrine","floor":36,"gold_loss":0,"cards_upgraded":["After Image"]},{"damage_healed":0,"gold_gain":0,"cards_transformed":["Strike_G"],"player_choice":"Transformed","damage_taken":0,"max_hp_gain":0,"max_hp_loss":0,"event_name":"Transmorgrifier","floor":39,"gold_loss":0,"cards_obtained":["Replay:Bag of Tricks"]}],"is_beta":false,"boss_relics":[{"not_picked":["vexMod:RockOfEvil","ReplayTheSpireMod:DimensionalGlitch"],"picked":"Replay:Drink Me"},{"not_picked":["vexMod:DeviousBotling","vexMod:BigBerry"],"picked":"Replay:Wanted Poster"}],"items_purged_floors":[2,14,19],"is_endless":false,"potions_floor_spawned":[1,5,10,11,22,24,28,31,33,41,47],"ascension_level":20}}