{"host":"a3oe3gstxz77c7qu","time":1610578063,"event":{"mods":["2.2 Compatiblity","Act Like it!","Astrologer","BaseMod","Bestiary","Better Altar","Better Match","Better Note","Better Skull","Better Third Choice","Block Reminder","Curses Come First","Custom Start","Dark Map","Downfall","Friendly Minions","GifTheSpireLib","Hermit","Jorbs\u0027s Wanderer Trilogy","Lobotomy","LobotomyExtend","Marisa????????","Minty Spire (QoL Compilation)","Permanent Neow","Quick Restart","Relic Stats","Replay The Spire","StSLib","The Bug Knight","The Cursed","The Disciple","Uncapped","Unknown Chances","Wandering Minibosses"],"gold_per_floor":[0,18,12,32,132,132,155,169,169,169,185,210,210,233,250,362,362,362,374,391,391,391,391,391,391,391,391],"floor_reached":25,"language":"ENG","playtime":853,"items_purged":[],"score":239,"play_id":"f39faf14-d1fa-4eee-91b8-aefafec57edd","local_time":"20210113224743","is_ascension_mode":true,"campfire_choices":[{"floor":1.0,"key":"DIG"},{"floor":6.0,"key":"DIG"},{"floor":9.0,"key":"DIG"},{"floor":13.0,"key":"DIG"},{"floor":18.0,"key":"DIG"},{"floor":23.0,"key":"DIG"}],"circlet_count":0,"master_deck":["Guardian:Strike_Guardian","Guardian:Strike_Guardian","Guardian:Strike_Guardian","Guardian:Strike_Guardian","Guardian:Defend_Guardian","Guardian:Defend_Guardian","Guardian:Defend_Guardian","Guardian:Defend_Guardian","Guardian:CurlUp","Guardian:TwinSlam","Guardian:Gem_Blue","Guardian:Gem_Green","Guardian:DonusPower","Guardian:RevengeProtocol"],"relics":["Guardian:ModeShifter","Shovel","CeramicFish","LetterFromLob","downfall:GremlinWheel","Snack Pack","Tiny Chest","Replay:Baseball","HornCleat","Coffee Dripper","FossilizedHelix","Bloody Idol","Blood Vial","Garlic","Molten Egg 2"],"acts_visited":["Exordium","TheCity"],"potions_floor_usage":[25,25],"damage_taken":[{"damage":0.0,"enemies":"downfall:FleeingMerchant","floor":3.0,"turns":4.0},{"damage":2.0,"enemies":"Small Slimes","floor":4.0,"turns":4.0},{"damage":70.0,"enemies":"Small Slimes","floor":5.0,"turns":8.0},{"damage":0.0,"enemies":"Cultist","floor":8.0,"turns":4.0},{"damage":0.0,"enemies":"2 Louse","floor":11.0,"turns":3.0},{"damage":4.0,"enemies":"Red Slaver","floor":12.0,"turns":4.0},{"damage":0.0,"enemies":"2 Fungi Beasts","floor":14.0,"turns":4.0},{"damage":0.0,"enemies":"Large Slime","floor":15.0,"turns":7.0},{"damage":30.0,"enemies":"downfall:Silent","floor":16.0,"turns":10.0},{"damage":0.0,"enemies":"Spheric Guardian","floor":19.0,"turns":4.0},{"damage":9.0,"enemies":"Centurion and Healer","floor":20.0,"turns":5.0},{"damage":12,"enemies":"Slavers","floor":25,"turns":3}],"seed_played":"1022007909287008892","potions_obtained":[{"floor":8.0,"key":"Slimebound:ThreeZeroPotion"},{"floor":12.0,"key":"Weak Potion"},{"floor":14.0,"key":"AttackPotion"},{"floor":15.0,"key":"DuplicationPotion"},{"floor":20.0,"key":"LifebloodPotion"}],"is_trial":false,"path_per_floor":["R","?","$","M","?","R","T","M","R","M","M","M","R","M","M","B",null,"R","M","M","?","?","R","T","E"],"character_chosen":"GUARDIAN","items_purchased":[],"campfire_rested":0,"item_purchase_floors":[],"current_hp_per_floor":[80,80,80,78,8,80,80,80,80,80,80,78,78,80,80,56,74,74,74,69,8,8,8,8,0,0,0],"gold":391,"neow_bonus":"ONE_RARE_RELIC","is_daily":false,"chose_seed":false,"campfire_upgraded":0,"win_rate":0.0,"timestamp":1610578063,"path_taken":["R","?","$","?","?","R","T","M","R","?","M","M","R","M","M","BOSS","R","M","M","?","?","R","T","E"],"items_purchased_type":[],"build_version":"2020-12-22","purchased_purges":0,"victory":false,"max_hp_per_floor":[80,80,80,80,80,80,80,80,80,80,80,80,80,80,80,80,80,80,80,80,80,80,80,80,80,80,80],"relic_stats":{"Blood Vial":2,"Shovel":6,"counters":[12,60],"CeramicFish":54,"Bloody Idol":0,"Tiny Chest":0,"obtain_stats":[{"CeramicFish":1,"Guardian:ModeShifter":0,"Blood Vial":21,"Replay:Baseball":9,"Shovel":0,"downfall:GremlinWheel":5,"HornCleat":13,"Bloody Idol":21,"Tiny Chest":7,"Molten Egg 2":24,"LetterFromLob":4,"Snack Pack":6,"Coffee Dripper":17,"Garlic":23,"FossilizedHelix":18},{"CeramicFish":0,"Guardian:ModeShifter":0,"Blood Vial":11,"Replay:Baseball":4,"Shovel":0,"downfall:GremlinWheel":3,"HornCleat":6,"Bloody Idol":11,"Tiny Chest":3,"Molten Egg 2":11,"LetterFromLob":2,"Snack Pack":3,"Coffee Dripper":9,"Garlic":11,"FossilizedHelix":9},{"CeramicFish":0,"Guardian:ModeShifter":0,"Blood Vial":57,"Replay:Baseball":20,"Shovel":0,"downfall:GremlinWheel":16,"HornCleat":27,"Bloody Idol":57,"Tiny Chest":16,"Molten Egg 2":57,"LetterFromLob":8,"Snack Pack":16,"Coffee Dripper":48,"Garlic":57,"FossilizedHelix":48}]},"card_choices":[{"not_picked":["Guardian:Gem_Lightblue","Guardian:EvasiveProtocol"],"picked":"Guardian:Gem_Cyan","floor":3.0},{"not_picked":["Guardian:PrimingBeam","Guardian:Clone","Guardian:TimeBomb"],"picked":"SKIP","floor":4.0},{"not_picked":["Guardian:Gem_Red","Guardian:Planning","Guardian:RollAttack"],"picked":"SKIP","floor":8.0},{"not_picked":["Guardian:ChargeCore","Guardian:Incinerate","Guardian:PiercingHide"],"picked":"SKIP","floor":11.0},{"not_picked":["Guardian:Recover","Guardian:Incinerate"],"picked":"Guardian:Gem_Blue","floor":12.0},{"not_picked":["Guardian:GuardianWhirl","Guardian:Preprogram"],"picked":"Guardian:DonusPower","floor":14.0},{"not_picked":["Guardian:WalkerClaw","Guardian:ShieldSpikes","Guardian:Gem_Lightblue"],"picked":"SKIP","floor":15.0},{"not_picked":["Guardian:GemFinder","Guardian:SphericShield"],"picked":"Guardian:RevengeProtocol","floor":16.0},{"not_picked":["Guardian:CrystalBeam","Guardian:BronzeOrb+1","Guardian:Recover"],"picked":"SKIP","floor":19.0},{"not_picked":["Guardian:ArmoredProtocol+1","Guardian:Recover","Guardian:MultiBeam+1"],"picked":"SKIP","floor":20.0}],"player_experience":1004886,"relics_obtained":[{"floor":1.0,"key":"CeramicFish"},{"floor":4.0,"key":"LetterFromLob"},{"floor":5.0,"key":"downfall:GremlinWheel"},{"floor":6.0,"key":"Snack Pack"},{"floor":7.0,"key":"Tiny Chest"},{"floor":9.0,"key":"Replay:Baseball"},{"floor":13.0,"key":"HornCleat"},{"floor":18.0,"key":"FossilizedHelix"},{"floor":23.0,"key":"Garlic"},{"floor":24.0,"key":"Molten Egg 2"}],"event_choices":[{"damage_healed":72.0,"max_hp_gain":0.0,"max_hp_loss":0.0,"gold_gain":0.0,"event_name":"Wheel of Change","player_choice":"Full Heal","floor":6.0,"gold_loss":0.0,"damage_taken":0.0},{"damage_healed":0.0,"max_hp_gain":69.0,"max_hp_loss":8.0,"gold_gain":0.0,"event_name":"betterAltar:BetterAltar","player_choice":" Idol Vial ","floor":21.0,"potions_obtained":[],"relics_lost":[],"gold_loss":0.0,"damage_taken":61.0,"relics_obtained":["Bloody Idol","Blood Vial"]}],"is_beta":false,"boss_relics":[{"not_picked":["Replay:Bronze Core","Guardian:ModeShifterPlus"],"picked":"Coffee Dripper"}],"items_purged_floors":[],"is_endless":false,"potions_floor_spawned":[8,12,14,15,20],"killed_by":"Slavers","ascension_level":5}}