{"host":"c5slkkw8hp42e20v","time":1610514871,"event":{"mods":["AchievementEnabler","BaseMod","Better Note","BetterRewards","Colored Powertips","DeckTracker","Friendly Minions","GifTheSpireLib","Hermit","Highlight Path","Minty Spire (QoL Compilation)","Quick Restart","Rare Cards Sparkle","Replay The Spire","Spicy Shops","StSLib","The Animator","The Hierophant","The Poker Player","????"],"gold_per_floor":[116,116,116,131,56,83,83,103,103,67,82,113,13,46,46,46,46],"floor_reached":16,"language":"ENG","playtime":580,"items_purged":["Strike_R","Strike_R"],"score":124,"play_id":"eb1d9ae3-319f-4a46-a312-c7735127218a","local_time":"20210112231431","is_ascension_mode":true,"campfire_choices":[{"floor":7,"key":"REST"},{"floor":15,"key":"REST"}],"circlet_count":0,"master_deck":["Strike_R","Strike_R","Strike_R+1","Defend_R","Defend_R","Bash+1","ReplayTheSpireMod:Limb From Limb","ReplayTheSpireMod:Strike From Hell","ReplayTheSpireMod:Strike From Hell+1","Warcry","ReplayTheSpireMod:Limb From Limb","Twin Strike+1","Armaments","Searing Blow","Cleave","Replay:Undeath\u0027s Touch"],"relics":["Burning Blood","Replay:WaspNest","Dream Catcher","Centennial Puzzle","Whetstone"],"acts_visited":["Exordium"],"potions_floor_usage":[],"damage_taken":[{"damage":17,"enemies":"Small Slimes","floor":1,"turns":4},{"damage":6,"enemies":"Cultist","floor":4,"turns":3},{"damage":31,"enemies":"Lagavulin","floor":6,"turns":4},{"damage":0,"enemies":"2 Louse","floor":8,"turns":2},{"damage":16,"enemies":"2 Fungi Beasts","floor":11,"turns":3},{"damage":35,"enemies":"3 Sentries","floor":12,"turns":7},{"damage":25,"enemies":"Gremlin Nob","floor":14,"turns":4},{"damage":34,"enemies":"The Guardian","floor":16,"turns":5}],"seed_played":"4727132006417635384","potions_obtained":[{"floor":6,"key":"Cursed Concoction"},{"floor":11,"key":"Toxic Potion"},{"floor":12,"key":"AttackPotion"}],"is_trial":false,"path_per_floor":["M","?","?","M","$","E","R","M","T","$","M","E","$","E","R","B"],"character_chosen":"IRONCLAD","items_purchased":["Twin Strike+1"],"campfire_rested":2,"item_purchase_floors":[10],"current_hp_per_floor":[69,62,62,62,62,37,61,67,67,67,57,28,28,9,33,0,0],"gold":46,"neow_bonus":"TRANSFORM_CARD","is_daily":false,"chose_seed":false,"campfire_upgraded":0,"win_rate":0.0,"timestamp":1610514871,"path_taken":["M","?","?","?","$","E","R","M","T","?","M","E","$","E","R","BOSS"],"items_purchased_type":["Card"],"build_version":"2020-12-22","purchased_purges":2,"victory":false,"max_hp_per_floor":[80,80,80,80,80,80,80,80,80,80,80,80,80,80,80,80,80],"card_choices":[{"not_picked":["Flex","Intimidate"],"picked":"ReplayTheSpireMod:Strike From Hell","floor":1},{"not_picked":["Shrug It Off","Second Wind"],"picked":"ReplayTheSpireMod:Strike From Hell","floor":4},{"not_picked":["Dropkick","Second Wind"],"picked":"Warcry","floor":6},{"not_picked":["Intimidate","Rupture"],"picked":"ReplayTheSpireMod:Limb From Limb","floor":8},{"not_picked":["ReplayTheSpireMod:Strike From Hell","Clothesline"],"picked":"Armaments","floor":11},{"not_picked":["ReplayTheSpireMod:Strike From Hell","Rupture"],"picked":"Searing Blow","floor":12},{"not_picked":["Iron Wave","Double Tap"],"picked":"Cleave","floor":14},{"not_picked":["Anger","Dual Wield"],"picked":"Replay:Undeath\u0027s Touch","floor":15}],"player_experience":44465,"relics_obtained":[{"floor":6,"key":"Replay:WaspNest"},{"floor":9,"key":"Dream Catcher"},{"floor":12,"key":"Centennial Puzzle"},{"floor":14,"key":"Whetstone"}],"event_choices":[{"cards_removed":["Defend_R"],"damage_healed":0,"gold_gain":0,"player_choice":"Card Removal","damage_taken":7,"max_hp_gain":0,"max_hp_loss":0,"event_name":"Golden Wing","floor":2,"gold_loss":0},{"damage_healed":0,"gold_gain":0,"player_choice":"Forge","damage_taken":0,"max_hp_gain":0,"max_hp_loss":0,"event_name":"Accursed Blacksmith","floor":3,"gold_loss":0,"cards_upgraded":["Strike_R"]}],"is_beta":false,"boss_relics":[],"items_purged_floors":[5,13],"is_endless":false,"potions_floor_spawned":[6,11,12],"killed_by":"The Guardian","ascension_level":1}}