{"host":"l4jj3li0klahglqo","time":1610504542,"event":{"mods":["BaseMod","Conspire","Hubris","Infinite Spire","Marisa????????","Minty Spire (QoL Compilation)","Quick Restart","Replay The Spire","Shop Mod","StSLib","The Animator"],"gold_per_floor":[118,151,169,185,203,231,231,262,308,483,495,520,520,550,550,550,550],"floor_reached":16,"language":"ENG","playtime":767,"items_purged":[],"score":189,"play_id":"d004d361-c1f0-44db-93ce-1f8e1ac7298d","local_time":"20210112202222","is_ascension_mode":true,"campfire_choices":[{"floor":15,"key":"REST"}],"circlet_count":0,"master_deck":["Strike_R+1","Strike_R","Strike_R","Strike_R","Strike_R","Defend_R","Defend_R","Defend_R+1","Defend_R","Bash","Thunderclap","Clash","Heavy Blade","Perfected Strike","infinitespire:OneForAll","Perfected Strike","Cleave","Doubt","Armaments","Feel No Pain","Infernal Blade"],"relics":["Burning Blood","NeowsBlessing","InkBottle","ReplayFunnel","Charon\u0027s Ashes","Orichalcum","Quantum Egg","ReplayTheSpireMod:Spearhead","Simple Rune"],"acts_visited":["Exordium"],"potions_floor_usage":[4,8,14],"damage_taken":[{"damage":0,"enemies":"Small Slimes","floor":1,"turns":1},{"damage":0,"enemies":"conspire:MimicChest","floor":2,"turns":1},{"damage":0,"enemies":"Jaw Worm","floor":3,"turns":1},{"damage":0,"enemies":"2 Louse","floor":4,"turns":2},{"damage":11,"enemies":"2 Fungi Beasts","floor":5,"turns":3},{"damage":30,"enemies":"Lagavulin","floor":6,"turns":7},{"damage":24,"enemies":"Gremlin Nob","floor":8,"turns":4},{"damage":1,"enemies":"Looter","floor":11,"turns":3},{"damage":14,"enemies":"3 Sentries","floor":12,"turns":6},{"damage":16,"enemies":"Lagavulin","floor":14,"turns":6},{"damage":41,"enemies":"Slime Boss","floor":16,"turns":8}],"seed_played":"6274155047196277900","potions_obtained":[{"floor":2,"key":"Block Potion"},{"floor":6,"key":"Weak Potion"},{"floor":12,"key":"DuplicationPotion"}],"is_trial":false,"path_per_floor":["M","?","M","M","M","E","?","E","T","?","M","E","?","E","R","B"],"character_chosen":"IRONCLAD","items_purchased":[],"campfire_rested":1,"item_purchase_floors":[],"current_hp_per_floor":[78,80,80,80,75,51,51,33,33,33,38,30,23,13,37,0,0],"gold":550,"neow_bonus":"THREE_ENEMY_KILL","is_daily":false,"chose_seed":false,"campfire_upgraded":0,"win_rate":0.0,"timestamp":1610504542,"path_taken":["M","?","M","M","M","E","?","E","T","?","M","E","?","E","R","BOSS"],"items_purchased_type":[],"build_version":"2020-12-22","purchased_purges":0,"victory":false,"max_hp_per_floor":[80,80,80,80,80,80,80,80,80,80,80,80,80,80,80,80,80],"card_choices":[{"not_picked":["Metallicize","Perfected Strike"],"picked":"Thunderclap","floor":1},{"not_picked":["Headbutt","Power Through"],"picked":"Clash","floor":2},{"not_picked":["Replay:Undeath\u0027s Touch","Warcry"],"picked":"Heavy Blade","floor":3},{"not_picked":["Body Slam","ReplayTheSpireMod:Strike From Hell"],"picked":"Perfected Strike","floor":4},{"not_picked":["Uppercut","Headbutt"],"picked":"infinitespire:OneForAll","floor":5},{"not_picked":["Havoc","Seeing Red"],"picked":"Perfected Strike","floor":6},{"not_picked":["Rage","Berserk"],"picked":"Cleave","floor":8},{"not_picked":["conspire:ExplosiveBarrier","ReplayTheSpireMod:Strike From Hell"],"picked":"Armaments","floor":11},{"not_picked":["ReplayReversal","Armaments"],"picked":"Feel No Pain","floor":12},{"not_picked":["Warcry","Carnage"],"picked":"Infernal Blade","floor":14}],"player_experience":1206524,"relics_obtained":[{"floor":2,"key":"InkBottle"},{"floor":6,"key":"ReplayFunnel"},{"floor":8,"key":"Charon\u0027s Ashes"},{"floor":9,"key":"Orichalcum"},{"floor":12,"key":"Quantum Egg"},{"floor":14,"key":"Simple Rune"}],"event_choices":[{"damage_healed":0,"gold_gain":175,"player_choice":"AGREE","damage_taken":0,"max_hp_gain":0,"max_hp_loss":0,"event_name":"Liars Game","floor":10,"gold_loss":0,"cards_obtained":["Doubt"]},{"damage_healed":0,"gold_gain":0,"player_choice":"Success","damage_taken":7,"relics_obtained":["ReplayTheSpireMod:Spearhead"],"max_hp_gain":0,"max_hp_loss":0,"event_name":"Scrap Ooze","floor":13,"gold_loss":0}],"is_beta":false,"boss_relics":[],"items_purged_floors":[],"is_endless":false,"potions_floor_spawned":[2,6,12],"killed_by":"Slime Boss","ascension_level":9}}