{"host":"0t7ytk9pge2ncgeb","time":1610573641,"event":{"mods":["2.2 Compatiblity","Act Like it!","Aspiration","BaseMod","BetterRewards","Conspire","Downfall","Googly Eyes","Hubris","Minty Spire (QoL Compilation)","Relic Stats","Replay The Spire","Shop Mod","Spicy Shops","StSLib","slay the spire mod where everything is the same but ironclad has a cowboy hat"],"gold_per_floor":[115,115,115,133,153,188,188,206,206,206,223,258,102,115,115,214,214,224,35,46,46,60,60,78,113,113,125,125,157,171,181,231,336,336,350,350,594,594,594,594,611,611,611,611,672,672,672,672],"floor_reached":47,"language":"ENG","playtime":3212,"items_purged":[],"score":500,"play_id":"ba6181fe-2a40-4fc3-974c-06af20720981","local_time":"20210113163401","is_ascension_mode":false,"campfire_choices":[{"data":"Catalyst","floor":7.0,"key":"SMITH"},{"data":"Neutralize","floor":10.0,"key":"SMITH"},{"data":"Toxin Wave","floor":23.0,"key":"SMITH"},{"floor":28.0,"key":"REST"},{"floor":40,"key":"REST"},{"floor":42,"key":"REST"},{"floor":44,"key":"RECALL"}],"circlet_count":0,"master_deck":["Strike_G","Strike_G","Strike_G","Strike_G","Defend_G","Defend_G","Defend_G","Defend_G","Defend_G","Neutralize+1","m_Survivalism","Backflip","Catalyst+1","Bane","Flechettes","Poisoned Stab+1","Poison Darts","Flying Knee","Corpse Explosion","Toxin Wave+1","Deadly Poison","ReplayTheSpireMod:Tripwire+1","Catalyst+1","Poisoned Stab","Prepared","Dodge and Roll+1","Crippling Poison","Deflect","Bullet Time","Sucker Punch+1","Backflip+1","Bouncing Flask+1","expansioncontent:Corrupt","Dodge and Roll"],"relics":["Ring of the Snake","hubris:Teleporter","Vajra","MerchantsRug","conspire:SlowCooker","Orichalcum","Bottled Flame","Letter Opener","Blood Vial","hubris:DeckOfHolding","SacredBark","Oddly Smooth Stone"],"acts_visited":["Exordium","TheCity","TheBeyond"],"potions_floor_usage":[],"damage_taken":[{"damage":0.0,"enemies":"conspire:RoseBush","floor":1.0,"turns":4.0},{"damage":0.0,"enemies":"Jaw Worm","floor":4.0,"turns":4.0},{"damage":0.0,"enemies":"2 Louse","floor":5.0,"turns":2.0},{"damage":12.0,"enemies":"Replay:BlueRogue","floor":6.0,"turns":16.0},{"damage":0.0,"enemies":"Lots of Slimes","floor":8.0,"turns":2.0},{"damage":4.0,"enemies":"Looter","floor":11.0,"turns":4.0},{"damage":7.0,"enemies":"Gremlin Nob","floor":12.0,"turns":4.0},{"damage":0.0,"enemies":"Exordium Wildlife","floor":14.0,"turns":2.0},{"damage":50.0,"enemies":"Slime Boss","floor":16.0,"turns":11.0},{"damage":12.0,"enemies":"conspire:FuzzyDice","floor":18.0,"turns":6.0},{"damage":7.0,"enemies":"3 Byrds","floor":20.0,"turns":4.0},{"damage":7.0,"enemies":"conspire:HollyBat","floor":22.0,"turns":8.0},{"damage":4.0,"enemies":"Snecko","floor":24.0,"turns":5.0},{"damage":27.0,"enemies":"conspire:SneckoGhost","floor":25.0,"turns":5.0},{"damage":7.0,"enemies":"Centurion and Healer","floor":27.0,"turns":4.0},{"damage":13.0,"enemies":"conspire:Head Lice","floor":29.0,"turns":7.0},{"damage":37.0,"enemies":"Cultist and Chosen","floor":30.0,"turns":7.0},{"damage":5.0,"enemies":"Chosen and Byrds","floor":31.0,"turns":3.0},{"damage":8.0,"enemies":"Champ","floor":33.0,"turns":6.0},{"damage":11,"enemies":"Orb Walker","floor":35,"turns":4},{"damage":20,"enemies":"3 Darklings","floor":41,"turns":4},{"damage":81,"enemies":"Nemesis","floor":47,"turns":9}],"seed_played":"-1572067589163524162","potions_obtained":[{"floor":1.0,"key":"Guardian:BlockOnCardUsePotion"},{"floor":4.0,"key":"Explosive Potion"},{"floor":12.0,"key":"hexamod:EctoCoolerPotion"},{"floor":16.0,"key":"Fire Potion"},{"floor":18.0,"key":"LifebloodPotion"},{"floor":20.0,"key":"FairyPotion"},{"floor":22.0,"key":"EssenceOfSteel"},{"floor":27.0,"key":"Venom Potion"},{"floor":31.0,"key":"Dexterity Potion"},{"floor":37,"key":"Weak Potion"}],"is_trial":false,"path_per_floor":["M","?","?","M","M","E","R","M","T","R","M","E","$","M","R","B",null,"M","$","M","?","M","R","M","E","T","M","R","E","M","M","R","B",null,"M","?","?","?","?","R","M","R","T","R","$","?","E"],"character_chosen":"THE_SILENT","items_purchased":["MerchantsRug","Orichalcum","Deadly Poison"],"campfire_rested":3,"item_purchase_floors":[13,19,19],"current_hp_per_floor":[77,77,77,77,77,65,65,65,65,65,61,54,54,54,77,27,77,65,65,58,58,51,51,47,20,20,15,38,27,23,20,20,14,77,66,66,36,36,36,59,41,64,64,64,64,64,0,0],"gold":672,"neow_bonus":"TEN_PERCENT_HP_BONUS","is_daily":false,"chose_seed":false,"campfire_upgraded":3,"win_rate":0.0,"timestamp":1610573641,"path_taken":["M","?","?","M","M","E","R","M","T","R","M","E","?","M","R","BOSS","M","$","M","?","M","R","M","E","T","M","R","E","M","?","R","BOSS","M","?","?","?","?","R","M","R","T","R","$","?","E"],"items_purchased_type":["Relic","Relic","Card"],"build_version":"2020-12-22","purchased_purges":0,"victory":false,"max_hp_per_floor":[77,77,77,77,77,77,77,77,77,77,77,77,77,77,77,77,77,77,77,77,77,77,77,77,77,77,77,77,77,77,77,77,77,77,77,77,77,77,77,77,77,77,77,77,77,77,77,77],"relic_stats":{"Blood Vial":14,"counters":[22,121],"Letter Opener":[112],"Orichalcum":[138],"obtain_stats":[{"MerchantsRug":13,"hubris:Teleporter":6,"SacredBark":34,"Vajra":9,"Oddly Smooth Stone":37,"conspire:SlowCooker":17,"Letter Opener":26,"Orichalcum":19,"Blood Vial":26,"Bottled Flame":25,"Matryoshka":12,"hubris:DeckOfHolding":29,"Ring of the Snake":0},{"MerchantsRug":7,"hubris:Teleporter":4,"SacredBark":19,"Vajra":5,"Oddly Smooth Stone":20,"conspire:SlowCooker":9,"Letter Opener":14,"Orichalcum":10,"Blood Vial":14,"Bottled Flame":14,"Matryoshka":7,"hubris:DeckOfHolding":16,"Ring of the Snake":0},{"MerchantsRug":36,"hubris:Teleporter":26,"SacredBark":104,"Vajra":28,"Oddly Smooth Stone":108,"conspire:SlowCooker":49,"Letter Opener":77,"Orichalcum":55,"Blood Vial":77,"Bottled Flame":77,"Matryoshka":36,"hubris:DeckOfHolding":88,"Ring of the Snake":0}],"Ring of the Snake":[44]},"card_choices":[{"not_picked":["Sneak Up","Quick Slash","Eviscerate"],"picked":"SKIP","floor":1.0},{"not_picked":["Prepared","Sucker Punch"],"picked":"Backflip","floor":4.0},{"not_picked":["Heel Hook","ReplayTheSpireMod:Tripwire"],"picked":"Catalyst","floor":5.0},{"not_picked":["Dagger Spray","Hidden Blade"],"picked":"Bane","floor":6.0},{"not_picked":["hubris:Sniper","Endless Agony"],"picked":"Flechettes","floor":8.0},{"not_picked":["Backflip","Blade Dance"],"picked":"Poisoned Stab","floor":11.0},{"not_picked":["Underhanded Strike","Dodge and Roll"],"picked":"Poison Darts","floor":12.0},{"not_picked":["Quick Slash","hubris:SlightOfHand"],"picked":"Flying Knee","floor":14.0},{"not_picked":["Night Terror","A Thousand Cuts"],"picked":"Corpse Explosion","floor":16.0},{"not_picked":["Bane+1","Deflect+1"],"picked":"Toxin Wave","floor":18.0},{"not_picked":["Tactician+1","Underhanded Strike"],"picked":"ReplayTheSpireMod:Tripwire+1","floor":20.0},{"not_picked":["Distraction","Prepared"],"picked":"Catalyst+1","floor":22.0},{"not_picked":["Hidden Blade","Blade Dance","Concentrate"],"picked":"SKIP","floor":24.0},{"not_picked":["Underhanded Strike+1","Deflect"],"picked":"Poisoned Stab","floor":25.0},{"not_picked":["hubris:SlightOfHand","Sneak Up"],"picked":"Prepared","floor":27.0},{"not_picked":["Terror","Cloak And Dagger"],"picked":"Dodge and Roll","floor":29.0},{"not_picked":["Dagger Throw","Backflip"],"picked":"Crippling Poison","floor":30.0},{"not_picked":["Outmaneuver","Poisoned Stab+1"],"picked":"Deflect","floor":31.0},{"not_picked":["aspiration:Lunge","Night Terror"],"picked":"Bullet Time","floor":33.0},{"not_picked":["Bane+1","Deadly Poison"],"picked":"Sucker Punch+1","floor":35},{"not_picked":["Underhanded Strike","hubris:SlightOfHand+1"],"picked":"Backflip+1","floor":37},{"not_picked":["Outmaneuver","conspire:PoisonWeapons"],"picked":"Bouncing Flask+1","floor":37},{"not_picked":["expansioncontent:DonusPower","Chrysalis"],"picked":"expansioncontent:Corrupt","floor":38},{"not_picked":["PiercingWail+1","Concentrate"],"picked":"Dodge and Roll","floor":41}],"player_experience":299317,"relics_obtained":[{"floor":6.0,"key":"hubris:Teleporter"},{"floor":9.0,"key":"Vajra"},{"floor":12.0,"key":"Matryoshka"},{"floor":25.0,"key":"Bottled Flame"},{"floor":26.0,"key":"Letter Opener"},{"floor":26.0,"key":"Blood Vial"},{"floor":29.0,"key":"hubris:DeckOfHolding"},{"floor":37,"key":"Oddly Smooth Stone"}],"event_choices":[{"damage_healed":0.0,"max_hp_gain":0.0,"max_hp_loss":0.0,"gold_gain":0.0,"event_name":"The Cleric","player_choice":"Leave","floor":3.0,"gold_loss":0.0,"damage_taken":0.0},{"damage_healed":0.0,"max_hp_gain":0.0,"max_hp_loss":0.0,"gold_gain":0.0,"event_name":"Transmorgrifier","player_choice":"Ignored","floor":21.0,"gold_loss":0.0,"damage_taken":0.0},{"damage_healed":0,"gold_gain":0,"player_choice":"Memory 1","damage_taken":0,"max_hp_gain":0,"max_hp_loss":0,"event_name":"SensoryStone","floor":38,"gold_loss":0},{"damage_healed":0,"gold_gain":0,"player_choice":"Leave","damage_taken":0,"max_hp_gain":0,"max_hp_loss":0,"event_name":"conspire:Investor","floor":39,"gold_loss":0},{"cards_removed":["Strike_G"],"damage_healed":0,"gold_gain":0,"player_choice":"Removed Attack","damage_taken":0,"max_hp_gain":0,"max_hp_loss":0,"event_name":"Falling","floor":46,"gold_loss":0}],"is_beta":false,"boss_relics":[{"not_picked":["Tiny House","hubris:Stopwatch"],"picked":"conspire:SlowCooker"},{"not_picked":["aspiration:RunicSpoon","Runic Dome"],"picked":"SacredBark"}],"items_purged_floors":[],"is_endless":false,"potions_floor_spawned":[1,4,12,16,18,20,22,27,31],"killed_by":"Nemesis","ascension_level":0}}