{"host":"tnsigirk6wurdark","time":1610518131,"event":{"mods":["BaseMod","Colored Map","Colored Powertips","Highlight Path","Minty Spire (QoL Compilation)","Quick Restart","Relic Sorter","StSLib","Synergy Search"],"gold_per_floor":[117,117,42,42,52,52,85,98,98,98,63,63,80,97,97,97,97],"floor_reached":16,"language":"ENG","playtime":706,"items_purged":[],"score":175,"play_id":"3f7fe4a7-576e-47d7-b3eb-b0f97e79fe25","local_time":"20210113060851","is_ascension_mode":true,"campfire_choices":[{"data":"Caltrops","floor":6,"key":"SMITH"},{"data":"Footwork","floor":12,"key":"SMITH"},{"data":"Dash","floor":15,"key":"SMITH"}],"circlet_count":0,"master_deck":["AscendersBane","Strike_G","Strike_G","Strike_G","Strike_G","Defend_G","Defend_G","Defend_G","Defend_G","Defend_G","Survivor","Neutralize","Dash+1","Caltrops+1","Caltrops","Footwork+1","PiercingWail","Quick Slash"],"relics":["Coffee Dripper","Letter Opener","Shuriken","Centennial Puzzle"],"acts_visited":["Exordium"],"potions_floor_usage":[13,14,16],"damage_taken":[{"damage":7,"enemies":"Small Slimes","floor":1,"turns":5},{"damage":0,"enemies":"Cultist","floor":5,"turns":4},{"damage":17,"enemies":"3 Sentries","floor":7,"turns":9},{"damage":0,"enemies":"2 Louse","floor":8,"turns":3},{"damage":2,"enemies":"Exordium Thugs","floor":13,"turns":4},{"damage":4,"enemies":"Lots of Slimes","floor":14,"turns":4},{"damage":24,"enemies":"Slime Boss","floor":16,"turns":10}],"seed_played":"-4754739757613441982","potions_obtained":[{"floor":1,"key":"LiquidMemories"},{"floor":7,"key":"BlessingOfTheForge"},{"floor":14,"key":"ColorlessPotion"}],"is_trial":false,"path_per_floor":["M","?","$","?","M","R","E","M","T","?","?","R","M","M","R","B"],"character_chosen":"THE_SILENT","items_purchased":["Caltrops"],"campfire_rested":0,"item_purchase_floors":[3],"current_hp_per_floor":[52,52,52,52,52,52,35,35,35,9,25,25,23,19,19,0,0],"gold":97,"neow_bonus":"BOSS_RELIC","is_daily":false,"chose_seed":false,"campfire_upgraded":3,"win_rate":0.0,"timestamp":1610518131,"path_taken":["M","?","$","?","M","R","E","?","T","?","?","R","M","M","R","BOSS"],"items_purchased_type":["Card"],"build_version":"2020-12-22","purchased_purges":0,"victory":false,"max_hp_per_floor":[66,66,66,66,66,66,66,66,66,66,66,66,66,66,66,66,66],"card_choices":[{"not_picked":["Blade Dance","Flying Knee"],"picked":"Dash","floor":1},{"not_picked":["Escape Plan","Deflect"],"picked":"Caltrops","floor":5},{"not_picked":["Backflip","Tools of the Trade"],"picked":"Footwork","floor":7},{"not_picked":["Bane","Skewer","Well Laid Plans"],"picked":"SKIP","floor":8},{"not_picked":["Deflect","Sucker Punch"],"picked":"PiercingWail","floor":13},{"not_picked":["Deflect","Dodge and Roll"],"picked":"Quick Slash","floor":14}],"player_experience":701309,"relics_obtained":[{"floor":7,"key":"Letter Opener"},{"floor":9,"key":"Shuriken"}],"event_choices":[{"damage_healed":0,"gold_gain":0,"player_choice":"Ignored","damage_taken":0,"max_hp_gain":0,"max_hp_loss":0,"event_name":"Shining Light","floor":2,"gold_loss":0},{"cards_removed":["Strike_G"],"damage_healed":0,"gold_gain":0,"player_choice":"Purged","damage_taken":0,"max_hp_gain":0,"max_hp_loss":0,"event_name":"Purifier","floor":4,"gold_loss":0},{"damage_healed":0,"gold_gain":0,"player_choice":"Success","damage_taken":26,"relics_obtained":["Centennial Puzzle"],"max_hp_gain":0,"max_hp_loss":0,"event_name":"Scrap Ooze","floor":10,"gold_loss":0},{"damage_healed":16,"gold_gain":0,"player_choice":"Healed","damage_taken":0,"max_hp_gain":0,"max_hp_loss":0,"event_name":"The Cleric","floor":11,"gold_loss":35}],"is_beta":false,"boss_relics":[],"items_purged_floors":[],"is_endless":false,"potions_floor_spawned":[1,7,14],"killed_by":"Slime Boss","ascension_level":15}}