{"host":"t4bl6qmmsws2mq4o","time":1610538388,"event":{"mods":["AchievementEnabler","Act Like it!","BaseMod","Better Note","Downfall","GifTheSpireLib","Hermit","Minty Spire (QoL Compilation)","Replay The Spire","StSLib","The Alterego","The Jungle","The Marked"],"gold_per_floor":[99,116,135,135,152,231,231,262,272,272,299,299,299,299,309,407,407,407,419,419,519,529,529,529,548,74,99,113,38,23,71,84,179,179,179,199,215,230,35,48,48,48,60,70,97,97,110,141,155,155],"floor_reached":51,"language":"ENG","playtime":2882,"items_purged":["ReplayTheSpireMod:Restless Dread"],"score":891,"play_id":"7a7d6bee-f924-46b5-bf95-2a768e41e69a","local_time":"20210113034628","is_ascension_mode":false,"campfire_choices":[{"floor":1.0,"key":"DIG"},{"data":"champ:Backstep","floor":13.0,"key":"SMITH"},{"data":"champ:HoldFirm","floor":18.0,"key":"SMITH"},{"data":"champ:Control","floor":23,"key":"SMITH"},{"floor":29,"key":"DIG"},{"floor":35,"key":"DIG"},{"floor":42,"key":"DIG"}],"circlet_count":0,"master_deck":["champ:Strike","champ:Strike","champ:Defend","champ:Defend","champ:Defend","champ:Execute","champ:Taunt+1","champ:FanOfKnives","champ:AdrenalArmor","champ:ShieldSlam","champ:Backstep+1","champ:Haymaker","champ:PreciseThrust","champ:FaceSlap+1","Storm of Steel","champ:BringItOn","champ:HoldFirm+1","champ:Control+1","champ:FanOfKnives+1","champ:SteelEdge","champ:ShieldSigil","champ:FlashCut","champ:MurderStrike","Hallucinations","Spreading Infection","champ:Haymaker+1","champ:TornadoPunch+1","champ:TornadoPunch+1","champ:StanceDance+1"],"relics":["champ:ChampionCrown","Shuriken","Onion Ring","Akabeko","Bag of Marbles","HornCleat","Busted Crown","downfall:GremlinWheel","champ:BerserkersGuideToSlaughter","Shovel","Replay:PocketPolymizer","downfall:HeartBlessingBlue","Bottled Flame","Replay:Ancient Bell","ReplayTheSpireMod:TigerMarble","Iron Hammer","Turnip","Replay:Bottled Snecko","ReplayTheSpireMod:Lightbulb","Pen Nib","Simple Rune","Sling","Pantograph","StoneCalendar","Orichalcum","Calipers"],"acts_visited":["Exordium","TheCity","TheBeyond"],"potions_floor_usage":[33,40,50,50,50],"damage_taken":[{"damage":5.0,"enemies":"2 Louse","floor":2.0,"turns":3.0},{"damage":11.0,"enemies":"Cultist","floor":3.0,"turns":4.0},{"damage":11.0,"enemies":"Jaw Worm","floor":5.0,"turns":4.0},{"damage":29.0,"enemies":"Gremlin Nob","floor":8.0,"turns":5.0},{"damage":9.0,"enemies":"Large Slime","floor":9.0,"turns":3.0},{"damage":30.0,"enemies":"Lagavulin","floor":11.0,"turns":6.0},{"damage":0.0,"enemies":"Lots of Slimes","floor":15.0,"turns":3.0},{"damage":35.0,"enemies":"downfall:Silent","floor":16.0,"turns":10.0},{"damage":7.0,"enemies":"3 Byrds","floor":19.0,"turns":6.0},{"damage":10,"enemies":"3 Byrds","floor":21,"turns":3},{"damage":9,"enemies":"Shell Parasite","floor":22,"turns":3},{"damage":11,"enemies":"Cultist and Chosen","floor":25,"turns":5},{"damage":14,"enemies":"downfall:FleeingMerchant","floor":26,"turns":4},{"damage":3,"enemies":"Replay:Snechameleon","floor":27,"turns":3},{"damage":0,"enemies":"Snake Plant","floor":28,"turns":2},{"damage":3,"enemies":"downfall:FleeingMerchant","floor":30,"turns":4},{"damage":5,"enemies":"Centurion and Healer","floor":32,"turns":4},{"damage":40,"enemies":"downfall:Watcher","floor":33,"turns":8},{"damage":0,"enemies":"3 Shapes","floor":36,"turns":1},{"damage":0,"enemies":"3 Darklings","floor":37,"turns":4},{"damage":0,"enemies":"4 Shapes","floor":38,"turns":2},{"damage":0,"enemies":"downfall:FleeingMerchant","floor":39,"turns":3},{"damage":0,"enemies":"Jaw Worm Horde","floor":40,"turns":1},{"damage":0,"enemies":"Maw","floor":43,"turns":4},{"damage":17,"enemies":"Transient","floor":44,"turns":5},{"damage":7,"enemies":"Reptomancer","floor":45,"turns":4},{"damage":0,"enemies":"Jaw Worm Horde","floor":47,"turns":1},{"damage":0,"enemies":"R_Hoarder","floor":48,"turns":4},{"damage":0,"enemies":"Spire Growth","floor":49,"turns":2},{"damage":3,"enemies":"downfall:Defect","floor":50,"turns":6}],"seed_played":"-7535518272817040272","potions_obtained":[{"floor":5.0,"key":"Doom Potion"},{"floor":11.0,"key":"Languid Potion"},{"floor":15.0,"key":"Strength Potion"},{"floor":27,"key":"champ:CounterPotion"},{"floor":31,"key":"hexamod:EctoCoolerPotion"},{"floor":33,"key":"Energy Potion"},{"floor":40,"key":"sneckomod:MuddlingPotion"},{"floor":45,"key":"Block Potion"},{"floor":48,"key":"ColorlessPotion"}],"is_trial":false,"path_per_floor":["R","M","M","?","M","T","T","E","M","?","E","?","R","?","M","B",null,"R","M","?","?","M","R","T","M","$","E","M","R","$","?","M","B",null,"R","M","M","M","$","M","T","R","M","M","E","?","M","E","M","B",null],"character_chosen":"THE_CHAMP","items_purchased":["champ:BerserkersGuideToSlaughter","Shovel","Pen Nib","Simple Rune","Sling"],"campfire_rested":0,"item_purchase_floors":[26,26,39,39,39],"current_hp_per_floor":[90,90,89,89,89,89,89,64,64,64,51,56,56,56,56,32,95,95,95,95,95,95,95,95,95,95,95,95,105,105,105,105,89,105,105,105,105,105,105,105,105,105,105,105,105,105,105,105,105,105],"gold":155,"neow_bonus":"UPGRADE_CARD","is_daily":false,"chose_seed":false,"campfire_upgraded":3,"win_rate":0.0,"timestamp":1610538388,"path_taken":["R","M","M","?","?","?","T","E","?","?","E","?","R","?","M","BOSS","R","?","?","?","M","R","T","M","$","E","?","R","$","?","M","BOSS","R","M","M","M","$","M","T","R","M","M","E","?","?","E","M","BOSS"],"items_purchased_type":["Relic","Relic","Relic","Relic","Relic"],"build_version":"2020-12-22","purchased_purges":1,"victory":true,"max_hp_per_floor":[90,90,90,90,90,90,90,90,90,90,90,95,95,95,95,95,95,95,95,95,95,95,95,95,95,95,95,95,105,105,105,105,105,105,105,105,105,105,105,105,105,105,105,105,105,105,105,105,105,105],"card_choices":[{"not_picked":["champ:BerserkersShout","champ:CrookedStrike"],"picked":"champ:FanOfKnives","floor":2.0},{"not_picked":["champ:StanceDance","champ:EnchantSword"],"picked":"champ:AdrenalArmor","floor":3.0},{"not_picked":["champ:StanceDance","champ:RageSigil"],"picked":"champ:Backstep","floor":5.0},{"not_picked":["champ:BerserkersShout","champ:RageSigil"],"picked":"champ:Haymaker","floor":8.0},{"not_picked":["champ:StanceDance","champ:BerserkersShout"],"picked":"champ:PreciseThrust","floor":9.0},{"not_picked":["champ:ShieldSigil","champ:StanceDance"],"picked":"champ:FaceSlap","floor":11.0},{"not_picked":["champ:FanOfKnives","champ:BladeFlurry"],"picked":"champ:BringItOn","floor":15.0},{"not_picked":["champ:DancingMaster","champ:LastStand"],"picked":"champ:HoldFirm","floor":16.0},{"not_picked":[],"picked":"champ:Control","floor":19.0},{"not_picked":[],"picked":"champ:FanOfKnives+1","floor":22},{"not_picked":["champ:GladiatorsShout"],"picked":"SKIP","floor":25},{"not_picked":[],"picked":"champ:SteelEdge","floor":26},{"not_picked":["champ:EndlessRage+1"],"picked":"SKIP","floor":27},{"not_picked":["champ:BladeFlurry+1"],"picked":"SKIP","floor":28},{"not_picked":["champ:BerserkersShout"],"picked":"SKIP","floor":30},{"not_picked":[],"picked":"champ:FlashCut","floor":32},{"not_picked":[],"picked":"champ:MurderStrike","floor":33},{"not_picked":[],"picked":"Hallucinations","floor":34},{"not_picked":[],"picked":"ReplayTheSpireMod:Restless Dread","floor":34},{"not_picked":[],"picked":"Amnesia","floor":34},{"not_picked":["champ:RecklessLeap"],"picked":"SKIP","floor":36},{"not_picked":[],"picked":"champ:Haymaker+1","floor":37},{"not_picked":[],"picked":"champ:TornadoPunch+1","floor":38},{"not_picked":["champ:Backstep"],"picked":"SKIP","floor":39},{"not_picked":["champ:ViciousMockery+1"],"picked":"SKIP","floor":40},{"not_picked":["champ:DefensiveShout+1"],"picked":"SKIP","floor":43},{"not_picked":["champ:Haymaker"],"picked":"SKIP","floor":44},{"not_picked":["champ:GladiatorsShout+1"],"picked":"SKIP","floor":45},{"not_picked":[],"picked":"champ:TornadoPunch+1","floor":47},{"not_picked":["champ:BringItOn"],"picked":"SKIP","floor":48},{"not_picked":[],"picked":"champ:StanceDance+1","floor":49}],"player_experience":474941,"relics_obtained":[{"floor":1.0,"key":"Shuriken"},{"floor":6.0,"key":"Onion Ring"},{"floor":7.0,"key":"Akabeko"},{"floor":8.0,"key":"Bag of Marbles"},{"floor":11.0,"key":"HornCleat"},{"floor":21,"key":"downfall:GremlinWheel"},{"floor":27,"key":"Replay:PocketPolymizer"},{"floor":29,"key":"Bottled Flame"},{"floor":35,"key":"Replay:Bottled Snecko"},{"floor":35,"key":"ReplayTheSpireMod:Lightbulb"},{"floor":41,"key":"Pantograph"},{"floor":42,"key":"StoneCalendar"},{"floor":45,"key":"Orichalcum"},{"floor":48,"key":"Calipers"}],"event_choices":[{"damage_healed":0.0,"max_hp_gain":0.0,"max_hp_loss":0.0,"gold_gain":0.0,"cards_transformed":["champ:Strike"],"event_name":"Transmorgrifier","player_choice":"Transformed","floor":4.0,"gold_loss":0.0,"damage_taken":0.0,"cards_obtained":["champ:ShieldSlam"]},{"damage_healed":0.0,"max_hp_gain":5.0,"max_hp_loss":0.0,"gold_gain":0.0,"event_name":"Big Fish","player_choice":"Donut","floor":12.0,"gold_loss":0.0,"damage_taken":0.0},{"cards_removed":["champ:ShieldSlam"],"damage_healed":0.0,"max_hp_gain":0.0,"max_hp_loss":0.0,"gold_gain":0.0,"event_name":"betterNote:BetterNote","player_choice":"Take \u0026 Give","floor":14.0,"gold_loss":0.0,"damage_taken":0.0,"cards_obtained":["Storm of Steel"]},{"damage_healed":0,"gold_gain":0,"player_choice":"Relic","damage_taken":0,"max_hp_gain":0,"max_hp_loss":0,"event_name":"Wheel of Change","floor":35,"gold_loss":0},{"damage_healed":0,"gold_gain":0,"player_choice":"Upgraded","damage_taken":0,"max_hp_gain":0,"max_hp_loss":0,"event_name":"Upgrade Shrine","floor":46,"gold_loss":0,"cards_upgraded":["champ:FaceSlap"]}],"is_beta":false,"boss_relics":[{"not_picked":["SacredBark","ChewingGum"],"picked":"Busted Crown"},{"not_picked":["Runic Pyramid","Replay:Bronze Core"],"picked":"Replay:Ancient Bell"},{"not_picked":["Gremlin Food","Bronze Scales"],"picked":"ReplayTheSpireMod:TigerMarble"},{"not_picked":["Singing Bowl","Chameleon Ring"],"picked":"Iron Hammer"},{"not_picked":["Bird Faced Urn","Torii"],"picked":"Turnip"}],"items_purged_floors":[39],"is_endless":false,"potions_floor_spawned":[5,11,15,21,27,28,32,33,36,40,45,47,48,49],"ascension_level":0}}