{"host":"rolltorest","time":1610499931,"event":{"mods":["BaseMod","Minty Spire (QoL Compilation)","Relic Stats","Slay the Relics Exporter","StSLib","The Bladedancer"],"gold_per_floor":[109,120,139,139,139,139,470,470,470,509,528,528,180,214,214,303,303,319,343,13,13,32,32,32],"floor_reached":23,"language":"ENG","playtime":811,"items_purged":["blademaster:Strike"],"score":387,"play_id":"31763a47-adeb-42fb-8b2f-f7be284a639d","local_time":"20210112170531","is_ascension_mode":true,"campfire_choices":[{"data":"blademaster:DeadlyDance","floor":6,"key":"SMITH"},{"data":"blademaster:RagingBlow","floor":8,"key":"SMITH"},{"floor":15,"key":"REST"}],"circlet_count":0,"master_deck":["AscendersBane","blademaster:Strike","blademaster:Strike","blademaster:Strike","blademaster:Defend","blademaster:Defend","blademaster:Defend","blademaster:Defend","blademaster:RagingBlow+1","blademaster:HighVoltage","blademaster:DeadlyDance+1","blademaster:Cut","blademaster:DaggerAndCloak","blademaster:LightningCrash","blademaster:FuriousStrike","blademaster:Slice","blademaster:DancingEdge","blademaster:Breeze","blademaster:ThreePointStrike+1","blademaster:Frontflip+1","blademaster:WindSlash","blademaster:Flurry"],"relics":["blademaster:DancersAmulet","Nunchaku","Golden Idol","Ornamental Fan","Old Coin","Sundial","Toy Ornithopter","Pear","ClockworkSouvenir","Bottled Lightning","Black Star","Membership Card","Frozen Egg 2"],"acts_visited":["Exordium","TheCity"],"potions_floor_usage":[],"damage_taken":[{"damage":0,"enemies":"2 Louse","floor":1,"turns":3},{"damage":0,"enemies":"Jaw Worm","floor":2,"turns":2},{"damage":5,"enemies":"Small Slimes","floor":3,"turns":3},{"damage":28,"enemies":"Lagavulin","floor":7,"turns":7},{"damage":12,"enemies":"Gremlin Nob","floor":10,"turns":3},{"damage":1,"enemies":"Gremlin Gang","floor":11,"turns":3},{"damage":18,"enemies":"3 Sentries","floor":14,"turns":8},{"damage":11,"enemies":"Hexaghost","floor":16,"turns":8},{"damage":0,"enemies":"Spheric Guardian","floor":18,"turns":3},{"damage":0,"enemies":"Shell Parasite","floor":19,"turns":4},{"damage":12,"enemies":"3 Cultists","floor":22,"turns":4},{"damage":18,"enemies":"Gremlin Leader","floor":23,"turns":5}],"seed_played":"7078286591620493097","potions_obtained":[{"floor":10,"key":"LiquidBronze"},{"floor":11,"key":"Ancient Potion"}],"is_trial":false,"path_per_floor":["M","M","M","?","?","R","E","R","T","E","M","T","$","E","R","B",null,"M","M","$","?","M","E"],"character_chosen":"THE_BLADEMASTER","items_purchased":["ClockworkSouvenir","blademaster:Slice","blademaster:DancingEdge","Membership Card","Frozen Egg 2","blademaster:Flurry"],"campfire_rested":1,"item_purchase_floors":[13,13,13,20,20,20],"current_hp_per_floor":[64,64,59,59,54,54,26,26,26,14,13,23,23,5,27,16,60,60,60,60,60,48,30,30],"gold":32,"neow_bonus":"RANDOM_COMMON_RELIC","is_daily":false,"chose_seed":false,"campfire_upgraded":2,"win_rate":0.0,"timestamp":1610499931,"path_taken":["M","M","M","?","?","R","E","R","T","E","M","?","$","E","R","BOSS","M","M","$","?","M","E"],"items_purchased_type":["Relic","Card","Card","Relic","Relic","Card"],"build_version":"2020-12-18","purchased_purges":1,"victory":false,"max_hp_per_floor":[71,71,71,64,64,64,64,64,64,64,64,74,74,74,74,74,74,74,74,74,74,74,74,74],"relic_stats":{"Nunchaku":[13],"counters":[12,53],"Golden Idol":55,"Ornamental Fan":[100],"Sundial":[6],"Black Star":0,"obtain_stats":[{"Pear":12,"Golden Idol":4,"blademaster:RandomBladePerk":7,"Frozen Egg 2":20,"Old Coin":7,"ClockworkSouvenir":13,"Nunchaku":0,"Ornamental Fan":5,"Sundial":9,"Black Star":17,"blademaster:DancersAmulet":0,"blademaster:ComboEveryTurnPerk":14,"Bottled Lightning":14,"Membership Card":20,"blademaster:BleedingLaceratePerk":10,"Toy Ornithopter":10},{"Pear":6,"Golden Idol":3,"blademaster:RandomBladePerk":4,"Frozen Egg 2":10,"Old Coin":4,"ClockworkSouvenir":6,"Nunchaku":0,"Ornamental Fan":3,"Sundial":4,"Black Star":8,"blademaster:DancersAmulet":0,"blademaster:ComboEveryTurnPerk":7,"Bottled Lightning":7,"Membership Card":10,"blademaster:BleedingLaceratePerk":5,"Toy Ornithopter":5},{"Pear":21,"Golden Idol":8,"blademaster:RandomBladePerk":15,"Frozen Egg 2":44,"Old Coin":15,"ClockworkSouvenir":21,"Nunchaku":0,"Ornamental Fan":8,"Sundial":15,"Black Star":37,"blademaster:DancersAmulet":0,"blademaster:ComboEveryTurnPerk":29,"Bottled Lightning":29,"Membership Card":44,"blademaster:BleedingLaceratePerk":18,"Toy Ornithopter":18}],"Toy Ornithopter":0},"card_choices":[{"not_picked":["blademaster:Frenzy","blademaster:SlyStabs","blademaster:AwakeningDefend"],"picked":"SKIP","floor":1},{"not_picked":["blademaster:Overcharge","blademaster:Stability"],"picked":"blademaster:DeadlyDance","floor":2},{"not_picked":["blademaster:Sharpen","blademaster:DragonStrike"],"picked":"blademaster:Cut","floor":3},{"not_picked":["blademaster:DragonStrike","blademaster:Cut"],"picked":"blademaster:DaggerAndCloak","floor":7},{"not_picked":["blademaster:DeadlyDance","blademaster:ThreePointStrike"],"picked":"blademaster:LightningCrash","floor":10},{"not_picked":["blademaster:BloodyBlow","blademaster:BladeCross"],"picked":"blademaster:FuriousStrike","floor":11},{"not_picked":["blademaster:Stormstrike","blademaster:Overcharge"],"picked":"blademaster:Breeze","floor":14},{"not_picked":["blademaster:HighVoltage","blademaster:StanceMastery"],"picked":"blademaster:ThreePointStrike","floor":16},{"not_picked":["blademaster:Flurry","blademaster:Sharpen"],"picked":"blademaster:Frontflip+1","floor":18},{"not_picked":["blademaster:Quickstep","blademaster:LightningDraw"],"picked":"blademaster:WindSlash","floor":19},{"not_picked":["blademaster:Discharge","blademaster:Slice","blademaster:DancingEdge"],"picked":"SKIP","floor":22}],"player_experience":1763384,"relics_obtained":[{"floor":7,"key":"Old Coin"},{"floor":7,"key":"blademaster:RandomBladePerk"},{"floor":9,"key":"Sundial"},{"floor":10,"key":"Toy Ornithopter"},{"floor":10,"key":"blademaster:BleedingLaceratePerk"},{"floor":12,"key":"Pear"},{"floor":14,"key":"blademaster:ComboEveryTurnPerk"},{"floor":14,"key":"Bottled Lightning"}],"event_choices":[{"damage_healed":0,"gold_gain":0,"player_choice":"Lose Max HP","damage_taken":0,"relics_obtained":["Golden Idol"],"max_hp_gain":0,"max_hp_loss":7,"event_name":"Golden Idol","floor":4,"gold_loss":0},{"damage_healed":0,"gold_gain":0,"player_choice":"Success","damage_taken":5,"relics_obtained":["Ornamental Fan"],"max_hp_gain":0,"max_hp_loss":0,"event_name":"Scrap Ooze","floor":5,"gold_loss":0},{"damage_healed":0,"gold_gain":0,"player_choice":"Upgraded","damage_taken":0,"max_hp_gain":0,"max_hp_loss":0,"event_name":"Upgrade Shrine","floor":21,"gold_loss":0,"cards_upgraded":["blademaster:ThreePointStrike"]}],"is_beta":true,"boss_relics":[{"not_picked":["SlaversCollar","Snecko Eye"],"picked":"Black Star"}],"items_purged_floors":[13],"is_endless":false,"potions_floor_spawned":[10,11,14,16,18],"killed_by":"Gremlin Leader","ascension_level":17}}