{"host":"4ek4eq5z32z3zgvw","time":1610580679,"event":{"mods":["2.2 Compatiblity","AchievementEnabler","Act Like it!","AlwaysNeverKeys","Aspiration","BaseMod","Better Match","Better Note","Better Sensory Stone","Better Third Choice","BetterRewards","Block Reminder","Colored Map","Colored Powertips","DeckTracker","Defuse TimeMaze Blight","Downfall","Energized Spire","Halation","Hubris","Infinite Spire","Minty Spire (QoL Compilation)","Permanent Neow","Quick Restart","Rare Cards Sparkle","Relic Filter","Relic Sorter","Replay The Spire","Shop Mod","Spikes Relics","StSLib","SuperFastMode","Synergy Search","Unceasing Turn Reminder","UnlockEverythingMod","egg","vexMod"],"gold_per_floor":[111,125,125,125,125,125,125,125],"floor_reached":7,"language":"ENG","playtime":109,"items_purged":[],"score":78,"play_id":"f1b40c51-c92f-4028-82fc-5723af30cc7b","local_time":"20210113173119","is_ascension_mode":true,"campfire_choices":[{"floor":6,"key":"DIG"}],"circlet_count":0,"master_deck":["AscendersBane","Strike_B","Strike_B","Strike_B","Defend_B","Defend_B","Defend_B","Defend_B","Zap","Dualcast","Redo","Core Surge","Scrape","Thunder Strike","sneckomod:Bewildered","Leap","Injury"],"relics":["Cracked Core","Orrery","Shovel","halation:PinkSoulGem","Frozen Egg 2","hubris:64BitClover"],"acts_visited":["Exordium"],"potions_floor_usage":[],"damage_taken":[{"damage":7,"enemies":"Jaw Worm","floor":1,"turns":3},{"damage":7,"enemies":"Small Slimes","floor":2,"turns":3},{"damage":0,"enemies":"3 Sentries","floor":7,"turns":1}],"seed_played":"1606988139814839229","potions_obtained":[],"is_trial":false,"path_per_floor":["M","M","?","?","?","R","E"],"character_chosen":"DEFECT","items_purchased":["Orrery","Fire Potion"],"campfire_rested":0,"item_purchase_floors":[0,0],"current_hp_per_floor":[25,18,18,18,18,18,18,18],"gold":125,"neow_bonus":"","is_daily":false,"chose_seed":false,"campfire_upgraded":0,"win_rate":0.0,"timestamp":1610580679,"path_taken":["M","M","?","?","?","R","E"],"items_purchased_type":["Relic","Potion"],"build_version":"2020-12-22","purchased_purges":0,"victory":false,"max_hp_per_floor":[71,71,71,71,71,71,71,71],"card_choices":[{"not_picked":["Leap","Streamline"],"picked":"Redo","floor":0},{"not_picked":["Go for the Eyes","Hologram"],"picked":"Core Surge","floor":0},{"not_picked":["Hello World","ReplayTheSpireMod:Calculation Training"],"picked":"Self Repair","floor":0},{"not_picked":["Compile Driver","Barrage"],"picked":"Scrape","floor":0},{"not_picked":["Sweeping Beam","Undo","Conserve Battery"],"picked":"SKIP","floor":1},{"not_picked":["Gash","Leap","ReplayTheSpireMod:GoodbyeWorld"],"picked":"SKIP","floor":2}],"player_experience":602454,"relics_obtained":[{"floor":6,"key":"hubris:64BitClover"}],"event_choices":[],"is_beta":false,"boss_relics":[],"items_purged_floors":[],"is_endless":false,"potions_floor_spawned":[],"killed_by":"3 Sentries","ascension_level":20}}