{"host":"utcbn1j9ebmpc40m","time":1610579372,"event":{"mods":["BaseMod","Better Match","GifTheSpireLib","Minty Spire (QoL Compilation)","Poor People Problems","StSLib","SuperFastMode","The IronCluck"],"gold_per_floor":[109,109,284,35,46,46,79,79,103,174,174,208,232,51,51,158,239,253,253,281,309,318,318,358,370,415,215,215,64,73,173,173,173,173],"floor_reached":33,"language":"ENG","playtime":570,"items_purged":["Doubt","Writhe"],"score":426,"play_id":"41385a10-f9d5-4618-8bf6-d84d4ca56f6b","local_time":"20210113180932","is_ascension_mode":true,"campfire_choices":[{"data":"Armaments","floor":6,"key":"SMITH"},{"data":"Juggernaut","floor":8,"key":"SMITH"},{"data":"Bash","floor":11,"key":"SMITH"},{"floor":15,"key":"REST"},{"floor":23,"key":"REST"},{"data":"Body Slam","floor":28,"key":"SMITH"},{"data":"Body Slam","floor":32,"key":"SMITH"}],"circlet_count":0,"master_deck":["Bash+1","Heavy Blade","Armaments+1","Juggernaut+1","Body Slam+1","Metallicize","Flex","Impervious","Reaper","Body Slam+1","Warcry","Blood for Blood","Whirlwind","Thunderclap","Infernal Blade","Carnage","Fiend Fire","Flame Barrier","Havoc+1","Hemokinesis","The Bomb","Shame"],"relics":["Burning Blood","NeowsBlessing","Red Skull","Juzu Bracelet","CeramicFish","Meat on the Bone","Magic Flower","Sling","Pandora\u0027s Box","Enchiridion","Tiny Chest","Toy Ornithopter","MealTicket","Membership Card","Akabeko","Anchor"],"acts_visited":["Exordium","TheCity"],"potions_floor_usage":[7,21,33,33],"damage_taken":[{"damage":0,"enemies":"Jaw Worm","floor":1,"turns":1},{"damage":0,"enemies":"Small Slimes","floor":5,"turns":1},{"damage":0,"enemies":"3 Sentries","floor":7,"turns":2},{"damage":35,"enemies":"Gremlin Nob","floor":12,"turns":5},{"damage":10,"enemies":"Cultist","floor":13,"turns":4},{"damage":51,"enemies":"Slime Boss","floor":16,"turns":11},{"damage":20,"enemies":"Shell Parasite","floor":18,"turns":5},{"damage":27,"enemies":"Spheric Guardian","floor":20,"turns":4},{"damage":31,"enemies":"Chosen and Byrds","floor":21,"turns":7},{"damage":85,"enemies":"Book of Stabbing","floor":24,"turns":6},{"damage":10,"enemies":"Snecko","floor":25,"turns":3},{"damage":92,"enemies":"Automaton","floor":33,"turns":6}],"seed_played":"-5970816972628141633","potions_obtained":[{"floor":1,"key":"Strength Potion"},{"floor":16,"key":"Strength Potion"},{"floor":20,"key":"Block Potion"},{"floor":25,"key":"Swift Potion"}],"is_trial":false,"path_per_floor":["M","?","?","$","M","R","E","R","T","T","R","E","M","$","R","B",null,"M","?","M","M","?","R","E","M","T","$","R","$","?","?","R","B"],"character_chosen":"IRONCLAD","items_purchased":["Red Skull","Armaments","Sling","Flex","Membership Card","Akabeko","The Bomb"],"campfire_rested":2,"item_purchase_floors":[4,4,14,14,27,29,29],"current_hp_per_floor":[78,62,62,62,68,68,74,74,74,74,74,57,56,56,80,56,74,63,47,53,57,57,80,31,63,63,78,78,80,80,80,80,0,0],"gold":173,"neow_bonus":"THREE_ENEMY_KILL","is_daily":false,"chose_seed":false,"campfire_upgraded":5,"win_rate":0.0,"timestamp":1610579372,"path_taken":["M","?","?","?","M","R","E","R","T","?","R","E","M","$","R","BOSS","M","?","M","M","?","R","E","M","T","$","R","$","?","?","R","BOSS"],"items_purchased_type":["Relic","Card","Relic","Card","Relic","Relic","Card"],"build_version":"2020-12-22","purchased_purges":2,"victory":false,"max_hp_per_floor":[80,80,80,80,80,80,80,80,80,80,80,80,80,80,80,80,80,80,80,80,80,80,80,80,80,80,80,80,80,80,80,80,80,80],"card_choices":[{"not_picked":["Disarm","Evolve"],"picked":"Heavy Blade","floor":1},{"not_picked":["Pommel Strike","Perfected Strike","Twin Strike"],"picked":"SKIP","floor":5},{"not_picked":["Wild Strike","Anger"],"picked":"Juggernaut","floor":7},{"not_picked":["Clash","Carnage"],"picked":"Body Slam","floor":12},{"not_picked":["True Grit","Combust"],"picked":"Metallicize","floor":13},{"not_picked":["Juggernaut","Bludgeon"],"picked":"Impervious","floor":16},{"not_picked":["Body Slam","Wild Strike","Blood for Blood"],"picked":"SKIP","floor":18},{"not_picked":["Havoc","Pommel Strike"],"picked":"Flame Barrier","floor":20},{"not_picked":["Anger","Headbutt"],"picked":"Havoc+1","floor":21},{"not_picked":["Ghostly Armor","Burning Pact"],"picked":"Hemokinesis","floor":24},{"not_picked":["Berserk","Perfected Strike","Wild Strike"],"picked":"SKIP","floor":25}],"player_experience":478433,"relics_obtained":[{"floor":7,"key":"Juzu Bracelet"},{"floor":9,"key":"CeramicFish"},{"floor":10,"key":"Meat on the Bone"},{"floor":12,"key":"Magic Flower"},{"floor":19,"key":"Enchiridion"},{"floor":24,"key":"Toy Ornithopter"},{"floor":26,"key":"MealTicket"}],"event_choices":[{"damage_healed":0,"gold_gain":0,"player_choice":"Entered Light","damage_taken":16,"max_hp_gain":0,"max_hp_loss":0,"event_name":"Shining Light","floor":2,"gold_loss":0,"cards_upgraded":["Defend_R","Strike_R"]},{"damage_healed":0,"gold_gain":175,"player_choice":"AGREE","damage_taken":0,"max_hp_gain":0,"max_hp_loss":0,"event_name":"Liars Game","floor":3,"gold_loss":0,"cards_obtained":["Doubt"]},{"damage_healed":0,"gold_gain":0,"player_choice":"Obtained Book","damage_taken":16,"max_hp_gain":0,"max_hp_loss":0,"event_name":"Cursed Tome","floor":19,"gold_loss":0},{"damage_healed":0,"gold_gain":0,"player_choice":"Opened","damage_taken":0,"relics_obtained":["Tiny Chest"],"max_hp_gain":0,"max_hp_loss":0,"event_name":"The Mausoleum","floor":22,"gold_loss":0,"cards_obtained":["Writhe"]},{"damage_healed":0,"gold_gain":0,"player_choice":"Stole Relic","damage_taken":0,"relics_obtained":["Anchor"],"max_hp_gain":0,"max_hp_loss":0,"event_name":"Addict","floor":30,"gold_loss":0,"cards_obtained":["Shame"]},{"damage_healed":0,"gold_gain":100,"player_choice":"Pray","damage_taken":0,"max_hp_gain":0,"max_hp_loss":0,"event_name":"Golden Shrine","floor":31,"gold_loss":0}],"is_beta":false,"boss_relics":[{"not_picked":["Philosopher\u0027s Stone","Velvet Choker"],"picked":"Pandora\u0027s Box"}],"items_purged_floors":[4,27],"is_endless":false,"potions_floor_spawned":[1,16,20,25],"killed_by":"Automaton","ascension_level":9}}