{"host":"grli52lbdph2722t","time":1610545206,"event":{"mods":["AchievementEnabler","BaseMod","Downfall","Minty Spire (QoL Compilation)","Quick Restart","StSLib"],"gold_per_floor":[99,99,22,22,39,39,39,39],"floor_reached":6,"language":"ENG","playtime":219,"items_purged":[],"score":46,"play_id":"56a40d86-b9ea-46ea-a9b3-5b78d5d38da6","local_time":"20210113144006","is_ascension_mode":true,"campfire_choices":[{"data":"Guardian:CurlUp","floor":1.0,"key":"SMITH"}],"circlet_count":0,"master_deck":["Guardian:Strike_Guardian","Guardian:Strike_Guardian","Guardian:Strike_Guardian","Guardian:Strike_Guardian","Guardian:Defend_Guardian","Guardian:Defend_Guardian","Guardian:Defend_Guardian","Guardian:Defend_Guardian","Guardian:CurlUp+1","Guardian:TwinSlam","Guardian:TimeCapacitor","Guardian:StasisEngine","Guardian:ShieldCharger","Guardian:Incinerate","Guardian:BronzeOrb","Guardian:FloatingOrbs"],"relics":["Guardian:ModeShifter","downfall:HeartsMalice"],"acts_visited":["Exordium"],"potions_floor_usage":[6],"damage_taken":[{"damage":0.0,"enemies":"Cultist","floor":2.0,"turns":1.0},{"damage":0.0,"enemies":"downfall:FleeingMerchant","floor":3.0,"turns":1.0},{"damage":0.0,"enemies":"2 Louse","floor":4.0,"turns":1.0},{"damage":1.0,"enemies":"Jaw Worm","floor":5.0,"turns":5.0},{"damage":83,"enemies":"Lagavulin","floor":6,"turns":12}],"seed_played":"7741061622472054762","potions_obtained":[{"floor":5.0,"key":"Guardian:BlockOnCardUsePotion"}],"is_trial":false,"path_per_floor":["R","M","$","M","M","E"],"character_chosen":"GUARDIAN","items_purchased":["Guardian:ShieldCharger","Guardian:Incinerate"],"campfire_rested":0,"item_purchase_floors":[3,3],"current_hp_per_floor":[72,72,72,72,71,0,0,0],"gold":39,"neow_bonus":"THREE_ENEMY_KILL","is_daily":false,"chose_seed":false,"campfire_upgraded":1,"win_rate":0.0,"timestamp":1610545206,"path_taken":["R","M","?","?","M","E"],"items_purchased_type":["Card","Card"],"build_version":"2020-12-22","purchased_purges":0,"victory":false,"max_hp_per_floor":[80,80,80,80,80,80,80,80],"card_choices":[{"not_picked":["Guardian:Suspension","Guardian:Reroute"],"picked":"Guardian:TimeCapacitor","floor":2.0},{"not_picked":["Guardian:DonusPower","Guardian:TemporalStrike"],"picked":"Guardian:StasisEngine","floor":3.0},{"not_picked":["Guardian:Incinerate","Guardian:TemporalShield"],"picked":"Guardian:BronzeOrb","floor":4.0},{"not_picked":["Guardian:RollAttack","Guardian:ChargeUp"],"picked":"Guardian:FloatingOrbs","floor":5.0}],"player_experience":4977586,"relics_obtained":[],"event_choices":[],"is_beta":false,"boss_relics":[],"items_purged_floors":[],"is_endless":false,"potions_floor_spawned":[5],"killed_by":"Lagavulin","ascension_level":9}}