{"host":"qswkx8hggytna0kc","time":1610513688,"event":{"mods":["Aspiration","BaseMod","BetterRewards","Colored Map","Colored Powertips","Highlight Path","Hubris","Mimic Mod","Minty Spire (QoL Compilation)","MostiFishMod","Quick Restart","Replay The Spire","StSLib","SuperFastMode"],"gold_per_floor":[115,129,141,291,291,303,303,630,630,630,665,704,753,815,827,919,931,970,1002,1038,1074,1096,1096],"floor_reached":22,"language":"ZHS","playtime":2766,"items_purged":[],"score":454,"play_id":"a1f93366-6642-4351-977c-57e38e26fbd1","local_time":"20210113125448","is_ascension_mode":true,"campfire_choices":[{"data":"Zap","floor":7.0,"key":"SMITH"},{"data":"White Noise","floor":10.0,"key":"SMITH"},{"floor":15,"key":"REST"}],"circlet_count":0,"master_deck":["AscendersBane","Strike_B","Strike_B","Strike_B","Strike_B","Defend_B","Defend_B","Defend_B","Defend_B","Zap+1","Dualcast","Steam","White Noise+1","Creative AI","Stack","Gash","Conserve Battery","Recycle","Aggregate","Echo Form","Heatsinks","Go for the Eyes","Loop","ReplayGash"],"relics":["Cracked Core","DaveBox","BionicSphere","NeowsBlessing","SynthV:TestCard","Old Coin","Replay:Bandana","MawBank","Mango","HereWithMe"],"acts_visited":["Exordium","TheCity"],"potions_floor_usage":[13,22],"damage_taken":[{"damage":0.0,"enemies":"Small Slimes","floor":1.0,"turns":1.0},{"damage":0.0,"enemies":"2 Louse","floor":2.0,"turns":1.0},{"damage":0.0,"enemies":"Cultist","floor":3.0,"turns":1.0},{"damage":0.0,"enemies":"Gremlin Gang","floor":6.0,"turns":8.0},{"damage":40.0,"enemies":"Gremlin Nob","floor":8.0,"turns":6.0},{"damage":0.0,"enemies":"Lagavulin","floor":11.0,"turns":9.0},{"damage":0,"enemies":"Large Slime","floor":12,"turns":5},{"damage":15,"enemies":"Gremlin Nob","floor":13,"turns":5},{"damage":1,"enemies":"Slime Boss","floor":16,"turns":11},{"damage":0,"enemies":"Shell Parasite","floor":18,"turns":8},{"damage":0,"enemies":"Spheric Guardian","floor":19,"turns":4},{"damage":25,"enemies":"Snake Plant","floor":20,"turns":7},{"damage":0,"enemies":"Centurion and Healer","floor":21,"turns":10},{"damage":50,"enemies":"3 Cultists","floor":22,"turns":6}],"seed_played":"8357334308135070894","potions_obtained":[{"floor":2.0,"key":"SpeedPotion"},{"floor":3.0,"key":"PotionOfCapacity"},{"floor":12,"key":"Swift Potion"},{"floor":13,"key":"Languid Potion"},{"floor":16,"key":"Block Potion"}],"is_trial":false,"path_per_floor":["M","M","M","?","?","M","R","E","T","R","E","M","E","?","R","B",null,"M","M","M","M","M"],"character_chosen":"DEFECT","items_purchased":[],"campfire_rested":1,"item_purchase_floors":[],"current_hp_per_floor":[64,64,64,64,64,64,64,24,24,24,24,24,23,15,40,39,74,74,74,49,49,0,0],"gold":1096,"neow_bonus":"THREE_ENEMY_KILL","is_daily":false,"chose_seed":false,"campfire_upgraded":2,"win_rate":0.0,"timestamp":1610513688,"path_taken":["M","M","M","?","?","M","R","E","T","R","E","M","E","?","R","BOSS","M","M","M","M","M"],"items_purchased_type":[],"build_version":"2020-12-22","purchased_purges":0,"victory":false,"max_hp_per_floor":[71,71,71,71,71,71,71,71,71,71,71,71,85,85,85,85,85,85,85,85,85,85,85],"card_choices":[{"not_picked":["Streamline","Barrage"],"picked":"Steam","floor":1.0},{"not_picked":["Redo","Hologram","Streamline","Steam Power"],"picked":"White Noise","floor":2.0},{"not_picked":["Steam","MostiFishMod:PushDownKick","Defragment","Reinforced Body"],"picked":"Creative AI","floor":3.0},{"not_picked":["Self Repair","Coolheaded","Barrage","Time Bomb"],"picked":"Stack","floor":6.0},{"not_picked":["Rebound","Consume","ReplaySolidLightProjector","Barrage"],"picked":"Gash","floor":8.0},{"not_picked":["MostiFishMod:GoodWordForIt","Panic Button","Compile Driver","ReplaySolidLightProjector"],"picked":"Conserve Battery","floor":11.0},{"not_picked":["Hello World","ReplaySolidLightProjector","Barrage","Leap"],"picked":"Recycle","floor":12},{"not_picked":["Skim","Rip and Tear","Capacitor","Crystallizer"],"picked":"Aggregate","floor":13},{"not_picked":["MostiFishMod:SeaWaves","hubris:SpecializedCircuitry","Multi-Cast","Biased Cognition"],"picked":"Echo Form","floor":16},{"not_picked":["Blizzard","Steam","Gash","Leap"],"picked":"Heatsinks","floor":18},{"not_picked":["BasicCrystalCard","Lockon","Rebound","Barrage"],"picked":"Go for the Eyes","floor":19},{"not_picked":["MostiFishMod:Distribution","Redo","Cold Snap","Steam"],"picked":"Loop","floor":20},{"not_picked":["Coolheaded","Leap","Turbo","Beam Cell"],"picked":"ReplayGash","floor":21}],"player_experience":282731,"relics_obtained":[{"floor":1.0,"key":"SynthV:TestCard"},{"floor":8.0,"key":"Old Coin"},{"floor":9.0,"key":"Replay:Bandana"},{"floor":11.0,"key":"MawBank"},{"floor":13,"key":"Mango"}],"event_choices":[{"damage_healed":0.0,"max_hp_gain":0.0,"max_hp_loss":0.0,"gold_gain":150.0,"event_name":"Liars Game","player_choice":"AGREE","floor":4.0,"gold_loss":0.0,"damage_taken":0.0,"cards_obtained":["Doubt"]},{"cards_removed":["Doubt"],"damage_healed":0.0,"max_hp_gain":0.0,"max_hp_loss":0.0,"gold_gain":0.0,"event_name":"Living Wall","player_choice":"Forget","floor":5.0,"gold_loss":0.0,"damage_taken":0.0},{"damage_healed":0,"gold_gain":50,"player_choice":"Touch","damage_taken":8,"max_hp_gain":0,"max_hp_loss":0,"event_name":"FaceTrader","floor":14,"gold_loss":0}],"is_beta":false,"boss_relics":[{"not_picked":["Tiny House","TakeMeEscape"],"picked":"HereWithMe"}],"items_purged_floors":[],"is_endless":false,"potions_floor_spawned":[2,3,12,13,16,18,19,21],"killed_by":"3 Cultists","ascension_level":19}}