{"host":"on8kfoejf6vp3cg3","time":1610506829,"event":{"mods":["AchievementEnabler","BaseMod","Better Match","Better Third Choice","Block Reminder","Colored Map","Colored Powertips","Disable Question Mark Monsters","Googly Eyes","Hermit","Highlight Path","Minty Spire (QoL Compilation)","Permanent Neow","Poor People Problems","Rare Cards Sparkle","Replay The Spire","StSLib","The Blackbeard","The Bladedancer","The Cursed"],"gold_per_floor":[110,1,20,36,36,64,76,88,126,154,181,221,260,307,319,431,443,469,481,524,536,548,590,602,514,537,207,225,243,275,301,301,404,404,414,414,636,283,283,309,337,191,217,217,217,250,276,252,252,252],"floor_reached":51,"language":"ENG","playtime":3535,"items_purged":["blademaster:OneTrickPony","blademaster:Quickstep","blademaster:Gust","blademaster:Gust"],"score":1909,"play_id":"ae14891c-092d-4361-a0be-f68228f1cf67","local_time":"20210112220029","daily_mods":["Insanity","Vintage","ControlledChaos","Heirloom","Time Dilation","Flight"],"is_ascension_mode":true,"campfire_choices":[{"data":"blademaster:Havoc","floor":15.0,"key":"SMITH"},{"floor":24.0,"key":"REST"},{"data":"blademaster:UnrelentingWind","floor":32.0,"key":"SMITH"},{"data":"blademaster:Sharpen","floor":44.0,"key":"SMITH"},{"data":"blademaster:Vortex","floor":49,"key":"SMITH"}],"circlet_count":0,"master_deck":["AscendersBane","blademaster:ParryingStrike","blademaster:Momentum","blademaster:Frenzy","blademaster:FuriousStrike","blademaster:Discharge","blademaster:WindSlash","blademaster:ThunderSlash","blademaster:Safeguard","blademaster:SlyStabs","blademaster:Safeguard","blademaster:LeechingStrike","blademaster:DragonStrike+1","blademaster:Safeguard","blademaster:DaggerAndCloak","blademaster:DaggerAndCloak","blademaster:Havoc+1","blademaster:Rupture","blademaster:ThunderSlash","blademaster:SharpBlades","blademaster:SharpBlades","blademaster:Sharpen","blademaster:BloodyBlow+1","blademaster:AspectOfWind","blademaster:DaggerAndCloak","blademaster:Safeguard","blademaster:DaggerAndCloak","blademaster:Flurry","blademaster:FuriousStrike","blademaster:Flurry","blademaster:SlyStabs","blademaster:Gust","blademaster:AirSlash","blademaster:ChargingUp","blademaster:BladeMastery","blademaster:Sharpen+1","blademaster:Overcharge+1","blademaster:DragonStrike","blademaster:DragonStrike","blademaster:BloodyBlow","blademaster:AspectOfWind","blademaster:ThunderSlash","blademaster:Meditate","blademaster:Safeguard","blademaster:BloodyBlow","blademaster:Flurry","blademaster:Cut+1","blademaster:AwakeningDefend","blademaster:ThreePointStrike","blademaster:Vortex+1","blademaster:SharpBlades","blademaster:UnrelentingWind+1","blademaster:AspectOfLightning","blademaster:RagingBlow","blademaster:Havoc+1","blademaster:Cut+1","blademaster:EyeOfTheTornado+1","blademaster:Stability+1"],"relics":["blademaster:DancersAmulet","Frozen Eye","Dead Branch","Replay:Baseball","ReplayTheSpireMod:TigerMarble","Juzu Bracelet","MawBank","PreservedInsect","Oddly Smooth Stone","Potion Belt","Divine Protection","Pondfish Scales","Replay:Bottled Flurry","Black Star","Tiny Chest","InkBottle","Red Mask","HornCleat","Onion Ring","White Beast Statue","Smiling Mask","Vajra","Omamori","Ancient Tea Set","Regal Pillow","Replay:Kaleidoscope","Replay:Rubber Ducky","MealTicket","ChewingGum","Sundial","Membership Card","Pen Nib","Golden Egg","Garlic","Toxic Egg 2","Akabeko","Toy Ornithopter","Bronze Scales","ReplayFunnel","Quantum Egg","Lizard Tail","Whetstone"],"acts_visited":["Exordium","TheCity","TheBeyond"],"potions_floor_usage":[50,50,50],"damage_taken":[{"damage":4.0,"enemies":"Cultist","floor":1.0,"turns":4.0},{"damage":0.0,"enemies":"2 Louse","floor":3.0,"turns":3.0},{"damage":1.0,"enemies":"Small Slimes","floor":4.0,"turns":4.0},{"damage":18.0,"enemies":"Gremlin Nob","floor":6.0,"turns":4.0},{"damage":0.0,"enemies":"Looter","floor":10.0,"turns":2.0},{"damage":0.0,"enemies":"2 Fungi Beasts","floor":11.0,"turns":3.0},{"damage":2.0,"enemies":"Replay:BlueRogue","floor":12.0,"turns":2.0},{"damage":0.0,"enemies":"3 Sentries","floor":13.0,"turns":4.0},{"damage":2.0,"enemies":"Replay:BlueRogue","floor":14.0,"turns":3.0},{"damage":28.0,"enemies":"Slime Boss","floor":16.0,"turns":6.0},{"damage":0.0,"enemies":"Spheric Guardian","floor":18.0,"turns":3.0},{"damage":5.0,"enemies":"Masked Bandits","floor":20.0,"turns":4.0},{"damage":35.0,"enemies":"Gremlin Leader","floor":23.0,"turns":5.0},{"damage":0.0,"enemies":"3 Byrds","floor":28.0,"turns":1.0},{"damage":0.0,"enemies":"Centurion and Healer","floor":29.0,"turns":3.0},{"damage":0.0,"enemies":"Replay:Snechameleon","floor":30.0,"turns":2.0},{"damage":0.0,"enemies":"Gremlin Leader","floor":31.0,"turns":2.0},{"damage":0.0,"enemies":"Collector","floor":33.0,"turns":3.0},{"damage":0.0,"enemies":"Orb Walker","floor":35.0,"turns":1.0},{"damage":0.0,"enemies":"Reptomancer","floor":40.0,"turns":2.0},{"damage":0.0,"enemies":"R_Hoarder","floor":41.0,"turns":4.0},{"damage":0.0,"enemies":"Nemesis","floor":46.0,"turns":1.0},{"damage":0,"enemies":"R_Hoarder","floor":47,"turns":2},{"damage":0,"enemies":"Awakened One","floor":50,"turns":5}],"seed_played":"-804036333312958588","potions_obtained":[{"floor":1.0,"key":"LiquidMemories"},{"floor":4.0,"key":"Fire Potion"},{"floor":11.0,"key":"SpeedPotion"},{"floor":13.0,"key":"SpeedPotion"},{"floor":14.0,"key":"CultistPotion"},{"floor":28.0,"key":"PowerPotion"},{"floor":33.0,"key":"FairyPotion"},{"floor":35.0,"key":"FearPotion"}],"is_trial":true,"path_per_floor":["M","$","M","M","?","E","$","?","T","M","M","E","E","E","R","B",null,"M","T","?","?","T","E","R","$","T","$","M","M","E","E","R","B",null,"M","?","?","$","?","E","E","$","T","R","T","E","E","$","R","B",null],"character_chosen":"THE_BLADEMASTER","items_purchased":["blademaster:Cut+1","Vajra","LiquidBronze","SkillPotion","Membership Card","Pen Nib","Golden Egg","Bronze Scales","blademaster:Cut","blademaster:Stability"],"campfire_rested":1,"item_purchase_floors":[2,27,27,27,38,38,38,42,42,48],"current_hp_per_floor":[64,64,64,63,75,57,57,57,57,63,69,73,75,75,75,68,73,75,75,75,68,68,39,61,61,61,61,67,73,75,75,75,75,75,75,75,75,75,75,75,75,75,75,75,75,75,75,75,75,75],"gold":252,"neow_bonus":"","is_daily":false,"chose_seed":false,"campfire_upgraded":4,"win_rate":0.0,"timestamp":1610506829,"path_taken":["M","$","M","M","?","E","$","?","T","M","M","E","E","E","R","BOSS","M","?","?","?","?","E","R","$","T","$","M","M","E","E","R","BOSS","M","?","?","$","?","E","E","$","T","R","?","E","E","$","R","BOSS"],"items_purchased_type":["Card","Relic","Potion","Potion","Relic","Relic","Relic","Relic","Card","Card"],"build_version":"2020-12-22","purchased_purges":4,"victory":true,"max_hp_per_floor":[75,75,75,75,75,75,75,75,75,75,75,75,75,75,75,75,75,75,75,75,75,75,75,75,75,75,75,75,75,75,75,75,75,75,75,75,75,75,75,75,75,75,75,75,75,75,75,75,75,75],"card_choices":[{"not_picked":["blademaster:Meditate","blademaster:FlockOfBlades"],"picked":"blademaster:AwakeningDefend","floor":6.0},{"not_picked":["blademaster:Hailwind","blademaster:IcyWind"],"picked":"blademaster:ThreePointStrike","floor":12.0},{"not_picked":["blademaster:WindSlash","blademaster:CombatPrep"],"picked":"blademaster:Vortex","floor":13.0},{"not_picked":["blademaster:DancingEdge","blademaster:CullingStrike"],"picked":"blademaster:SharpBlades","floor":14.0},{"not_picked":["blademaster:FlockOfBlades","blademaster:CloudOfSteel"],"picked":"blademaster:UnrelentingWind","floor":16.0},{"not_picked":["blademaster:Vortex","blademaster:SharpBlades+1"],"picked":"blademaster:AspectOfLightning","floor":23.0},{"not_picked":["blademaster:ThunderingOpener","blademaster:TraverseCut","blademaster:CombatPrep"],"picked":"SKIP","floor":30.0},{"not_picked":["blademaster:Bloodbath","blademaster:Safeguard","blademaster:FuriousStrike"],"picked":"SKIP","floor":31.0},{"not_picked":["blademaster:HighVoltage","blademaster:UnrelentingWind"],"picked":"blademaster:RagingBlow","floor":33.0},{"not_picked":["blademaster:FuriousStrike","blademaster:Momentum","blademaster:AspectOfLightning+1"],"picked":"SKIP","floor":40.0},{"not_picked":["blademaster:AwakeningDefend+1","blademaster:AspectOfWind+1"],"picked":"blademaster:Havoc+1","floor":41.0},{"not_picked":["blademaster:Flash","blademaster:LeechingStrike"],"picked":"blademaster:EyeOfTheTornado+1","floor":46.0},{"not_picked":["blademaster:EyeOfTheStorm","blademaster:FuriousStrike+1","blademaster:Rupture+1"],"picked":"SKIP","floor":47}],"player_experience":452772,"relics_obtained":[{"floor":1.0,"key":"Replay:Baseball"},{"floor":1.0,"key":"blademaster:RandomBladePerk"},{"floor":3.0,"key":"ReplayTheSpireMod:TigerMarble"},{"floor":3.0,"key":"blademaster:LightningChargePerk"},{"floor":4.0,"key":"Juzu Bracelet"},{"floor":4.0,"key":"blademaster:WindChargePerk"},{"floor":6.0,"key":"MawBank"},{"floor":6.0,"key":"blademaster:StanceHealPerk"},{"floor":9.0,"key":"PreservedInsect"},{"floor":10.0,"key":"Oddly Smooth Stone"},{"floor":10.0,"key":"blademaster:BleedingLaceratePerk"},{"floor":11.0,"key":"Potion Belt"},{"floor":11.0,"key":"blademaster:BonusComboPerk"},{"floor":12.0,"key":"Divine Protection"},{"floor":12.0,"key":"blademaster:OnAttackedChargePerk"},{"floor":13.0,"key":"Pondfish Scales"},{"floor":13.0,"key":"blademaster:ComboEveryTurnPerk"},{"floor":14.0,"key":"Replay:Bottled Flurry"},{"floor":14.0,"key":"blademaster:StrongPerk"},{"floor":18.0,"key":"Tiny Chest"},{"floor":18.0,"key":"blademaster:FuryEveryTurnPerk"},{"floor":19.0,"key":"InkBottle"},{"floor":20.0,"key":"Red Mask"},{"floor":22.0,"key":"Onion Ring"},{"floor":23.0,"key":"White Beast Statue"},{"floor":23.0,"key":"blademaster:RandomStancePerk"},{"floor":26.0,"key":"Smiling Mask"},{"floor":28.0,"key":"Omamori"},{"floor":28.0,"key":"blademaster:BonusFuryPerk"},{"floor":29.0,"key":"Ancient Tea Set"},{"floor":29.0,"key":"blademaster:DextrousPerk"},{"floor":30.0,"key":"Regal Pillow"},{"floor":30.0,"key":"blademaster:BleedingMoreDamagePerk"},{"floor":30.0,"key":"Replay:Kaleidoscope"},{"floor":31.0,"key":"Replay:Rubber Ducky"},{"floor":31.0,"key":"MealTicket"},{"floor":35.0,"key":"Sundial"},{"floor":40.0,"key":"Garlic"},{"floor":40.0,"key":"Toxic Egg 2"},{"floor":41.0,"key":"Akabeko"},{"floor":41.0,"key":"Toy Ornithopter"},{"floor":43.0,"key":"ReplayFunnel"},{"floor":45.0,"key":"Quantum Egg"},{"floor":47,"key":"Lizard Tail"},{"floor":47,"key":"Whetstone"}],"event_choices":[{"cards_removed":["blademaster:OneTrickPony"],"damage_healed":12.0,"max_hp_gain":0.0,"max_hp_loss":0.0,"gold_gain":0.0,"event_name":"Bonfire Elementals","player_choice":"Offered Uncommon","floor":5.0,"gold_loss":0.0,"damage_taken":0.0},{"damage_healed":0.0,"max_hp_gain":0.0,"max_hp_loss":0.0,"gold_gain":0.0,"event_name":"Upgrade Shrine","player_choice":"Upgraded","floor":8.0,"gold_loss":0.0,"damage_taken":0.0,"cards_upgraded":["blademaster:Overcharge"]},{"damage_healed":0.0,"max_hp_gain":0.0,"max_hp_loss":0.0,"gold_gain":0.0,"event_name":"Masked Bandits","player_choice":"Fought Bandits","floor":20.0,"gold_loss":0.0,"damage_taken":0.0},{"damage_healed":0.0,"max_hp_gain":0.0,"max_hp_loss":0.0,"gold_gain":0.0,"event_name":"blackbeard:ShipwreckEvent","player_choice":"HornCleat","floor":21.0,"gold_loss":0.0,"damage_taken":0.0,"relics_obtained":["HornCleat"]},{"damage_healed":0.0,"max_hp_gain":0.0,"max_hp_loss":0.0,"gold_gain":222.0,"event_name":"Tomb of Lord Red Mask","player_choice":"Wore Mask","floor":37.0,"gold_loss":0.0,"damage_taken":0.0}],"is_beta":false,"boss_relics":[{"not_picked":["Ring of Chaos","Replay:Drink Me"],"picked":"Black Star"},{"not_picked":["ReplayTheSpireMod:DimensionalGlitch","Fusion Hammer"],"picked":"ChewingGum"}],"items_purged_floors":[2,25,27,42],"is_endless":false,"potions_floor_spawned":[1,4,11,13,14,20,28,29,30,31,33,35,40,41,46,47],"ascension_level":12}}