{"host":"ik8ww1p4uabx5gam","time":1610551096,"event":{"mods":["Always Whale","Aspiration","BaseMod","Beaked The Cultist","Better Third Choice","BetterRewards","Colored Map","Colored Powertips","Conspire","Energized Spire","FetchMod","GifTheSpireLib","Hubris","Infinite Spire","Ironclad Rager","Jedi Mod","Minty Spire (QoL Compilation)","Random Character Button","Replay The Spire","Shop Mod","Spicy Shops","Spikes Relics","StSLib","Stuff the Spire","The Bladedancer","The Blue Laboratory","The Dragon Tamer","The Runesmith","Wandering Minibosses","??????REMEMod"],"gold_per_floor":[110,126,136,170,170,170,183,183,260,273,291,127,157,173,173,273,273,283,283,283,283,299,326,326,337,364,381,381,381,416,431,431,534,534,545,561,561,572,584,618,635,635,635,652,664,697,709,725,725,725],"floor_reached":51,"language":"ENG","playtime":1886,"items_purged":["Defend_R"],"score":1210,"play_id":"10849e81-3c40-47b5-8cfa-29b8dc48662c","local_time":"20210113091816","is_ascension_mode":true,"campfire_choices":[{"data":"Limit Break","floor":6,"key":"SMITH"},{"data":"hubris:EnhanceAbility","floor":8,"key":"SMITH"},{"data":"REME_MagicPocketWatch","floor":15,"key":"SMITH"},{"data":"REME_ACTH","floor":24,"key":"SMITH"},{"data":"StuffTheSpire:WarGroove","floor":32,"key":"SMITH"},{"data":"jedi:MakeshiftSword","floor":42,"key":"SMITH"},{"data":"hubris:CleavingFinish","floor":49,"key":"SMITH"}],"circlet_count":0,"master_deck":["Strike_R","Strike_R","Strike_R","Strike_R","Defend_R","Defend_R","Defend_R","Bash","Flash of Steel","jedi:MakeshiftSword+1","Limit Break+1","hubris:CleavingFinish+1","hubris:EnhanceAbility+1","Feed+1","Shrug It Off","Feed","REME_MagicPocketWatch+1","REME_ACTH+1","J.A.X.+1","hubris:NaturalOne","StuffTheSpire:WarGroove+1","Whirlwind+1","Rage+1"],"relics":["Burning Blood","REME_ComplimentaryCards","Mango","BargainBundle","Anchor","jedi:kaleidoscope","hubris:PeanutButter","conspire:RunicOctahedron","wanderingMiniBosses:ThiefScarf","Meat on the Bone","hubris:Icosahedron","Oddly Smooth Stone","StrikeDummy","Centennial Puzzle","aspiration:TomeofQuesting","Painkiller Herb","aspiration:RandomNobGenerator","StuffTheSpire:Wildfire","StuffTheSpire:MayFlowers","hubris:ChampionShield"],"acts_visited":["Exordium","TheCity","TheBeyond"],"potions_floor_usage":[13,13,23,30,50,50,50],"damage_taken":[{"damage":0,"enemies":"Small Slimes","floor":1,"turns":5},{"damage":2,"enemies":"2 Louse","floor":2,"turns":3},{"damage":6,"enemies":"Cultist","floor":3,"turns":3},{"damage":3,"enemies":"Red Slaver","floor":7,"turns":2},{"damage":0,"enemies":"3 Louse","floor":10,"turns":2},{"damage":0,"enemies":"Looter","floor":11,"turns":4},{"damage":1,"enemies":"3 Sentries","floor":13,"turns":4},{"damage":0,"enemies":"Red Slaver","floor":14,"turns":5},{"damage":0,"enemies":"Fading Forest","floor":16,"turns":11},{"damage":2,"enemies":"Chosen","floor":18,"turns":6},{"damage":2,"enemies":"3 Byrds","floor":22,"turns":4},{"damage":2,"enemies":"Slavers","floor":23,"turns":3},{"damage":4,"enemies":"3 Cultists","floor":25,"turns":4},{"damage":10,"enemies":"Shelled Parasite and Fungi","floor":27,"turns":3},{"damage":0,"enemies":"REME_1_Revenger","floor":30,"turns":3},{"damage":0,"enemies":"Chosen and Byrds","floor":31,"turns":3},{"damage":16,"enemies":"Collector","floor":33,"turns":4},{"damage":0,"enemies":"3 Darklings","floor":35,"turns":3},{"damage":0,"enemies":"3 Shapes","floor":36,"turns":2},{"damage":0,"enemies":"Writhing Mass","floor":38,"turns":2},{"damage":0,"enemies":"Jaw Worm Horde","floor":39,"turns":2},{"damage":0,"enemies":"Giant Head","floor":40,"turns":2},{"damage":0,"enemies":"Maw","floor":41,"turns":2},{"damage":1,"enemies":"Transient","floor":44,"turns":4},{"damage":4,"enemies":"Sphere and 2 Shapes","floor":45,"turns":2},{"damage":0,"enemies":"Reptomancer","floor":46,"turns":1},{"damage":0,"enemies":"3 Darklings","floor":47,"turns":2},{"damage":0,"enemies":"Writhing Mass","floor":48,"turns":2},{"damage":5,"enemies":"hubris:GrandSnecko","floor":50,"turns":3}],"seed_played":"1263829207002569589","potions_obtained":[{"floor":2,"key":"Swift Potion"},{"floor":3,"key":"AttackPotion"},{"floor":10,"key":"DuplicationPotion"},{"floor":13,"key":"EssenceOfSteel"},{"floor":16,"key":"blueLaboratory:FrostheartPotion"},{"floor":18,"key":"jedi:StrikingPotion"},{"floor":30,"key":"blueLaboratory:PolymorphPotion"},{"floor":33,"key":"blueLaboratory:BubblePotion"},{"floor":41,"key":"Dexterity Potion"}],"is_trial":false,"path_per_floor":["M","M","M","?","?","R","M","R","T","M","M","$","E","M","R","B",null,"M","?","?","T","M","E","R","M","T","M","?","?","E","M","R","B",null,"?","?","?","?","?","E","?","T","T","?","?","E","?","?","T","B",null],"character_chosen":"IRONCLAD","items_purchased":["Flash of Steel","BargainBundle","jedi:MakeshiftSword","Anchor","REME_MagicPocketWatch"],"campfire_rested":0,"item_purchase_floors":[0,0,0,0,12],"current_hp_per_floor":[58,62,62,62,62,62,65,65,65,75,85,85,97,107,107,117,117,121,121,121,121,125,129,129,133,133,136,136,116,122,132,132,126,144,148,155,117,121,125,129,129,129,129,129,129,133,137,137,137,137],"gold":725,"neow_bonus":"","is_daily":false,"chose_seed":false,"campfire_upgraded":7,"win_rate":0.0,"timestamp":1610551096,"path_taken":["M","M","M","?","?","R","M","R","T","?","M","?","E","M","R","BOSS","M","?","?","?","M","E","R","?","T","?","?","?","E","M","R","BOSS","?","?","?","?","?","E","?","T","T","?","?","E","?","?","T","BOSS"],"items_purchased_type":["Card","Relic","Card","Relic","Card"],"build_version":"2020-12-22","purchased_purges":1,"victory":true,"max_hp_per_floor":[94,94,94,94,94,94,94,94,94,98,102,102,109,113,113,117,117,121,121,121,121,125,129,129,133,133,140,140,140,140,144,144,144,144,148,155,117,121,125,129,129,129,129,129,129,133,137,137,137,137],"card_choices":[{"not_picked":["Pommel Strike","StuffTheSpire:BloodClot","Thunderclap"],"picked":"SKIP","floor":1},{"not_picked":["Clash","jedi:hate"],"picked":"hubris:CleavingFinish","floor":2},{"not_picked":["hubris:ReadiedAction","Headbutt"],"picked":"jedi:MakeshiftSword","floor":3},{"not_picked":["Pummel","Warcry"],"picked":"Shrug It Off","floor":7},{"not_picked":["Iron Wave","Shrug It Off"],"picked":"Feed","floor":10},{"not_picked":["Spot Weakness","Cleave","Heavy Blade"],"picked":"SKIP","floor":11},{"not_picked":["Armaments","Blood for Blood","Wild Strike"],"picked":"SKIP","floor":13},{"not_picked":["Flex","Sword Boomerang","Clothesline"],"picked":"SKIP","floor":14},{"not_picked":["Reaper","Double Tap"],"picked":"REME_ACTH","floor":16},{"not_picked":["StuffTheSpire:Slingshot","Run Through","Twin Strike"],"picked":"SKIP","floor":18},{"not_picked":["Replay:Undeath\u0027s Touch","Anger","Entrench"],"picked":"SKIP","floor":22},{"not_picked":["Sever Soul","Shockwave","Heavy Blade"],"picked":"SKIP","floor":23},{"not_picked":["Run Through","Flex+1","StuffTheSpire:Incineration+1"],"picked":"SKIP","floor":25},{"not_picked":["StuffTheSpire:Incineration","hubris:ReadiedAction","Feel No Pain"],"picked":"SKIP","floor":27},{"not_picked":["Wild Strike","Clash+1","Reckless Charge"],"picked":"SKIP","floor":30},{"not_picked":["Double Tap","Whirlwind+1","Replay:Undeath\u0027s Touch"],"picked":"SKIP","floor":31},{"not_picked":["Double Tap","Replay:Undeath\u0027s Touch"],"picked":"Whirlwind+1","floor":31},{"not_picked":["StuffTheSpire:Pyroclast+1","jedi:MakeshiftSword+1","Intimidate+1"],"picked":"SKIP","floor":35},{"not_picked":["Twin Strike+1","Pummel","Replay:Undeath\u0027s Touch"],"picked":"SKIP","floor":36},{"not_picked":["Evolve+1","Blood for Blood","Perfected Strike"],"picked":"SKIP","floor":38},{"not_picked":["Pommel Strike","Wild Strike+1","Flex+1"],"picked":"SKIP","floor":39},{"not_picked":["Battle Trance+1","StuffTheSpire:Slingshot","Rampage+1"],"picked":"SKIP","floor":40},{"not_picked":["Abandon","Sentinel+1","Replay:Undeath\u0027s Touch+1"],"picked":"SKIP","floor":41},{"not_picked":["Infernal Blade","Cleave+1","Entrench"],"picked":"SKIP","floor":44},{"not_picked":["Dropkick+1","Searing Blow+1","Burning Pact+1"],"picked":"SKIP","floor":45},{"not_picked":["StuffTheSpire:RockThrow+1","REME_Cut","Massacre"],"picked":"SKIP","floor":46},{"not_picked":["Cleave","Clash","ReplayTheSpireMod:Strike From Hell+1"],"picked":"SKIP","floor":47},{"not_picked":["REME_Scribble","Replay:Many Hands"],"picked":"Rage+1","floor":48}],"player_experience":1030677,"relics_obtained":[{"floor":4,"key":"jedi:kaleidoscope"},{"floor":9,"key":"hubris:PeanutButter"},{"floor":13,"key":"Meat on the Bone"},{"floor":18,"key":"wanderingMiniBosses:ThiefScarf"},{"floor":18,"key":"Meat on the Bone"},{"floor":21,"key":"Oddly Smooth Stone"},{"floor":23,"key":"StrikeDummy"},{"floor":26,"key":"Centennial Puzzle"},{"floor":30,"key":"aspiration:TomeofQuesting"},{"floor":40,"key":"StuffTheSpire:Wildfire"},{"floor":43,"key":"StuffTheSpire:MayFlowers"},{"floor":46,"key":"hubris:ChampionShield"}],"event_choices":[{"cards_removed":["jedi:MakeshiftSword"],"damage_healed":0,"gold_gain":0,"player_choice":"Took Card","damage_taken":0,"max_hp_gain":0,"max_hp_loss":0,"event_name":"NoteForYourself","floor":5,"gold_loss":0,"cards_obtained":["Feed"]},{"damage_healed":0,"gold_gain":0,"player_choice":"Obtain J.A.X.","damage_taken":0,"max_hp_gain":0,"max_hp_loss":0,"event_name":"Drug Dealer","floor":20,"gold_loss":0,"cards_obtained":["J.A.X."]}],"is_beta":false,"boss_relics":[{"not_picked":["StuffTheSpire:RunicHypercube","energizedSpire:TabascoSauce"],"picked":"conspire:RunicOctahedron"},{"not_picked":["aspiration:RunicSpoon","conspire:SlowCooker"],"picked":"Painkiller Herb"}],"items_purged_floors":[12],"is_endless":false,"potions_floor_spawned":[2,3,10,13,16,18,22,30,33,36,40,41,44,45,48],"ascension_level":1}}