{"host":"svwqvw2il1zfkkg0","time":1610525335,"event":{"mods":["AchievementEnabler","BaseMod","BetterRewards","Colored Map","Colored Powertips","Custom Start","Downfall","GifTheSpireLib","Highlight Path","Hubris","Infinite Spire","Minty Spire (QoL Compilation)","Quick Restart","Replay The Spire","Shop Mod","StSLib","SuperFastMode"],"gold_per_floor":[116,116,191,208,208,208,243,256,256,256,256,37,64,74,74,170,170,186,186,198,218,218,218,229,229,256,308,5,66,66,128,128,183,183,237,512,554,111,173,270,270,324,351,42,86,162,162,222,222,286],"floor_reached":51,"language":"ENG","playtime":1799,"items_purged":["Regret","Regret"],"score":912,"play_id":"672f003f-73d7-4966-be4d-c6343a41baa0","local_time":"20210113000855","is_ascension_mode":false,"campfire_choices":[{"data":"Backstab","floor":6,"key":"SMITH"},{"data":"Dagger Spray","floor":11,"key":"SMITH"},{"floor":15,"key":"REST"},{"data":"Cloak And Dagger","floor":23,"key":"SMITH"},{"floor":32,"key":"REST"},{"data":"Glass Knife","floor":41,"key":"SMITH"},{"floor":49,"key":"REST"}],"circlet_count":0,"master_deck":["Strike_G","Strike_G","Strike_G","Strike_G","Strike_G","Defend_G","Defend_G","Defend_G+1","Defend_G","Defend_G","Survivor","Neutralize","Dagger Spray","Backstab+1","Flying Knee+1","Hidden Blade+1","Dagger Spray+1","Cloak And Dagger+1","Slice","Glass Knife+1","PiercingWail","Quick Slash+1","Blade Dance","Dagger Spray","Crippling Poison+1","Endless Agony","Sucker Punch","Dagger Spray","Glass Knife+1","Dagger Spray+1","Poisoned Stab","Dagger Spray+1","Dagger Throw+1","Blade Dance+1","hubris:Counter+1","Quick Slash+1"],"relics":["Ring of the Snake","NeowsBlessing","Mirror","Ninja Scroll","ReplayFunnel","infinitespire:Satchel","Blue Doll","ChewingGum","Ornamental Fan","Replay:Bandana","ReplayTheSpireMod:TigerMarble","Pocketwatch","Philosopher\u0027s Stone","TwistedFunnel","War Paint","Kunai","hubris:ToyBattleship","Basket Of Snakes","Gremlin Horn","Chemical X","hubris:CrackedHourglass"],"acts_visited":["Exordium","TheCity","TheBeyond"],"potions_floor_usage":[13,16,16,33,33,33,35,40,40,46,46,50],"damage_taken":[{"damage":0,"enemies":"Small Slimes","floor":1,"turns":1},{"damage":0,"enemies":"2 Louse","floor":4,"turns":1},{"damage":0,"enemies":"Gremlin Nob","floor":7,"turns":1},{"damage":0,"enemies":"Cultist","floor":8,"turns":3},{"damage":6,"enemies":"Replay:BlueRogue","floor":13,"turns":3},{"damage":0,"enemies":"Lots of Slimes","floor":14,"turns":1},{"damage":40,"enemies":"The Guardian","floor":16,"turns":11},{"damage":0,"enemies":"2 Thieves","floor":18,"turns":1},{"damage":4,"enemies":"Spheric Guardian","floor":20,"turns":3},{"damage":10,"enemies":"Centurion and Healer","floor":21,"turns":4},{"damage":0,"enemies":"Cultist and Chosen","floor":24,"turns":5},{"damage":0,"enemies":"Snake Plant","floor":27,"turns":4},{"damage":6,"enemies":"Sentry and Sphere","floor":29,"turns":3},{"damage":3,"enemies":"Replay:Snechameleon","floor":31,"turns":4},{"damage":14,"enemies":"Automaton","floor":33,"turns":5},{"damage":7,"enemies":"3 Darklings","floor":35,"turns":3},{"damage":9,"enemies":"3 Shapes","floor":37,"turns":2},{"damage":2,"enemies":"Jaw Worm Horde","floor":39,"turns":2},{"damage":0,"enemies":"R_Hoarder","floor":40,"turns":6},{"damage":1,"enemies":"Spire Growth","floor":42,"turns":3},{"damage":0,"enemies":"3 Darklings","floor":45,"turns":2},{"damage":0,"enemies":"Reptomancer","floor":46,"turns":2},{"damage":0,"enemies":"Transient","floor":48,"turns":5},{"damage":7,"enemies":"Donu and Deca","floor":50,"turns":4}],"seed_played":"-1310203746764445745","potions_obtained":[{"floor":4,"key":"champ:CounterPotion"},{"floor":13,"key":"Doom Potion"},{"floor":14,"key":"Explosive Potion"},{"floor":29,"key":"Weak Potion"},{"floor":31,"key":"Cursed Concoction"},{"floor":33,"key":"AttackPotion"},{"floor":37,"key":"FearPotion"},{"floor":39,"key":"AttackPotion"},{"floor":42,"key":"DuplicationPotion"},{"floor":46,"key":"SteroidPotion"}],"is_trial":false,"path_per_floor":["M","?","?","M","?","R","E","M","T","?","R","$","E","M","R","B",null,"M","?","M","M","AVR","R","M","$","T","M","$","M","?","E","R","B",null,"M","?","M","$","M","E","R","M","T","$","M","E","AVR","M","R","B",null],"character_chosen":"THE_SILENT","items_purchased":["infinitespire:Satchel","ReplayTheSpireMod:TigerMarble","Endless Agony","Toxic Potion","ColorlessPotion","TwistedFunnel","War Paint","Explosive Potion","Basket Of Snakes","Blade Dance+1"],"campfire_rested":3,"item_purchase_floors":[12,28,28,28,28,38,38,38,44,44],"current_hp_per_floor":[70,70,59,59,59,59,59,59,59,59,59,59,53,53,70,30,70,70,70,66,56,56,56,56,56,56,56,56,50,50,47,68,54,70,63,63,54,54,52,52,52,51,51,51,51,51,51,51,70,63],"gold":286,"neow_bonus":"THREE_ENEMY_KILL","is_daily":false,"chose_seed":false,"campfire_upgraded":4,"win_rate":0.0,"timestamp":1610525335,"path_taken":["M","?","?","M","?","R","E","M","T","?","R","$","E","M","R","BOSS","M","?","M","?","AVR","R","M","?","T","M","$","M","?","E","R","BOSS","M","?","M","$","?","E","R","M","T","$","M","E","AVR","M","R","BOSS"],"items_purchased_type":["Relic","Relic","Card","Potion","Potion","Relic","Relic","Potion","Relic","Card"],"build_version":"2020-12-22","purchased_purges":2,"victory":true,"max_hp_per_floor":[70,70,70,70,70,70,70,70,70,70,70,70,70,70,70,70,70,70,70,70,70,70,70,70,70,70,70,70,70,70,70,70,70,70,70,70,70,70,70,70,70,70,70,70,70,70,70,70,70,70],"card_choices":[{"not_picked":["Sneak Up","Hidden Blade"],"picked":"Dagger Spray","floor":1},{"not_picked":["Deadly Poison","Storm of Steel"],"picked":"Flying Knee","floor":4},{"not_picked":["Expertise","Blur"],"picked":"Hidden Blade","floor":7},{"not_picked":["Dagger Throw","Backflip"],"picked":"Dagger Spray","floor":8},{"not_picked":["Eviscerate","hubris:Sniper"],"picked":"Cloak And Dagger","floor":13},{"not_picked":["Well Laid Plans","Dash"],"picked":"Slice","floor":14},{"not_picked":["Unload","Malaise"],"picked":"Glass Knife","floor":16},{"not_picked":["PiercingWail","Reflex","Escape Plan"],"picked":"SKIP","floor":18},{"not_picked":["Reflex","Escape Plan"],"picked":"PiercingWail","floor":18},{"not_picked":["Predator","Hidden Blade"],"picked":"Quick Slash+1","floor":20},{"not_picked":["Caltrops","Poisoned Stab+1"],"picked":"Blade Dance","floor":21},{"not_picked":["Dodge and Roll+1","Bouncing Flask+1"],"picked":"Dagger Spray","floor":24},{"not_picked":["Slice","Deadly Poison"],"picked":"Crippling Poison+1","floor":27},{"not_picked":["Prepared","Heel Hook+1"],"picked":"Sucker Punch","floor":29},{"not_picked":["ReplayTheSpireMod:From All Sides","Bouncing Flask"],"picked":"Dagger Spray","floor":31},{"not_picked":["Malaise","Envenom"],"picked":"Glass Knife","floor":33},{"not_picked":["Acrobatics","Deadly Poison"],"picked":"Dagger Spray+1","floor":35},{"not_picked":["Hidden Blade","Deflect+1"],"picked":"Poisoned Stab","floor":37},{"not_picked":["Quick Slash","Dodge and Roll"],"picked":"Dagger Spray+1","floor":39},{"not_picked":["Bouncing Flask","Underhanded Strike+1","ReplayTheSpireMod:Scrap Shanks"],"picked":"SKIP","floor":40},{"not_picked":["Deflect+1","Prepared"],"picked":"Dagger Throw+1","floor":42},{"not_picked":["Blur+1","hubris:SlightOfHand+1"],"picked":"hubris:Counter+1","floor":45},{"not_picked":["Expertise","Predator","Outmaneuver"],"picked":"SKIP","floor":46},{"not_picked":["Slice","Dagger Spray"],"picked":"Quick Slash+1","floor":48}],"player_experience":481855,"relics_obtained":[{"floor":7,"key":"Mirror"},{"floor":9,"key":"Ninja Scroll"},{"floor":13,"key":"Blue Doll"},{"floor":26,"key":"Replay:Bandana"},{"floor":31,"key":"Pocketwatch"},{"floor":40,"key":"Kunai"},{"floor":43,"key":"hubris:ToyBattleship"},{"floor":46,"key":"Gremlin Horn"}],"event_choices":[{"damage_healed":0,"gold_gain":75,"player_choice":"Gather Gold","damage_taken":11,"max_hp_gain":0,"max_hp_loss":0,"event_name":"World of Goop","floor":3,"gold_loss":0},{"damage_healed":0,"gold_gain":0,"player_choice":"Box","damage_taken":0,"relics_obtained":["ReplayFunnel"],"max_hp_gain":0,"max_hp_loss":0,"event_name":"Big Fish","floor":10,"gold_loss":0,"cards_obtained":["Regret"]},{"damage_healed":0,"gold_gain":0,"player_choice":"Forge","damage_taken":0,"max_hp_gain":0,"max_hp_loss":0,"event_name":"Accursed Blacksmith","floor":19,"gold_loss":0,"cards_upgraded":["Glass Knife"]},{"damage_healed":0,"gold_gain":275,"player_choice":"Desecrate","damage_taken":0,"max_hp_gain":0,"max_hp_loss":0,"event_name":"Golden Shrine","floor":36,"gold_loss":0,"cards_obtained":["Regret"]}],"is_beta":false,"boss_relics":[{"not_picked":["Cursed Key","Runic Dome"],"picked":"ChewingGum"},{"not_picked":["infinitespire:Cupcake","Fusion Hammer"],"picked":"Philosopher\u0027s Stone"}],"items_purged_floors":[12,38],"is_endless":false,"potions_floor_spawned":[4,13,14,29,31,33,37,39,42,46],"ascension_level":0}}