{"host":"wqsqub3crsxqknzv","time":1610543077,"event":{"mods":["BaseMod","Colored Powertips","Downfall","Minty Spire (QoL Compilation)","StSLib"],"gold_per_floor":[99,99,199,212,387,406,406,418,435,449,476,489,489,509,519,622,622,622,634,8,8,8,8,8,23,23,36,49,49,61,61,61,61],"floor_reached":31,"playtime":999,"items_purged":["Doubt"],"score":241,"play_id":"43d1870e-cd5f-42c7-927e-ab76882e2cdd","local_time":"20210113150437","is_ascension_mode":false,"campfire_choices":[{"data":"Slimebound:Split","floor":1,"key":"SMITH"},{"data":"Slimebound:LeadByExample","floor":13,"key":"SMITH"},{"data":"Slimebound:Overexert","floor":18,"key":"SMITH"},{"data":"Slimebound:FlameTackle","floor":26,"key":"SMITH"}],"circlet_count":0,"master_deck":["Slimebound:Strike_Slimebound","Slimebound:Strike_Slimebound","Slimebound:Strike_Slimebound","Slimebound:Tackle","Slimebound:Defend_Slimebound","Slimebound:Defend_Slimebound","Slimebound:Defend_Slimebound","Slimebound:Defend_Slimebound","Slimebound:Split+1","Slimebound:CorrosiveSpit","Regret","Slimebound:SplitLeeching","Slimebound:FormOfPuddle","Slimebound:LevelUp","Slimebound:MegaLick","Slimebound:WasteNot","Slimebound:LeadByExample+1","Slimebound:ComboTackle","Slimebound:SplitBruiser","Slimebound:FlameTackle+1","Slimebound:Overexert+1","Slimebound:ProtectTheBoss+1","Necronomicurse","Slimebound:SlimeBarrage"],"relics":["Slimebound:AbsorbEndCombat","TungstenRod","Slimebound:AggressiveSlimeRelic","Happy Flower","Philosopher\u0027s Stone","Calipers","Strange Spoon","Necronomicon","Nloth\u0027s Gift","Mercury Hourglass","MutagenicStrength"],"acts_visited":["TheCity"],"potions_floor_usage":[12,16,20,27,30,31,31],"damage_taken":[{"damage":13,"enemies":"Cultist","floor":4,"turns":3},{"damage":17,"enemies":"Jaw Worm","floor":6,"turns":3},{"damage":11,"enemies":"2 Louse","floor":8,"turns":2},{"damage":16,"enemies":"Exordium Thugs","floor":9,"turns":3},{"damage":12,"enemies":"Exordium Wildlife","floor":10,"turns":3},{"damage":35,"enemies":"3 Sentries","floor":11,"turns":5},{"damage":21,"enemies":"Large Slime","floor":12,"turns":4},{"damage":13,"enemies":"2 Fungi Beasts","floor":14,"turns":3},{"damage":20,"enemies":"Red Slaver","floor":15,"turns":2},{"damage":58,"enemies":"downfall:Defect","floor":16,"turns":6},{"damage":24,"enemies":"3 Byrds","floor":19,"turns":3},{"damage":14,"enemies":"downfall:FleeingMerchant","floor":20,"turns":4},{"damage":16,"enemies":"Centurion and Healer","floor":25,"turns":4},{"damage":22,"enemies":"Snecko","floor":27,"turns":4},{"damage":23,"enemies":"Snake Plant","floor":28,"turns":2},{"damage":20,"enemies":"Centurion and Healer","floor":30,"turns":3},{"damage":30,"enemies":"Shelled Parasite and Fungi","floor":31,"turns":3}],"seed_played":"3823530242582142420","potions_obtained":[{"floor":4,"key":"DistilledChaos"},{"floor":8,"key":"SteroidPotion"},{"floor":12,"key":"EssenceOfSteel"},{"floor":14,"key":"LiquidBronze"},{"floor":16,"key":"PowerPotion"},{"floor":27,"key":"Energy Potion"},{"floor":28,"key":"PowerPotion"},{"floor":30,"key":"ColorlessPotion"}],"is_trial":false,"path_per_floor":["R","?","?","M","?","M","T","M","M","M","E","M","R","M","M","B",null,"R","M","$","?","?","?","T","M","R","M","M","?","M","M"],"character_chosen":"SLIMEBOUND","items_purchased":["Calipers","Strange Spoon","Fruit Juice"],"campfire_rested":0,"item_purchase_floors":[20,20,20],"current_hp_per_floor":[60,43,43,42,42,39,39,36,38,46,43,50,50,41,39,13,60,60,48,57,42,42,42,42,48,48,34,25,25,17,0,0,0],"gold":61,"neow_bonus":"ONE_RARE_RELIC","is_daily":false,"chose_seed":false,"campfire_upgraded":4,"win_rate":0.0,"timestamp":1610543077,"path_taken":["R","?","?","M","?","?","T","M","M","M","E","M","R","M","M","BOSS","R","M","$","?","?","?","T","M","R","M","?","?","M","M"],"items_purchased_type":["Relic","Relic","Potion"],"build_version":"2020-11-29","purchased_purges":1,"victory":false,"max_hp_per_floor":[60,60,60,60,60,60,60,60,60,60,60,60,60,60,60,60,60,60,60,65,65,65,65,65,65,65,65,65,65,65,65,65,65],"card_choices":[{"not_picked":["Slimebound:SlimeSpikes","Slimebound:Dissolve"],"picked":"Slimebound:SplitLeeching","floor":4},{"not_picked":["Slimebound:ViciousTackle","Slimebound:LeechEnergy"],"picked":"Slimebound:FormOfPuddle","floor":6},{"not_picked":["Slimebound:ViciousTackle","Slimebound:Chomp"],"picked":"Slimebound:LevelUp","floor":8},{"not_picked":["Slimebound:GoopSpray","Slimebound:Chomp"],"picked":"Slimebound:MegaLick","floor":9},{"not_picked":["Slimebound:PressTheAttack","Slimebound:ViciousTackle"],"picked":"Slimebound:WasteNot","floor":10},{"not_picked":["Slimebound:LevelUp","Slimebound:Prepare"],"picked":"Slimebound:LeadByExample","floor":11},{"not_picked":["Slimebound:GoopSpray","Slimebound:Grow"],"picked":"Slimebound:ComboTackle","floor":12},{"not_picked":["Slimebound:SplitAcid","Slimebound:ComboTackle"],"picked":"Slimebound:SplitBruiser","floor":14},{"not_picked":["Slimebound:Grow","Slimebound:Dissolve"],"picked":"Slimebound:FlameTackle","floor":15},{"not_picked":["Slimebound:MassFeed","Slimebound:PrepareCrush"],"picked":"Slimebound:Overexert","floor":16},{"not_picked":["Slimebound:SplitLeeching","Slimebound:Schlurp"],"picked":"Slimebound:ProtectTheBoss+1","floor":19},{"not_picked":["Slimebound:PressTheAttack+1","Slimebound:Schlurp","Slimebound:Dissolve"],"picked":"SKIP","floor":20},{"not_picked":["Slimebound:LeechLife","Slimebound:SplitLeeching","Slimebound:SplitBruiser"],"picked":"SKIP","floor":25},{"not_picked":["Slimebound:Equalize","Slimebound:GrowthPunch+1","Slimebound:LevelUp"],"picked":"SKIP","floor":27},{"not_picked":["Slimebound:LeechEnergy","Slimebound:ViciousTackle+1"],"picked":"Slimebound:SlimeBarrage","floor":28},{"not_picked":["Slimebound:Grow+1","Slimebound:FinishingTackle","Slimebound:ComboTackle+1"],"picked":"SKIP","floor":30}],"player_experience":15930,"relics_obtained":[{"floor":7,"key":"Slimebound:AggressiveSlimeRelic"},{"floor":11,"key":"Happy Flower"},{"floor":21,"key":"Necronomicon"},{"floor":24,"key":"Mercury Hourglass"}],"event_choices":[{"damage_healed":0,"gold_gain":0,"player_choice":"Inject Mutagens","damage_taken":0,"relics_obtained":["MutagenicStrength"],"max_hp_gain":0,"max_hp_loss":0,"event_name":"Drug Dealer","floor":29,"gold_loss":0}],"is_beta":false,"boss_relics":[{"not_picked":["Astrolabe","Velvet Choker"],"picked":"Philosopher\u0027s Stone"}],"items_purged_floors":[20],"is_endless":false,"potions_floor_spawned":[4,8,12,14,16,27,28,30],"killed_by":"Shelled Parasite and Fungi","ascension_level":0}}