{"host":"h4lp0eeso8a0ssq0","time":1610550658,"event":{"mods":["2.2 Compatiblity","AchievementEnabler","BaseMod","CapriCore","Colored Map","Minty Spire (QoL Compilation)","StSLib","SuperFastMode"],"gold_per_floor":[109,122,132,132,132,165,183,183,183,183,197,216,249,27,27,101,101,119,138,138,138],"floor_reached":20,"language":"KOR","playtime":473,"items_purged":["Strike_G"],"score":307,"play_id":"42f0e8f5-75e8-4200-acdb-e704a13ef0c2","local_time":"20210114001058","is_ascension_mode":true,"campfire_choices":[{"floor":8,"key":"REST"},{"data":"Deadly Poison","floor":10,"key":"SMITH"},{"floor":15,"key":"REST"}],"circlet_count":0,"master_deck":["AscendersBane","Strike_G","Strike_G","Strike_G","Defend_G","Defend_G","Defend_G","Defend_G","Defend_G","Survivor","Neutralize","Endless Agony","Deadly Poison+1","Blade Dance","Tactician","Dagger Spray","Bouncing Flask","Poisoned Stab","PiercingWail","Bullet Time","Noxious Fumes","After Image","CurseOfTheBell","Backflip","Blur"],"relics":["Ring of the Snake","NeowsBlessing","Bag of Preparation","Blue Candle","Incense Burner","Calling Bell","Happy Flower","Matryoshka","Turnip"],"acts_visited":["Exordium","TheCity"],"potions_floor_usage":[16],"damage_taken":[{"damage":0,"enemies":"Cultist","floor":1,"turns":1},{"damage":0,"enemies":"Jaw Worm","floor":2,"turns":1},{"damage":0,"enemies":"2 Louse","floor":3,"turns":1},{"damage":42,"enemies":"Lagavulin","floor":6,"turns":8},{"damage":4,"enemies":"Exordium Thugs","floor":7,"turns":4},{"damage":0,"enemies":"Lots of Slimes","floor":11,"turns":2},{"damage":3,"enemies":"Blue Slaver","floor":12,"turns":3},{"damage":16,"enemies":"Gremlin Nob","floor":13,"turns":3},{"damage":63,"enemies":"Slime Boss","floor":16,"turns":11},{"damage":8,"enemies":"Spheric Guardian","floor":18,"turns":4},{"damage":16,"enemies":"Chosen","floor":19,"turns":6},{"damage":5,"enemies":"3 Cultists","floor":20,"turns":4}],"seed_played":"4997772724253252178","potions_obtained":[{"floor":3,"key":"Strength Potion"},{"floor":6,"key":"FairyPotion"}],"is_trial":false,"path_per_floor":["M","M","M","?","?","E","M","R","T","R","M","M","E","$","R","B",null,"M","M","M"],"character_chosen":"THE_SILENT","items_purchased":["Bullet Time","Noxious Fumes"],"campfire_rested":2,"item_purchase_floors":[14,14],"current_hp_per_floor":[63,63,63,63,56,14,10,31,31,31,31,28,12,12,33,4,54,46,30,25,25],"gold":138,"neow_bonus":"THREE_ENEMY_KILL","is_daily":false,"chose_seed":false,"campfire_upgraded":1,"win_rate":0.0,"timestamp":1610550658,"path_taken":["M","?","?","?","?","E","M","R","T","R","?","M","E","?","R","BOSS","M","M","?"],"items_purchased_type":["Card","Card"],"build_version":"2020-12-22","purchased_purges":1,"victory":false,"max_hp_per_floor":[70,70,70,70,70,70,70,70,70,70,70,70,70,70,70,70,70,70,70,70,70],"card_choices":[{"not_picked":["Flying Knee","Slice"],"picked":"Endless Agony","floor":1},{"not_picked":["Prepared","PiercingWail"],"picked":"Deadly Poison","floor":2},{"not_picked":["Slice","Flying Knee"],"picked":"Blade Dance","floor":3},{"not_picked":["Dodge and Roll","Dagger Spray"],"picked":"Tactician","floor":6},{"not_picked":["Slice","Bane"],"picked":"Dagger Spray","floor":7},{"not_picked":["PiercingWail","Dagger Spray"],"picked":"Bouncing Flask","floor":11},{"not_picked":["PiercingWail","Cloak And Dagger"],"picked":"Poisoned Stab","floor":12},{"not_picked":["Acrobatics","Prepared"],"picked":"PiercingWail","floor":13},{"not_picked":["Unload","Phantasmal Killer"],"picked":"After Image","floor":16},{"not_picked":["Eviscerate","Prepared"],"picked":"Backflip","floor":18},{"not_picked":["Bane","Poisoned Stab"],"picked":"Blur","floor":19}],"player_experience":154347,"relics_obtained":[{"floor":6,"key":"Bag of Preparation"},{"floor":9,"key":"Blue Candle"},{"floor":13,"key":"Incense Burner"},{"floor":17,"key":"Happy Flower"},{"floor":17,"key":"Matryoshka"},{"floor":17,"key":"Turnip"}],"event_choices":[{"damage_healed":0,"gold_gain":0,"player_choice":"Ignored","damage_taken":0,"max_hp_gain":0,"max_hp_loss":0,"event_name":"Liars Game","floor":4,"gold_loss":0},{"cards_removed":["Strike_G"],"damage_healed":0,"gold_gain":0,"player_choice":"Card Removal","damage_taken":7,"max_hp_gain":0,"max_hp_loss":0,"event_name":"Golden Wing","floor":5,"gold_loss":0}],"is_beta":false,"boss_relics":[{"not_picked":["Busted Crown","Tiny House"],"picked":"Calling Bell"}],"items_purged_floors":[14],"is_endless":false,"potions_floor_spawned":[3,6,11],"killed_by":"3 Cultists","ascension_level":13}}