{"host":"zxkjcgzis4pm3za5","time":1610506814,"event":{"mods":["AchievementEnabler","Act Like it!","BaseMod","Colored Map","Colored Powertips","Friendly Minions","GifTheSpireLib","Minty Spire (QoL Compilation)","Quick Restart","RNG Fix","Random Character Button","Relic Sorter","Relic Stats","StSLib"],"gold_per_floor":[17,29,29,41,61,61,86,86,140,140,155,172,201,201,201,275,275,292,292,304,319,335,335,366,366,414,440,440,284,301,263,263,339,339,354,354,374,274,287,315,315,346,346,221,221,221,221,232,232,232],"floor_reached":51,"language":"ENG","playtime":2203,"items_purged":["Strike_R","Strike_R+1","Infernal Blade+1"],"score":1419,"play_id":"de34ae35-1b33-4bf8-b019-398760923f5d","local_time":"20210113083014","is_ascension_mode":true,"campfire_choices":[{"data":"Immolate","floor":6.0,"key":"SMITH"},{"data":"Rampage","floor":8.0,"key":"SMITH"},{"data":"Bash","floor":10.0,"key":"SMITH"},{"data":"Seeing Red","floor":15.0,"key":"SMITH"},{"data":"Offering","floor":23.0,"key":"SMITH"},{"data":"1","floor":28,"key":"LIFT"},{"data":"2","floor":32,"key":"LIFT"},{"data":"3","floor":41,"key":"LIFT"},{"floor":45,"key":"RECALL"},{"floor":47,"key":"REST"},{"data":"Limit Break","floor":49,"key":"SMITH"}],"circlet_count":0,"master_deck":["AscendersBane","Defend_R","Defend_R","Defend_R+1","Defend_R","Bash+1","Immolate+1","Shrug It Off","Ghostly Armor","Clothesline","Rampage+1","Dark Embrace+1","Seeing Red+1","Offering+1","Barricade+1","Berserk+1","Body Slam","Burning Pact+1","Disarm","Entrench","Impervious","Fiend Fire","Metallicize","Feel No Pain","Limit Break+1","Secret Technique","Thinking Ahead","Flash of Steel","Entrench+1","Rupture","Power Through","Disarm+1"],"relics":["Burning Blood","Bag of Preparation","Anchor","Art of War","Girya","Nloth\u0027s Gift","Akabeko","Philosopher\u0027s Stone","Bag of Marbles","Shuriken","Toxic Egg 2"],"acts_visited":["Exordium","TheCity","TheBeyond"],"potions_floor_usage":[30,33,50],"damage_taken":[{"damage":7.0,"enemies":"Small Slimes","floor":1.0,"turns":2.0},{"damage":4.0,"enemies":"Jaw Worm","floor":2.0,"turns":2.0},{"damage":0.0,"enemies":"Cultist","floor":4.0,"turns":3.0},{"damage":20.0,"enemies":"Exordium Thugs","floor":5.0,"turns":5.0},{"damage":16.0,"enemies":"Gremlin Nob","floor":7.0,"turns":4.0},{"damage":0.0,"enemies":"2 Fungi Beasts","floor":11.0,"turns":2.0},{"damage":0.0,"enemies":"Gremlin Gang","floor":12.0,"turns":2.0},{"damage":2.0,"enemies":"3 Sentries","floor":13.0,"turns":4.0},{"damage":24.0,"enemies":"Hexaghost","floor":16.0,"turns":9.0},{"damage":6.0,"enemies":"Chosen","floor":18.0,"turns":3.0},{"damage":6.0,"enemies":"Spheric Guardian","floor":20.0,"turns":3.0},{"damage":6.0,"enemies":"Snecko","floor":21.0,"turns":2.0},{"damage":9.0,"enemies":"3 Cultists","floor":22.0,"turns":3.0},{"damage":19.0,"enemies":"Slavers","floor":24.0,"turns":5.0},{"damage":25,"enemies":"Book of Stabbing","floor":27,"turns":7},{"damage":9,"enemies":"Chosen and Byrds","floor":30,"turns":6},{"damage":6,"enemies":"Collector","floor":33,"turns":9},{"damage":6,"enemies":"3 Shapes","floor":35,"turns":5},{"damage":6,"enemies":"Orb Walker","floor":37,"turns":2},{"damage":6,"enemies":"Sphere and 2 Shapes","floor":39,"turns":6},{"damage":32,"enemies":"Reptomancer","floor":40,"turns":9},{"damage":9,"enemies":"Giant Head","floor":42,"turns":5},{"damage":6,"enemies":"Writhing Mass","floor":48,"turns":5},{"damage":42,"enemies":"Time Eater","floor":50,"turns":21}],"seed_played":"283157266738133972","potions_obtained":[{"floor":4.0,"key":"Dexterity Potion"},{"floor":11.0,"key":"CultistPotion"},{"floor":12.0,"key":"SteroidPotion"},{"floor":16.0,"key":"FearPotion"},{"floor":24.0,"key":"Regen Potion"},{"floor":30,"key":"BlessingOfTheForge"},{"floor":40,"key":"SkillPotion"}],"is_trial":false,"path_per_floor":["M","M","?","M","M","R","E","R","T","R","M","M","E","?","R","B",null,"M","?","M","M","M","R","E","?","T","E","R","$","M","$","R","B",null,"M","?","M","$","M","E","R","E","T","$","R","?","R","M","R","B",null],"character_chosen":"IRONCLAD","items_purchased":["Fiend Fire","Feel No Pain"],"campfire_rested":1,"item_purchase_floors":[29,31],"current_hp_per_floor":[67,69,54,60,46,46,36,36,36,36,42,48,52,57,57,39,70,70,70,70,70,67,67,54,54,54,35,35,35,47,47,47,47,72,72,62,62,62,62,36,36,33,33,33,33,33,57,57,57,21],"gold":232,"neow_bonus":"THREE_RARE_CARDS","is_daily":false,"chose_seed":false,"campfire_upgraded":6,"win_rate":0.0,"timestamp":1610506814,"path_taken":["M","M","?","?","M","R","E","R","T","R","M","M","E","?","R","BOSS","M","?","M","M","?","R","E","?","T","E","R","?","M","$","R","BOSS","M","?","M","$","M","E","R","E","T","$","R","?","R","M","R","BOSS"],"items_purchased_type":["Card","Card"],"build_version":"2020-12-22","purchased_purges":3,"victory":true,"max_hp_per_floor":[75,75,75,75,75,75,75,75,75,75,75,75,75,80,80,80,80,80,80,80,80,80,80,80,80,80,80,80,80,80,80,80,80,80,80,80,80,80,80,80,80,80,80,80,80,80,80,80,80,80],"relic_stats":{"counters":[24,124],"Shuriken":[0],"Bag of Preparation":[38],"Art of War":[22],"Nloth\u0027s Gift":1,"obtain_stats":[{"Girya":24,"Anchor":9,"Shuriken":42,"Astrolabe":17,"Philosopher\u0027s Stone":34,"Bag of Preparation":7,"Art of War":13,"Nloth\u0027s Gift":25,"Bag of Marbles":40,"Toxic Egg 2":43,"Burning Blood":0,"Akabeko":27},{"Girya":14,"Anchor":5,"Shuriken":22,"Astrolabe":9,"Philosopher\u0027s Stone":17,"Bag of Preparation":5,"Art of War":8,"Nloth\u0027s Gift":14,"Bag of Marbles":21,"Toxic Egg 2":22,"Burning Blood":0,"Akabeko":15},{"Girya":49,"Anchor":16,"Shuriken":98,"Astrolabe":33,"Philosopher\u0027s Stone":71,"Bag of Preparation":16,"Art of War":24,"Nloth\u0027s Gift":49,"Bag of Marbles":93,"Toxic Egg 2":98,"Burning Blood":0,"Akabeko":56}],"Burning Blood":144},"card_choices":[{"not_picked":["Impervious","Limit Break"],"picked":"Immolate","floor":0.0},{"not_picked":["Power Through","Iron Wave"],"picked":"Shrug It Off","floor":1.0},{"not_picked":["Heavy Blade","Sword Boomerang"],"picked":"Ghostly Armor","floor":2.0},{"not_picked":["Heavy Blade","Dark Embrace"],"picked":"Clothesline","floor":4.0},{"not_picked":["Heavy Blade","Iron Wave"],"picked":"Rampage","floor":5.0},{"not_picked":["Clothesline","Reckless Charge","Anger"],"picked":"SKIP","floor":7.0},{"not_picked":["Warcry","Twin Strike"],"picked":"Dark Embrace","floor":11.0},{"not_picked":["Carnage","Cleave"],"picked":"Seeing Red","floor":12.0},{"not_picked":["Clash","Iron Wave","Heavy Blade"],"picked":"SKIP","floor":13.0},{"not_picked":["Barricade","Impervious"],"picked":"Offering","floor":16.0},{"not_picked":["Clash","Carnage"],"picked":"Body Slam","floor":18.0},{"not_picked":["Heavy Blade","Twin Strike"],"picked":"Burning Pact+1","floor":20.0},{"not_picked":["Anger","Armaments"],"picked":"Bloodletting","floor":21.0},{"not_picked":["Headbutt","Wild Strike+1"],"picked":"Disarm","floor":22.0},{"not_picked":["Clothesline","Berserk"],"picked":"Entrench","floor":24.0},{"not_picked":["Barricade","Thunderclap+1"],"picked":"Impervious","floor":27},{"not_picked":["Warcry","Carnage"],"picked":"Metallicize","floor":30},{"not_picked":["Juggernaut","Feed"],"picked":"Limit Break","floor":33},{"not_picked":["Searing Blow+1","Cleave","Wild Strike"],"picked":"SKIP","floor":35},{"not_picked":["Violence","Sadistic Nature"],"picked":"Secret Technique","floor":36},{"not_picked":["Dramatic Entrance","Magnetism"],"picked":"Thinking Ahead","floor":36},{"not_picked":["HandOfGreed","Jack Of All Trades"],"picked":"Flash of Steel","floor":36},{"not_picked":["Twin Strike","Inflame+1"],"picked":"Entrench+1","floor":37},{"not_picked":["Clothesline","True Grit","Dual Wield"],"picked":"SKIP","floor":39},{"not_picked":["Flex","Thunderclap+1"],"picked":"Rupture","floor":40},{"not_picked":["Headbutt+1","Feel No Pain"],"picked":"Power Through","floor":42},{"not_picked":["Immolate","Thunderclap"],"picked":"Disarm+1","floor":48}],"player_experience":206774,"relics_obtained":[{"floor":7.0,"key":"Bag of Preparation"},{"floor":9.0,"key":"Anchor"},{"floor":13.0,"key":"Art of War"},{"floor":24.0,"key":"Girya"},{"floor":27,"key":"Akabeko"},{"floor":40,"key":"Bag of Marbles"},{"floor":42,"key":"Shuriken"},{"floor":43,"key":"Toxic Egg 2"}],"event_choices":[{"damage_healed":0.0,"max_hp_gain":0.0,"max_hp_loss":0.0,"gold_gain":0.0,"event_name":"Shining Light","player_choice":"Entered Light","floor":3.0,"gold_loss":0.0,"damage_taken":15.0,"cards_upgraded":["Defend_R","Strike_R"]},{"damage_healed":0.0,"max_hp_gain":5.0,"max_hp_loss":0.0,"gold_gain":0.0,"event_name":"Big Fish","player_choice":"Donut","floor":14.0,"gold_loss":0.0,"damage_taken":0.0},{"damage_healed":0.0,"max_hp_gain":0.0,"max_hp_loss":0.0,"gold_gain":0.0,"event_name":"Accursed Blacksmith","player_choice":"Forge","floor":19.0,"gold_loss":0.0,"damage_taken":0.0,"cards_upgraded":["Dark Embrace"]},{"damage_healed":0.0,"max_hp_gain":0.0,"max_hp_loss":0.0,"gold_gain":0.0,"event_name":"N\u0027loth","player_choice":"Traded Relic","floor":25.0,"relics_lost":["Astrolabe"],"gold_loss":0.0,"damage_taken":0.0,"relics_obtained":["Nloth\u0027s Gift"]},{"damage_healed":0,"gold_gain":0,"player_choice":"Memory 3","damage_taken":10,"max_hp_gain":0,"max_hp_loss":0,"event_name":"SensoryStone","floor":36,"gold_loss":0},{"cards_removed":["Bloodletting"],"damage_healed":0,"gold_gain":0,"player_choice":"Removed Skill","damage_taken":0,"max_hp_gain":0,"max_hp_loss":0,"event_name":"Falling","floor":46,"gold_loss":0}],"is_beta":false,"boss_relics":[{"not_picked":["Snecko Eye","Fusion Hammer"],"picked":"Astrolabe"},{"not_picked":["Black Star","Runic Dome"],"picked":"Philosopher\u0027s Stone"}],"items_purged_floors":[29,38,44],"is_endless":false,"potions_floor_spawned":[4,11,12,13,16,20,24,30,40,48],"ascension_level":14}}