{"host":"gquo1rsrdiuo0hhv","time":1610547446,"event":{"mods":["Act Like it!","BaseMod","Colored Powertips","Minty Spire (QoL Compilation)","StSLib"],"gold_per_floor":[117,117,117,130,141,169,169,194,217,217,235,50,50,78,78,180,180,200,200,219,100,116,149,149,181,181,181,192,192,212,246,246,349,349,360,371,371,371],"floor_reached":37,"language":"ENG","playtime":2590,"items_purged":["Eruption"],"score":574,"play_id":"9ec0cd4b-cde2-477f-b0a3-01056cfef259","local_time":"20210113211726","is_ascension_mode":true,"campfire_choices":[{"floor":10.0,"key":"RECALL"},{"floor":13.0,"key":"REST"},{"floor":15.0,"key":"REST"},{"floor":24.0,"key":"REST"},{"floor":27.0,"key":"REST"},{"floor":32.0,"key":"REST"}],"circlet_count":0,"master_deck":["Strike_P","Strike_P","Strike_P","Defend_P","Defend_P","Defend_P","Defend_P","Vigilance+1","ThirdEye","Finesse","ReachHeaven","DeceiveReality","Weave","Nirvana","LikeWater","Apotheosis","PathToVictory","Devotion","CurseOfTheBell","Evaluate","Wireheading","Prostrate","ClearTheMind+1","SpiritShield","Decay","SandsOfTime+1","Scrawl","Establishment","BattleHymn+1","PathToVictory+1","Evaluate+1"],"relics":["PureWater","Damaru","Centennial Puzzle","Bottled Flame","Smiling Mask","Calling Bell","Akabeko","White Beast Statue","Turnip","PreservedInsect","Kunai","FossilizedHelix","Prayer Wheel","SlaversCollar"],"acts_visited":["Exordium","TheCity","TheBeyond"],"potions_floor_usage":[35,37],"damage_taken":[{"damage":15.0,"enemies":"Jaw Worm","floor":1.0,"turns":6.0},{"damage":0.0,"enemies":"2 Louse","floor":4.0,"turns":4.0},{"damage":0.0,"enemies":"Cultist","floor":5.0,"turns":3.0},{"damage":9.0,"enemies":"3 Sentries","floor":6.0,"turns":11.0},{"damage":2.0,"enemies":"Lagavulin","floor":8.0,"turns":7.0},{"damage":0.0,"enemies":"Blue Slaver","floor":11.0,"turns":3.0},{"damage":37.0,"enemies":"Gremlin Nob","floor":14.0,"turns":5.0},{"damage":0.0,"enemies":"Slime Boss","floor":16.0,"turns":10.0},{"damage":13.0,"enemies":"Shell Parasite","floor":18.0,"turns":8.0},{"damage":12.0,"enemies":"Spheric Guardian","floor":20.0,"turns":5.0},{"damage":10.0,"enemies":"Snake Plant","floor":22.0,"turns":6.0},{"damage":19.0,"enemies":"Slavers","floor":23.0,"turns":7.0},{"damage":8.0,"enemies":"Gremlin Leader","floor":25.0,"turns":5.0},{"damage":0.0,"enemies":"Centurion and Healer","floor":28.0,"turns":6.0},{"damage":22.0,"enemies":"Cultist and Chosen","floor":30.0,"turns":9.0},{"damage":20.0,"enemies":"Slavers","floor":31.0,"turns":6.0},{"damage":0.0,"enemies":"Champ","floor":33.0,"turns":11.0},{"damage":9,"enemies":"3 Shapes","floor":35,"turns":5},{"damage":6,"enemies":"Orb Walker","floor":36,"turns":4},{"damage":76,"enemies":"2 Orb Walkers","floor":37,"turns":4}],"seed_played":"-2626216171411782335","potions_obtained":[{"floor":4.0,"key":"Block Potion"},{"floor":5.0,"key":"SteroidPotion"},{"floor":8.0,"key":"Swift Potion"},{"floor":16.0,"key":"Fire Potion"},{"floor":18.0,"key":"BottledMiracle"},{"floor":20.0,"key":"PowerPotion"},{"floor":22.0,"key":"SkillPotion"},{"floor":23.0,"key":"SteroidPotion"},{"floor":25.0,"key":"EntropicBrew"},{"floor":28.0,"key":"Strength Potion"},{"floor":30.0,"key":"LiquidMemories"},{"floor":31.0,"key":"BottledMiracle"},{"floor":33.0,"key":"Ancient Potion"},{"floor":35,"key":"Regen Potion"},{"floor":36,"key":"BlessingOfTheForge"}],"is_trial":false,"path_per_floor":["M","?","?","M","M","E","?","E","T","R","M","$","R","E","R","B",null,"M","?","M","$","M","E","R","E","T","R","M","?","M","E","R","B",null,"M","M","?"],"character_chosen":"WATCHER","items_purchased":["Apotheosis","Wireheading"],"campfire_rested":5,"item_purchase_floors":[12,21],"current_hp_per_floor":[57,57,57,57,57,48,45,43,43,43,43,43,64,27,48,48,72,59,59,47,47,37,18,39,31,31,52,52,52,30,10,31,31,72,63,57,0,0],"gold":371,"neow_bonus":"UPGRADE_CARD","is_daily":false,"chose_seed":false,"campfire_upgraded":0,"win_rate":0.0,"timestamp":1610547446,"path_taken":["M","?","?","?","M","E","?","E","T","R","M","$","R","E","R","BOSS","M","?","M","$","?","E","R","E","T","R","M","?","M","E","R","BOSS","M","?","?"],"items_purchased_type":["Card","Card"],"build_version":"2020-12-22","purchased_purges":1,"victory":false,"max_hp_per_floor":[72,72,72,72,72,72,72,72,72,72,72,72,72,72,72,72,72,72,72,72,72,72,72,72,72,72,72,72,72,72,72,72,72,72,72,72,72,72],"card_choices":[{"not_picked":["EmptyFist","FlyingSleeves","Conclude"],"picked":"SKIP","floor":1.0},{"not_picked":["Conclude","FollowUp"],"picked":"ReachHeaven","floor":4.0},{"not_picked":["CutThroughFate","EmptyFist"],"picked":"DeceiveReality","floor":5.0},{"not_picked":["SignatureMove","FollowUp"],"picked":"Weave","floor":6.0},{"not_picked":["Protect","Tantrum"],"picked":"Nirvana","floor":8.0},{"not_picked":["FollowUp","FlyingSleeves"],"picked":"LikeWater","floor":11.0},{"not_picked":["BowlingBash","Blasphemy"],"picked":"PathToVictory","floor":14.0},{"not_picked":["Omniscience","LessonLearned"],"picked":"Devotion","floor":16.0},{"not_picked":["EmptyMind+1","CarveReality","FlurryOfBlows"],"picked":"SKIP","floor":18.0},{"not_picked":["Perseverance+1","Vengeance"],"picked":"Evaluate","floor":20.0},{"not_picked":["Tantrum","CutThroughFate"],"picked":"Prostrate","floor":22.0},{"not_picked":["FollowUp","WreathOfFlame","JustLucky"],"picked":"SKIP","floor":23.0},{"not_picked":["Prostrate+1","FlurryOfBlows"],"picked":"ClearTheMind+1","floor":25.0},{"not_picked":["Prostrate","ClearTheMind"],"picked":"SpiritShield","floor":28.0},{"not_picked":["WindmillStrike+1","Collect"],"picked":"SandsOfTime+1","floor":30.0},{"not_picked":["FearNoEvil","MentalFortress"],"picked":"Scrawl","floor":31.0},{"not_picked":["Devotion","Omniscience"],"picked":"Establishment","floor":33.0},{"not_picked":["Consecrate","Collect"],"picked":"BattleHymn+1","floor":35},{"not_picked":["EmptyFist+1","Pray","CrushJoints+1"],"picked":"SKIP","floor":35},{"not_picked":["Collect","CutThroughFate+1"],"picked":"PathToVictory+1","floor":36},{"not_picked":["PathToVictory+1","FollowUp+1"],"picked":"Evaluate+1","floor":36}],"player_experience":379923,"relics_obtained":[{"floor":6.0,"key":"Damaru"},{"floor":8.0,"key":"Bottled Flame"},{"floor":14.0,"key":"Smiling Mask"},{"floor":17.0,"key":"Akabeko"},{"floor":17.0,"key":"White Beast Statue"},{"floor":17.0,"key":"Turnip"},{"floor":23.0,"key":"PreservedInsect"},{"floor":25.0,"key":"Kunai"},{"floor":26.0,"key":"FossilizedHelix"},{"floor":31.0,"key":"Prayer Wheel"}],"event_choices":[{"damage_healed":0.0,"max_hp_gain":0.0,"max_hp_loss":0.0,"gold_gain":0.0,"cards_transformed":["Strike_P"],"event_name":"Living Wall","player_choice":"Change","floor":2.0,"gold_loss":0.0,"damage_taken":0.0,"cards_obtained":["ThirdEye"]},{"damage_healed":0.0,"max_hp_gain":0.0,"max_hp_loss":0.0,"gold_gain":0.0,"event_name":"Match and Keep!","player_choice":"1 cards matched","floor":3.0,"gold_loss":0.0,"damage_taken":0.0,"cards_obtained":["Finesse"]},{"damage_healed":0.0,"max_hp_gain":0.0,"max_hp_loss":0.0,"gold_gain":0.0,"event_name":"Scrap Ooze","player_choice":"Success","floor":7.0,"gold_loss":0.0,"damage_taken":3.0,"relics_obtained":["Centennial Puzzle"]},{"damage_healed":0.0,"max_hp_gain":0.0,"max_hp_loss":0.0,"gold_gain":0.0,"event_name":"The Woman in Blue","player_choice":"Bought 0 Potions","floor":19.0,"gold_loss":0.0,"damage_taken":0.0},{"damage_healed":0.0,"max_hp_gain":0.0,"max_hp_loss":0.0,"gold_gain":0.0,"event_name":"Wheel of Change","player_choice":"Cursed","floor":29.0,"gold_loss":0.0,"damage_taken":0.0,"cards_obtained":["Decay"]},{"damage_healed":0,"gold_gain":0,"player_choice":"Fight","damage_taken":0,"max_hp_gain":0,"max_hp_loss":0,"event_name":"Mysterious Sphere","floor":37,"gold_loss":0}],"is_beta":false,"boss_relics":[{"not_picked":["VioletLotus","Empty Cage"],"picked":"Calling Bell"},{"not_picked":["Black Star","Astrolabe"],"picked":"SlaversCollar"}],"items_purged_floors":[21],"is_endless":false,"potions_floor_spawned":[4,5,8,16,18,20,22,23,25,28,30,31,33,35,36],"killed_by":"2 Orb Walkers","ascension_level":1}}