{"host":"0vlubjftylzdr3ny","time":1610579841,"event":{"mods":["Always Whale","BaseMod","GifTheSpireLib","Minty Spire (QoL Compilation)","Relic Filter","StSLib","Stuff the Spire"],"gold_per_floor":[111,128,142,156,9,9,20,20,45,45,75,75,107,123,123,219,219,233,247,57,73,83,111,111,146,225,254,254,271,271,299,299,398,398,416,416,416],"floor_reached":36,"language":"ENG","playtime":4055,"items_purged":["Strike_R"],"score":554,"play_id":"c3e93702-2933-4d34-af31-5e014fd491f2","local_time":"20210114001721","is_ascension_mode":true,"campfire_choices":[{"data":"Rampage","floor":6,"key":"SMITH"},{"data":"Entrench","floor":8,"key":"SMITH"},{"data":"Flame Barrier","floor":12,"key":"SMITH"},{"data":"Disarm","floor":15,"key":"SMITH"},{"data":"True Grit","floor":24,"key":"SMITH"},{"data":"Barricade","floor":28,"key":"SMITH"},{"data":"Shrug It Off","floor":32,"key":"SMITH"}],"circlet_count":0,"master_deck":["Strike_R","Strike_R","Defend_R","Defend_R","Defend_R","Bash","Shrug It Off+1","Rampage+1","Entrench+1","Disarm+1","Flame Barrier+1","Headbutt","Barricade+1","True Grit+1"],"relics":["Burning Blood","Membership Card","Potion Belt","StuffTheSpire:CocoNut","Orichalcum","Runic Pyramid","Oddly Smooth Stone","Juzu Bracelet","StuffTheSpire:NeowsTribute","StuffTheSpire:EmeraldSignet","Molten Egg 2","StuffTheSpire:Experiment12","Enchiridion","InkBottle","SlaversCollar"],"acts_visited":["Exordium","TheCity","TheBeyond"],"potions_floor_usage":[4,11,11,21,22,23,23,36,36],"damage_taken":[{"damage":6,"enemies":"Cultist","floor":1,"turns":3},{"damage":0,"enemies":"2 Louse","floor":2,"turns":4},{"damage":2,"enemies":"Jaw Worm","floor":3,"turns":4},{"damage":15,"enemies":"Exordium Thugs","floor":4,"turns":5},{"damage":0,"enemies":"2 Fungi Beasts","floor":7,"turns":3},{"damage":8,"enemies":"Gremlin Nob","floor":11,"turns":3},{"damage":39,"enemies":"3 Sentries","floor":13,"turns":10},{"damage":1,"enemies":"Looter","floor":14,"turns":3},{"damage":10,"enemies":"The Guardian","floor":16,"turns":13},{"damage":0,"enemies":"3 Byrds","floor":18,"turns":5},{"damage":6,"enemies":"Shell Parasite","floor":19,"turns":10},{"damage":10,"enemies":"Centurion and Healer","floor":21,"turns":8},{"damage":33,"enemies":"3 Cultists","floor":22,"turns":7},{"damage":45,"enemies":"Slavers","floor":23,"turns":7},{"damage":3,"enemies":"Book of Stabbing","floor":25,"turns":6},{"damage":9,"enemies":"Gremlin Leader","floor":27,"turns":9},{"damage":0,"enemies":"Cultist and Chosen","floor":29,"turns":8},{"damage":9,"enemies":"Slavers","floor":31,"turns":9},{"damage":0,"enemies":"Automaton","floor":33,"turns":13},{"damage":4,"enemies":"3 Shapes","floor":35,"turns":4},{"damage":90,"enemies":"2 Orb Walkers","floor":36,"turns":5}],"seed_played":"5992813790311588455","potions_obtained":[{"floor":1,"key":"DistilledChaos"},{"floor":3,"key":"ColorlessPotion"},{"floor":7,"key":"Energy Potion"},{"floor":14,"key":"Regen Potion"},{"floor":18,"key":"Weak Potion"},{"floor":21,"key":"Fire Potion"},{"floor":22,"key":"SteroidPotion"},{"floor":27,"key":"Dexterity Potion"},{"floor":33,"key":"DuplicationPotion"}],"is_trial":false,"path_per_floor":["M","M","M","M","$","R","M","R","T","?","E","R","E","M","R","B",null,"M","M","$","M","M","E","R","E","T","E","R","M","?","E","R","B",null,"M","?"],"character_chosen":"IRONCLAD","items_purchased":["Membership Card","Oddly Smooth Stone","Juzu Bracelet"],"campfire_rested":0,"item_purchase_floors":[5,20,20],"current_hp_per_floor":[56,62,66,57,57,57,63,63,63,63,68,68,35,40,40,36,87,87,87,87,83,56,32,32,35,35,46,46,56,40,47,47,53,87,87,0,0],"gold":416,"neow_bonus":"REMOVE_TWO","is_daily":false,"chose_seed":false,"campfire_upgraded":7,"win_rate":0.0,"timestamp":1610579841,"path_taken":["M","M","M","M","$","R","M","R","T","?","E","R","E","M","R","BOSS","M","M","$","M","M","E","R","E","T","E","R","M","?","E","R","BOSS","M","?"],"items_purchased_type":["Relic","Relic","Relic"],"build_version":"2020-12-22","purchased_purges":1,"victory":false,"max_hp_per_floor":[80,80,80,80,80,80,80,80,80,80,87,87,87,87,87,87,87,87,87,87,87,87,87,87,87,87,87,87,87,87,87,87,87,87,87,87,87],"card_choices":[{"not_picked":["Sever Soul","Dark Embrace"],"picked":"Shrug It Off","floor":1},{"not_picked":["StuffTheSpire:Slingshot","Iron Wave"],"picked":"Rampage","floor":2},{"not_picked":["StuffTheSpire:Pyroclast","Thunderclap"],"picked":"Entrench","floor":3},{"not_picked":["Cleave","Heavy Blade"],"picked":"Disarm","floor":4},{"not_picked":["Brutality","StuffTheSpire:Incineration","Inflame"],"picked":"SKIP","floor":7},{"not_picked":["StuffTheSpire:RagingBull","Rupture"],"picked":"Flame Barrier","floor":11},{"not_picked":["Bloodletting","Cleave"],"picked":"Headbutt","floor":13},{"not_picked":["Twin Strike","Havoc","Headbutt"],"picked":"SKIP","floor":14},{"not_picked":["Reaper","Impervious"],"picked":"Barricade","floor":16},{"not_picked":["Iron Wave","Fire Breathing"],"picked":"True Grit","floor":18},{"not_picked":["Pommel Strike","StuffTheSpire:Incineration","Iron Wave"],"picked":"SKIP","floor":19},{"not_picked":["StuffTheSpire:Incineration+1","Headbutt","Flame Barrier"],"picked":"SKIP","floor":21},{"not_picked":["StuffTheSpire:RockThrow","Iron Wave","Wild Strike+1"],"picked":"SKIP","floor":22},{"not_picked":["StuffTheSpire:RockThrow","StuffTheSpire:Incineration","Thunderclap"],"picked":"SKIP","floor":23},{"not_picked":["Anger","Heavy Blade+1","True Grit"],"picked":"SKIP","floor":25},{"not_picked":["Heavy Blade+1","Iron Wave+1","Exhume"],"picked":"SKIP","floor":27},{"not_picked":["Seeing Red","Anger+1","Shrug It Off"],"picked":"SKIP","floor":29},{"not_picked":["Sever Soul+1","Brutality","Dropkick+1"],"picked":"SKIP","floor":31},{"not_picked":["Second Wind+1","Cleave+1","StuffTheSpire:RockThrow+1"],"picked":"SKIP","floor":35}],"player_experience":845532,"relics_obtained":[{"floor":9,"key":"Potion Belt"},{"floor":11,"key":"StuffTheSpire:CocoNut"},{"floor":13,"key":"Orichalcum"},{"floor":23,"key":"StuffTheSpire:NeowsTribute"},{"floor":25,"key":"StuffTheSpire:EmeraldSignet"},{"floor":26,"key":"Molten Egg 2"},{"floor":27,"key":"StuffTheSpire:Experiment12"},{"floor":30,"key":"Enchiridion"},{"floor":31,"key":"InkBottle"}],"event_choices":[{"cards_removed":["Strike_R"],"damage_healed":0,"gold_gain":0,"player_choice":"Purged","damage_taken":0,"max_hp_gain":0,"max_hp_loss":0,"event_name":"Purifier","floor":10,"gold_loss":0},{"damage_healed":0,"gold_gain":0,"player_choice":"Obtained Book","damage_taken":16,"max_hp_gain":0,"max_hp_loss":0,"event_name":"Cursed Tome","floor":30,"gold_loss":0},{"damage_healed":0,"gold_gain":0,"player_choice":"Fight","damage_taken":0,"max_hp_gain":0,"max_hp_loss":0,"event_name":"Mysterious Sphere","floor":36,"gold_loss":0}],"is_beta":false,"boss_relics":[{"not_picked":["Astrolabe","Fusion Hammer"],"picked":"Runic Pyramid"},{"not_picked":["Cursed Key","Philosopher\u0027s Stone"],"picked":"SlaversCollar"}],"items_purged_floors":[20],"is_endless":false,"potions_floor_spawned":[1,3,7,14,18,21,22,27,33],"killed_by":"2 Orb Walkers","ascension_level":2}}