{"host":"iufxm0obud3l1y1g","time":1610539310,"event":{"mods":["BaseMod","Bestiary","Minty Spire (QoL Compilation)","StSLib","The Marked"],"gold_per_floor":[111,111,186,206,13,48,65,85,85,105,105,124,154,188,188,285,285,299,224,209,209,209,238,238,238],"floor_reached":24,"language":"ENG","playtime":2573,"items_purged":[],"score":276,"play_id":"fbbfa89e-961a-46c8-86d4-072cfaefe3c9","local_time":"20210113060150","is_ascension_mode":false,"campfire_choices":[{"data":"theMarked:AttractMetal","floor":15,"key":"SMITH"}],"circlet_count":0,"master_deck":["theMarked:Strike","theMarked:Strike","theMarked:Strike","theMarked:Strike","theMarked:Strike","theMarked:Defend","theMarked:Defend","theMarked:Defend","theMarked:SoldierOfQuellstein","theMarked:AttractMetal+1","theMarked:WastefulAttack","theMarked:BindingBlade","theMarked:HeritageOfTheMarked","theMarked:Improvise","theMarked:ElectricStrings","theMarked:Aftermath","theMarked:ComboAttacks+1","theMarked:EnhanceMovement","theMarked:TakeOffHeels","theMarked:Generate","theMarked:ElementalBlade","theMarked:RogueSparks+1","theMarked:HeightenedSenses","theMarked:MysticalArsenal+1"],"relics":["theMarked:ArtifactOfAir","NeowsBlessing","Gremlin Horn","Frozen Egg 2","Meat on the Bone","Bag of Preparation","Sozu","Ginger"],"acts_visited":["Exordium","TheCity"],"potions_floor_usage":[10,12,14,16,20],"damage_taken":[{"damage":0,"enemies":"Jaw Worm","floor":1,"turns":1},{"damage":0,"enemies":"2 Louse","floor":4,"turns":1},{"damage":0,"enemies":"Gremlin Nob","floor":6,"turns":1},{"damage":0,"enemies":"Small Slimes","floor":7,"turns":2},{"damage":0,"enemies":"Looter","floor":8,"turns":3},{"damage":0,"enemies":"2 Fungi Beasts","floor":10,"turns":2},{"damage":0,"enemies":"Exordium Thugs","floor":12,"turns":5},{"damage":0,"enemies":"Lagavulin","floor":14,"turns":5},{"damage":24,"enemies":"Hexaghost","floor":16,"turns":9},{"damage":0,"enemies":"3 Byrds","floor":18,"turns":4},{"damage":2,"enemies":"2 Thieves","floor":20,"turns":4},{"damage":59,"enemies":"Book of Stabbing","floor":23,"turns":6},{"damage":25,"enemies":"Chosen and Byrds","floor":24,"turns":3}],"seed_played":"-4796997324352606701","potions_obtained":[{"floor":4,"key":"Dexterity Potion"},{"floor":6,"key":"LiquidMemories"},{"floor":10,"key":"BlessingOfTheForge"},{"floor":12,"key":"Explosive Potion"},{"floor":14,"key":"Block Potion"}],"is_trial":false,"path_per_floor":["M","?","?","M","$","E","M","M","T","M","?","M","?","E","R","B",null,"M","?","M","?","?","E","M"],"character_chosen":"THE_DEFAULT","items_purchased":["theMarked:BindingBlade","theMarked:HeritageOfTheMarked"],"campfire_rested":0,"item_purchase_floors":[5,5],"current_hp_per_floor":[70,70,59,59,59,59,59,59,59,59,52,52,52,52,52,40,70,70,70,68,68,68,21,0,0],"gold":238,"neow_bonus":"THREE_ENEMY_KILL","is_daily":false,"chose_seed":false,"campfire_upgraded":1,"win_rate":0.0,"timestamp":1610539310,"path_taken":["M","?","?","M","$","E","M","M","T","M","?","M","?","E","R","BOSS","M","?","M","?","?","E","?"],"items_purchased_type":["Card","Card"],"build_version":"2020-12-22","purchased_purges":0,"victory":false,"max_hp_per_floor":[70,70,70,70,70,70,70,70,70,70,70,70,70,70,70,70,70,70,70,70,70,70,70,70,70],"card_choices":[{"not_picked":["theMarked:EmpowerWeapon","theMarked:KeepCalmAndFightOn"],"picked":"theMarked:AttractMetal","floor":1},{"not_picked":["theMarked:HeightenedSenses","theMarked:Overcharge"],"picked":"theMarked:WastefulAttack","floor":4},{"not_picked":["theMarked:Standoff","theMarked:LightningStrikesTwice"],"picked":"theMarked:Improvise","floor":6},{"not_picked":["theMarked:Overthink","theMarked:RepellingDischarge"],"picked":"theMarked:ElectricStrings","floor":7},{"not_picked":["theMarked:MaelstromOfLightning","theMarked:WardOff"],"picked":"theMarked:Aftermath","floor":8},{"not_picked":["theMarked:Parkour","theMarked:WastefulDefense","theMarked:Frustration"],"picked":"SKIP","floor":10},{"not_picked":["theMarked:TakeCover","theMarked:SwordAndMagic"],"picked":"theMarked:ComboAttacks+1","floor":12},{"not_picked":["theMarked:Seal","theMarked:Static"],"picked":"theMarked:EnhanceMovement","floor":14},{"not_picked":["theMarked:MuscleMemory","theMarked:UnarmedFury"],"picked":"theMarked:TakeOffHeels","floor":16},{"not_picked":["theMarked:WastefulAttack","theMarked:SwordAndMagic"],"picked":"theMarked:Generate","floor":18},{"not_picked":["theMarked:Electrify","theMarked:Convert"],"picked":"theMarked:ElementalBlade","floor":20},{"not_picked":["theMarked:HeightenedSenses+1","theMarked:BanishingStrike+1"],"picked":"theMarked:MysticalArsenal+1","floor":23}],"player_experience":14227,"relics_obtained":[{"floor":6,"key":"Gremlin Horn"},{"floor":9,"key":"Frozen Egg 2"},{"floor":14,"key":"Bag of Preparation"},{"floor":23,"key":"Ginger"}],"event_choices":[{"damage_healed":0,"gold_gain":0,"player_choice":"Leave","damage_taken":0,"max_hp_gain":0,"max_hp_loss":0,"event_name":"The Cleric","floor":2,"gold_loss":0},{"damage_healed":0,"gold_gain":75,"player_choice":"Gather Gold","damage_taken":11,"max_hp_gain":0,"max_hp_loss":0,"event_name":"World of Goop","floor":3,"gold_loss":0},{"damage_healed":0,"gold_gain":0,"player_choice":"Success","damage_taken":7,"relics_obtained":["Meat on the Bone"],"max_hp_gain":0,"max_hp_loss":0,"event_name":"Scrap Ooze","floor":11,"gold_loss":0},{"damage_healed":0,"gold_gain":30,"player_choice":"Searched \u00271\u0027 times","damage_taken":0,"max_hp_gain":0,"max_hp_loss":0,"event_name":"Dead Adventurer","floor":13,"gold_loss":0},{"cards_removed":["theMarked:Defend"],"damage_healed":0,"gold_gain":0,"player_choice":"Gave Gold","damage_taken":0,"max_hp_gain":0,"max_hp_loss":0,"event_name":"Beggar","floor":19,"gold_loss":75},{"damage_healed":0,"gold_gain":0,"player_choice":"Ignored","damage_taken":0,"max_hp_gain":0,"max_hp_loss":0,"event_name":"Vampires","floor":21,"gold_loss":0},{"damage_healed":0,"gold_gain":0,"player_choice":"2 cards matched","damage_taken":0,"max_hp_gain":0,"max_hp_loss":0,"event_name":"Match and Keep!","floor":22,"gold_loss":0,"cards_obtained":["theMarked:RogueSparks","theMarked:HeightenedSenses"]}],"is_beta":false,"boss_relics":[{"not_picked":["Runic Dome","Philosopher\u0027s Stone"],"picked":"Sozu"}],"items_purged_floors":[],"is_endless":false,"potions_floor_spawned":[4,6,10,12,14],"killed_by":"Chosen and Byrds","ascension_level":0}}