{"host":"0tyekvnd8380d52o","time":1610551536,"event":{"mods":["Arknights The Spire","BaseMod","Minty Spire (QoL Compilation)","Shop Mod","StSLib","simple"],"gold_per_floor":[117,136,86,86,104,133,168,168,218,244,0,0,11,37,37,37,37],"floor_reached":16,"language":"ZHS","playtime":940,"items_purged":[],"score":128,"play_id":"09350a74-dbf2-41ea-aadf-6de3b04e4a77","local_time":"20210113232536","daily_mods":["Draft","Heirloom","Flight","DeadlyEvents"],"is_ascension_mode":false,"campfire_choices":[{"floor":8,"key":"REST"},{"data":"ats:True Silver Slash","floor":12,"key":"SMITH"},{"floor":15,"key":"REST"}],"circlet_count":0,"master_deck":["ats:Shell Defense","ats:Revitalization","ats:Sword Rain","ats:Thorns","ats:Steam Pump","ats:Curse Doll","ats:Cat Scratch","ats:Assault Order","ats:Hook Shot","ats:Flexible Camouflage","ats:Hammer On","ats:Childhood Dance+1","ats:Cat Scratch","ats:Red Shift","ats:Apocalypse","ats:Healing Strengthening","ats:True Silver Slash+1","ats:Fractured Body"],"relics":["ats:Sanity","Girya","ats:Originium","Question Card","Happy Flower","Potion Belt","Torii","White Beast Statue","ats:Ability Aura"],"acts_visited":["Exordium"],"potions_floor_usage":[16,16],"damage_taken":[{"damage":0,"enemies":"Small Slimes","floor":1,"turns":2},{"damage":1,"enemies":"2 Louse","floor":2,"turns":3},{"damage":8,"enemies":"Jaw Worm","floor":5,"turns":2},{"damage":17,"enemies":"3 Sentries","floor":6,"turns":7},{"damage":44,"enemies":"Gremlin Nob","floor":7,"turns":6},{"damage":40,"enemies":"Lagavulin","floor":10,"turns":8},{"damage":12,"enemies":"Looter","floor":13,"turns":4},{"damage":19,"enemies":"3 Sentries","floor":14,"turns":3},{"damage":30,"enemies":"The Guardian","floor":16,"turns":4}],"seed_played":"179946690051740326","potions_obtained":[{"floor":2,"key":"LiquidMemories"},{"floor":6,"key":"SneckoOil"},{"floor":7,"key":"DuplicationPotion"},{"floor":13,"key":"BlessingOfTheForge"},{"floor":14,"key":"Dexterity Potion"}],"is_trial":true,"path_per_floor":["M","M","?","?","M","E","E","R","T","E","$","R","M","E","R","B"],"character_chosen":"DOCTOR_CLASS","items_purchased":["White Beast Statue"],"campfire_rested":2,"item_purchase_floors":[11],"current_hp_per_floor":[72,71,71,71,63,48,13,34,34,19,19,19,15,1,22,0,0],"gold":37,"neow_bonus":"","is_daily":false,"chose_seed":false,"campfire_upgraded":1,"win_rate":0.0,"timestamp":1610551536,"path_taken":["M","M","?","?","M","E","E","R","T","?","$","R","?","?","R","BOSS"],"items_purchased_type":["Relic"],"build_version":"2020-12-22","purchased_purges":0,"victory":false,"max_hp_per_floor":[72,72,72,72,72,72,72,72,72,72,72,72,72,72,72,72,72],"card_choices":[{"not_picked":["ats:Ignite","ats:Leaping Hammer"],"picked":"ats:Shell Defense","floor":0},{"not_picked":["ats:Shell Defense","ats:Leaping Hammer"],"picked":"ats:Revitalization","floor":0},{"not_picked":["ats:Rapid Magazine","ats:Ignite"],"picked":"ats:Sword Rain","floor":0},{"not_picked":["ats:Consecutive Shot Auto","ats:Shell Defense"],"picked":"ats:Thorns","floor":0},{"not_picked":["ats:Explosion Area Strengthen","ats:Ignite"],"picked":"ats:Steam Pump","floor":0},{"not_picked":["ats:Assault Order","ats:Shell Defense"],"picked":"ats:Curse Doll","floor":0},{"not_picked":["ats:Apocalypse","ats:Magnetic Hammer"],"picked":"ats:Cat Scratch","floor":0},{"not_picked":["ats:Directed Diagnosis","ats:LN2 Cannon"],"picked":"ats:Assault Order","floor":0},{"not_picked":["ats:Chain Hook","ats:Curse Doll"],"picked":"ats:Hook Shot","floor":0},{"not_picked":["ats:Guardian Obelisk","ats:Hammer On"],"picked":"ats:Flexible Camouflage","floor":0},{"not_picked":["ats:Consecutive Shot Auto","ats:Childhood Dance"],"picked":"ats:Hammer On","floor":0},{"not_picked":["ats:Curse Doll","ats:Automatic Cover"],"picked":"ats:Childhood Dance","floor":0},{"not_picked":["ats:Flexible Camouflage","ats:Poison Spread"],"picked":"ats:Cat Scratch","floor":0},{"not_picked":["ats:Cat Scratch","ats:Blood Oath"],"picked":"ats:Powerful Strike","floor":0},{"not_picked":["ats:Flexible Camouflage","ats:LN2 Cannon"],"picked":"ats:Red Shift","floor":0},{"not_picked":["ats:Powerful Strike","ats:Defend Order","ats:Flame Of Heaven"],"picked":"SKIP","floor":1},{"not_picked":["ats:Assault Order","ats:Poison Spread","ats:Powerful Strike"],"picked":"SKIP","floor":2},{"not_picked":["ats:Neurotoxin","ats:Ignite","ats:Explosion Area Strengthen"],"picked":"SKIP","floor":5},{"not_picked":["ats:Shell Defense","ats:Healing Drone"],"picked":"ats:Apocalypse","floor":6},{"not_picked":["ats:Shell Defense","ats:Cat Scratch","ats:Curse Doll"],"picked":"ats:Healing Strengthening","floor":7},{"not_picked":["ats:Demon Strength","ats:Thermite Blade","ats:Leaping Hammer"],"picked":"ats:True Silver Slash","floor":10},{"not_picked":["ats:Childhood Dance","ats:Steam Pump","ats:Poison Spread","ats:Flexible Camouflage"],"picked":"SKIP","floor":13},{"not_picked":["ats:Composite Medical Shells","ats:Poison Spread","ats:Sword Rain"],"picked":"ats:Fractured Body","floor":14}],"player_experience":161854,"relics_obtained":[{"floor":6,"key":"ats:Originium"},{"floor":6,"key":"Question Card"},{"floor":7,"key":"ats:Originium"},{"floor":7,"key":"Happy Flower"},{"floor":9,"key":"Potion Belt"},{"floor":10,"key":"ats:Originium"},{"floor":10,"key":"Torii"},{"floor":14,"key":"ats:Ability Aura"}],"event_choices":[{"cards_removed":["ats:Powerful Strike"],"damage_healed":0,"gold_gain":0,"player_choice":"Card Removal","damage_taken":0,"max_hp_gain":0,"max_hp_loss":0,"event_name":"The Cleric","floor":3,"gold_loss":50},{"damage_healed":0,"gold_gain":0,"player_choice":"Grow","damage_taken":0,"max_hp_gain":0,"max_hp_loss":0,"event_name":"Living Wall","floor":4,"gold_loss":0,"cards_upgraded":["ats:Childhood Dance"]}],"is_beta":false,"boss_relics":[],"items_purged_floors":[],"is_endless":false,"potions_floor_spawned":[2,6,7,13,14],"killed_by":"The Guardian","ascension_level":0}}