{"host":"sav7uxregyirlf69","time":1610575202,"event":{"mods":["AchievementEnabler","BaseMod","Colored Map","DeckTracker","Keyboard Shortcuts","Minty Spire (QoL Compilation)","READ ME - Guardian Mod","StSLib","SuperFastMode"],"gold_per_floor":[113,113,127,142,166,166,180,180,180,180,203,241,89,112,112,112,112],"floor_reached":16,"language":"KOR","playtime":231,"items_purged":["Strike_G"],"score":204,"play_id":"c2079242-256d-4a11-8d1e-fb83558a7908","local_time":"20210114070002","is_ascension_mode":true,"campfire_choices":[{"data":"Terror","floor":6,"key":"SMITH"},{"data":"Neutralize","floor":8,"key":"SMITH"},{"data":"Blade Dance","floor":10,"key":"SMITH"},{"data":"Glass Knife","floor":15,"key":"SMITH"}],"circlet_count":0,"master_deck":["AscendersBane","Strike_G","Strike_G","Strike_G","Strike_G","Defend_G","Defend_G","Defend_G","Defend_G","Defend_G","Survivor","Neutralize+1","Blade Dance+1","Terror+1","Backflip","Glass Knife+1","Noxious Fumes"],"relics":["Ring of the Snake","NeowsBlessing","Golden Idol","Pen Nib","Mango","Ancient Tea Set"],"acts_visited":["Exordium"],"potions_floor_usage":[12],"damage_taken":[{"damage":0,"enemies":"Small Slimes","floor":1,"turns":1},{"damage":0,"enemies":"Jaw Worm","floor":3,"turns":1},{"damage":0,"enemies":"Cultist","floor":4,"turns":1},{"damage":3,"enemies":"Exordium Wildlife","floor":7,"turns":4},{"damage":6,"enemies":"3 Louse","floor":11,"turns":4},{"damage":16,"enemies":"Gremlin Nob","floor":12,"turns":4},{"damage":0,"enemies":"Looter","floor":14,"turns":3},{"damage":50,"enemies":"Slime Boss","floor":16,"turns":7}],"seed_played":"2772425609638951069","potions_obtained":[{"floor":4,"key":"FearPotion"},{"floor":7,"key":"FairyPotion"}],"is_trial":false,"path_per_floor":["M","?","M","M","T","R","M","R","T","R","M","E","$","M","R","B"],"character_chosen":"THE_SILENT","items_purchased":["Noxious Fumes"],"campfire_rested":0,"item_purchase_floors":[13],"current_hp_per_floor":[59,36,36,36,36,36,33,33,47,47,41,25,25,25,25,0,0],"gold":112,"neow_bonus":"THREE_ENEMY_KILL","is_daily":false,"chose_seed":false,"campfire_upgraded":4,"win_rate":0.0,"timestamp":1610575202,"path_taken":["M","?","M","M","?","R","M","R","T","R","M","E","$","M","R","BOSS"],"items_purchased_type":["Card"],"build_version":"2020-12-22","purchased_purges":1,"victory":false,"max_hp_per_floor":[66,66,66,66,66,66,66,66,80,80,80,80,80,80,80,80,80],"card_choices":[{"not_picked":["Bouncing Flask","Outmaneuver"],"picked":"Blade Dance","floor":1},{"not_picked":["Setup","Infinite Blades"],"picked":"Terror","floor":3},{"not_picked":["Bane","Deflect"],"picked":"Backflip","floor":4},{"not_picked":["PiercingWail","Sucker Punch","Cloak And Dagger"],"picked":"SKIP","floor":7},{"not_picked":["Setup","Endless Agony","Deadly Poison"],"picked":"SKIP","floor":11},{"not_picked":["Expertise","Backstab"],"picked":"Glass Knife","floor":12},{"not_picked":["Deadly Poison","Slice","Poisoned Stab"],"picked":"SKIP","floor":14}],"player_experience":1278447,"relics_obtained":[{"floor":5,"key":"Pen Nib"},{"floor":9,"key":"Mango"},{"floor":12,"key":"Ancient Tea Set"}],"event_choices":[{"damage_healed":0,"gold_gain":0,"player_choice":"Take Damage","damage_taken":23,"relics_obtained":["Golden Idol"],"max_hp_gain":0,"max_hp_loss":0,"event_name":"Golden Idol","floor":2,"gold_loss":0}],"is_beta":false,"boss_relics":[],"items_purged_floors":[13],"is_endless":false,"potions_floor_spawned":[4,7,11],"killed_by":"Slime Boss","ascension_level":20}}