{"host":"9l1knhxfturzliqa","time":1610504105,"event":{"mods":["BaseMod","Colored Map","Colored Powertips","DeckTracker","Highlight Path","Keyboard Shortcuts","Minty Spire (QoL Compilation)","Random Character Button"],"gold_per_floor":[15,15,39,57,81,81,112,124,136,98,143,171,183,210,222,328,340,366,398,434,446,458,470,470],"floor_reached":23,"language":"KOR","playtime":1460,"items_purged":[],"score":345,"play_id":"23010f0a-09dc-41f3-a7f6-e655a6c9aa91","local_time":"20210113111505","is_ascension_mode":true,"campfire_choices":[{"data":"Deadly Poison","floor":6.0,"key":"SMITH"},{"data":"Distraction","floor":8.0,"key":"SMITH"},{"floor":15.0,"key":"REST"}],"circlet_count":0,"master_deck":["AscendersBane","Strike_G","Strike_G","Defend_G","Defend_G","Defend_G","Survivor","Neutralize","Dagger Throw","Deadly Poison+1","Distraction+1","Bouncing Flask","Distraction","Acrobatics+1","Blur+1","Cloak And Dagger+1","Night Terror+1","Finisher+1","Accuracy+1","Envenom+1","Outmaneuver+1","Backflip+1","Calculated Gamble+1"],"relics":["Ring of the Snake","Golden Idol","MawBank","Toxic Egg 2","The Specimen","Astrolabe","Orichalcum"],"acts_visited":["Exordium","TheCity"],"potions_floor_usage":[],"damage_taken":[{"damage":0.0,"enemies":"2 Louse","floor":1.0,"turns":4.0},{"damage":1.0,"enemies":"Jaw Worm","floor":3.0,"turns":4.0},{"damage":3.0,"enemies":"Small Slimes","floor":4.0,"turns":5.0},{"damage":8.0,"enemies":"2 Fungi Beasts","floor":5.0,"turns":5.0},{"damage":9.0,"enemies":"3 Sentries","floor":7.0,"turns":8.0},{"damage":32.0,"enemies":"Gremlin Nob","floor":11.0,"turns":4.0},{"damage":9.0,"enemies":"Exordium Thugs","floor":12.0,"turns":5.0},{"damage":0.0,"enemies":"Red Slaver","floor":14.0,"turns":3.0},{"damage":7.0,"enemies":"Hexaghost","floor":16.0,"turns":11.0},{"damage":9.0,"enemies":"3 Byrds","floor":18.0,"turns":4.0},{"damage":7.0,"enemies":"Shell Parasite","floor":19.0,"turns":4.0},{"damage":18.0,"enemies":"Centurion and Healer","floor":20.0,"turns":10.0},{"damage":33,"enemies":"Slavers","floor":23,"turns":3}],"seed_played":"-9123721739163580986","potions_obtained":[{"floor":4.0,"key":"SteroidPotion"},{"floor":5.0,"key":"AttackPotion"},{"floor":11.0,"key":"PowerPotion"},{"floor":14.0,"key":"EssenceOfSteel"},{"floor":16.0,"key":"PowerPotion"}],"is_trial":false,"path_per_floor":["M","?","M","M","M","R","E","R","T","?","E","M","?","M","R","B",null,"M","M","M","?","?","E"],"character_chosen":"THE_SILENT","items_purchased":[],"campfire_rested":1,"item_purchase_floors":[],"current_hp_per_floor":[71,71,70,67,59,59,50,50,50,50,18,9,9,9,30,23,60,51,44,26,26,26,0,0],"gold":470,"neow_bonus":"TWENTY_PERCENT_HP_BONUS","is_daily":false,"chose_seed":false,"campfire_upgraded":2,"win_rate":0.0,"timestamp":1610504105,"path_taken":["M","?","M","M","M","R","E","R","T","?","E","?","?","M","R","BOSS","M","M","M","?","?","E"],"items_purchased_type":[],"build_version":"2020-12-22","purchased_purges":0,"victory":false,"max_hp_per_floor":[78,72,72,72,72,72,72,72,72,72,72,72,72,72,72,72,72,72,72,72,72,72,72,72],"card_choices":[{"not_picked":["Sucker Punch","Reflex"],"picked":"Dagger Throw","floor":1.0},{"not_picked":["Bane","Flechettes"],"picked":"Deadly Poison","floor":3.0},{"not_picked":["Slice","Outmaneuver"],"picked":"Distraction","floor":4.0},{"not_picked":["Acrobatics","Crippling Poison"],"picked":"Bouncing Flask","floor":5.0},{"not_picked":["Footwork","Finisher"],"picked":"Distraction","floor":7.0},{"not_picked":["Deflect+1","Flying Knee"],"picked":"Acrobatics+1","floor":11.0},{"not_picked":["Bouncing Flask+1","Bane"],"picked":"Blur+1","floor":12.0},{"not_picked":["Blade Dance+1","Acrobatics+1"],"picked":"Cloak And Dagger+1","floor":14.0},{"not_picked":["Unload","Glass Knife"],"picked":"Night Terror+1","floor":16.0},{"not_picked":["Deadly Poison+1","Cloak And Dagger+1"],"picked":"Outmaneuver+1","floor":18.0},{"not_picked":["Finisher","Setup+1"],"picked":"Backflip+1","floor":19.0},{"not_picked":["Poisoned Stab+1","Footwork"],"picked":"Calculated Gamble+1","floor":20.0}],"player_experience":418262,"relics_obtained":[{"floor":7.0,"key":"MawBank"},{"floor":9.0,"key":"Toxic Egg 2"},{"floor":11.0,"key":"The Specimen"}],"event_choices":[{"damage_healed":0.0,"max_hp_gain":0.0,"max_hp_loss":6.0,"gold_gain":0.0,"event_name":"Golden Idol","player_choice":"Lose Max HP","floor":2.0,"gold_loss":0.0,"damage_taken":0.0,"relics_obtained":["Golden Idol"]},{"cards_removed":["Strike_G"],"damage_healed":0.0,"max_hp_gain":0.0,"max_hp_loss":0.0,"gold_gain":0.0,"event_name":"The Cleric","player_choice":"Card Removal","floor":10.0,"gold_loss":50.0,"damage_taken":0.0},{"damage_healed":0.0,"max_hp_gain":0.0,"max_hp_loss":0.0,"gold_gain":0.0,"event_name":"Scrap Ooze","player_choice":"Fled","floor":13.0,"gold_loss":0.0,"damage_taken":0.0},{"damage_healed":0.0,"max_hp_gain":0.0,"max_hp_loss":0.0,"gold_gain":0.0,"event_name":"The Mausoleum","player_choice":"Opened","floor":21.0,"gold_loss":0.0,"damage_taken":0.0,"relics_obtained":["Orichalcum"]},{"cards_removed":["Strike_G"],"damage_healed":0.0,"max_hp_gain":0.0,"max_hp_loss":0.0,"gold_gain":0.0,"event_name":"Back to Basics","player_choice":"Elegance","floor":22.0,"gold_loss":0.0,"damage_taken":0.0}],"is_beta":false,"boss_relics":[{"not_picked":["Velvet Choker","Fusion Hammer"],"picked":"Astrolabe"}],"items_purged_floors":[],"is_endless":false,"potions_floor_spawned":[4,5,11,14,16],"killed_by":"Slavers","ascension_level":14}}