{"host":"mmqs5ul2bvb60kyc","time":1610531579,"event":{"mods":["AchievementEnabler","BaseMod","Colored Map","Minty Spire (QoL Compilation)","Quick Restart","StSLib"],"gold_per_floor":[116,116,116,141,17,57,57,57,108,126,144,169,169,187,187,316,316,340,361,361,361,164,164,164,164],"floor_reached":24,"language":"ZHS","playtime":728,"items_purged":["Regret","Strike_R"],"score":390,"play_id":"cf023594-5b00-462c-8efe-95c0fe6f62b3","local_time":"20210113175259","is_ascension_mode":true,"campfire_choices":[{"data":"Barricade","floor":7.0,"key":"SMITH"},{"data":"Body Slam","floor":13.0,"key":"SMITH"},{"data":"Demon Form","floor":15.0,"key":"SMITH"},{"data":"True Grit","floor":23.0,"key":"SMITH"}],"circlet_count":0,"master_deck":["AscendersBane","Strike_R","Strike_R","Defend_R","Defend_R","Defend_R","Defend_R","Bash","Barricade+1","Seeing Red","Body Slam+1","Berserk","Demon Form+1","Impervious","Ghostly Armor","True Grit+1","Impatience"],"relics":["Burning Blood","FossilizedHelix","Golden Idol","Gambling Chip","Pen Nib","Runic Dome"],"acts_visited":["Exordium","TheCity"],"potions_floor_usage":[24,24],"damage_taken":[{"damage":18.0,"enemies":"Jaw Worm","floor":1.0,"turns":6.0},{"damage":4.0,"enemies":"Small Slimes","floor":4.0,"turns":5.0},{"damage":32.0,"enemies":"Lagavulin","floor":6.0,"turns":11.0},{"damage":1.0,"enemies":"2 Louse","floor":10.0,"turns":3.0},{"damage":11.0,"enemies":"Looter","floor":11.0,"turns":4.0},{"damage":0.0,"enemies":"Large Slime","floor":14.0,"turns":6.0},{"damage":0.0,"enemies":"Slime Boss","floor":16.0,"turns":7.0},{"damage":0.0,"enemies":"Chosen","floor":18.0,"turns":5.0},{"damage":6.0,"enemies":"3 Byrds","floor":19.0,"turns":5.0},{"damage":58,"enemies":"Book of Stabbing","floor":24,"turns":5}],"seed_played":"-2208513159456070991","potions_obtained":[{"floor":4.0,"key":"Block Potion"},{"floor":6.0,"key":"ElixirPotion"},{"floor":11.0,"key":"ElixirPotion"},{"floor":19.0,"key":"DistilledChaos"}],"is_trial":false,"path_per_floor":["M","?","?","M","$","E","R","?","T","M","M","T","R","M","R","B",null,"M","M","?","?","$","R","E"],"character_chosen":"IRONCLAD","items_purchased":["Body Slam","Impatience"],"campfire_rested":0,"item_purchase_floors":[5,22],"current_hp_per_floor":[60,60,60,62,62,36,36,36,36,41,36,36,36,42,42,48,62,67,67,55,55,55,55,0,0],"gold":164,"neow_bonus":"THREE_RARE_CARDS","is_daily":false,"chose_seed":false,"campfire_upgraded":4,"win_rate":0.0,"timestamp":1610531579,"path_taken":["M","?","?","M","$","E","R","?","T","M","M","?","R","M","R","BOSS","M","M","?","?","$","R","E"],"items_purchased_type":["Card","Card"],"build_version":"2020-12-22","purchased_purges":2,"victory":false,"max_hp_per_floor":[72,72,67,67,67,67,67,67,67,67,67,67,67,67,67,67,67,67,67,72,72,72,72,72,72],"card_choices":[{"not_picked":["Offering","Berserk"],"picked":"Barricade","floor":0.0},{"not_picked":["Flex","Heavy Blade","Hemokinesis"],"picked":"SKIP","floor":1.0},{"not_picked":["Flex","Pummel"],"picked":"Seeing Red","floor":4.0},{"not_picked":["Havoc","Pummel","Twin Strike"],"picked":"SKIP","floor":6.0},{"not_picked":["Sword Boomerang","Havoc"],"picked":"Berserk","floor":10.0},{"not_picked":["Sentinel","Clash","Anger"],"picked":"SKIP","floor":11.0},{"not_picked":["Dual Wield","Flex"],"picked":"Demon Form","floor":14.0},{"not_picked":["Juggernaut","Barricade"],"picked":"Impervious","floor":16.0},{"not_picked":["Second Wind","Inflame+1","Havoc"],"picked":"SKIP","floor":18.0},{"not_picked":["Clash","Headbutt+1","Sentinel"],"picked":"SKIP","floor":19.0}],"player_experience":252757,"relics_obtained":[{"floor":6.0,"key":"Gambling Chip"},{"floor":9.0,"key":"Pen Nib"}],"event_choices":[{"damage_healed":0.0,"max_hp_gain":0.0,"max_hp_loss":0.0,"gold_gain":0.0,"event_name":"Big Fish","player_choice":"Box","floor":2.0,"gold_loss":0.0,"damage_taken":0.0,"relics_obtained":["FossilizedHelix"],"cards_obtained":["Regret"]},{"damage_healed":0.0,"max_hp_gain":0.0,"max_hp_loss":5.0,"gold_gain":0.0,"event_name":"Golden Idol","player_choice":"Lose Max HP","floor":3.0,"gold_loss":0.0,"damage_taken":0.0,"relics_obtained":["Golden Idol"]},{"damage_healed":0.0,"max_hp_gain":0.0,"max_hp_loss":0.0,"gold_gain":0.0,"event_name":"Liars Game","player_choice":"Ignored","floor":8.0,"gold_loss":0.0,"damage_taken":0.0},{"damage_healed":0.0,"max_hp_gain":5.0,"max_hp_loss":0.0,"gold_gain":0.0,"event_name":"Forgotten Altar","player_choice":"Shed Blood","floor":20.0,"gold_loss":0.0,"damage_taken":17.0},{"damage_healed":0.0,"max_hp_gain":0.0,"max_hp_loss":0.0,"gold_gain":0.0,"cards_transformed":["Strike_R","Strike_R"],"event_name":"Drug Dealer","player_choice":"Became Test Subject","floor":21.0,"gold_loss":0.0,"damage_taken":0.0,"cards_obtained":["Ghostly Armor","True Grit"]}],"is_beta":false,"boss_relics":[{"not_picked":["Velvet Choker","Busted Crown"],"picked":"Runic Dome"}],"items_purged_floors":[5,22],"is_endless":false,"potions_floor_spawned":[4,6,11,19],"killed_by":"Book of Stabbing","ascension_level":12}}