{"host":"dn6kke80v5f7isus","time":1610570643,"event":{"mods":["AchievementEnabler","Act Like it!","BaseMod","Colored Powertips","Custom Start","Defuse TimeMaze Blight","Downfall","Duelist Mod","Gremlin Skip","Highlight Path","Hubris","Infinite Spire","Minty Spire (QoL Compilation)","Rare Cards Sparkle","Replay The Spire","StSLib","Uncapped"],"gold_per_floor":[9139,8580,8580,8593,8646,8674,8687,8701,8701,8731,8751,8751,8827,8439,8439,8512,8512,8530,8145,8037,8051,8051,8085,8105,8135,8162,8188,8188,8205,8205,8215,8215,8294,8294,8311,8355,8355,8375,8375,8417,8417,8450,8450,8464,8507,8522,7964,7979,7979,7979],"floor_reached":51,"language":"ENG","playtime":4027,"items_purged":[],"score":1908,"play_id":"029a1dcd-10d8-4797-84d6-1a8e22295ac4","local_time":"20210113154403","is_ascension_mode":true,"campfire_choices":[{"floor":12.0,"key":"RECALL"},{"data":"theDuelist:HarpieFeather","floor":15.0,"key":"SMITH"},{"data":"theDuelist:PotDuality","floor":28.0,"key":"SMITH"},{"data":"theDuelist:PredaplantChlamydosundew","floor":30.0,"key":"SMITH"},{"data":"theDuelist:SuperSolarNutrient","floor":32.0,"key":"SMITH"},{"data":"theDuelist:StormSparks","floor":41,"key":"SMITH"},{"data":"theDuelist:SilverApples","floor":49,"key":"SMITH"}],"circlet_count":0,"master_deck":["theDuelist:AngelTrumpeter+1","theDuelist:CactusBouncer+1","theDuelist:DarkworldThorns+1","theDuelist:Inmato+1","theDuelist:AngelTrumpeter+1","theDuelist:AngelTrumpeter+1","theDuelist:StormSparks+1","theDuelist:RevivalRose","theDuelist:HarpieFeather+1","theDuelist:PotDuality+1","theDuelist:SuperSolarNutrient+1","theDuelist:RevivalRose","theDuelist:PredaplantChlamydosundew+1","theDuelist:DarkworldThorns+1","theDuelist:QueenAngelRoses+1","theDuelist:LonefireBlossom+1","theDuelist:SilverApples+1","theDuelist:PredaplantChimerafflesia+1","theDuelist:GracefulCharity+1"],"relics":["theDuelist:MillenniumPuzzle","theDuelist:CardPoolRelic","theDuelist:CardPoolBasicRelic","theDuelist:BoosterPackPoolRelic","theDuelist:CardPoolAddRelic","theDuelist:CardPoolMinusRelic","theDuelist:CardPoolSaveRelic","theDuelist:CardPoolOptionsRelic","NeowsBlessing","Carrot","ReplayTheSpireMod:Shallot","theDuelist:DuelistUrn","hubris:BundleOfHerbs","TungstenRod","theDuelist:SolderToken","infinitespire:PuzzleCube","Darkstone Periapt","Centennial Puzzle","Gremlin Food","Electric Blood","infinitespire:Freezer","Replay:Baseball","Darkstone Periapt","Black Star","theDuelist:MillenniumToken","Red Skull","Nunchaku","hubris:TenFootPole","theDuelist:KaibaToken","Oddly Smooth Stone","theDuelist:BoosterPackMonsterEgg","Boot","Painkiller Herb","theDuelist:CursedHealer","Garlic","hubris:SphereOfDissonance","Ancient Tea Set","infinitespire:Lucky Rock","Turnip","hubris:IronBody","Frozen Egg 2"],"acts_visited":["TheCity","TheBeyond"],"potions_floor_usage":[],"damage_taken":[{"damage":0.0,"enemies":"Cultist","floor":1.0,"turns":1.0},{"damage":0.0,"enemies":"Small Slimes","floor":4.0,"turns":1.0},{"damage":0.0,"enemies":"Small Slimes","floor":5.0,"turns":1.0},{"damage":17.0,"enemies":"Lagavulin","floor":6.0,"turns":3.0},{"damage":0.0,"enemies":"Jaw Worm","floor":7.0,"turns":2.0},{"damage":5.0,"enemies":"Large Slime","floor":8.0,"turns":3.0},{"damage":6.0,"enemies":"3 Sentries","floor":10.0,"turns":3.0},{"damage":0.0,"enemies":"Gremlin Gang","floor":11.0,"turns":2.0},{"damage":8.0,"enemies":"The Guardian","floor":16.0,"turns":9.0},{"damage":1.0,"enemies":"Shell Parasite","floor":18.0,"turns":4.0},{"damage":1.0,"enemies":"Spheric Guardian","floor":21.0,"turns":4.0},{"damage":1.0,"enemies":"Slavers","floor":23.0,"turns":5.0},{"damage":1.0,"enemies":"Snake Plant","floor":24.0,"turns":2.0},{"damage":2.0,"enemies":"Gremlin Leader","floor":25.0,"turns":6.0},{"damage":1.0,"enemies":"Book of Stabbing","floor":27.0,"turns":4.0},{"damage":0.0,"enemies":"Shelled Parasite and Fungi","floor":29.0,"turns":4.0},{"damage":1.0,"enemies":"Collector","floor":33.0,"turns":6.0},{"damage":2,"enemies":"3 Darklings","floor":35,"turns":5},{"damage":2,"enemies":"3 Shapes","floor":36,"turns":3},{"damage":15,"enemies":"Jaw Worm Horde","floor":38,"turns":2},{"damage":4,"enemies":"Nemesis","floor":40,"turns":3},{"damage":5,"enemies":"R_Hoarder","floor":42,"turns":5},{"damage":2,"enemies":"Maw","floor":44,"turns":4},{"damage":1,"enemies":"Transient","floor":45,"turns":6},{"damage":1,"enemies":"Writhing Mass","floor":46,"turns":3},{"damage":0,"enemies":"Maw","floor":48,"turns":4},{"damage":2,"enemies":"Donu and Deca","floor":50,"turns":4}],"seed_played":"-6167056068310447773","potions_obtained":[{"floor":1.0,"key":"PowerPotion"},{"floor":5.0,"key":"FearPotion"},{"floor":16.0,"key":"SpeedPotion"},{"floor":23.0,"key":"Adrenaline Potion"}],"is_trial":false,"path_per_floor":["M","$","?","M","?","E","M","M","T","E","M","R","T","$","R","B",null,"M","$","?","M","AVR","E","M","E","T","E","R","M","R","?","R","B",null,"?","?","?","?","?","E","T","E","T","?","?","?","T","?","T","B",null],"character_chosen":"THE_DUELIST","items_purchased":["Carrot","ReplayTheSpireMod:Shallot","Centennial Puzzle","Gremlin Food","theDuelist:SuperSolarNutrient","infinitespire:Freezer","Replay:Baseball","theDuelist:PredaplantChlamydosundew","hubris:IronBody","Frozen Egg 2"],"campfire_rested":0,"item_purchase_floors":[2,2,14,14,14,19,19,19,47,47],"current_hp_per_floor":[163,163,163,163,163,146,146,141,141,135,135,135,135,135,135,127,159,158,158,158,157,157,156,155,153,153,152,152,152,152,152,152,151,165,163,161,161,146,170,166,166,163,163,161,160,159,159,161,161,163],"gold":7979,"neow_bonus":"THREE_ENEMY_KILL","is_daily":false,"chose_seed":false,"campfire_upgraded":6,"win_rate":0.0,"timestamp":1610570643,"path_taken":["M","?","?","?","?","E","M","M","T","E","?","R","?","$","R","BOSS","M","$","?","M","AVR","E","M","E","T","E","R","M","R","?","R","BOSS","?","?","?","?","?","E","T","E","T","?","?","?","T","?","T","BOSS"],"items_purchased_type":["Relic","Relic","Relic","Relic","Card","Relic","Relic","Card","Relic","Relic"],"build_version":"2020-12-22","purchased_purges":0,"victory":true,"max_hp_per_floor":[170,170,170,170,170,170,170,170,170,170,170,170,170,170,170,170,170,170,170,170,170,170,170,170,170,170,170,170,170,170,170,170,170,170,170,170,170,170,170,170,170,170,170,170,170,170,170,170,170,170],"card_choices":[{"not_picked":["theDuelist:PlantFoodChain","theDuelist:KamionTimelord","theDuelist:RoseArcher","theDuelist:QueenAngelRoses"],"picked":"theDuelist:RevivalRose","floor":1.0},{"not_picked":["theDuelist:EarthquakeGiant","theDuelist:Fissure","theDuelist:GilfordLegend","theDuelist:Mudora","theDuelist:LightningVortex"],"picked":"SKIP","floor":4.0},{"not_picked":["theDuelist:RainbowOverdragon","theDuelist:Terraforming","theDuelist:MudragonSwamp","theDuelist:MirrorForce"],"picked":"theDuelist:HarpieFeather","floor":6.0},{"not_picked":["theDuelist:CactusBouncer","theDuelist:PredaplantFlytrap","theDuelist:Inmato","theDuelist:DarkworldThorns","theDuelist:FallenAngelRoses"],"picked":"SKIP","floor":7.0},{"not_picked":["theDuelist:WormKing","theDuelist:PreventRat","theDuelist:HaneHane","theDuelist:LightningVortex","theDuelist:EarthGiant"],"picked":"SKIP","floor":8.0},{"not_picked":["theDuelist:Fissure","theDuelist:Hinotama","theDuelist:MarkRose","theDuelist:RagingMadPlants"],"picked":"theDuelist:PotDuality","floor":10.0},{"not_picked":["theDuelist:WormKing","theDuelist:WormBarses","theDuelist:BattleFootballer","theDuelist:Mausoleum","theDuelist:SphereKuriboh"],"picked":"SKIP","floor":11.0},{"not_picked":["theDuelist:BlossomBombardment","theDuelist:BlackRoseMoonlight","theDuelist:PredaplantChimerafflesia","theDuelist:Gigaplant"],"picked":"theDuelist:RevivalRose","floor":16.0},{"not_picked":["theDuelist:FuryFire+1","theDuelist:LightningRodLord","theDuelist:MudragonSwamp","theDuelist:PowerGiant","theDuelist:SmashingGround+1"],"picked":"SKIP","floor":18.0},{"not_picked":["theDuelist:Fissure","theDuelist:Hinotama","theDuelist:PotDuality","theDuelist:SuperSolarNutrient","theDuelist:Predaponics"],"picked":"SKIP","floor":21.0},{"not_picked":["theDuelist:PredaplantSarraceniant","theDuelist:BotanicalGirl"],"picked":"SKIP","floor":23.0},{"not_picked":["theDuelist:VenomShot","theDuelist:RosePaladin","theDuelist:WorldCarrot"],"picked":"SKIP","floor":24.0},{"not_picked":["theDuelist:JerryBeansMan+1","theDuelist:PredaplantPterapenthes","theDuelist:BotanicalLion","theDuelist:Firegrass","theDuelist:MudGolem"],"picked":"SKIP","floor":25.0},{"not_picked":["theDuelist:ClearKuriboh","theDuelist:PreventRat+1","theDuelist:GreyGreedOni","theDuelist:BlackPendant","theDuelist:MillenniumGolem"],"picked":"SKIP","floor":27.0},{"not_picked":["theDuelist:Mudora+1","theDuelist:MagicHoleGolem+1","theDuelist:GauntletWarrior+1","theDuelist:BigFire","theDuelist:ImperialOrder"],"picked":"SKIP","floor":29.0},{"not_picked":["theDuelist:CactusBouncer+1","theDuelist:Spore+1","theDuelist:PredaplantFlytrap+1","theDuelist:Invigoration","theDuelist:Inmato+1"],"picked":"SKIP","floor":35},{"not_picked":["theDuelist:TwilightRoseKnight+1","theDuelist:CopyPlant+1","theDuelist:BirdRoses+1","theDuelist:AcidTrapHole"],"picked":"theDuelist:QueenAngelRoses+1","floor":36},{"not_picked":["theDuelist:SangaEarth+1","theDuelist:WhiteRoseDragon+1","theDuelist:JerryBeansMan+1","theDuelist:BottomlessTrapHole","theDuelist:LordPoison+1"],"picked":"SKIP","floor":38},{"not_picked":["theDuelist:FallenAngelRoses+1","theDuelist:WorldCarrot+1","theDuelist:BottomlessTrapHole","theDuelist:CrystalRose+1"],"picked":"theDuelist:LonefireBlossom+1","floor":40},{"not_picked":["theDuelist:ClearKuriboh+1","theDuelist:GiantTrapHole+1","theDuelist:DummyGolem+1","theDuelist:PotDichotomy","theDuelist:ChangeHeart"],"picked":"SKIP","floor":42},{"not_picked":["theDuelist:BotanicalLion+1","theDuelist:Inmato+1","theDuelist:DarkworldThorns+1","theDuelist:PotDuality"],"picked":"theDuelist:SilverApples","floor":44},{"not_picked":["theDuelist:SeedCannon","theDuelist:BlossomBombardment","theDuelist:HeartUnderdog","theDuelist:QueenAngelRoses+1"],"picked":"theDuelist:PredaplantChimerafflesia+1","floor":45},{"not_picked":["theDuelist:AngelTrumpeter+1","theDuelist:CrystalRose+1","theDuelist:RosePaladin+1","theDuelist:WorldCarrot+1"],"picked":"theDuelist:GracefulCharity+1","floor":46},{"not_picked":["theDuelist:MudGolem+1","theDuelist:SangaEarth+1","theDuelist:WorldCarrot+1"],"picked":"SKIP","floor":48}],"player_experience":625630,"relics_obtained":[{"floor":5.0,"key":"theDuelist:DuelistUrn"},{"floor":5.0,"key":"hubris:BundleOfHerbs"},{"floor":5.0,"key":"TungstenRod"},{"floor":6.0,"key":"theDuelist:SolderToken"},{"floor":10.0,"key":"infinitespire:PuzzleCube"},{"floor":13.0,"key":"Darkstone Periapt"},{"floor":23.0,"key":"Red Skull"},{"floor":23.0,"key":"Nunchaku"},{"floor":25.0,"key":"hubris:TenFootPole"},{"floor":25.0,"key":"theDuelist:KaibaToken"},{"floor":26.0,"key":"Oddly Smooth Stone"},{"floor":27.0,"key":"theDuelist:BoosterPackMonsterEgg"},{"floor":27.0,"key":"Boot"},{"floor":40,"key":"Garlic"},{"floor":40,"key":"hubris:SphereOfDissonance"},{"floor":42,"key":"Ancient Tea Set"},{"floor":42,"key":"infinitespire:Lucky Rock"},{"floor":43,"key":"Turnip"}],"event_choices":[{"damage_healed":0.0,"max_hp_gain":0.0,"max_hp_loss":0.0,"gold_gain":0.0,"event_name":"Battle City","player_choice":"Fight","duelist":true,"floor":5.0,"gold_loss":0.0,"damage_taken":0.0},{"damage_healed":0.0,"max_hp_gain":0.0,"max_hp_loss":0.0,"gold_gain":0.0,"event_name":"Relic Duplicator","player_choice":"Duplicated Relic - Darkstone Periapt","duelist":true,"floor":20.0,"gold_loss":0.0,"damage_taken":0.0},{"damage_healed":0.0,"max_hp_gain":0.0,"max_hp_loss":0.0,"gold_gain":0.0,"event_name":"Duplicator","player_choice":"Copied","floor":31.0,"gold_loss":0.0,"damage_taken":0.0,"cards_obtained":["theDuelist:DarkworldThorns"]},{"damage_healed":0,"gold_gain":0,"player_choice":"Succumb - +25HP/Cursed Relic","duelist":true,"damage_taken":0,"max_hp_gain":0,"max_hp_loss":0,"event_name":"Tomb of the Nameless","floor":39,"gold_loss":0}],"is_beta":false,"boss_relics":[{"not_picked":["hubris:Stopwatch","Ectoplasm"],"picked":"Electric Blood"},{"not_picked":["hubris:RunicObelisk","Replay:Grab Bag"],"picked":"Painkiller Herb"}],"items_purged_floors":[],"is_endless":false,"potions_floor_spawned":[1,5,16,23,24,29,33,35,36,45,46],"ascension_level":19}}