{"host":"o4h0rmbndwm6mjyo","time":1610539671,"event":{"mods":["BaseMod","Colored Map","Colored Powertips","DeckTracker","Googly Eyes","Minty Spire (QoL Compilation)","Rare Cards Sparkle","Synergy Search"],"gold_per_floor":[210,228,245,260,71,71,106,106,129,143,143,153,169,194,194,268,268,283,183,195,210,210,210,239,250,250,250,250,250,250],"floor_reached":29,"language":"FRA","playtime":2441,"items_purged":["Strike_B","Strike_B"],"score":453,"play_id":"fefac426-7299-4760-a1a0-fa0cbea997bb","local_time":"20210113130751","is_ascension_mode":true,"campfire_choices":[{"data":"Sunder","floor":6.0,"key":"SMITH"},{"data":"Streamline","floor":8.0,"key":"SMITH"},{"floor":11.0,"key":"REST"},{"data":"Defragment","floor":15.0,"key":"SMITH"},{"floor":23.0,"key":"REST"},{"floor":27,"key":"REST"}],"circlet_count":0,"master_deck":["AscendersBane","Strike_B","Strike_B","Defend_B","Defend_B","Defend_B","Defend_B","Zap","Dualcast","Streamline+1","Conserve Battery","Cold Snap","Streamline","Sunder+1","Self Repair","Machine Learning","Sweeping Beam","Defragment+1","Echo Form","Coolheaded+1","Cold Snap+1","Leap+1"],"relics":["Cracked Core","Tiny Chest","Regal Pillow","Nunchaku","Velvet Choker","HornCleat","Mummified Hand","Nilry\u0027s Codex"],"acts_visited":["Exordium","TheCity"],"potions_floor_usage":[],"damage_taken":[{"damage":0.0,"enemies":"Jaw Worm","floor":1.0,"turns":3.0},{"damage":0.0,"enemies":"Cultist","floor":2.0,"turns":3.0},{"damage":0.0,"enemies":"2 Louse","floor":3.0,"turns":3.0},{"damage":16.0,"enemies":"Gremlin Gang","floor":4.0,"turns":5.0},{"damage":16.0,"enemies":"Lagavulin","floor":7.0,"turns":5.0},{"damage":9.0,"enemies":"2 Fungi Beasts","floor":10.0,"turns":3.0},{"damage":7.0,"enemies":"Red Slaver","floor":12.0,"turns":3.0},{"damage":10.0,"enemies":"3 Louse","floor":13.0,"turns":3.0},{"damage":17.0,"enemies":"3 Sentries","floor":14.0,"turns":5.0},{"damage":25.0,"enemies":"Hexaghost","floor":16.0,"turns":9.0},{"damage":25.0,"enemies":"Chosen","floor":18.0,"turns":5.0},{"damage":18.0,"enemies":"2 Thieves","floor":20.0,"turns":3.0},{"damage":21.0,"enemies":"Cultist and Chosen","floor":21.0,"turns":7.0},{"damage":0.0,"enemies":"Snecko","floor":22.0,"turns":2.0},{"damage":62.0,"enemies":"Slavers","floor":24.0,"turns":5.0},{"damage":4,"enemies":"Shelled Parasite and Fungi","floor":25,"turns":6},{"damage":31,"enemies":"Gremlin Leader","floor":29,"turns":4}],"seed_played":"-2413262664659619108","potions_obtained":[{"floor":2.0,"key":"Energy Potion"},{"floor":4.0,"key":"ColorlessPotion"},{"floor":10.0,"key":"ColorlessPotion"},{"floor":16.0,"key":"SmokeBomb"},{"floor":21.0,"key":"Strength Potion"},{"floor":25,"key":"PotionOfCapacity"}],"is_trial":false,"path_per_floor":["M","M","M","M","$","R","E","R","T","M","R","M","M","E","R","B",null,"M","$","M","M","M","R","E","M","T","R","?","E"],"character_chosen":"DEFECT","items_purchased":["Sunder","Self Repair"],"campfire_rested":3,"item_purchase_floors":[5,5],"current_hp_per_floor":[64,64,64,48,48,48,39,39,39,37,71,71,68,58,58,40,63,45,45,27,20,27,63,8,11,11,47,26,0,0],"gold":250,"neow_bonus":"HUNDRED_GOLD","is_daily":false,"chose_seed":false,"campfire_upgraded":3,"win_rate":0.0,"timestamp":1610539671,"path_taken":["M","M","M","M","$","R","E","R","T","M","R","M","M","E","R","BOSS","M","$","M","M","M","R","E","M","T","R","?","E"],"items_purchased_type":["Card","Card"],"build_version":"2020-12-22","purchased_purges":2,"victory":false,"max_hp_per_floor":[71,71,71,71,71,71,71,71,71,71,71,71,71,71,71,71,71,71,71,71,71,71,71,71,71,71,71,71,71,71],"card_choices":[{"not_picked":["Go for the Eyes","Compile Driver"],"picked":"Streamline","floor":1.0},{"not_picked":["Chaos","Leap"],"picked":"Conserve Battery","floor":2.0},{"not_picked":["Rebound","Barrage"],"picked":"Cold Snap","floor":3.0},{"not_picked":["Reprogram","Turbo"],"picked":"Streamline","floor":4.0},{"not_picked":["Aggregate","Beam Cell"],"picked":"Machine Learning","floor":7.0},{"not_picked":["Stack","FTL","Coolheaded"],"picked":"SKIP","floor":10.0},{"not_picked":["Darkness","Barrage","Streamline"],"picked":"SKIP","floor":12.0},{"not_picked":["Coolheaded","Turbo"],"picked":"Sweeping Beam","floor":13.0},{"not_picked":["Go for the Eyes","Turbo"],"picked":"Defragment","floor":14.0},{"not_picked":["Meteor Strike","Fission"],"picked":"Echo Form","floor":16.0},{"not_picked":["Sweeping Beam","Steam","Stack+1"],"picked":"SKIP","floor":18.0},{"not_picked":["Aggregate","Ball Lightning"],"picked":"Coolheaded+1","floor":20.0},{"not_picked":["Steam","Hyperbeam","Barrage"],"picked":"SKIP","floor":21.0},{"not_picked":["Skim","Doom and Gloom"],"picked":"Cold Snap+1","floor":24.0},{"not_picked":["Rip and Tear","Hologram"],"picked":"Leap+1","floor":25}],"player_experience":2131656,"relics_obtained":[{"floor":7.0,"key":"Tiny Chest"},{"floor":9.0,"key":"Regal Pillow"},{"floor":14.0,"key":"Nunchaku"},{"floor":24.0,"key":"HornCleat"},{"floor":26,"key":"Mummified Hand"},{"floor":28,"key":"Nilry\u0027s Codex"}],"event_choices":[{"damage_healed":0,"gold_gain":0,"player_choice":"Obtained Book","damage_taken":21,"max_hp_gain":0,"max_hp_loss":0,"event_name":"Cursed Tome","floor":28,"gold_loss":0}],"is_beta":false,"boss_relics":[{"not_picked":["Sozu","Philosopher\u0027s Stone"],"picked":"Velvet Choker"}],"items_purged_floors":[5,19],"is_endless":false,"potions_floor_spawned":[2,4,10,16,21,22,25],"killed_by":"Gremlin Leader","ascension_level":15}}