{"host":"8pjvbxl6xo882v42","time":1610496257,"event":{"mods":["AchievementEnabler","BaseMod","Minty Spire (QoL Compilation)","Replay The Spire","StSLib","The Cursed"],"gold_per_floor":[109,129,144,144,114,114,135,135,135,153,153,167,167,167,167,256,256,269,319,334,334,357,357,247,1,47,47,72,115,13,37,37,128,128,144,159,159,159,159,190,190,231,282,282,36,50,74,97,97,97],"floor_reached":51,"language":"FRA","playtime":3771,"items_purged":["Strike_R"],"score":1801,"play_id":"92afe466-5274-4d5c-9d89-9cc908c94a18","local_time":"20210113010417","is_ascension_mode":true,"campfire_choices":[{"data":"Body Slam","floor":6,"key":"SMITH"},{"floor":11,"key":"REST"},{"floor":15,"key":"DIG"},{"floor":23,"key":"REST"},{"floor":27,"key":"REST"},{"floor":32,"key":"DIG"},{"floor":41,"key":"REST"},{"floor":44,"key":"REST"},{"floor":49,"key":"REST"}],"circlet_count":0,"master_deck":["AscendersBane","Defend_R+1","Defend_R","Defend_R","Defend_R+1","Body Slam+1","Warcry+1","True Grit","Flash of Steel+1","Purity","Evolve+1","Seeing Red+1","ReplayReversal"],"relics":["Replay:Drink Me","Golden Idol","Golden Egg","HornCleat","Replay:WaspNest","Busted Crown","Nilry\u0027s Codex","Guide Book","Bag of Marbles","Lantern","Strawberry","Empty Cage","Whetstone","Thread and Needle","Bronze Scales"],"acts_visited":["Exordium","TheCity","TheBeyond"],"potions_floor_usage":[16,16,22,29,42,42,50,50],"damage_taken":[{"damage":0,"enemies":"Small Slimes","floor":1,"turns":10},{"damage":0,"enemies":"2 Louse","floor":2,"turns":6},{"damage":22,"enemies":"Jaw Worm","floor":3,"turns":11},{"damage":4,"enemies":"Looter","floor":5,"turns":4},{"damage":0,"enemies":"2 Fungi Beasts","floor":7,"turns":4},{"damage":0,"enemies":"Exordium Thugs","floor":10,"turns":5},{"damage":0,"enemies":"Exordium Wildlife","floor":12,"turns":2},{"damage":11,"enemies":"Slime Boss","floor":16,"turns":6},{"damage":0,"enemies":"3 Byrds","floor":18,"turns":5},{"damage":0,"enemies":"Chosen","floor":20,"turns":3},{"damage":17,"enemies":"Snake Plant","floor":22,"turns":4},{"damage":0,"enemies":"3 Cultists","floor":28,"turns":4},{"damage":4,"enemies":"Slavers","floor":29,"turns":6},{"damage":2,"enemies":"Centurion and Healer","floor":31,"turns":4},{"damage":5,"enemies":"Pondfish","floor":33,"turns":10},{"damage":0,"enemies":"Orb Walker","floor":35,"turns":3},{"damage":0,"enemies":"3 Darklings","floor":36,"turns":3},{"damage":30,"enemies":"Nemesis","floor":40,"turns":9},{"damage":28,"enemies":"Giant Head","floor":42,"turns":9},{"damage":0,"enemies":"4 Shapes","floor":46,"turns":6},{"damage":0,"enemies":"Writhing Mass","floor":47,"turns":10},{"damage":0,"enemies":"Spire Growth","floor":48,"turns":5},{"damage":4,"enemies":"Donu and Deca","floor":50,"turns":6}],"seed_played":"-3695440321068575131","potions_obtained":[{"floor":7,"key":"DuplicationPotion"},{"floor":10,"key":"SmokeBomb"},{"floor":12,"key":"BlessingOfTheForge"},{"floor":20,"key":"AttackPotion"},{"floor":22,"key":"HeartOfIron"},{"floor":29,"key":"SpeedPotion"},{"floor":33,"key":"BlessingOfTheForge"},{"floor":48,"key":"Energy Potion"}],"is_trial":false,"path_per_floor":["M","M","M","?","M","R","M","?","T","M","R","M","?","T","R","B",null,"M","?","M","?","M","R","?","$","T","R","M","E","$","M","R","B",null,"M","M","?","?","?","E","R","E","T","R","$","M","M","M","R","B",null],"character_chosen":"IRONCLAD","items_purchased":["Guide Book","Flash of Steel","EssenceOfSteel","Evolve","Seeing Red"],"campfire_rested":6,"item_purchase_floors":[25,30,45,45,45],"current_hp_per_floor":[57,57,35,35,31,31,31,24,24,24,39,39,39,39,39,28,46,46,46,46,25,8,23,23,23,23,38,38,34,34,32,39,34,53,53,53,53,43,43,13,30,2,2,19,19,19,19,19,36,32],"gold":97,"neow_bonus":"BOSS_RELIC","is_daily":false,"chose_seed":false,"campfire_upgraded":1,"win_rate":0.0,"timestamp":1610496257,"path_taken":["M","M","M","?","M","R","M","?","T","M","R","M","?","?","R","BOSS","M","?","?","?","M","R","?","$","T","R","M","E","$","M","R","BOSS","M","?","?","?","?","E","R","E","T","R","$","M","M","M","R","BOSS"],"items_purchased_type":["Relic","Card","Potion","Card","Card"],"build_version":"2020-12-22","purchased_purges":1,"victory":true,"max_hp_per_floor":[57,57,57,52,52,52,52,52,52,52,52,52,52,52,52,52,52,52,52,52,52,52,52,52,52,52,52,52,52,52,52,59,59,59,59,59,59,59,59,59,59,59,59,59,59,59,59,59,59,59],"card_choices":[{"not_picked":["Pommel Strike","Headbutt"],"picked":"Body Slam","floor":1},{"not_picked":["Clash","Thunderclap"],"picked":"Warcry","floor":2},{"not_picked":["Armaments","Dropkick"],"picked":"Inflame","floor":3},{"not_picked":["Rage","Cleave"],"picked":"Anger","floor":5},{"not_picked":["Second Wind","Sentinel","Dark Embrace"],"picked":"SKIP","floor":7},{"not_picked":["Ghostly Armor","Replay:Many Hands"],"picked":"Replay:Undeath\u0027s Touch","floor":10},{"not_picked":["Pummel","Clash"],"picked":"True Grit","floor":12},{"not_picked":["Twin Strike"],"picked":"SKIP","floor":18},{"not_picked":["Spot Weakness"],"picked":"SKIP","floor":20},{"not_picked":["Flex"],"picked":"SKIP","floor":22},{"not_picked":["Run Through"],"picked":"SKIP","floor":28},{"not_picked":["Feel No Pain"],"picked":"SKIP","floor":29},{"not_picked":["Perfected Strike"],"picked":"SKIP","floor":31},{"not_picked":["Flex"],"picked":"SKIP","floor":35},{"not_picked":["Replay:Undeath\u0027s Touch"],"picked":"SKIP","floor":36},{"not_picked":[],"picked":"Purity","floor":38},{"not_picked":["Rage"],"picked":"SKIP","floor":40},{"not_picked":["ReplayTheSpireMod:Strike From Hell+1"],"picked":"SKIP","floor":42},{"not_picked":["True Grit"],"picked":"SKIP","floor":46},{"not_picked":["Abandon"],"picked":"SKIP","floor":47},{"not_picked":[],"picked":"ReplayReversal","floor":48}],"player_experience":313161,"relics_obtained":[{"floor":9,"key":"Golden Egg"},{"floor":14,"key":"HornCleat"},{"floor":15,"key":"Replay:WaspNest"},{"floor":21,"key":"Nilry\u0027s Codex"},{"floor":26,"key":"Bag of Marbles"},{"floor":29,"key":"Lantern"},{"floor":32,"key":"Strawberry"},{"floor":40,"key":"Whetstone"},{"floor":42,"key":"Thread and Needle"},{"floor":43,"key":"Bronze Scales"}],"event_choices":[{"damage_healed":0,"gold_gain":0,"player_choice":"Lose Max HP","damage_taken":0,"relics_obtained":["Golden Idol"],"max_hp_gain":0,"max_hp_loss":5,"event_name":"Golden Idol","floor":4,"gold_loss":0},{"cards_removed":["Strike_R"],"damage_healed":0,"gold_gain":0,"player_choice":"Card Removal","damage_taken":7,"max_hp_gain":0,"max_hp_loss":0,"event_name":"Golden Wing","floor":8,"gold_loss":0},{"damage_healed":0,"gold_gain":50,"player_choice":"Pray","damage_taken":0,"max_hp_gain":0,"max_hp_loss":0,"event_name":"Golden Shrine","floor":19,"gold_loss":0},{"damage_healed":0,"gold_gain":0,"player_choice":"Obtained Book","damage_taken":21,"max_hp_gain":0,"max_hp_loss":0,"event_name":"Cursed Tome","floor":21,"gold_loss":0},{"cards_removed":["Bash"],"damage_healed":0,"gold_gain":0,"player_choice":"Upgrade and Remove","damage_taken":0,"max_hp_gain":0,"max_hp_loss":0,"event_name":"Designer","floor":24,"gold_loss":110,"cards_upgraded":["Defend_R"]},{"cards_removed":["Inflame"],"damage_healed":0,"gold_gain":0,"player_choice":"Removed Power","damage_taken":0,"max_hp_gain":0,"max_hp_loss":0,"event_name":"Falling","floor":37,"gold_loss":0},{"damage_healed":0,"gold_gain":0,"player_choice":"Memory 3","damage_taken":10,"max_hp_gain":0,"max_hp_loss":0,"event_name":"SensoryStone","floor":38,"gold_loss":0},{"damage_healed":0,"gold_gain":0,"player_choice":"Ignored","damage_taken":0,"max_hp_gain":0,"max_hp_loss":0,"event_name":"Tomb of Lord Red Mask","floor":39,"gold_loss":0}],"is_beta":false,"boss_relics":[{"not_picked":["Replay:Ancient Bell","Fusion Hammer"],"picked":"Busted Crown"},{"not_picked":["ReplayTheSpireMod:DimensionalGlitch","Velvet Choker"],"picked":"Empty Cage"}],"items_purged_floors":[25],"is_endless":false,"potions_floor_spawned":[7,10,12,20,22,29,33,35,36,48],"ascension_level":16}}