{"host":"fa96ppy4vc5r7pma","time":1610553138,"event":{"mods":["BaseMod","Best Route Mod","Bestiary","Block Reminder","Colored Map","Dark Map","Dota2Spire","Downfall","Ekko","GungeonMod","Hermit","Highlight Path","Hubris","Jorbs\u0027s Wanderer Trilogy","Minty Spire (QoL Compilation)","Permanent Neow","Quick Restart","Random Character Button","Relic Stats","Replay The Spire","StSLib","The Bladedancer","The Blue Laboratory","The Cursed","The Servant 0.9.4","Waifu the Spire","WarShipGirlsR/????R mod"],"gold_per_floor":[99,114,128,128,128,146,200,200,216,99,117,392,392,453,463,463,463,463],"floor_reached":16,"language":"ENG","playtime":1080,"items_purged":[],"score":92,"play_id":"ad39026c-9c6a-4a4f-8b98-f28866d1ad68","local_time":"20210113105218","is_ascension_mode":false,"campfire_choices":[{"data":"Guardian:TwinSlam","floor":1,"key":"SMITH"},{"data":"Guardian:Harden","floor":8,"key":"SMITH"},{"data":"Guardian:SpikerProtocol","floor":13,"key":"SMITH"}],"circlet_count":0,"master_deck":["Guardian:Strike_Guardian","Guardian:Strike_Guardian","Guardian:Strike_Guardian","Guardian:Strike_Guardian+1","Guardian:Defend_Guardian","Guardian:Defend_Guardian","Guardian:Defend_Guardian","Guardian:Defend_Guardian","Guardian:CurlUp","Guardian:TwinSlam+1","Guardian:RollAttack+1","Guardian:Harden+1","Guardian:PiercingHide+1","Guardian:EvasiveProtocol","Guardian:SpikerProtocol+1","Regret","Guardian:PiercingHide","Guardian:Gem_Green"],"relics":["Guardian:ModeShifter","hubris:Icosahedron","Juzu Bracelet","Whetstone"],"acts_visited":["Exordium"],"potions_floor_usage":[14,16,16,16],"damage_taken":[{"damage":0,"enemies":"2 Louse","floor":2,"turns":3},{"damage":1,"enemies":"Cultist","floor":3,"turns":3},{"damage":10,"enemies":"Jaw Worm","floor":6,"turns":3},{"damage":1,"enemies":"2 Fungi Beasts","floor":9,"turns":4},{"damage":0,"enemies":"downfall:FleeingMerchant","floor":10,"turns":4},{"damage":2,"enemies":"Blue Slaver","floor":11,"turns":5},{"damage":25,"enemies":"Gremlin Nob","floor":14,"turns":5},{"damage":6,"enemies":"3 Louse","floor":15,"turns":2},{"damage":52,"enemies":"downfall:Ironclad","floor":16,"turns":9}],"seed_played":"-1725795817569671559","potions_obtained":[{"floor":3,"key":"Venom Potion"},{"floor":6,"key":"Guardian:BlockOnCardUsePotion"},{"floor":11,"key":"Energy Potion"},{"floor":15,"key":"blueLaboratory:PhilterOfMotion"}],"is_trial":false,"path_per_floor":["R","M","M","?","?","M","T","R","M","$","M","?","R","?","M","B"],"character_chosen":"GUARDIAN","items_purchased":["Guardian:SpikerProtocol","Guardian:Gem_Red"],"campfire_rested":0,"item_purchase_floors":[10,10],"current_hp_per_floor":[80,80,79,79,79,69,69,69,68,68,66,66,66,41,35,0,0,0],"gold":463,"neow_bonus":"THREE_CARDS","is_daily":false,"chose_seed":false,"campfire_upgraded":3,"win_rate":0.0,"timestamp":1610553138,"path_taken":["R","M","M","?","?","M","T","R","M","$","M","?","R","?","M","BOSS"],"items_purchased_type":["Card","Card"],"build_version":"2020-12-22","purchased_purges":0,"victory":false,"max_hp_per_floor":[80,80,80,80,80,80,80,80,80,80,80,80,80,80,80,80,80,80],"relic_stats":{"counters":[9,38],"Juzu Bracelet":1,"Whetstone":["Guardian:RollAttack","Guardian:Strike_Guardian"],"obtain_stats":[{"hubris:Icosahedron":5,"Guardian:ModeShifter":0,"DemoMod:GlassGuonStoneRelic":6,"Juzu Bracelet":7,"Whetstone":14},{"hubris:Icosahedron":2,"Guardian:ModeShifter":0,"DemoMod:GlassGuonStoneRelic":3,"Juzu Bracelet":3,"Whetstone":7},{"hubris:Icosahedron":6,"Guardian:ModeShifter":0,"DemoMod:GlassGuonStoneRelic":9,"Juzu Bracelet":9,"Whetstone":27}]},"card_choices":[{"not_picked":["Guardian:ChargeCore","Guardian:Gem_Red"],"picked":"Guardian:RollAttack","floor":0},{"not_picked":["Guardian:Incinerate","Guardian:Gem_Lightblue"],"picked":"Guardian:Harden","floor":2},{"not_picked":["Guardian:Gem_Red","Guardian:VentSteam"],"picked":"Guardian:PiercingHide","floor":3},{"not_picked":["Guardian:BronzeArmor","Guardian:Emergency"],"picked":"Guardian:EvasiveProtocol","floor":6},{"not_picked":["Guardian:Recover","Guardian:Incinerate"],"picked":"Guardian:Gem_Cyan","floor":9},{"not_picked":["Guardian:TemporalStrike","Guardian:StasisStrike","Guardian:Reroute"],"picked":"SKIP","floor":10},{"not_picked":["Guardian:Repulse","Guardian:TemporalStrike","Guardian:BronzeOrb"],"picked":"SKIP","floor":11},{"not_picked":["Guardian:Gem_Lightblue","Guardian:VentSteam"],"picked":"Guardian:PiercingHide","floor":14},{"not_picked":["Guardian:PrimingBeam","Guardian:Reroute"],"picked":"Guardian:Gem_Green","floor":15}],"player_experience":130359,"relics_obtained":[{"floor":7,"key":"Juzu Bracelet"},{"floor":14,"key":"Whetstone"}],"event_choices":[],"is_beta":false,"boss_relics":[],"items_purged_floors":[],"is_endless":false,"potions_floor_spawned":[3,6,11,15],"killed_by":"downfall:Ironclad","ascension_level":0}}