{"host":"c97twqu0op5dg8i4","time":1610525500,"event":{"mods":["AchievementEnabler","BaseMod","Colored Map","Minty Spire (QoL Compilation)","Permanent Neow"],"gold_per_floor":[12,12,112,127,137,163,178,210,210,221,221,236,236,248,248,343,343,354,354,354,371,1,1,28,28,28,47,77,87,87,87,87,191,191,206,220,67,78,9,9,42,56,136,136,151,151,151,91,91,91,91],"floor_reached":50,"language":"ENG","playtime":1809,"items_purged":["Pain"],"score":746,"play_id":"ef80549f-79e1-4e6c-a4f9-005e74290dbf","local_time":"20210113031140","is_ascension_mode":true,"campfire_choices":[{"floor":11,"key":"REST"},{"data":"Strike_P","floor":15,"key":"PURGE"},{"data":"Vault","floor":23,"key":"SMITH"},{"data":"FlyingSleeves","floor":25,"key":"SMITH"},{"data":"Strike_P","floor":30,"key":"PURGE"},{"data":"Wallop","floor":32,"key":"SMITH"},{"data":"BattleHymn","floor":40,"key":"SMITH"},{"data":"Pain","floor":44,"key":"PURGE"},{"floor":46,"key":"REST"},{"data":"Vigilance","floor":49,"key":"SMITH"}],"circlet_count":0,"master_deck":["Strike_P","Strike_P","Defend_P","Defend_P","Defend_P","Defend_P","Eruption+1","Vigilance+1","CrushJoints","BattleHymn+1","Consecrate","FlyingSleeves+1","Wallop+1","FlyingSleeves","CarveReality","Vault+1","EmptyBody","FlurryOfBlows","Crescendo","FearNoEvil","ClearTheMind+1","BowlingBash","WheelKick","Protect","FollowUp+1","FollowUp+1","Consecrate+1"],"relics":["PureWater","Peace Pipe","Lantern","Strawberry","White Beast Statue","Pocketwatch","Black Star","Thread and Needle","Letter Opener","Vajra","Bottled Lightning","Unceasing Top","Bird Faced Urn","MutagenicStrength","Cursed Key","Medical Kit","Shovel","The Courier","Ice Cream","Gremlin Horn","Bottled Tornado"],"acts_visited":["Exordium","TheCity","TheBeyond"],"potions_floor_usage":[14,18,24,27,28,28,33,41,41,42,50,50],"damage_taken":[{"damage":0,"enemies":"2 Louse","floor":1,"turns":2},{"damage":0,"enemies":"Cultist","floor":4,"turns":2},{"damage":0,"enemies":"Small Slimes","floor":5,"turns":2},{"damage":52,"enemies":"3 Sentries","floor":6,"turns":5},{"damage":11,"enemies":"Exordium Wildlife","floor":7,"turns":4},{"damage":0,"enemies":"Lagavulin","floor":8,"turns":3},{"damage":0,"enemies":"2 Fungi Beasts","floor":10,"turns":2},{"damage":0,"enemies":"3 Louse","floor":12,"turns":2},{"damage":0,"enemies":"Looter","floor":14,"turns":1},{"damage":0,"enemies":"Slime Boss","floor":16,"turns":4},{"damage":0,"enemies":"Spheric Guardian","floor":18,"turns":3},{"damage":0,"enemies":"3 Byrds","floor":21,"turns":4},{"damage":12,"enemies":"Book of Stabbing","floor":24,"turns":4},{"damage":0,"enemies":"3 Cultists","floor":27,"turns":3},{"damage":3,"enemies":"Slavers","floor":28,"turns":3},{"damage":3,"enemies":"Cultist and Chosen","floor":29,"turns":5},{"damage":42,"enemies":"Automaton","floor":33,"turns":8},{"damage":8,"enemies":"3 Shapes","floor":35,"turns":2},{"damage":6,"enemies":"3 Darklings","floor":36,"turns":4},{"damage":0,"enemies":"Sphere and 2 Shapes","floor":38,"turns":2},{"damage":17,"enemies":"Nemesis","floor":41,"turns":6},{"damage":0,"enemies":"Jaw Worm Horde","floor":42,"turns":3},{"damage":0,"enemies":"3 Darklings","floor":45,"turns":3},{"damage":91,"enemies":"Awakened One","floor":50,"turns":10}],"seed_played":"2146554146073811425","potions_obtained":[{"floor":7,"key":"Energy Potion"},{"floor":10,"key":"Fire Potion"},{"floor":12,"key":"Ancient Potion"},{"floor":14,"key":"BottledMiracle"},{"floor":18,"key":"Energy Potion"},{"floor":21,"key":"Ambrosia"},{"floor":24,"key":"AttackPotion"},{"floor":27,"key":"SteroidPotion"},{"floor":28,"key":"Swift Potion"},{"floor":29,"key":"Fire Potion"},{"floor":33,"key":"Weak Potion"},{"floor":41,"key":"Weak Potion"},{"floor":42,"key":"FairyPotion"},{"floor":45,"key":"DistilledChaos"}],"is_trial":false,"path_per_floor":["M","?","?","M","M","E","M","E","T","M","R","M","?","M","R","B",null,"M","?","?","M","$","R","E","R","T","M","E","M","R","?","R","B",null,"M","M","$","M","?","R","E","M","T","R","M","R","T","$","R","B"],"character_chosen":"WATCHER","items_purchased":["Thread and Needle","FearNoEvil","Medical Kit"],"campfire_rested":2,"item_purchase_floors":[22,22,37],"current_hp_per_floor":[72,72,72,72,72,20,9,16,16,16,39,39,36,36,36,36,68,68,68,68,68,68,68,56,56,56,56,53,52,52,52,52,10,62,54,48,48,50,50,50,35,37,37,37,39,62,62,62,62,0,0],"gold":91,"neow_bonus":"ONE_RARE_RELIC","is_daily":false,"chose_seed":false,"campfire_upgraded":5,"win_rate":0.0,"timestamp":1610525500,"path_taken":["M","?","?","M","?","E","M","E","T","M","R","M","?","M","R","BOSS","M","?","?","M","?","R","E","R","T","M","E","M","R","?","R","BOSS","M","M","$","M","?","R","E","M","T","R","?","R","?","$","R","BOSS"],"items_purchased_type":["Relic","Card","Relic"],"build_version":"2020-12-22","purchased_purges":1,"victory":false,"max_hp_per_floor":[72,72,72,72,72,72,72,79,79,79,79,79,79,79,79,79,79,79,79,79,79,79,79,79,79,79,79,79,79,79,79,79,79,79,79,79,79,79,79,79,79,79,79,79,79,79,79,79,79,79,79],"card_choices":[{"not_picked":["Halt","SignatureMove"],"picked":"CrushJoints","floor":1},{"not_picked":["BowlingBash","EmptyFist"],"picked":"BattleHymn","floor":4},{"not_picked":["Worship","ForeignInfluence"],"picked":"Consecrate","floor":5},{"not_picked":["Omniscience","BowlingBash"],"picked":"FlyingSleeves","floor":6},{"not_picked":["FearNoEvil","Nirvana"],"picked":"Wallop","floor":7},{"not_picked":["PathToVictory","CrushJoints"],"picked":"FlyingSleeves","floor":8},{"not_picked":["PathToVictory","DeusExMachina"],"picked":"CarveReality","floor":10},{"not_picked":["Prostrate","PathToVictory","Wireheading"],"picked":"SKIP","floor":12},{"not_picked":["Nirvana","Prostrate","Indignation"],"picked":"SKIP","floor":14},{"not_picked":["ConjureBlade","Scrawl"],"picked":"Vault","floor":16},{"not_picked":["CutThroughFate+1","Nirvana"],"picked":"EmptyBody","floor":18},{"not_picked":["PathToVictory","Pray"],"picked":"Crescendo","floor":21},{"not_picked":["Prostrate+1","ThirdEye","Study"],"picked":"SKIP","floor":24},{"not_picked":["EmptyBody","FlyingSleeves"],"picked":"ClearTheMind+1","floor":27},{"not_picked":["Crescendo+1","Collect+1"],"picked":"BowlingBash","floor":28},{"not_picked":["Evaluate","Pray","ThirdEye"],"picked":"SKIP","floor":29},{"not_picked":["Prostrate+1","ClearTheMind"],"picked":"WheelKick","floor":35},{"not_picked":["CutThroughFate+1","BowlingBash+1"],"picked":"Protect","floor":36},{"not_picked":["EmptyFist+1","CrushJoints"],"picked":"FollowUp+1","floor":38},{"not_picked":["Crescendo+1","SpiritShield","EmptyFist"],"picked":"SKIP","floor":41},{"not_picked":["Adaptation","SignatureMove+1"],"picked":"FollowUp+1","floor":42},{"not_picked":["WreathOfFlame","Indignation+1"],"picked":"Consecrate+1","floor":45}],"player_experience":243005,"relics_obtained":[{"floor":6,"key":"Lantern"},{"floor":8,"key":"Strawberry"},{"floor":9,"key":"White Beast Statue"},{"floor":24,"key":"Letter Opener"},{"floor":24,"key":"Vajra"},{"floor":26,"key":"Bottled Lightning"},{"floor":28,"key":"Unceasing Top"},{"floor":28,"key":"Bird Faced Urn"},{"floor":41,"key":"The Courier"},{"floor":41,"key":"Ice Cream"},{"floor":43,"key":"Gremlin Horn"},{"floor":47,"key":"Bottled Tornado"}],"event_choices":[{"damage_healed":0,"gold_gain":0,"player_choice":"Grow","damage_taken":0,"max_hp_gain":0,"max_hp_loss":0,"event_name":"Living Wall","floor":2,"gold_loss":0,"cards_upgraded":["Eruption"]},{"damage_healed":0,"gold_gain":100,"player_choice":"Pray","damage_taken":0,"max_hp_gain":0,"max_hp_loss":0,"event_name":"Golden Shrine","floor":3,"gold_loss":0},{"damage_healed":0,"gold_gain":0,"player_choice":"Success","damage_taken":3,"relics_obtained":["Pocketwatch"],"max_hp_gain":0,"max_hp_loss":0,"event_name":"Scrap Ooze","floor":13,"gold_loss":0},{"damage_healed":0,"gold_gain":0,"player_choice":"Ignored","damage_taken":0,"max_hp_gain":0,"max_hp_loss":0,"event_name":"Vampires","floor":19,"gold_loss":0},{"damage_healed":0,"gold_gain":0,"player_choice":"Read","damage_taken":0,"max_hp_gain":0,"max_hp_loss":0,"event_name":"The Library","floor":20,"gold_loss":0,"cards_obtained":["FlurryOfBlows"]},{"damage_healed":0,"gold_gain":0,"player_choice":"Inject Mutagens","damage_taken":0,"relics_obtained":["MutagenicStrength"],"max_hp_gain":0,"max_hp_loss":0,"event_name":"Drug Dealer","floor":31,"gold_loss":0},{"damage_healed":0,"gold_gain":0,"player_choice":"Paid Gold","damage_taken":0,"relics_obtained":["Shovel"],"max_hp_gain":0,"max_hp_loss":0,"event_name":"WeMeetAgain","floor":39,"gold_loss":69}],"is_beta":false,"boss_relics":[{"not_picked":["Coffee Dripper","Ectoplasm"],"picked":"Black Star"},{"not_picked":["Empty Cage","Busted Crown"],"picked":"Cursed Key"}],"items_purged_floors":[48],"is_endless":false,"potions_floor_spawned":[7,10,12,14,16,18,21,24,27,28,29,33,35,36,38,41,42,45],"killed_by":"Awakened One","ascension_level":5}}