{"host":"cimxalwyqyblhb3d","time":1610579959,"event":{"mods":["AchievementEnabler","BaseMod","Colored Powertips","Evolution","Minty Spire (QoL Compilation)","Quick Restart","Relic Stats","StSLib"],"gold_per_floor":[115,115,126,126,52,79,79,79,79,93,105,176,176,176,176,277,277,264,280,124,124,134,134,233,233,233,32,48,48,60,71,71,71,71],"floor_reached":33,"language":"FRA","playtime":956,"items_purged":[],"score":338,"play_id":"b78744a7-9ed9-477d-9e81-3ddd565ad937","local_time":"20210114001919","is_ascension_mode":true,"campfire_choices":[{"data":"Fire Breathing","floor":7,"key":"SMITH"},{"data":"Blood for Blood","floor":13,"key":"SMITH"},{"data":"Hemokinesis","floor":15,"key":"SMITH"},{"data":"Wild Strike","floor":23,"key":"SMITH"},{"data":"Blood for Blood","floor":29,"key":"SMITH"},{"floor":32,"key":"REST"}],"circlet_count":0,"master_deck":["Strike_R","Strike_R","Strike_R","Strike_R","Defend_R","Defend_R","Defend_R","Defend_R","Bash","Hemokinesis+1","Fire Breathing+1","Ghostly Armor+1","Armaments+1","Blood for Blood+1","Impervious+1","Flex+1","Wild Strike+1","Reckless Charge","Evolve","Blood for Blood+1","Battle Trance+1","Second Wind+1","Parasite","Wild Strike+1"],"relics":["Burning Blood","EVO:Axolotl","NeowsBlessing","StrikeDummy","Toxic Egg 2","Ornamental Fan","Pear","WingedGreaves","Cursed Key","Singing Bowl","Lantern"],"acts_visited":["Exordium","TheCity"],"potions_floor_usage":[11,16,16,19,28,30,33],"damage_taken":[{"damage":0,"enemies":"Cultist","floor":1,"turns":1},{"damage":0,"enemies":"Small Slimes","floor":3,"turns":1},{"damage":0,"enemies":"3 Sentries","floor":6,"turns":3},{"damage":9,"enemies":"Jaw Worm","floor":10,"turns":2},{"damage":10,"enemies":"Blue Slaver","floor":11,"turns":2},{"damage":38,"enemies":"The Guardian","floor":16,"turns":11},{"damage":20,"enemies":"2 Thieves","floor":18,"turns":4},{"damage":7,"enemies":"Shell Parasite","floor":19,"turns":3},{"damage":19,"enemies":"Snake Plant","floor":22,"turns":2},{"damage":17,"enemies":"Snecko","floor":28,"turns":4},{"damage":14,"enemies":"Centurion and Healer","floor":30,"turns":4},{"damage":2,"enemies":"Cultist and Chosen","floor":31,"turns":4},{"damage":84,"enemies":"Automaton","floor":33,"turns":6}],"seed_played":"7080346923581015188","potions_obtained":[{"floor":1,"key":"Strength Potion"},{"floor":3,"key":"GamblersBrew"},{"floor":10,"key":"Explosive Potion"},{"floor":18,"key":"AttackPotion"},{"floor":22,"key":"Weak Potion"},{"floor":30,"key":"SkillPotion"}],"is_trial":false,"path_per_floor":["M","?","M","?","$","E","R","$","T","M","M","T","R","T","R","B",null,"M","M","$","?","M","R","?","?","T","$","M","R","M","M","R","B"],"character_chosen":"IRONCLAD","items_purchased":["Fire Breathing","Reckless Charge","Evolve","Lantern","Block Potion"],"campfire_rested":1,"item_purchase_floors":[5,20,20,27,27],"current_hp_per_floor":[80,80,80,68,68,74,74,74,74,71,67,77,77,77,77,45,79,65,64,64,64,51,51,51,51,51,51,40,40,34,40,68,0,0],"gold":71,"neow_bonus":"THREE_ENEMY_KILL","is_daily":false,"chose_seed":false,"campfire_upgraded":5,"win_rate":0.0,"timestamp":1610579959,"path_taken":["M","?","?","?","$","E","R","$","T","M","M","?","R","?","R","BOSS","M","M","$","?","M","R","?","?","T","$","M","R","?","M","R","BOSS"],"items_purchased_type":["Card","Card","Card","Relic","Potion"],"build_version":"2020-12-22","purchased_purges":0,"victory":false,"max_hp_per_floor":[80,80,80,80,80,80,80,80,80,80,80,90,90,90,90,90,90,90,90,90,90,90,90,90,90,90,90,90,90,92,94,94,94,94],"relic_stats":{"Singing Bowl":4,"counters":[13,47],"Ornamental Fan":[36],"Cursed Key":1,"obtain_stats":[{"Lantern":27,"Pear":12,"NeowsBlessing":0,"Singing Bowl":26,"Ornamental Fan":9,"WingedGreaves":14,"EVO:Axolotl":0,"Toxic Egg 2":6,"StrikeDummy":4,"Cursed Key":17,"Burning Blood":0},{"Lantern":9,"Pear":5,"NeowsBlessing":0,"Singing Bowl":9,"Ornamental Fan":3,"WingedGreaves":5,"EVO:Axolotl":0,"Toxic Egg 2":3,"StrikeDummy":2,"Cursed Key":6,"Burning Blood":0},{"Lantern":29,"Pear":9,"NeowsBlessing":0,"Singing Bowl":29,"Ornamental Fan":5,"WingedGreaves":9,"EVO:Axolotl":0,"Toxic Egg 2":5,"StrikeDummy":2,"Cursed Key":20,"Burning Blood":0}],"Burning Blood":60},"card_choices":[{"not_picked":["Dark Embrace","Clash"],"picked":"Heavy Blade","floor":1},{"not_picked":["Anger","Thunderclap"],"picked":"Hemokinesis","floor":3},{"not_picked":["Fire Breathing","Rampage"],"picked":"Ghostly Armor+1","floor":6},{"not_picked":["Combust","True Grit+1"],"picked":"Armaments+1","floor":10},{"not_picked":["True Grit+1","Warcry+1"],"picked":"Blood for Blood","floor":11},{"not_picked":["Bludgeon","Corruption"],"picked":"Impervious+1","floor":16},{"not_picked":["Cleave+1","Rampage"],"picked":"Flex+1","floor":18},{"not_picked":["Fire Breathing","Havoc+1"],"picked":"Wild Strike","floor":19},{"not_picked":["Cleave","Spot Weakness+1"],"picked":"Battle Trance+1","floor":22},{"not_picked":["Iron Wave","Infernal Blade+1"],"picked":"Wild Strike+1","floor":28},{"not_picked":["Evolve+1","Shockwave+1","Warcry+1"],"picked":"Singing Bowl","floor":30},{"not_picked":["Bloodletting+1","Exhume+1","Blood for Blood"],"picked":"Singing Bowl","floor":31}],"player_experience":497308,"relics_obtained":[{"floor":6,"key":"Toxic Egg 2"},{"floor":9,"key":"Ornamental Fan"},{"floor":12,"key":"Pear"},{"floor":14,"key":"WingedGreaves"},{"floor":26,"key":"Singing Bowl"}],"event_choices":[{"cards_removed":["Strike_R"],"damage_healed":0,"gold_gain":0,"player_choice":"Purged","damage_taken":0,"max_hp_gain":0,"max_hp_loss":0,"event_name":"Purifier","floor":2,"gold_loss":0},{"damage_healed":0,"gold_gain":0,"player_choice":"Success","damage_taken":12,"relics_obtained":["StrikeDummy"],"max_hp_gain":0,"max_hp_loss":0,"event_name":"Scrap Ooze","floor":4,"gold_loss":0},{"damage_healed":0,"gold_gain":0,"player_choice":"Read","damage_taken":0,"max_hp_gain":0,"max_hp_loss":0,"event_name":"The Library","floor":21,"gold_loss":0,"cards_obtained":["Blood for Blood"]},{"damage_healed":0,"gold_gain":99,"player_choice":"Stole From Cult","damage_taken":0,"max_hp_gain":0,"max_hp_loss":0,"event_name":"Nest","floor":24,"gold_loss":0},{"damage_healed":0,"gold_gain":0,"cards_transformed":["Heavy Blade"],"player_choice":"Transformed","damage_taken":0,"max_hp_gain":0,"max_hp_loss":0,"event_name":"Transmorgrifier","floor":25,"gold_loss":0,"cards_obtained":["Second Wind"]}],"is_beta":false,"boss_relics":[{"not_picked":["SlaversCollar","Astrolabe"],"picked":"Cursed Key"}],"items_purged_floors":[],"is_endless":false,"potions_floor_spawned":[1,3,10,18,22,30],"killed_by":"Automaton","ascension_level":5}}