{"host":"ymn6un3ro3vi042j","time":1610513028,"event":{"mods":["AchievementEnabler","Act Like it!","BaseMod","Bestiary","Better Third Choice","BetterRewards","Colored Map","Colored Powertips","Curses Come First","Dark Map","DeckTracker","Downfall","Googly Eyes","Highlight Path","Minty Spire (QoL Compilation)","Poor People Problems","Rare Cards Sparkle","StSLib","everything is the same but u backflip on backflip"],"gold_per_floor":[116,136,136,147,44,44,44,319,319,346,346,356,368,383,383,484,484,498,498,498,24,24,24,40,54,128,128,128,139,139,139,139],"floor_reached":31,"language":"ENG","playtime":1782,"items_purged":[],"score":287,"play_id":"898e2627-d907-471f-8621-4379ce352e7c","local_time":"20210112204348","is_ascension_mode":false,"campfire_choices":[{"data":"Well Laid Plans","floor":6,"key":"SMITH"},{"data":"Envenom","floor":11,"key":"SMITH"},{"floor":15,"key":"REST"},{"floor":23,"key":"REST"}],"circlet_count":0,"master_deck":["Strike_G","Strike_G","Strike_G","Strike_G","Strike_G","Defend_G+1","Defend_G","Defend_G","Defend_G","Defend_G","Survivor","Neutralize","Endless Agony","Well Laid Plans+1","Bouncing Flask","Dagger Spray","Envenom+1","Crippling Poison","Predator","Bane","Night Terror","CurseOfTheBell","Footwork","Necronomicurse","Dramatic Entrance","Metamorphosis+1","Infinite Blades","After Image","Choke","Injury","Parasite","Flechettes","Ghostly","Ghostly","Ghostly","Ghostly","Ghostly"],"relics":["Ring of the Snake","Pen Nib","Shuriken","Boot","Calling Bell","Mummified Hand","Happy Flower","Thread and Needle","Necronomicon","Juzu Bracelet","War Paint","Matryoshka"],"acts_visited":["Exordium","TheCity"],"potions_floor_usage":[10,12,12,25,28],"damage_taken":[{"damage":0,"enemies":"Cultist","floor":1,"turns":4},{"damage":1,"enemies":"Small Slimes","floor":2,"turns":3},{"damage":0,"enemies":"2 Louse","floor":4,"turns":1},{"damage":17,"enemies":"Lagavulin","floor":10,"turns":4},{"damage":16,"enemies":"Exordium Thugs","floor":12,"turns":4},{"damage":12,"enemies":"Gremlin Gang","floor":13,"turns":4},{"damage":4,"enemies":"2 Fungi Beasts","floor":14,"turns":3},{"damage":31,"enemies":"Slime Boss","floor":16,"turns":7},{"damage":16,"enemies":"Shell Parasite","floor":18,"turns":5},{"damage":22,"enemies":"2 Thieves","floor":24,"turns":4},{"damage":25,"enemies":"Centurion and Healer","floor":25,"turns":4},{"damage":0,"enemies":"Shelled Parasite and Fungi","floor":28,"turns":2},{"damage":7,"enemies":"Snake Plant","floor":29,"turns":3},{"damage":7,"enemies":"Book of Stabbing","floor":31,"turns":3}],"seed_played":"5887990687396380229","potions_obtained":[{"floor":2,"key":"SteroidPotion"},{"floor":4,"key":"Slimebound:ThreeZeroPotion"},{"floor":10,"key":"SmokeBomb"},{"floor":24,"key":"LiquidBronze"}],"is_trial":false,"path_per_floor":["M","M","?","M","$","R","?","?","T","E","R","M","M","M","R","B",null,"M","?","?","$","?","R","M","M","T","?","M","M","?","E"],"character_chosen":"THE_SILENT","items_purchased":["Dagger Spray","BlessingOfTheForge","Dramatic Entrance","Metamorphosis","Infinite Blades","Juzu Bracelet"],"campfire_rested":2,"item_purchase_floors":[5,5,21,21,21,21],"current_hp_per_floor":[70,69,69,69,69,69,69,69,69,52,52,36,24,20,41,10,70,54,38,38,38,38,59,37,12,12,12,12,5,5,0,0],"gold":139,"neow_bonus":"RANDOM_COMMON_RELIC","is_daily":false,"chose_seed":false,"campfire_upgraded":2,"win_rate":0.0,"timestamp":1610513028,"path_taken":["M","M","?","M","$","R","?","?","T","E","R","?","?","M","R","BOSS","M","?","?","?","?","R","M","M","T","?","M","M","?","E"],"items_purchased_type":["Card","Potion","Card","Card","Card","Relic"],"build_version":"2020-12-22","purchased_purges":0,"victory":false,"max_hp_per_floor":[70,70,70,70,70,70,70,70,70,70,70,70,70,70,70,70,70,70,70,70,70,70,70,70,70,70,70,70,70,35,35,35],"card_choices":[{"not_picked":["Backflip","Sucker Punch"],"picked":"Endless Agony","floor":1},{"not_picked":["Slice","Leg Sweep"],"picked":"Well Laid Plans","floor":2},{"not_picked":["Dagger Spray","Prepared"],"picked":"Bouncing Flask","floor":4},{"not_picked":["Bane","Sucker Punch"],"picked":"Envenom","floor":10},{"not_picked":["Bouncing Flask","Sucker Punch"],"picked":"Crippling Poison","floor":12},{"not_picked":["Slice","Endless Agony"],"picked":"Predator","floor":13},{"not_picked":["Heel Hook","Backflip"],"picked":"Bane","floor":14},{"not_picked":["Venomology","Envenom"],"picked":"Night Terror","floor":16},{"not_picked":["Bane","Dodge and Roll"],"picked":"Footwork","floor":18},{"not_picked":["Prepared+1","Distraction"],"picked":"After Image","floor":24},{"not_picked":["Crippling Poison","Slice"],"picked":"Choke","floor":25},{"not_picked":["Sucker Punch","Dagger Spray"],"picked":"Flechettes","floor":29}],"player_experience":23838,"relics_obtained":[{"floor":9,"key":"Shuriken"},{"floor":10,"key":"Boot"},{"floor":17,"key":"Mummified Hand"},{"floor":17,"key":"Happy Flower"},{"floor":17,"key":"Thread and Needle"},{"floor":19,"key":"Necronomicon"},{"floor":26,"key":"Matryoshka"}],"event_choices":[{"damage_healed":0,"gold_gain":0,"player_choice":"Ignored","damage_taken":0,"max_hp_gain":0,"max_hp_loss":0,"event_name":"Golden Wing","floor":3,"gold_loss":0},{"damage_healed":0,"gold_gain":0,"player_choice":"Leave","damage_taken":0,"max_hp_gain":0,"max_hp_loss":0,"event_name":"The Cleric","floor":7,"gold_loss":0},{"damage_healed":0,"gold_gain":275,"player_choice":"Desecrate","damage_taken":0,"max_hp_gain":0,"max_hp_loss":0,"event_name":"Golden Shrine","floor":8,"gold_loss":0,"cards_obtained":["Regret"]},{"damage_healed":0,"gold_gain":0,"player_choice":"Obtained Book","damage_taken":16,"max_hp_gain":0,"max_hp_loss":0,"event_name":"Cursed Tome","floor":19,"gold_loss":0},{"damage_healed":0,"gold_gain":0,"player_choice":"Ignored","damage_taken":0,"max_hp_gain":0,"max_hp_loss":0,"event_name":"Vampires","floor":20,"gold_loss":0},{"damage_healed":0,"gold_gain":0,"player_choice":"Opened","damage_taken":0,"relics_obtained":["War Paint"],"max_hp_gain":0,"max_hp_loss":0,"event_name":"The Mausoleum","floor":22,"gold_loss":0,"cards_obtained":["Writhe"]},{"damage_healed":0,"gold_gain":0,"cards_transformed":["Writhe","Regret"],"player_choice":"Became Test Subject","damage_taken":0,"max_hp_gain":0,"max_hp_loss":0,"event_name":"Drug Dealer","floor":27,"gold_loss":0,"cards_obtained":["Injury","Parasite"]},{"damage_healed":0,"gold_gain":0,"player_choice":"Became a Ghost","damage_taken":0,"max_hp_gain":0,"max_hp_loss":35,"event_name":"Ghosts","floor":30,"gold_loss":0,"cards_obtained":["Ghostly","Ghostly","Ghostly","Ghostly","Ghostly"]}],"is_beta":false,"boss_relics":[{"not_picked":["Runic Pyramid","Ectoplasm"],"picked":"Calling Bell"}],"items_purged_floors":[],"is_endless":false,"potions_floor_spawned":[2,4,10,24,28],"killed_by":"Book of Stabbing","ascension_level":0}}