{"host":"poop","time":1610556447,"event":{"mods":["BaseMod","Minty Spire (QoL Compilation)","Permanent Neow","Shop Mod","StSLib"],"gold_per_floor":[114,114,124,143,158,158,176,176,176,176,186,218,232,259,259,360,360,374,374,142,142,67,67,93,107,107,120,35,64,64,64,64,64,64],"floor_reached":33,"language":"ENG","playtime":1298,"items_purged":["Strike_B+1"],"score":399,"play_id":"3d4f2706-c1f6-41d8-81d8-d765f5cb9e3f","local_time":"20210113104727","is_ascension_mode":true,"campfire_choices":[{"data":"Redo","floor":6,"key":"SMITH"},{"data":"Conserve Battery","floor":8,"key":"SMITH"},{"floor":10,"key":"REST"},{"floor":15,"key":"REST"},{"data":"White Noise","floor":23,"key":"SMITH"},{"floor":30,"key":"REST"},{"data":"Chaos","floor":32,"key":"SMITH"}],"circlet_count":0,"master_deck":["Strike_B+1","Strike_B+1","Strike_B+1","Defend_B+1","Defend_B+1","Defend_B+1","Defend_B+1","Zap","Dualcast","Redo+1","Zap","Conserve Battery+1","Ball Lightning","Chaos+1","White Noise+1","Electrodynamics","Self Repair+1"],"relics":["Cracked Core","Dream Catcher","Centennial Puzzle","Bag of Marbles","Cursed Key","DataDisk","Blue Candle","Omamori","Meat on the Bone","Pen Nib","Akabeko"],"acts_visited":["Exordium","TheCity"],"potions_floor_usage":[12,12,13,29],"damage_taken":[{"damage":2,"enemies":"Jaw Worm","floor":1,"turns":3},{"damage":1,"enemies":"Cultist","floor":3,"turns":4},{"damage":1,"enemies":"Small Slimes","floor":4,"turns":3},{"damage":13,"enemies":"Exordium Thugs","floor":5,"turns":4},{"damage":8,"enemies":"3 Louse","floor":7,"turns":3},{"damage":0,"enemies":"Large Slime","floor":11,"turns":5},{"damage":29,"enemies":"Gremlin Nob","floor":12,"turns":4},{"damage":9,"enemies":"Red Slaver","floor":13,"turns":2},{"damage":1,"enemies":"The Guardian","floor":16,"turns":7},{"damage":1,"enemies":"Spheric Guardian","floor":18,"turns":3},{"damage":40,"enemies":"Gremlin Leader","floor":24,"turns":5},{"damage":0,"enemies":"3 Byrds","floor":25,"turns":2},{"damage":35,"enemies":"Shelled Parasite and Fungi","floor":27,"turns":4},{"damage":21,"enemies":"Slavers","floor":29,"turns":3},{"damage":86,"enemies":"Champ","floor":33,"turns":8}],"seed_played":"5755989475901086869","potions_obtained":[{"floor":7,"key":"Swift Potion"},{"floor":11,"key":"ColorlessPotion"},{"floor":12,"key":"ColorlessPotion"},{"floor":24,"key":"Explosive Potion"},{"floor":29,"key":"Explosive Potion"}],"is_trial":false,"path_per_floor":["M","?","M","M","M","R","M","R","T","R","M","E","M","T","R","B",null,"M","?","$","?","?","R","E","M","T","M","?","E","R","?","R","B"],"character_chosen":"DEFECT","items_purchased":["DataDisk"],"campfire_rested":3,"item_purchase_floors":[20],"current_hp_per_floor":[66,66,65,64,51,51,43,43,43,65,65,36,27,27,49,48,68,67,67,67,67,67,67,37,37,37,24,24,25,47,75,75,0,0],"gold":64,"neow_bonus":"THREE_CARDS","is_daily":false,"chose_seed":false,"campfire_upgraded":4,"win_rate":0.0,"timestamp":1610556447,"path_taken":["M","?","M","M","?","R","M","R","T","R","M","E","M","?","R","BOSS","M","?","$","?","?","R","E","?","T","M","?","E","R","?","R","BOSS"],"items_purchased_type":["Relic"],"build_version":"2020-12-18","purchased_purges":1,"victory":false,"max_hp_per_floor":[75,75,75,75,75,75,75,75,75,75,75,75,75,75,75,75,75,75,75,75,75,75,75,75,75,75,75,75,75,75,75,75,75,75],"card_choices":[{"not_picked":["Conserve Battery","Coolheaded"],"picked":"Redo","floor":0},{"not_picked":["Sweeping Beam","Turbo","Reinforced Body"],"picked":"SKIP","floor":1},{"not_picked":["Coolheaded","Hologram"],"picked":"Conserve Battery","floor":3},{"not_picked":["Coolheaded","Rebound"],"picked":"Loop","floor":4},{"not_picked":["Barrage","Reprogram"],"picked":"Ball Lightning","floor":5},{"not_picked":["Redo","Steam Power"],"picked":"Chaos","floor":7},{"not_picked":["Compile Driver","Streamline","Rebound"],"picked":"SKIP","floor":11},{"not_picked":["Barrage","Force Field","Hologram"],"picked":"SKIP","floor":12},{"not_picked":["Steam","Meteor Strike","Streamline"],"picked":"SKIP","floor":13},{"not_picked":["Leap","Turbo"],"picked":"White Noise","floor":15},{"not_picked":["Multi-Cast","Rainbow"],"picked":"Electrodynamics","floor":16},{"not_picked":["Compile Driver","White Noise"],"picked":"Self Repair+1","floor":18},{"not_picked":["Rebound","Barrage","Steam Power"],"picked":"SKIP","floor":24},{"not_picked":["Fusion","Blizzard","Conserve Battery"],"picked":"SKIP","floor":25},{"not_picked":["Beam Cell","Compile Driver","Redo"],"picked":"SKIP","floor":27},{"not_picked":["Auto Shields","Doom and Gloom","Scrape"],"picked":"SKIP","floor":29}],"player_experience":533369,"relics_obtained":[{"floor":9,"key":"Dream Catcher"},{"floor":12,"key":"Centennial Puzzle"},{"floor":14,"key":"Bag of Marbles"},{"floor":24,"key":"Omamori"},{"floor":26,"key":"Meat on the Bone"},{"floor":29,"key":"Akabeko"}],"event_choices":[{"damage_healed":0,"gold_gain":0,"player_choice":"1 cards matched","damage_taken":0,"max_hp_gain":0,"max_hp_loss":0,"event_name":"Match and Keep!","floor":2,"gold_loss":0,"cards_obtained":["Zap"]},{"damage_healed":0,"gold_gain":0,"player_choice":"Simplicity","damage_taken":0,"max_hp_gain":0,"max_hp_loss":0,"event_name":"Back to Basics","floor":19,"gold_loss":0,"cards_upgraded":["Strike_B","Strike_B","Strike_B","Strike_B","Defend_B","Defend_B","Defend_B","Defend_B"]},{"damage_healed":0,"gold_gain":0,"player_choice":"Opened","damage_taken":0,"relics_obtained":["Blue Candle"],"max_hp_gain":0,"max_hp_loss":0,"event_name":"The Mausoleum","floor":21,"gold_loss":0,"cards_obtained":["Writhe"]},{"cards_removed":["Writhe"],"damage_healed":0,"gold_gain":0,"player_choice":"Gave Gold","damage_taken":0,"max_hp_gain":0,"max_hp_loss":0,"event_name":"Beggar","floor":22,"gold_loss":75},{"damage_healed":0,"gold_gain":0,"player_choice":"Obtained Relic","damage_taken":0,"relics_obtained":["Pen Nib"],"max_hp_gain":0,"max_hp_loss":0,"event_name":"Addict","floor":28,"gold_loss":85},{"cards_removed":["Loop"],"damage_healed":28,"gold_gain":0,"player_choice":"Offered Uncommon","damage_taken":0,"max_hp_gain":0,"max_hp_loss":0,"event_name":"Bonfire Elementals","floor":31,"gold_loss":0}],"is_beta":true,"boss_relics":[{"not_picked":["Runic Pyramid","Fusion Hammer"],"picked":"Cursed Key"}],"items_purged_floors":[20],"is_endless":false,"potions_floor_spawned":[7,11,12,24,29],"killed_by":"Champ","ascension_level":8}}