{"host":"2jftgrhdogeeegvp","time":1610516120,"event":{"mods":["Act Like it!","Arknights The Spire","BaseMod","Colored Map","Downfall","Gensokyo","Marisa£®ÏF”Í°°ƒß¿Ì…≥£©","Minty Spire (QoL Compilation)","READ ME - Guardian Mod","Reimu£®≤©¿ˆ¡È√Œ£©","StSLib","SuperFastMode","The Cursed","The Gatherer","The Mystic"],"gold_per_floor":[118,43,56,56,66,78,78,88,112,123,152,152,166,189,189,308,308,329,329,347,368,278,322,10,10,10],"floor_reached":25,"language":"ZHS","playtime":1162,"items_purged":["ats:Defend"],"score":227,"play_id":"63536aa8-d709-4690-8ea4-0ebe8749a2a4","local_time":"20210112213520","is_ascension_mode":false,"campfire_choices":[{"data":"ats:Demon Strength","floor":15.0,"key":"SMITH"}],"circlet_count":0,"master_deck":["ats:Strike V+1","ats:Armor Crushing Shot","ats:Defend+1","ats:Defend","ats:Defend","ats:Emotion Absorption","ats:Demon Strength+1","ats:Consecutive Shot Auto","ats:Closed Bolt Burst Fire+1","ats:Explosion Area Strengthen","ats:Consecutive Shot Auto","ats:Healing Drone","ats:Overload","ats:Spore Proliferation","ats:Flexible Camouflage+1","ats:Echo Reverb","ats:Hook Shot","ats:Chain Hook","ats:Poison Spread+1","ats:Calcification"],"relics":["RedLine:ReiMu","ats:Originium","Akabeko","Golden Idol","Empty Cage","ats:Rhine Circuitry","Whetstone"],"acts_visited":["Exordium","TheCity"],"potions_floor_usage":[23,25],"damage_taken":[{"damage":5.0,"enemies":"Cultist","floor":1.0,"turns":4.0},{"damage":0.0,"enemies":"Small Slimes","floor":3.0,"turns":2.0},{"damage":11.0,"enemies":"Jaw Worm","floor":5.0,"turns":2.0},{"damage":0.0,"enemies":"3 Louse","floor":6.0,"turns":2.0},{"damage":5.0,"enemies":"Red Slaver","floor":8.0,"turns":2.0},{"damage":0.0,"enemies":"Large Slime","floor":10.0,"turns":2.0},{"damage":24.0,"enemies":"3 Sentries","floor":11.0,"turns":6.0},{"damage":0.0,"enemies":"Exordium Thugs","floor":13.0,"turns":2.0},{"damage":1.0,"enemies":"2 Fungi Beasts","floor":14.0,"turns":2.0},{"damage":31.0,"enemies":"The Guardian","floor":16.0,"turns":8.0},{"damage":10.0,"enemies":"Chosen","floor":18.0,"turns":2.0},{"damage":10.0,"enemies":"2 Thieves","floor":20.0,"turns":2.0},{"damage":0.0,"enemies":"3 Cultists","floor":21.0,"turns":3.0},{"damage":31,"enemies":"Book of Stabbing","floor":23,"turns":4},{"damage":29,"enemies":"Slavers","floor":25,"turns":1}],"seed_played":"1572837082009213143","potions_obtained":[{"floor":3.0,"key":"GrandPatriotsElixir:ReiMu"},{"floor":5.0,"key":"SteroidPotion"},{"floor":7.0,"key":"champ:CounterPotion"},{"floor":7.0,"key":"LiquidBronze"},{"floor":11.0,"key":"MagicPotion:ReiMu"},{"floor":13.0,"key":"EntropicBrew"},{"floor":16.0,"key":"GamblersBrew"},{"floor":20.0,"key":"Energy Potion"}],"is_trial":false,"path_per_floor":["M","$","M","?","M","M","?","M","T","M","E","?","M","M","R","B",null,"M","?","M","M","?","E","$","E"],"character_chosen":"DOCTOR_CLASS","items_purchased":["ats:Calcification","Whetstone"],"campfire_rested":0,"item_purchase_floors":[24,24],"current_hp_per_floor":[67,67,67,53,42,42,42,37,37,37,19,19,25,24,24,5,72,62,62,52,52,52,21,21,0,0],"gold":10,"neow_bonus":"BOSS_RELIC","is_daily":false,"chose_seed":false,"campfire_upgraded":1,"win_rate":0.0,"timestamp":1610516120,"path_taken":["M","$","M","?","M","M","?","M","T","?","E","?","M","M","R","BOSS","M","?","M","?","?","E","?","E"],"items_purchased_type":["Card","Relic"],"build_version":"2020-12-22","purchased_purges":1,"victory":false,"max_hp_per_floor":[72,72,72,72,72,72,72,72,72,72,72,72,72,72,72,72,72,72,72,72,72,72,72,72,72,72],"card_choices":[{"not_picked":["ats:Revitalization","ats:Ignite"],"picked":"ats:Demon Strength","floor":1.0},{"not_picked":["ats:Burning Ground","ats:Encircling Forest"],"picked":"ats:Consecutive Shot Auto","floor":3.0},{"not_picked":["ats:Neurotoxin","ats:Consecutive Shot Auto"],"picked":"ats:Closed Bolt Burst Fire","floor":5.0},{"not_picked":["ats:Apocalypse","ats:Curse Doll"],"picked":"ats:Explosion Area Strengthen","floor":6.0},{"not_picked":["ats:Curse Doll","ats:Steam Pump"],"picked":"ats:Consecutive Shot Auto","floor":8.0},{"not_picked":["ats:Dogmatic Field","ats:Sword Rain"],"picked":"ats:Healing Drone","floor":10.0},{"not_picked":["ats:Apocalypse","ats:Ignite"],"picked":"ats:Overload","floor":11.0},{"not_picked":["ats:Ignite","ats:Support Order"],"picked":"ats:Spore Proliferation","floor":13.0},{"not_picked":["ats:Consecutive Shot Auto","ats:Leaping Hammer"],"picked":"ats:Flexible Camouflage","floor":14.0},{"not_picked":["ats:Soul Rend","ats:Nebulous Foxfire"],"picked":"ats:Echo Reverb","floor":16.0},{"not_picked":["ats:Leaping Hammer","ats:Cat Scratch"],"picked":"ats:Hook Shot","floor":18.0},{"not_picked":["ats:Ignite","ats:LN2 Cannon"],"picked":"ats:Chain Hook","floor":20.0},{"not_picked":["ats:Encircling Forest","ats:Revitalization","ats:Childhood Dance+1"],"picked":"SKIP","floor":21.0},{"not_picked":["ats:Ignite","ats:Steam Pump"],"picked":"ats:Poison Spread","floor":23}],"player_experience":408763,"relics_obtained":[{"floor":11.0,"key":"ats:Originium"},{"floor":11.0,"key":"Akabeko"},{"floor":23,"key":"ats:Originium"},{"floor":23,"key":"ats:Rhine Circuitry"}],"event_choices":[{"damage_healed":0.0,"max_hp_gain":0.0,"max_hp_loss":0.0,"gold_gain":0.0,"event_name":"Shining Light","player_choice":"Entered Light","floor":4.0,"gold_loss":0.0,"damage_taken":14.0,"cards_upgraded":["ats:Defend","ats:Strike V"]},{"damage_healed":0.0,"max_hp_gain":0.0,"max_hp_loss":0.0,"gold_gain":0.0,"event_name":"Lab","player_choice":"Got Potions","floor":7.0,"gold_loss":0.0,"damage_taken":0.0},{"damage_healed":0.0,"max_hp_gain":0.0,"max_hp_loss":0.0,"gold_gain":0.0,"event_name":"Golden Idol","player_choice":"Take Wound","floor":12.0,"gold_loss":0.0,"damage_taken":0.0,"relics_obtained":["Golden Idol"],"cards_obtained":["Injury"]},{"cards_removed":["ats:Strike S"],"damage_healed":0.0,"max_hp_gain":0.0,"max_hp_loss":0.0,"gold_gain":0.0,"event_name":"Bonfire Elementals","player_choice":"Offered Basic","floor":19.0,"gold_loss":0.0,"damage_taken":0.0},{"cards_removed":["ats:Strike G"],"damage_healed":0.0,"max_hp_gain":0.0,"max_hp_loss":0.0,"gold_gain":0.0,"event_name":"Designer","player_choice":"Upgrade and Remove","floor":22.0,"gold_loss":90.0,"damage_taken":0.0,"cards_upgraded":["ats:Flexible Camouflage"]}],"is_beta":false,"boss_relics":[{"not_picked":["Astrolabe","SacredBark"],"picked":"Empty Cage"}],"items_purged_floors":[2],"is_endless":false,"potions_floor_spawned":[3,5,11,13,16,20],"killed_by":"Slavers","ascension_level":0}}