{"host":"ql2ou8pbwhrolc4x","time":1610555817,"event":{"mods":["100% Spire Juice","2.2 Compatiblity","Act Like it!","Arknights The Spire","BaseMod","Colored Map","Colored Powertips","Gensokyo","Hallownest","Hubris","Infinite Spire","Lobotomy","LobotomyExtend","Marisa£¨Ùöéë¡¡Øª×âÞÞ£©","Minty Spire (QoL Compilation)","Random Character Button","Replay The Spire","Spicy Shops","StSLib","The Jungle","WarShipGirlsR/??á´Ò³R mod","Yakumo Yukari mod","vexMod","¡¼?Úª?ø«¡½REMEMod"],"gold_per_floor":[112,40,40,59,73,73,73,73,98,98,108,108,108,148,148,251,251,270,10,24,38,8,8,24,35,35,35,235,235],"floor_reached":28,"language":"KOR","playtime":1418,"items_purged":[],"score":210,"play_id":"cd1382d1-28b0-44cb-a95c-655efa99e7be","local_time":"20210114013657","is_ascension_mode":false,"campfire_choices":[{"data":"LessonLearned","floor":6,"key":"SMITH"},{"data":"Moonworks:LuckyCharm","floor":8,"key":"SMITH"},{"data":"Moonworks:LongDistanceShot","floor":15,"key":"SMITH"},{"data":"Moonworks:ForcedRevival","floor":23,"key":"SMITH"},{"data":"Moonworks:JonathanRush","floor":27,"key":"SMITH"}],"circlet_count":0,"master_deck":["Moonworks:Strike","Moonworks:Strike+1","Moonworks:Defend+1","Moonworks:Defend+1","Moonworks:Defend+1","Moonworks:Ambush+1","Moonworks:LongDistanceShot+1","LessonLearned+1","Moonworks:ForcedRevival+1","Moonworks:RagingMadness+1","Moonworks:EvilSpyWorkPreparation","Moonworks:LuckyCharm+1","Moonworks:Dash+1","Moonworks:Dinner","Moonworks:MetallicMonocoque+1","Moonworks:JonathanRush+1","Moonworks:IndiscriminateFireSupport+1","Moonworks:ImOnFire+1","Moonworks:JonathanRush+1"],"relics":["Moonworks:BrokenBomb","Moonworks:Homemark","REME_ComplimentaryCards","LetterFromLob","Hallownest:DreamNailRelic","Juzu Bracelet","Black Star","Durian","StoneCalendar","Orichalcum"],"acts_visited":["Exordium","Hallownest:Greenpath"],"potions_floor_usage":[14,19,19,25,25],"damage_taken":[{"damage":6,"enemies":"Hallownest:monsterHuskWarrior","floor":1,"turns":4},{"damage":14,"enemies":"Hallownest:2_Baldur","floor":4,"turns":5},{"damage":1,"enemies":"Hallownest:monsterHuskGuard","floor":5,"turns":3},{"damage":3,"enemies":"Hallownest:monsterFoolEater","floor":11,"turns":6},{"damage":4,"enemies":"Hallownest:2_Tiktiks_1_Baldur_1_Crawlid","floor":14,"turns":4},{"damage":28,"enemies":"Hallownest:BossBrokenVessel","floor":16,"turns":10},{"damage":33,"enemies":"Gensokyo:AngelMirror","floor":18,"turns":4},{"damage":28,"enemies":"Gensokyo:AngelMirror","floor":19,"turns":14},{"damage":3,"enemies":"Gensokyo:2_Gloops","floor":20,"turns":5},{"damage":10,"enemies":"Gensokyo:Wraith","floor":21,"turns":4},{"damage":0,"enemies":"Gensokyo:3_Gloops","floor":24,"turns":3},{"damage":18,"enemies":"Gensokyo:Swordslinger","floor":25,"turns":3},{"damage":37,"enemies":"Gensokyo:Slime_Group","floor":28,"turns":4}],"seed_played":"-2964784202058091177","potions_obtained":[{"floor":1,"key":"Swift Potion"},{"floor":11,"key":"REME_GoldPotion"},{"floor":16,"key":"ColorlessPotion"},{"floor":18,"key":"BlessingOfTheForge"},{"floor":20,"key":"Moonworks:OneHundredPercentOrangeJuicePotion"},{"floor":24,"key":"AttackPotion"},{"floor":25,"key":"SteroidPotion"}],"is_trial":false,"path_per_floor":["M","$","?","M","M","R","?","R","T","?","M","?","?","M","R","B",null,"M","?","M","M","COS","R","M","M","T","R","M"],"character_chosen":"THE_STARBREAKER","items_purchased":["Moonworks:RagingMadness+1"],"campfire_rested":0,"item_purchase_floors":[2],"current_hp_per_floor":[36,36,36,27,31,31,31,31,31,31,33,36,36,37,37,20,63,41,29,37,37,37,37,45,30,30,30,0,0],"gold":235,"neow_bonus":"REMOVE_TWO","is_daily":false,"chose_seed":false,"campfire_upgraded":5,"win_rate":0.0,"timestamp":1610555817,"path_taken":["M","?","?","M","M","R","?","R","T","?","M","?","?","M","R","BOSS","M","?","M","M","COS","R","M","M","T","R","M"],"items_purchased_type":["Card"],"build_version":"2020-12-22","purchased_purges":0,"victory":false,"max_hp_per_floor":[60,60,60,60,60,60,60,60,60,60,60,63,63,63,63,63,63,63,68,68,68,68,68,68,68,68,68,68,68],"card_choices":[{"not_picked":["Moonworks:ImOnFire","Moonworks:LulusLuckyEgg"],"picked":"Moonworks:ForcedRevival","floor":1},{"not_picked":["Moonworks:BigMagnum","Moonworks:IndiscriminateFireSupport"],"picked":"Moonworks:EvilSpyWorkPreparation","floor":4},{"not_picked":["Moonworks:IndiscriminateFireSupport","Moonworks:UnpaidWork"],"picked":"Moonworks:LuckyCharm","floor":5},{"not_picked":["Moonworks:FinalSurgery","Moonworks:ImmovableObject"],"picked":"Moonworks:Dash","floor":11},{"not_picked":["Moonworks:DeployBits","Moonworks:x16BigRocket","Moonworks:EvilSpyWorkPreparation"],"picked":"SKIP","floor":14},{"not_picked":["Moonworks:SubspaceTunnel","Moonworks:Gamble"],"picked":"Moonworks:MetallicMonocoque","floor":16},{"not_picked":["Moonworks:DeployBits+1","Moonworks:ScrambledEve"],"picked":"Moonworks:JonathanRush","floor":18},{"not_picked":["Moonworks:NicePresent","Moonworks:LulusLuckyEgg"],"picked":"Moonworks:IndiscriminateFireSupport+1","floor":19},{"not_picked":["Moonworks:DeployBits","Moonworks:IndiscriminateFireSupport","Moonworks:BeyondHell"],"picked":"SKIP","floor":20},{"not_picked":["Moonworks:IndiscriminateFireSupport+1","Moonworks:SubspaceTunnel","Moonworks:Assault"],"picked":"SKIP","floor":21},{"not_picked":["Moonworks:UnpaidWork","Moonworks:ForcedRevival+1"],"picked":"Moonworks:ImOnFire","floor":24},{"not_picked":["Moonworks:EvilSpyWorkPreparation","Moonworks:ForcedRevival"],"picked":"Moonworks:JonathanRush","floor":25}],"player_experience":922216,"relics_obtained":[{"floor":1,"key":"LetterFromLob"},{"floor":9,"key":"Juzu Bracelet"},{"floor":19,"key":"Durian"},{"floor":19,"key":"StoneCalendar"},{"floor":26,"key":"Orichalcum"}],"event_choices":[],"is_beta":false,"boss_relics":[{"not_picked":["hubris:CrackedHourglass","Velvet Choker"],"picked":"Black Star"}],"items_purged_floors":[],"is_endless":false,"potions_floor_spawned":[1,11,16,18,20,24,25],"killed_by":"Gensokyo:Slime_Group","ascension_level":0}}