{"host":"c5slkkw8hp42e20v","time":1610510193,"event":{"mods":["AchievementEnabler","BaseMod","Better Note","BetterRewards","Colored Powertips","DeckTracker","Friendly Minions","GifTheSpireLib","Hermit","Highlight Path","Minty Spire (QoL Compilation)","Quick Restart","Rare Cards Sparkle","Replay The Spire","Spicy Shops","StSLib","The Animator","The Hierophant","The Poker Player","????"],"gold_per_floor":[369,379,379,379,394,427,443,460,487,522,65,65,65,78,1,17,17,115,115,128,128,128,148,166,192,192,192,192],"floor_reached":27,"language":"ENG","playtime":1490,"items_purged":["Hallucinations"],"score":257,"play_id":"9a09fcd6-0a4c-4b72-9848-c31ebcd0a351","local_time":"20210112215633","is_ascension_mode":true,"campfire_choices":[{"floor":17,"key":"REST"},{"data":"Demon Form","floor":26,"key":"SMITH"},{"data":"Armaments","floor":26,"key":"SMITH"}],"circlet_count":0,"master_deck":["Strike_R","Strike_R","Strike_R","Strike_R","Strike_R+1","Defend_R","Defend_R+1","Defend_R","Defend_R","Bash","Eruption","animator:Defend_Overlord","Run Through","Headbutt","Heavy Blade+1","Combust","ReplayTheSpireMod:Strike From Hell","Pommel Strike","Uppercut","Armaments+1","Defy Death","Seeing Red","Demon Form+1","CurseOfTheBell","Pot Of Greed","Pot Of Greed","Pot Of Greed","Run Through","Burning Pact+1","Spot Weakness","Sword Boomerang"],"relics":["Burning Blood","Ring of Fury","Ring of Searing","Bag of Marbles","ReplayTheSpireMod:Spearhead","Strawberry","ClockworkSouvenir","Vajra","Gremlin Food","Dream Catcher","Calling Bell","Chameleon Ring","Replay:Arrowhead","Grinning Jar","Lantern"],"acts_visited":["Exordium","TheCity"],"potions_floor_usage":[8,10,25,25],"damage_taken":[{"damage":0,"enemies":"Small Slimes","floor":1,"turns":4},{"damage":7,"enemies":"2 Louse","floor":2,"turns":3},{"damage":5,"enemies":"Cultist","floor":5,"turns":2},{"damage":29,"enemies":"3 Sentries","floor":6,"turns":5},{"damage":14,"enemies":"Lots of Slimes","floor":7,"turns":2},{"damage":1,"enemies":"3 Louse","floor":8,"turns":3},{"damage":5,"enemies":"Replay:BlueRogue","floor":10,"turns":3},{"damage":4,"enemies":"Blue Slaver","floor":14,"turns":2},{"damage":0,"enemies":"2 Fungi Beasts","floor":16,"turns":2},{"damage":43,"enemies":"Hexaghost","floor":18,"turns":5},{"damage":23,"enemies":"3 Byrds","floor":20,"turns":4},{"damage":5,"enemies":"Chosen","floor":23,"turns":3},{"damage":42,"enemies":"Sentry and Sphere","floor":24,"turns":4},{"damage":72,"enemies":"Slavers","floor":25,"turns":4},{"damage":18,"enemies":"Gremlin Leader","floor":27,"turns":3}],"seed_played":"4285855690042118254","potions_obtained":[{"floor":1,"key":"PowerPotion"},{"floor":6,"key":"PowerPotion"},{"floor":7,"key":"EssenceOfSteel"},{"floor":14,"key":"FairyPotion"},{"floor":20,"key":"Death Potion"}],"is_trial":false,"path_per_floor":["M","M","?","?","M","E","M","M","T","E","R","PTL","PTL","M","$","M","R","B",null,"M","?","$","M","M","E","R","E"],"character_chosen":"IRONCLAD","items_purchased":["ClockworkSouvenir","Vajra","Gremlin Food","Dream Catcher"],"campfire_rested":1,"item_purchase_floors":[11,11,11,15],"current_hp_per_floor":[80,79,79,63,64,41,33,38,38,46,46,46,46,48,48,54,80,43,87,70,70,70,71,35,14,14,0,0],"gold":192,"neow_bonus":"TWO_FIFTY_GOLD","is_daily":false,"chose_seed":false,"campfire_upgraded":2,"win_rate":0.0,"timestamp":1610510193,"path_taken":["M","M","?","?","M","E","M","M","T","E","R","PTL","PTL","M","$","M","R","BOSS","M","?","$","?","M","E","R","E"],"items_purchased_type":["Relic","Relic","Relic","Relic"],"build_version":"2020-12-22","purchased_purges":1,"victory":false,"max_hp_per_floor":[80,80,80,80,80,80,80,80,80,87,87,87,87,87,87,87,87,87,87,87,87,87,87,87,87,87,87,87],"card_choices":[{"not_picked":["Headbutt","Perfected Strike"],"picked":"Run Through","floor":1},{"not_picked":["Warcry","Heavy Blade"],"picked":"Headbutt","floor":2},{"not_picked":["Body Slam","Clash"],"picked":"Heavy Blade","floor":5},{"not_picked":["Defy Death","Abandon"],"picked":"Combust","floor":6},{"not_picked":["Body Slam","Headbutt"],"picked":"ReplayTheSpireMod:Strike From Hell","floor":7},{"not_picked":["ReplayReversal","Headbutt"],"picked":"Pommel Strike","floor":8},{"not_picked":["Headbutt","Clash"],"picked":"Uppercut","floor":10},{"not_picked":["Anger","Shrug It Off"],"picked":"Armaments","floor":14},{"not_picked":["Warcry","Flex"],"picked":"Defy Death","floor":16},{"not_picked":["Wild Strike","Offering"],"picked":"Seeing Red","floor":17},{"not_picked":["Barricade","Demonic Infusion"],"picked":"Demon Form","floor":18},{"not_picked":["Sword Boomerang","Body Slam+1"],"picked":"Run Through","floor":20},{"not_picked":["Havoc","ReplayTheSpireMod:Corrosion Curse"],"picked":"Burning Pact+1","floor":23},{"not_picked":["Metallicize","Wild Strike+1"],"picked":"Spot Weakness","floor":24},{"not_picked":["Twin Strike","Fiend Fire"],"picked":"Sword Boomerang","floor":25}],"player_experience":44465,"relics_obtained":[{"floor":3,"key":"Ring of Fury"},{"floor":3,"key":"Ring of Searing"},{"floor":6,"key":"Bag of Marbles"},{"floor":9,"key":"ReplayTheSpireMod:Spearhead"},{"floor":10,"key":"Strawberry"},{"floor":19,"key":"Chameleon Ring"},{"floor":19,"key":"Replay:Arrowhead"},{"floor":19,"key":"Grinning Jar"},{"floor":25,"key":"Lantern"}],"event_choices":[{"damage_healed":0,"gold_gain":0,"player_choice":"Entered Light","damage_taken":16,"max_hp_gain":0,"max_hp_loss":0,"event_name":"Shining Light","floor":4,"gold_loss":0,"cards_upgraded":["Strike_R","Defend_R"]},{"damage_healed":0,"gold_gain":0,"player_choice":"Ignored","damage_taken":0,"max_hp_gain":0,"max_hp_loss":0,"event_name":"betterNote:BetterNote","floor":21,"gold_loss":0,"cards_obtained":["Metallicize"]}],"is_beta":false,"boss_relics":[{"not_picked":["ReplayTheSpireMod:DimensionalGlitch","Snecko Eye"],"picked":"Calling Bell"}],"items_purged_floors":[11],"is_endless":false,"potions_floor_spawned":[1,6,7,14,20,23],"killed_by":"Gremlin Leader","ascension_level":1}}