{"host":"eejrqhjknvwl59ep","time":1610520477,"event":{"mods":["BaseMod","Downfall","Hubris","Infinite Spire","Minty Spire (QoL Compilation)","StSLib"],"gold_per_floor":[119,119,129,129,129,129,129,172,172,172,196,196,196,80,80,206,206,230,145,145,170,80,80,80,121,133,183,195,207,207,207],"floor_reached":29,"language":"ENG","playtime":899,"items_purged":[],"score":301,"play_id":"3f383f48-70fb-4398-a7a9-5590f396e9ca","local_time":"20210113074757","daily_mods":["SealedDeck","Heirloom","Time Dilation","Flight"],"is_ascension_mode":false,"campfire_choices":[{"data":"Slimebound:Nibble","floor":6,"key":"SMITH"},{"data":"Slimebound:Nibble","floor":7,"key":"SMITH"},{"data":"Slimebound:LevelUp","floor":12,"key":"SMITH"},{"data":"Slimebound:Nibble","floor":15,"key":"SMITH"},{"data":"expansioncontent:CaCaw","floor":23,"key":"SMITH"},{"data":"Slimebound:LeadByExample","floor":24,"key":"SMITH"}],"circlet_count":0,"master_deck":["Slimebound:LeechingTouch","Slimebound:Nibble+1","Slimebound:SplitMire","Slimebound:FinishingTackle+1","Slimebound:RollThrough+1","Slimebound:Nibble+1","Slimebound:SplitMire","Slimebound:RainOfGoop","Slimebound:SlimeSpikes","Slimebound:LevelUp+1","Slimebound:SlimeSpikes","Slimebound:LevelUp","Slimebound:LeadByExample+1","Slimebound:Nibble+1","Slimebound:OneTwoCombo","expansioncontent:CaCaw+1","Slimebound:DuplicatedForm","Slimebound:LeechingTouch+1","infinitespire:Oblivion"],"relics":["Slimebound:AbsorbEndCombatUpgraded","champ:DuelingGlove","Golden Idol","hubris:Icosahedron","Juzu Bracelet","Shovel","Whetstone","infinitespire:Bottled Soul","Strawberry","MawBank","hubris:Metronome","Frozen Egg 2"],"acts_visited":["Exordium","TheCity"],"potions_floor_usage":[29],"damage_taken":[{"damage":11,"enemies":"Cultist","floor":1,"turns":2},{"damage":15,"enemies":"Jaw Worm","floor":3,"turns":2},{"damage":19,"enemies":"Lagavulin","floor":8,"turns":4},{"damage":16,"enemies":"The Guardian","floor":16,"turns":6},{"damage":4,"enemies":"Spheric Guardian","floor":18,"turns":3},{"damage":30,"enemies":"Gremlin Leader","floor":25,"turns":4},{"damage":44,"enemies":"Slavers","floor":27,"turns":4},{"damage":53,"enemies":"Book of Stabbing","floor":29,"turns":4}],"seed_played":"7981510378626600461","potions_obtained":[{"floor":13,"key":"Dexterity Potion"},{"floor":13,"key":"EssenceOfSteel"},{"floor":13,"key":"SmokeBomb"}],"is_trial":true,"path_per_floor":["M","?","M","?","?","R","R","E","T","?","T","R","?","$","R","B",null,"M","?","?","T","$","R","R","E","T","E","?","E"],"character_chosen":"SLIMEBOUND","items_purchased":["Slimebound:LeadByExample","Slimebound:Nibble","expansioncontent:CaCaw"],"campfire_rested":0,"item_purchase_floors":[14,14,22],"current_hp_per_floor":[59,59,51,36,36,36,36,33,33,33,33,33,33,33,33,43,60,60,60,60,67,67,67,67,67,67,52,36,0,0,0],"gold":207,"neow_bonus":"","is_daily":false,"chose_seed":false,"campfire_upgraded":6,"win_rate":0.0,"timestamp":1610520477,"path_taken":["M","?","?","?","?","R","R","E","T","?","?","R","?","$","R","BOSS","M","?","?","?","$","R","R","E","T","E","?","E"],"items_purchased_type":["Card","Card","Card"],"build_version":"2020-12-22","purchased_purges":0,"victory":false,"max_hp_per_floor":[60,60,60,60,60,60,60,60,60,60,60,60,60,60,60,60,60,60,60,60,67,67,67,67,67,67,67,67,67,67,67],"card_choices":[{"not_picked":["Slimebound:Prepare","Slimebound:Repurpose"],"picked":"Slimebound:LevelUp","floor":1},{"not_picked":["Slimebound:GoopTackle","Slimebound:Prepare"],"picked":"Slimebound:SlimeSpikes","floor":3},{"not_picked":["Slimebound:LivingWall","Slimebound:SplitLeeching"],"picked":"Slimebound:LevelUp","floor":8},{"not_picked":["Slimebound:RallyTheTroops","Slimebound:LeechLife"],"picked":"Slimebound:OneTwoCombo","floor":16},{"not_picked":["Slimebound:GoopTackle","Slimebound:BestDefense","Slimebound:ItLooksTasty+1"],"picked":"SKIP","floor":18},{"not_picked":["Slimebound:SlimeSpikes","Slimebound:GoopSpray+1"],"picked":"Slimebound:DuplicatedForm","floor":25},{"not_picked":["Slimebound:SplitLeeching","Slimebound:ViciousTackle"],"picked":"Slimebound:LeechingTouch+1","floor":27},{"not_picked":["infinitespire:UltimateForm","infinitespire:TheBestDefense"],"picked":"infinitespire:Oblivion","floor":28}],"player_experience":249756,"relics_obtained":[{"floor":8,"key":"Juzu Bracelet"},{"floor":9,"key":"Shovel"},{"floor":11,"key":"Whetstone"},{"floor":21,"key":"Strawberry"},{"floor":25,"key":"MawBank"},{"floor":26,"key":"hubris:Metronome"},{"floor":27,"key":"Frozen Egg 2"}],"event_choices":[{"cards_removed":["Slimebound:FinishingTackle"],"damage_healed":0,"gold_gain":0,"player_choice":"Purged","damage_taken":0,"max_hp_gain":0,"max_hp_loss":0,"event_name":"Purifier","floor":2,"gold_loss":0},{"damage_healed":0,"gold_gain":0,"player_choice":"Take Damage","damage_taken":15,"relics_obtained":["Golden Idol"],"max_hp_gain":0,"max_hp_loss":0,"event_name":"Golden Idol","floor":4,"gold_loss":0},{"damage_healed":0,"gold_gain":0,"player_choice":"Got Potions","damage_taken":0,"max_hp_gain":0,"max_hp_loss":0,"event_name":"Lab","floor":13,"gold_loss":0},{"damage_healed":0,"gold_gain":0,"player_choice":"Obtained Relic","damage_taken":0,"relics_obtained":["infinitespire:Bottled Soul"],"max_hp_gain":0,"max_hp_loss":0,"event_name":"Addict","floor":19,"gold_loss":85}],"is_beta":false,"boss_relics":[{"not_picked":["infinitespire:Cupcake","SacredBark"],"picked":"Slimebound:AbsorbEndCombatUpgraded"}],"items_purged_floors":[],"is_endless":false,"potions_floor_spawned":[25],"killed_by":"Book of Stabbing","ascension_level":0}}