{"host":"y4sghvfd0ewtcchd","time":1610564332,"event":{"mods":["Aspiration","BaseMod","Better Debug","Better Note","Better Third Choice","BetterRewards","Block Reminder","Colored Map","Colored Powertips","Downfall","Highlight Path","Hubris","Infinite Spire","Minty Spire (QoL Compilation)","Relic Sorter","Relic Stats","Replay The Spire","Shop Mod","StSLib","The Jungle","The Saiyan"],"gold_per_floor":[112,112,60,60,76,76,109,129,152,152,152,152,190,224,224,286,286,381,381,396,436,511,549,582,582,582,615,668,668,684,684,702,741,741,838,838,855,873,607,622,636,656,656,706,706,706,754,754,779,242,242,242,242,242,18,47,47],"floor_reached":58,"language":"ENG","playtime":4136,"items_purged":["Defend_B","Parasite"],"score":2071,"play_id":"909c180e-bf9b-4224-8af2-fb712778b266","local_time":"20210113215852","is_ascension_mode":true,"campfire_choices":[{"floor":6.0,"key":"REST"},{"data":"hubris:PowerSurge","floor":10.0,"key":"SMITH"},{"data":"White Noise","floor":15.0,"key":"SMITH"},{"data":"Redo","floor":17.0,"key":"SMITH"},{"data":"Static Discharge","floor":25.0,"key":"SMITH"},{"floor":29.0,"key":"REST"},{"data":"Barrage","floor":31.0,"key":"SMITH"},{"data":"Sunder","floor":34.0,"key":"SMITH"},{"floor":43.0,"key":"RECALL"},{"data":"Machine Learning","floor":46.0,"key":"SMITH"},{"data":"infinitespire:DeathsTouch","floor":48.0,"key":"SMITH"},{"data":"Buffer","floor":51.0,"key":"SMITH"},{"data":"hubris:EnhanceAbility","floor":54.0,"key":"SMITH"}],"circlet_count":0,"master_deck":["Strike_B","Strike_B","Strike_B","Strike_B","Defend_B","Defend_B","Defend_B","Zap","Dualcast","White Noise+1","Static Discharge+1","HandOfGreed","Beam Cell+1","FTL","Capacitor","Melter","Sunder+1","Biased Cognition","Redo+1","Steam","Steam","Defragment+1","Conserve Battery+1","hubris:PowerSurge+1","Chill+1","Turbo+1","Hello World","ReplayTheSpireMod:Omega Cannon","Leap+1","Barrage+1","Conserve Battery+1","Reboot+1","Sunder+1","Panic Button+1","FTL+1","Turbo+1","Echo Form","Reboot+1","Ball Lightning","Buffer+1","Loop+1","Replay:SS_forest_6","expansioncontent:Corrupt+1","FIFO Queue","Heatsinks+1","Hello World+1","Machine Learning+1","infinitespire:DeathsTouch+1","Skim+1","ReplayRNGCard+1","hubris:EnhanceAbility+1","hubris:PowerSurge","Coolheaded+1"],"relics":["Cracked Core","Replay:Accelerometer","hubris:PeanutButter","Toxic Egg 2","Strawberry","Garlic","Inserter","Prayer Wheel","DataDisk","infinitespire:PuzzleCube","hubris:GrandSneckoEye","Cables","Tiny House","Bag of Preparation","Ornamental Fan","Prayer Wheel","Runic Capacitor","aspiration:EnhancedActuators","infinitespire:Freezer","Orichalcum"],"acts_visited":["Exordium","TheCity","TheBeyond","TheEnding"],"potions_floor_usage":[57,57],"damage_taken":[{"damage":0.0,"enemies":"Jaw Worm","floor":1.0,"turns":3.0},{"damage":0.0,"enemies":"Cultist","floor":5.0,"turns":2.0},{"damage":8.0,"enemies":"Gremlin Nob","floor":7.0,"turns":3.0},{"damage":0.0,"enemies":"2 Louse","floor":8.0,"turns":2.0},{"damage":0.0,"enemies":"Exordium Thugs","floor":13.0,"turns":3.0},{"damage":10.0,"enemies":"Lagavulin","floor":14.0,"turns":5.0},{"damage":2.0,"enemies":"Gremlin Nob","floor":16.0,"turns":3.0},{"damage":11.0,"enemies":"The Guardian","floor":18.0,"turns":12.0},{"damage":0.0,"enemies":"Shell Parasite","floor":20.0,"turns":3.0},{"damage":0.0,"enemies":"2 Thieves","floor":21.0,"turns":3.0},{"damage":4.0,"enemies":"Snake Plant","floor":23.0,"turns":4.0},{"damage":4.0,"enemies":"Snecko","floor":24.0,"turns":6.0},{"damage":26.0,"enemies":"Gremlin Leader","floor":27.0,"turns":8.0},{"damage":0.0,"enemies":"Centurion and Healer","floor":30.0,"turns":4.0},{"damage":0.0,"enemies":"Snake Plant","floor":32.0,"turns":3.0},{"damage":0.0,"enemies":"Sentry and Sphere","floor":33.0,"turns":3.0},{"damage":31.0,"enemies":"Automaton","floor":35.0,"turns":8.0},{"damage":0.0,"enemies":"3 Darklings","floor":37.0,"turns":5.0},{"damage":2.0,"enemies":"Orb Walker","floor":38.0,"turns":4.0},{"damage":0.0,"enemies":"Writhing Mass","floor":40.0,"turns":7.0},{"damage":0.0,"enemies":"4 Shapes","floor":41.0,"turns":7.0},{"damage":0.0,"enemies":"3 Darklings","floor":42.0,"turns":5.0},{"damage":5.0,"enemies":"Nemesis","floor":47.0,"turns":7.0},{"damage":0.0,"enemies":"Giant Head","floor":49.0,"turns":6.0},{"damage":0.0,"enemies":"Awakened One","floor":52.0,"turns":8.0},{"damage":10.0,"enemies":"Shield and Spear","floor":56.0,"turns":4.0},{"damage":25,"enemies":"The Heart","floor":57,"turns":8}],"seed_played":"7647126951522764359","potions_obtained":[{"floor":1.0,"key":"Swift Potion"},{"floor":7.0,"key":"Milkshake"},{"floor":14.0,"key":"EssenceOfSteel"},{"floor":18.0,"key":"Reflective Coating"},{"floor":23.0,"key":"AttackPotion"},{"floor":27.0,"key":"EssenceOfDarkness"},{"floor":35.0,"key":"Energy Potion"},{"floor":37.0,"key":"Cursed Concoction"},{"floor":42.0,"key":"SpeedPotion"},{"floor":47.0,"key":"FearPotion"}],"is_trial":false,"path_per_floor":["M","?","$","?","M","R","E","M","T","R","PTL","PTL","M","E","R","?","R","B",null,"M","M","?","M","M","R","$","E","T","R","M","R","M","M","R","B",null,"M","M","$","M","M","M","R","AVR","T","R","E","R","E","$","R","B",null,"R","$","E","B",null],"character_chosen":"DEFECT","items_purchased":["White Noise","Static Discharge","HandOfGreed","Beam Cell+1","FTL","Capacitor","Melter","hubris:PeanutButter","Sunder","Biased Cognition","Redo","Steam","Replay:SS_forest_6","expansioncontent:Corrupt+1","Runic Capacitor","hubris:EnhanceAbility","aspiration:EnhancedActuators","hubris:PowerSurge","infinitespire:Freezer"],"campfire_rested":2,"item_purchase_floors":[0,0,0,0,0,0,0,0,0,0,0,3,39,39,50,50,50,55,55],"current_hp_per_floor":[36,36,36,36,36,58,50,50,50,50,50,50,50,47,47,45,45,34,70,70,70,62,58,54,54,54,28,28,52,52,52,52,52,52,21,67,67,65,65,73,82,82,82,87,87,87,82,82,82,82,82,82,84,84,84,74,49],"gold":47,"neow_bonus":"","is_daily":false,"chose_seed":false,"campfire_upgraded":10,"win_rate":0.0,"timestamp":1610564332,"path_taken":["M","?","$","?","M","R","E","?","T","R","PTL","PTL","M","E","R","?","R","BOSS","M","M","?","?","M","R","?","E","T","R","M","R","M","M","R","BOSS","M","M","$","M","M","M","R","AVR","T","R","E","R","E","$","R","BOSS","R","$","E","BOSS"],"items_purchased_type":["Card","Card","Card","Card","Card","Card","Card","Relic","Card","Card","Card","Card","Card","Card","Relic","Card","Relic","Card","Relic"],"build_version":"2020-12-22","purchased_purges":2,"victory":true,"max_hp_per_floor":[75,75,75,75,75,75,75,75,75,75,75,75,75,82,82,82,82,82,82,82,82,82,82,82,82,82,82,82,82,82,82,82,82,82,82,82,82,82,82,82,82,82,82,87,87,87,87,87,87,84,84,84,84,84,84,84,84],"relic_stats":{"Inserter":[46],"counters":[100,415],"Ornamental Fan":[40],"Prayer Wheel":8,"Bag of Preparation":[36],"Orichalcum":[12],"obtain_stats":[{"Replay:Accelerometer":49,"Tiny House":44,"aspiration:Stabinomicon":25,"Runic Capacitor":50,"Whetstone":27,"Blood Vial":0,"Centennial Puzzle":27,"infinitespire:SolderingIron":43,"aspiration:EnhancedActuators":53,"DollysMirror":53,"Replay:Bronze Core":17,"Strawberry":14,"Philosopher\u0027s Stone":17,"MealTicket":0,"Prayer Wheel":37,"hubris:DeckOfHolding":53,"Fusion Hammer":34,"Toxic Egg 2":5,"Happy Flower":0,"ReplayTheSpireMod:CursedCoin":0,"hubris:SoftwareUpdate":41,"Replay:Grab Bag":17,"Velvet Choker":34,"Oddly Smooth Stone":0,"Eternal Feather":20,"ReplayTheSpireMod:SealedPack":20,"Question Card":47,"Cables":44,"Du-Vu Doll":24,"infinitespire:EvilPickle":33,"Bird Faced Urn":30,"Bronze Scales":0,"Pandora\u0027s Box":17,"hubris:PeanutButter":0,"ReplayTheSpireMod:TigerMarble":23,"aspiration:MysteriousAuxiliaryCore":38,"infinitespire:PuzzleCube":28,"Solar Panel":0,"Carrot":0,"aspiration:Lifesprig":9,"Singing Bowl":26,"SacredBark":17,"aspiration:TomeofQuesting":10,"hubris:SlimyHat":43,"Replay:Multitool":41,"Bag of Preparation":45,"Replay:Mystery Machine":7,"ClockworkSouvenir":23,"aspiration:StickyExplosives_weak":30,"Replay:Bandana":0,"Chameleon Ring":45,"hubris:Icosahedron":48,"WingedGreaves":20,"Cracked Core":0,"Replay:Drink Me":21,"aspiration:ChemicalBlood":0,"Lee\u0027s Waffle":0,"BargainBundle":0,"Inserter":48,"NeowsBlessing":0,"Golden Idol":7,"Geode":30,"infinitespire:Lucky Rock":54,"Frozen Egg 2":13,"Orichalcum":56,"CaptainsWheel":0,"DataDisk":27,"Ornamental Fan":47,"Orrery":48,"ChewingGum":34,"Garlic":16,"hubris:GrandSneckoEye":36,"Bottled Lightning":12,"ReplayTheSpireMod:Lightbulb":40,"Toy Ornithopter":31,"hubris:Potato":31,"ReplayTheSpireMod:ShopPack":21,"hubris:BottledRain":26,"hubris:NiceRug":53,"infinitespire:Freezer":55},{"Replay:Accelerometer":97,"Tiny House":95,"aspiration:Stabinomicon":35,"Runic Capacitor":97,"Whetstone":36,"Blood Vial":0,"Centennial Puzzle":10,"infinitespire:SolderingIron":68,"aspiration:EnhancedActuators":71,"DollysMirror":71,"Replay:Bronze Core":7,"Strawberry":79,"Philosopher\u0027s Stone":7,"MealTicket":22,"Prayer Wheel":44,"hubris:DeckOfHolding":71,"Fusion Hammer":42,"Toxic Egg 2":3,"Happy Flower":46,"ReplayTheSpireMod:CursedCoin":46,"hubris:SoftwareUpdate":67,"Replay:Grab Bag":7,"Velvet Choker":14,"Oddly Smooth Stone":22,"Eternal Feather":8,"ReplayTheSpireMod:SealedPack":32,"Question Card":21,"Cables":95,"Du-Vu Doll":9,"infinitespire:EvilPickle":62,"Bird Faced Urn":40,"Bronze Scales":46,"Pandora\u0027s Box":30,"hubris:PeanutButter":73,"ReplayTheSpireMod:TigerMarble":59,"aspiration:MysteriousAuxiliaryCore":65,"infinitespire:PuzzleCube":86,"Solar Panel":22,"Carrot":0,"aspiration:Lifesprig":26,"Singing Bowl":59,"SacredBark":7,"aspiration:TomeofQuesting":5,"hubris:SlimyHat":17,"Replay:Multitool":45,"Bag of Preparation":95,"Replay:Mystery Machine":4,"ClockworkSouvenir":9,"aspiration:StickyExplosives_weak":40,"Replay:Bandana":46,"Chameleon Ring":19,"hubris:Icosahedron":69,"WingedGreaves":32,"Cracked Core":0,"Replay:Drink Me":8,"aspiration:ChemicalBlood":46,"Lee\u0027s Waffle":0,"BargainBundle":22,"Inserter":21,"NeowsBlessing":0,"Golden Idol":50,"Geode":12,"infinitespire:Lucky Rock":72,"Frozen Egg 2":53,"Orichalcum":99,"CaptainsWheel":46,"DataDisk":86,"Ornamental Fan":96,"Orrery":21,"ChewingGum":62,"Garlic":80,"hubris:GrandSneckoEye":90,"Bottled Lightning":28,"ReplayTheSpireMod:Lightbulb":44,"Toy Ornithopter":41,"hubris:Potato":61,"ReplayTheSpireMod:ShopPack":8,"hubris:BottledRain":9,"hubris:NiceRug":71,"infinitespire:Freezer":98},{"Replay:Accelerometer":396,"Tiny House":384,"aspiration:Stabinomicon":156,"Runic Capacitor":396,"Whetstone":160,"Blood Vial":0,"Centennial Puzzle":42,"infinitespire:SolderingIron":262,"aspiration:EnhancedActuators":274,"DollysMirror":274,"Replay:Bronze Core":30,"Strawberry":299,"Philosopher\u0027s Stone":30,"MealTicket":111,"Prayer Wheel":188,"hubris:DeckOfHolding":274,"Fusion Hammer":182,"Toxic Egg 2":7,"Happy Flower":195,"ReplayTheSpireMod:CursedCoin":195,"hubris:SoftwareUpdate":260,"Replay:Grab Bag":30,"Velvet Choker":72,"Oddly Smooth Stone":111,"Eternal Feather":33,"ReplayTheSpireMod:SealedPack":147,"Question Card":104,"Cables":384,"Du-Vu Doll":37,"infinitespire:EvilPickle":245,"Bird Faced Urn":173,"Bronze Scales":195,"Pandora\u0027s Box":140,"hubris:PeanutButter":281,"ReplayTheSpireMod:TigerMarble":235,"aspiration:MysteriousAuxiliaryCore":252,"infinitespire:PuzzleCube":338,"Solar Panel":111,"Carrot":0,"aspiration:Lifesprig":124,"Singing Bowl":235,"SacredBark":30,"aspiration:TomeofQuesting":17,"hubris:SlimyHat":85,"Replay:Multitool":193,"Bag of Preparation":384,"Replay:Mystery Machine":13,"ClockworkSouvenir":37,"aspiration:StickyExplosives_weak":173,"Replay:Bandana":195,"Chameleon Ring":98,"hubris:Icosahedron":265,"WingedGreaves":147,"Cracked Core":0,"Replay:Drink Me":33,"aspiration:ChemicalBlood":195,"Lee\u0027s Waffle":0,"BargainBundle":111,"Inserter":104,"NeowsBlessing":0,"Golden Idol":205,"Geode":57,"infinitespire:Lucky Rock":276,"Frozen Egg 2":214,"Orichalcum":408,"CaptainsWheel":195,"DataDisk":338,"Ornamental Fan":391,"Orrery":104,"ChewingGum":245,"Garlic":302,"hubris:GrandSneckoEye":356,"Bottled Lightning":131,"ReplayTheSpireMod:Lightbulb":189,"Toy Ornithopter":176,"hubris:Potato":241,"ReplayTheSpireMod:ShopPack":33,"hubris:BottledRain":37,"hubris:NiceRug":274,"infinitespire:Freezer":404}],"Cables":[30,27,3,0,0]},"card_choices":[{"not_picked":["Ball Lightning","Sweeping Beam"],"picked":"Steam","floor":1.0},{"not_picked":["Undo","Heatsinks"],"picked":"Defragment","floor":5.0},{"not_picked":["Panic Button+1","Double Energy+1"],"picked":"Conserve Battery+1","floor":7.0},{"not_picked":["Panic Button+1","Hologram+1"],"picked":"hubris:PowerSurge","floor":8.0},{"not_picked":["BootSequence+1","Tempest+1"],"picked":"Chill+1","floor":13.0},{"not_picked":["Mirror Shield+1","Rip and Tear"],"picked":"Turbo+1","floor":14.0},{"not_picked":["Hologram+1","Genetic Algorithm+1"],"picked":"Hello World","floor":16.0},{"not_picked":["Hyperbeam","Meteor Strike"],"picked":"ReplayTheSpireMod:Omega Cannon","floor":18.0},{"not_picked":["Sweeping Beam","Streamline"],"picked":"Leap+1","floor":20.0},{"not_picked":["Stack+1","ReplayTheSpireMod:System Scan+1"],"picked":"Barrage","floor":21.0},{"not_picked":["Panic Button+1","Reprogram+1"],"picked":"Conserve Battery+1","floor":23.0},{"not_picked":["ReplaySolidLightProjector+1","Redo+1"],"picked":"ReplayTheSpireMod:Fabricate Wheel+1","floor":24.0},{"not_picked":["Genetic Algorithm+1","ReplaySolidLightProjector+1","Coolheaded+1"],"picked":"SKIP","floor":27.0},{"not_picked":["Cold Snap","Barrage"],"picked":"Sunder","floor":30.0},{"not_picked":["Hologram+1","Steam+1","Chill+1"],"picked":"SKIP","floor":30.0},{"not_picked":["Gash+1","Scrape+1"],"picked":"Panic Button+1","floor":32.0},{"not_picked":["Leap+1","Redo+1"],"picked":"FTL+1","floor":32.0},{"not_picked":["Crystallizer","Panic Button+1"],"picked":"Turbo+1","floor":33.0},{"not_picked":["Hologram+1","Rebound"],"picked":"Echo Form","floor":33.0},{"not_picked":["hubris:DoWhile+1","hubris:SpecializedCircuitry"],"picked":"Reboot+1","floor":35.0},{"not_picked":["ReplayTheSpireMod:Repulse+1","Force Field+1"],"picked":"Ball Lightning","floor":37.0},{"not_picked":["Go for the Eyes","Gash+1","Leap+1"],"picked":"SKIP","floor":37.0},{"not_picked":["Barrage","Loop+1"],"picked":"Buffer","floor":38.0},{"not_picked":["Conserve Battery+1","Doom and Gloom"],"picked":"Loop+1","floor":38.0},{"not_picked":["Go for the Eyes","Chaos+1"],"picked":"FIFO Queue","floor":40.0},{"not_picked":["BootSequence+1","Conserve Battery+1","Leap+1"],"picked":"SKIP","floor":40.0},{"not_picked":["Time Bomb+1","Rebound"],"picked":"Heatsinks+1","floor":41.0},{"not_picked":["Turbo+1","Compile Driver"],"picked":"Hello World+1","floor":41.0},{"not_picked":["Rebound","Redo+1"],"picked":"Machine Learning","floor":42.0},{"not_picked":["Stack+1","ReplayTheSpireMod:Repulse+1","Hologram+1"],"picked":"SKIP","floor":42.0},{"not_picked":["FTL","Hello World"],"picked":"Skim+1","floor":44.0},{"not_picked":["Sweeping Beam","Redo+1","ReplaySort+1"],"picked":"SKIP","floor":47.0},{"not_picked":["ReplaySolidLightProjector+1","Sweeping Beam+1"],"picked":"ReplayRNGCard+1","floor":49.0},{"not_picked":["BasicCrystalCard+1","Beam Cell"],"picked":"Coolheaded+1","floor":56.0}],"player_experience":557818,"relics_obtained":[{"floor":7.0,"key":"Toxic Egg 2"},{"floor":14.0,"key":"Strawberry"},{"floor":16.0,"key":"Garlic"},{"floor":27.0,"key":"DataDisk"},{"floor":28.0,"key":"infinitespire:PuzzleCube"},{"floor":45.0,"key":"Bag of Preparation"},{"floor":47.0,"key":"Ornamental Fan"},{"floor":49.0,"key":"Replay:Accelerometer"},{"floor":56.0,"key":"Orichalcum"}],"event_choices":[{"damage_healed":0.0,"max_hp_gain":0.0,"max_hp_loss":0.0,"gold_gain":0.0,"event_name":"Golden Idol","player_choice":"Ignored","floor":2.0,"gold_loss":0.0,"damage_taken":0.0},{"damage_healed":0.0,"max_hp_gain":0.0,"max_hp_loss":0.0,"gold_gain":0.0,"event_name":"Upgrade Shrine","player_choice":"Upgraded","floor":4.0,"gold_loss":0.0,"damage_taken":0.0,"cards_upgraded":["Sunder"]},{"damage_healed":0.0,"max_hp_gain":0.0,"max_hp_loss":0.0,"gold_gain":30.0,"event_name":"Dead Adventurer","player_choice":"Searched \u00273\u0027 times","floor":16.0,"gold_loss":0.0,"damage_taken":0.0},{"damage_healed":0.0,"max_hp_gain":0.0,"max_hp_loss":0.0,"gold_gain":75.0,"event_name":"FaceTrader","player_choice":"Touch","floor":22.0,"gold_loss":0.0,"damage_taken":8.0}],"is_beta":false,"boss_relics":[{"not_picked":["hubris:RunicObelisk","Runic Dome"],"picked":"Inserter"},{"not_picked":["Replay:Ancient Bell","Ring of Chaos"],"picked":"hubris:GrandSneckoEye"}],"items_purged_floors":[44,50],"is_endless":false,"potions_floor_spawned":[1,7,14,18,23,24,27,35,37,42,47],"ascension_level":8}}