{"host":"2brg86hfzr3u5cix","time":1610513008,"event":{"mods":["AchievementEnabler","Ascension Unlocker","BaseMod","CapriCore","DeckTracker","Highlight Path","Keyboard Shortcuts","Minty Spire (QoL Compilation)","Permanent Neow","Relic Stats","StSLib","Twitch Utils","Uncapped","UnlockEverythingMod"],"gold_per_floor":[117,117,137,148,158,158,183,108,156,188,44,44,64,64,64,136,136,148,148,198,211,225,225,19,37,63,63,73,73,73,103,103,176,176,195,24,24,34,34,59,77,106,106,126,208,208,208,208],"floor_reached":47,"language":"KOR","playtime":1972,"items_purged":["Strike_B","Strike_B","Defend_B"],"score":1122,"play_id":"ac31e070-1065-4250-8290-92ff6ef0b396","local_time":"20210113134328","is_ascension_mode":true,"campfire_choices":[{"data":"Dualcast","floor":6.0,"key":"SMITH"},{"floor":15.0,"key":"REST"},{"data":"Loop","floor":23.0,"key":"SMITH"},{"floor":27.0,"key":"RECALL"},{"floor":30.0,"key":"REST"},{"floor":32.0,"key":"REST"},{"data":"Lockon","floor":46.0,"key":"SMITH"}],"circlet_count":0,"master_deck":["AscendersBane","Defend_B+1","Zap+1","Dualcast+1","Cold Snap","Defragment","Turbo","Compile Driver","Loop+1","Chaos+1","Biased Cognition","CurseOfTheBell","Undo+1","Self Repair","White Noise+1","Conserve Battery+1","Leap+1","Reboot+1","Buffer+1","Machine Learning+1","Core Surge+1","Self Repair","Lockon+1"],"relics":["Cracked Core","Toxic Egg 2","War Paint","Strawberry","Odd Mushroom","Calling Bell","Akabeko","Singing Bowl","Mango","MutagenicStrength","Enchiridion","Blue Candle","Astrolabe","Blood Vial","Boot","Pen Nib","Lantern","Ornamental Fan"],"acts_visited":["Exordium","TheCity","TheBeyond"],"potions_floor_usage":[47],"damage_taken":[{"damage":0.0,"enemies":"2 Louse","floor":1.0,"turns":2.0},{"damage":1.0,"enemies":"Cultist","floor":3.0,"turns":3.0},{"damage":7.0,"enemies":"Small Slimes","floor":4.0,"turns":3.0},{"damage":12.0,"enemies":"Exordium Wildlife","floor":5.0,"turns":3.0},{"damage":19.0,"enemies":"3 Sentries","floor":7.0,"turns":9.0},{"damage":15.0,"enemies":"Lagavulin","floor":10.0,"turns":4.0},{"damage":30.0,"enemies":"The Mushroom Lair","floor":13.0,"turns":5.0},{"damage":22.0,"enemies":"Hexaghost","floor":16.0,"turns":8.0},{"damage":0.0,"enemies":"Chosen","floor":18.0,"turns":3.0},{"damage":13.0,"enemies":"Spheric Guardian","floor":21.0,"turns":4.0},{"damage":14.0,"enemies":"Snake Plant","floor":22.0,"turns":4.0},{"damage":22.0,"enemies":"Sentry and Sphere","floor":25.0,"turns":5.0},{"damage":10.0,"enemies":"Shelled Parasite and Fungi","floor":28.0,"turns":8.0},{"damage":44.0,"enemies":"Gremlin Leader","floor":31.0,"turns":6.0},{"damage":46.0,"enemies":"Champ","floor":33.0,"turns":8.0},{"damage":50.0,"enemies":"3 Darklings","floor":35.0,"turns":4.0},{"damage":0.0,"enemies":"3 Shapes","floor":38.0,"turns":6.0},{"damage":45.0,"enemies":"Nemesis","floor":40.0,"turns":11.0},{"damage":39.0,"enemies":"3 Darklings","floor":41.0,"turns":5.0},{"damage":13.0,"enemies":"Giant Head","floor":42.0,"turns":7.0},{"damage":0.0,"enemies":"Spire Growth","floor":44.0,"turns":4.0},{"damage":80,"enemies":"Reptomancer","floor":47,"turns":4}],"seed_played":"7226089365949350635","potions_obtained":[{"floor":1.0,"key":"PotionOfCapacity"},{"floor":7.0,"key":"BlessingOfTheForge"},{"floor":10.0,"key":"Weak Potion"},{"floor":13.0,"key":"LiquidBronze"},{"floor":16.0,"key":"Fruit Juice"},{"floor":22.0,"key":"Regen Potion"},{"floor":28.0,"key":"SpeedPotion"},{"floor":31.0,"key":"SkillPotion"},{"floor":40.0,"key":"Weak Potion"},{"floor":44.0,"key":"GamblersBrew"}],"is_trial":false,"path_per_floor":["M","?","M","M","M","R","E","$","T","E","$","?","?","$","R","B",null,"M","?","?","M","M","R","$","M","T","R","M","?","R","E","R","B",null,"M","$","?","M","?","E","M","E","T","M","T","R","E"],"character_chosen":"DEFECT","items_purchased":["Chaos+1","White Noise+1","Blood Vial"],"campfire_rested":3,"item_purchase_floors":[11,24,36],"current_hp_per_floor":[64,64,63,56,44,44,25,25,25,17,17,43,13,13,36,19,81,83,83,83,70,56,56,56,55,55,55,54,33,63,26,56,17,80,32,32,32,41,103,74,51,56,56,74,74,74,0,0],"gold":208,"neow_bonus":"REMOVE_CARD","is_daily":false,"chose_seed":false,"campfire_upgraded":3,"win_rate":0.0,"timestamp":1610513008,"path_taken":["M","?","M","?","M","R","E","$","T","E","$","?","?","?","R","BOSS","M","?","?","M","?","R","$","M","T","R","M","?","R","E","R","BOSS","M","$","?","?","?","E","?","E","T","M","?","R","E"],"items_purchased_type":["Card","Card","Relic"],"build_version":"2020-12-22","purchased_purges":3,"victory":false,"max_hp_per_floor":[71,71,71,71,71,71,71,71,71,78,78,78,78,78,78,83,97,99,99,99,99,99,99,99,99,99,99,101,101,101,101,101,101,101,103,103,103,103,103,105,105,107,107,109,109,109,109,109],"relic_stats":{"Blood Vial":10,"Singing Bowl":12,"counters":[22,115],"Ornamental Fan":[0],"Blue Candle":[1],"Astrolabe":["Buffer","Machine Learning","Core Surge"],"Pen Nib":[1],"War Paint":["Zap","Defend_B"],"Boot":[0],"obtain_stats":[{"Lantern":43,"Singing Bowl":17,"Blue Candle":31,"Astrolabe":34,"Enchiridion":29,"Mango":17,"Pen Nib":42,"War Paint":9,"Odd Mushroom":13,"Boot":40,"Akabeko":17,"Calling Bell":17,"Blood Vial":36,"Ornamental Fan":45,"Strawberry":10,"MutagenicStrength":19,"Toxic Egg 2":7,"Cracked Core":0},{"Lantern":20,"Singing Bowl":8,"Blue Candle":14,"Astrolabe":15,"Enchiridion":13,"Mango":8,"Pen Nib":20,"War Paint":5,"Odd Mushroom":7,"Boot":18,"Akabeko":8,"Calling Bell":8,"Blood Vial":16,"Ornamental Fan":21,"Strawberry":6,"MutagenicStrength":9,"Toxic Egg 2":5,"Cracked Core":0},{"Lantern":107,"Singing Bowl":37,"Blue Candle":67,"Astrolabe":75,"Enchiridion":61,"Mango":37,"Pen Nib":107,"War Paint":20,"Odd Mushroom":29,"Boot":95,"Akabeko":37,"Calling Bell":37,"Blood Vial":79,"Ornamental Fan":111,"Strawberry":24,"MutagenicStrength":40,"Toxic Egg 2":20,"Cracked Core":0}]},"card_choices":[{"not_picked":["Storm","Sweeping Beam"],"picked":"Ball Lightning","floor":1.0},{"not_picked":["Fusion","Hello World"],"picked":"Cold Snap","floor":3.0},{"not_picked":["Recycle","Gash"],"picked":"Defragment","floor":4.0},{"not_picked":["Capacitor","Genetic Algorithm"],"picked":"Turbo","floor":5.0},{"not_picked":["Rip and Tear","Streamline"],"picked":"Compile Driver","floor":7.0},{"not_picked":["Steam+1","Rebound"],"picked":"Loop","floor":10.0},{"not_picked":["Chaos+1","Turbo+1"],"picked":"Chill+1","floor":13.0},{"not_picked":["Echo Form","Multi-Cast+1"],"picked":"Biased Cognition","floor":16.0},{"not_picked":["Steam Power+1","Gash+1","Stack+1"],"picked":"Singing Bowl","floor":18.0},{"not_picked":["Recycle+1","Conserve Battery+1"],"picked":"Undo+1","floor":21.0},{"not_picked":["Sweeping Beam","Gash"],"picked":"Self Repair","floor":22.0},{"not_picked":["Static Discharge","Compile Driver"],"picked":"Conserve Battery+1","floor":25.0},{"not_picked":["Go for the Eyes","Auto Shields+1","Rip and Tear"],"picked":"Singing Bowl","floor":28.0},{"not_picked":["Hologram+1","Undo+1"],"picked":"Leap+1","floor":31.0},{"not_picked":["Echo Form","Seek+1"],"picked":"Reboot+1","floor":33.0},{"not_picked":["Streamline+1","Barrage","Heatsinks"],"picked":"Singing Bowl","floor":35.0},{"not_picked":["Ball Lightning","Sweeping Beam"],"picked":"Self Repair","floor":38.0},{"not_picked":["Conserve Battery+1","Streamline+1","Force Field+1"],"picked":"Singing Bowl","floor":40.0},{"not_picked":["Hello World+1","Rebound"],"picked":"Lockon","floor":41.0},{"not_picked":["Steam+1","Go for the Eyes","Reinforced Body+1"],"picked":"Singing Bowl","floor":42.0},{"not_picked":["Steam+1","Streamline","Rebound"],"picked":"Singing Bowl","floor":44.0}],"player_experience":315974,"relics_obtained":[{"floor":7.0,"key":"Toxic Egg 2"},{"floor":9.0,"key":"War Paint"},{"floor":10.0,"key":"Strawberry"},{"floor":13.0,"key":"Odd Mushroom"},{"floor":17.0,"key":"Akabeko"},{"floor":17.0,"key":"Singing Bowl"},{"floor":17.0,"key":"Mango"},{"floor":29.0,"key":"Enchiridion"},{"floor":31.0,"key":"Blue Candle"},{"floor":40.0,"key":"Boot"},{"floor":42.0,"key":"Pen Nib"},{"floor":43.0,"key":"Lantern"},{"floor":45.0,"key":"Ornamental Fan"}],"event_choices":[{"cards_removed":["Defend_B"],"damage_healed":0.0,"max_hp_gain":0.0,"max_hp_loss":0.0,"gold_gain":0.0,"event_name":"Bonfire Elementals","player_choice":"Offered Basic","floor":2.0,"gold_loss":0.0,"damage_taken":0.0},{"damage_healed":26.0,"max_hp_gain":0.0,"max_hp_loss":0.0,"gold_gain":0.0,"event_name":"Big Fish","player_choice":"Banana","floor":12.0,"gold_loss":0.0,"damage_taken":0.0},{"damage_healed":0.0,"max_hp_gain":0.0,"max_hp_loss":0.0,"gold_gain":0.0,"event_name":"Mushrooms","player_choice":"Fought Mushrooms","floor":13.0,"gold_loss":0.0,"damage_taken":0.0},{"damage_healed":0.0,"max_hp_gain":0.0,"max_hp_loss":0.0,"gold_gain":0.0,"event_name":"Drug Dealer","player_choice":"Inject Mutagens","floor":19.0,"gold_loss":0.0,"damage_taken":0.0,"relics_obtained":["MutagenicStrength"]},{"damage_healed":0.0,"max_hp_gain":0.0,"max_hp_loss":0.0,"gold_gain":50.0,"event_name":"Nest","player_choice":"Stole From Cult","floor":20.0,"gold_loss":0.0,"damage_taken":0.0},{"damage_healed":0.0,"max_hp_gain":0.0,"max_hp_loss":0.0,"gold_gain":0.0,"event_name":"Cursed Tome","player_choice":"Obtained Book","floor":29.0,"gold_loss":0.0,"damage_taken":21.0},{"cards_removed":["Ball Lightning"],"damage_healed":0.0,"max_hp_gain":0.0,"max_hp_loss":0.0,"gold_gain":0.0,"event_name":"Purifier","player_choice":"Purged","floor":37.0,"gold_loss":0.0,"damage_taken":0.0},{"damage_healed":62.0,"max_hp_gain":0.0,"max_hp_loss":0.0,"gold_gain":0.0,"event_name":"Wheel of Change","player_choice":"Full Heal","floor":39.0,"gold_loss":0.0,"damage_taken":0.0}],"is_beta":false,"boss_relics":[{"not_picked":["Inserter","SlaversCollar"],"picked":"Calling Bell"},{"not_picked":["Philosopher\u0027s Stone","FrozenCore"],"picked":"Astrolabe"}],"items_purged_floors":[8,11,24],"is_endless":false,"potions_floor_spawned":[1,7,10,13,16,22,28,31,40,44],"killed_by":"Reptomancer","ascension_level":20}}