{"host":"ds3v42j7tpaaz1mg","time":1610519352,"event":{"mods":["AchievementEnabler","Aspiration","BaseMod","Bestiary","Better Altar","Better Note","Better Sensory Stone","BetterRewards","Block Reminder","Colored Powertips","Conspire","Downfall","Energized Spire","Halation","Hermit","Highlight Path","Hubris","Infinite Spire","Jorbs\u0027s Wanderer Trilogy","Minty Spire (QoL Compilation)","Relic Stats","Replay The Spire","StSLib","The Elementalist","The Servant 0.9.4","vexMod"],"gold_per_floor":[113,124,141,156,156,156,197,197,221,221,5,49,49,69,69,200,200,140,154,2,17,17,17,33,33,33],"floor_reached":25,"language":"ENG","playtime":866,"items_purged":["Strike_R"],"score":306,"play_id":"cd0074a3-0680-4c96-acd3-41aba392ab24","local_time":"20210113012912","is_ascension_mode":true,"campfire_choices":[{"data":"Armaments","floor":6,"key":"SMITH"},{"floor":15,"key":"REST"},{"floor":23,"key":"REST"}],"circlet_count":0,"master_deck":["Strike_R","Strike_R+1","Strike_R","Strike_R","Defend_R","Defend_R","Defend_R+1","Defend_R","Bash","Armaments+1","ReplayTheSpireMod:Muscle Training","ReplayTheSpireMod:Stacked","Fire Breathing","Hemogenesis","Life Link","Barricade","Rampage","Rupture","Feed","Evaluate","Power Through","Replay:DivineShield","DeceiveReality","Swivel+1"],"relics":["Burning Blood","NeowsBlessing","Golden Idol","Oddly Smooth Stone","Dream Catcher","halation:PinkSoulGem","ReplayFunnel","Pantograph","aspiration:WatcherSkillbook"],"acts_visited":["Exordium","TheCity"],"potions_floor_usage":[4,7,7,12,21,24,25],"damage_taken":[{"damage":0,"enemies":"2 Louse","floor":1,"turns":1},{"damage":0,"enemies":"Jaw Worm","floor":2,"turns":1},{"damage":1,"enemies":"Small Slimes","floor":3,"turns":2},{"damage":7,"enemies":"Looter","floor":4,"turns":3},{"damage":47,"enemies":"Gremlin Nob","floor":7,"turns":5},{"damage":22,"enemies":"Lagavulin","floor":12,"turns":8},{"damage":7,"enemies":"Red Slaver","floor":14,"turns":9},{"damage":40,"enemies":"The Guardian","floor":16,"turns":15},{"damage":17,"enemies":"2 Thieves","floor":18,"turns":4},{"damage":30,"enemies":"3 Byrds","floor":19,"turns":4},{"damage":34,"enemies":"3 Cultists","floor":21,"turns":5},{"damage":28,"enemies":"Snake Plant","floor":24,"turns":4},{"damage":22,"enemies":"Gremlin Leader","floor":25,"turns":2}],"seed_played":"2770032717656663586","potions_obtained":[{"floor":2,"key":"Regen Potion"},{"floor":3,"key":"SteroidPotion"},{"floor":4,"key":"FearPotion"},{"floor":19,"key":"PowerPotion"},{"floor":24,"key":"Strength Potion"}],"is_trial":false,"path_per_floor":["M","M","M","M","?","R","E","?","T","?","$","E","T","M","R","B",null,"M","M","$","M","?","R","M","E"],"character_chosen":"IRONCLAD","items_purchased":["Life Link","LiquidMemories","Power Through","Toxic Potion"],"campfire_rested":2,"item_purchase_floors":[11,11,20,20],"current_hp_per_floor":[78,80,80,79,79,79,45,29,29,29,29,13,13,21,45,43,71,60,39,39,11,11,35,13,0,0],"gold":33,"neow_bonus":"THREE_ENEMY_KILL","is_daily":false,"chose_seed":false,"campfire_upgraded":1,"win_rate":0.0,"timestamp":1610519352,"path_taken":["M","M","M","M","?","R","E","?","T","?","$","E","?","M","R","BOSS","M","M","$","M","?","R","M","E"],"items_purchased_type":["Card","Potion","Card","Potion"],"build_version":"2020-12-22","purchased_purges":1,"victory":false,"max_hp_per_floor":[80,80,80,80,80,80,80,80,80,80,80,80,80,80,80,80,80,80,83,83,83,83,83,83,83,83],"relic_stats":{"Dream Catcher":2,"counters":[13,63],"Golden Idol":56,"Pantograph":25,"obtain_stats":[{"ReplayFunnel":12,"Dream Catcher":9,"NeowsBlessing":0,"Golden Idol":5,"Pantograph":13,"Oddly Smooth Stone":7,"aspiration:WatcherSkillbook":17,"halation:PinkSoulGem":10,"Burning Blood":0},{"ReplayFunnel":6,"Dream Catcher":5,"NeowsBlessing":0,"Golden Idol":4,"Pantograph":6,"Oddly Smooth Stone":5,"aspiration:WatcherSkillbook":8,"halation:PinkSoulGem":5,"Burning Blood":0},{"ReplayFunnel":20,"Dream Catcher":12,"NeowsBlessing":0,"Golden Idol":7,"Pantograph":20,"Oddly Smooth Stone":12,"aspiration:WatcherSkillbook":44,"halation:PinkSoulGem":12,"Burning Blood":0}],"Burning Blood":63},"card_choices":[{"not_picked":["Sentinel","hubris:ReadiedAction"],"picked":"Armaments","floor":1},{"not_picked":["Thunderclap","Evolve"],"picked":"ReplayTheSpireMod:Muscle Training","floor":2},{"not_picked":["Twin Strike","Second Wind"],"picked":"ReplayTheSpireMod:Stacked","floor":3},{"not_picked":["infinitespire:OneForAll","Reckless Charge"],"picked":"Fire Breathing","floor":4},{"not_picked":["Thunderclap","Dropkick"],"picked":"Hemogenesis","floor":7},{"not_picked":["Run Through","Iron Wave"],"picked":"Barricade","floor":12},{"not_picked":["Perfected Strike","Pummel"],"picked":"Rampage","floor":14},{"not_picked":["Thunderclap","Burning Pact"],"picked":"Rupture","floor":15},{"not_picked":["hubris:StunningStrike","conspire:Purge"],"picked":"Feed","floor":16},{"not_picked":["True Grit","Headbutt","Nirvana","Sword Boomerang+1"],"picked":"SKIP","floor":18},{"not_picked":["Tantrum","TalkToTheHand","SashWhip"],"picked":"Evaluate","floor":19},{"not_picked":["EmptyFist","FlyingSleeves","Intimidate"],"picked":"Replay:DivineShield","floor":21},{"not_picked":["Iron Wave","Clash","Replay:LoomingThreat"],"picked":"DeceiveReality","floor":23},{"not_picked":["hubris:ReadiedAction","Sentinel+1","Replay:Undeath\u0027s Touch"],"picked":"Swivel+1","floor":24}],"player_experience":617981,"relics_obtained":[{"floor":7,"key":"Oddly Smooth Stone"},{"floor":9,"key":"Dream Catcher"},{"floor":12,"key":"ReplayFunnel"},{"floor":13,"key":"Pantograph"}],"event_choices":[{"damage_healed":0,"gold_gain":0,"player_choice":"Take Wound","damage_taken":0,"relics_obtained":["Golden Idol"],"max_hp_gain":0,"max_hp_loss":0,"event_name":"Golden Idol","floor":5,"gold_loss":0,"cards_obtained":["Injury"]},{"damage_healed":0,"gold_gain":0,"player_choice":"Entered Light","damage_taken":16,"max_hp_gain":0,"max_hp_loss":0,"event_name":"Shining Light","floor":8,"gold_loss":0,"cards_upgraded":["Strike_R","Defend_R"]},{"cards_removed":["Injury"],"damage_healed":0,"gold_gain":0,"player_choice":"Removed Curses","damage_taken":0,"max_hp_gain":0,"max_hp_loss":0,"event_name":"Fountain of Cleansing","floor":22,"gold_loss":0}],"is_beta":false,"boss_relics":[{"not_picked":["energizedSpire:StickyHand","hubris:HollowSoul"],"picked":"aspiration:WatcherSkillbook"}],"items_purged_floors":[11],"is_endless":false,"potions_floor_spawned":[2,3,4,19,24],"killed_by":"Gremlin Leader","ascension_level":9}}