{"host":"lcnwkjlokfwcnxxu","time":1610580587,"event":{"mods":["BaseMod","Colored Map","Downfall","GifTheSpireLib","Marisa????????","Minty Spire (QoL Compilation)","Quick Restart","Replay The Spire","StSLib","The Disciple","The Mystic","The Servant 0.9.4"],"gold_per_floor":[116,136,136,159,159,159,200,200,200,219,240,240,116,131,131,251,251,274,274,299,44,44,44,44],"floor_reached":23,"language":"ENG","playtime":1140,"items_purged":["Strike_S","Shuttle"],"score":191,"play_id":"c0ebfa20-1ad9-403d-917e-f235152ee394","local_time":"20210113152947","is_ascension_mode":false,"campfire_choices":[{"floor":6,"key":"REST"},{"data":"KidneyShot","floor":8,"key":"SMITH"},{"data":"Potential","floor":12,"key":"SMITH"},{"data":"Barrier","floor":15,"key":"SMITH"}],"circlet_count":0,"master_deck":["KidneyShot+1","Exchange","ShatteredReality","Rearm","Starlight","Barrier+1","Potential+1","BottledTime","Sunlight","LightFlow","PendulumOfEternity","BestPractice","Barrier","ForgedInTime+1","Revamp","FastForward","BottledTime"],"relics":["Uniform","Golden Idol","Gremlin Horn","Replay:Bottled Steam","Pandora\u0027s Box","Enchiridion","Replay:Baseball"],"acts_visited":["Exordium","TheCity"],"potions_floor_usage":[16,16],"damage_taken":[{"damage":0,"enemies":"Cultist","floor":1,"turns":5},{"damage":4,"enemies":"2 Louse","floor":2,"turns":2},{"damage":5,"enemies":"Small Slimes","floor":4,"turns":4},{"damage":27,"enemies":"3 Sentries","floor":7,"turns":11},{"damage":1,"enemies":"2 Fungi Beasts","floor":10,"turns":3},{"damage":0,"enemies":"Large Slime","floor":11,"turns":4},{"damage":0,"enemies":"Lots of Slimes","floor":14,"turns":1},{"damage":4,"enemies":"The Guardian","floor":16,"turns":14},{"damage":3,"enemies":"Shell Parasite","floor":18,"turns":4},{"damage":0,"enemies":"Chosen","floor":20,"turns":3},{"damage":12,"enemies":"Book of Stabbing","floor":23,"turns":3}],"seed_played":"-9119046289326606140","potions_obtained":[{"floor":4,"key":"SpeedPotion"},{"floor":10,"key":"Doom Potion"}],"is_trial":false,"path_per_floor":["M","M","?","M","?","R","E","R","T","M","M","R","$","M","R","B",null,"M","?","M","$","?","E"],"character_chosen":"THE_SERVANT","items_purchased":["Strength Potion","Replay:Baseball"],"campfire_rested":1,"item_purchase_floors":[13,21],"current_hp_per_floor":[71,67,50,45,31,52,25,25,25,24,24,24,24,24,24,20,71,68,52,52,52,52,40,40],"gold":44,"neow_bonus":"TEN_PERCENT_HP_BONUS","is_daily":false,"chose_seed":false,"campfire_upgraded":3,"win_rate":0.0,"timestamp":1610580587,"path_taken":["M","?","?","M","?","R","E","R","T","M","M","R","$","M","R","BOSS","M","?","M","$","?","E"],"items_purchased_type":["Potion","Relic"],"build_version":"2020-12-22","purchased_purges":2,"victory":false,"max_hp_per_floor":[71,71,71,71,71,71,71,71,71,71,71,71,71,71,71,71,71,71,71,71,71,71,71,71],"card_choices":[{"not_picked":["Snipe","Rearm"],"picked":"ShatteredReality","floor":1},{"not_picked":["FastForward","Gouge"],"picked":"Rearm","floor":2},{"not_picked":["StarChef","Rewind","Gouge"],"picked":"SKIP","floor":4},{"not_picked":["Rewind","Alleviate"],"picked":"Starlight","floor":7},{"not_picked":["Unruled","KillingDoll"],"picked":"Barrier","floor":10},{"not_picked":["Misdirection","BestPractice"],"picked":"Potential","floor":11},{"not_picked":["Potential","Defy"],"picked":"BottledTime","floor":14},{"not_picked":["FlawlessForm","Dilation"],"picked":"Sunlight","floor":16},{"not_picked":["BestPractice","Starlight+1"],"picked":"FastForward","floor":18},{"not_picked":["Starlight+1","Reset"],"picked":"BottledTime","floor":20}],"player_experience":64464,"relics_obtained":[{"floor":7,"key":"Gremlin Horn"},{"floor":9,"key":"Replay:Bottled Steam"},{"floor":19,"key":"Enchiridion"}],"event_choices":[{"damage_healed":0,"gold_gain":0,"player_choice":"Take Damage","damage_taken":17,"relics_obtained":["Golden Idol"],"max_hp_gain":0,"max_hp_loss":0,"event_name":"Golden Idol","floor":3,"gold_loss":0},{"damage_healed":0,"gold_gain":0,"player_choice":"Entered Light","damage_taken":14,"max_hp_gain":0,"max_hp_loss":0,"event_name":"Shining Light","floor":5,"gold_loss":0,"cards_upgraded":["Defend_S","Strike_S"]},{"damage_healed":0,"gold_gain":0,"player_choice":"Obtained Book","damage_taken":16,"max_hp_gain":0,"max_hp_loss":0,"event_name":"Cursed Tome","floor":19,"gold_loss":0},{"damage_healed":0,"gold_gain":0,"player_choice":"Forge","damage_taken":0,"max_hp_gain":0,"max_hp_loss":0,"event_name":"Accursed Blacksmith","floor":22,"gold_loss":0,"cards_upgraded":["ForgedInTime"]}],"is_beta":false,"boss_relics":[{"not_picked":["Painkiller Herb","Cursed Key"],"picked":"Pandora\u0027s Box"}],"items_purged_floors":[13,21],"is_endless":false,"potions_floor_spawned":[4,10,14],"killed_by":"Book of Stabbing","ascension_level":0}}