{"host":"zjnmjbs15rdpqnz9","time":1610565770,"event":{"mods":["BaseMod","Minty Spire (QoL Compilation)"],"gold_per_floor":[114,114,129,129,146,146,177,10,33,47,47,81,81,91,91,164,164,134,152,165,165,179,179,194,194,194,194,207,41,41,74,74,74,74],"floor_reached":33,"language":"ENG","playtime":2166,"items_purged":[],"score":554,"play_id":"291f2a2c-0214-4bf4-b2ab-4bdeb21e91f0","local_time":"20210113122250","is_ascension_mode":true,"campfire_choices":[{"data":"Malaise","floor":6,"key":"SMITH"},{"floor":15,"key":"DIG"},{"floor":23,"key":"DIG"},{"floor":27,"key":"REST"},{"floor":30,"key":"DIG"},{"floor":32,"key":"DIG"}],"circlet_count":0,"master_deck":["AscendersBane","Neutralize","Cloak And Dagger","Dash","Malaise+1","Bane","Blade Dance","Escape Plan","Heel Hook","After Image","Quick Slash","Wraith Form v2+1","Crippling Poison","Backflip","Calculated Gamble","Deadly Poison","Malaise+1","PiercingWail+1","Backflip+1"],"relics":["Pandora\u0027s Box","Toy Ornithopter","MealTicket","Happy Flower","Shovel","Toxic Egg 2","WristBlade","Nloth\u0027s Gift","Art of War","MutagenicStrength","Darkstone Periapt","Bag of Preparation","Juzu Bracelet","Eternal Feather","CaptainsWheel"],"acts_visited":["Exordium","TheCity"],"potions_floor_usage":[31,33],"damage_taken":[{"damage":0,"enemies":"Cultist","floor":1,"turns":3},{"damage":2,"enemies":"2 Louse","floor":3,"turns":3},{"damage":1,"enemies":"Small Slimes","floor":5,"turns":3},{"damage":9,"enemies":"Lagavulin","floor":7,"turns":6},{"damage":2,"enemies":"Gremlin Gang","floor":10,"turns":5},{"damage":13,"enemies":"3 Sentries","floor":12,"turns":9},{"damage":2,"enemies":"Looter","floor":14,"turns":2},{"damage":5,"enemies":"Hexaghost","floor":16,"turns":10},{"damage":3,"enemies":"2 Thieves","floor":18,"turns":4},{"damage":4,"enemies":"Spheric Guardian","floor":19,"turns":6},{"damage":17,"enemies":"Centurion and Healer","floor":20,"turns":6},{"damage":9,"enemies":"Snake Plant","floor":22,"turns":6},{"damage":21,"enemies":"Chosen and Byrds","floor":24,"turns":8},{"damage":21,"enemies":"Cultist and Chosen","floor":28,"turns":8},{"damage":9,"enemies":"Slavers","floor":31,"turns":7},{"damage":46,"enemies":"Automaton","floor":33,"turns":12}],"seed_played":"-2312910202352309812","potions_obtained":[{"floor":3,"key":"LiquidBronze"},{"floor":10,"key":"Block Potion"},{"floor":12,"key":"Regen Potion"},{"floor":19,"key":"GhostInAJar"},{"floor":22,"key":"DuplicationPotion"}],"is_trial":false,"path_per_floor":["M","?","M","?","M","R","E","$","T","M","?","E","?","M","R","B",null,"M","M","M","?","M","R","M","?","T","R","M","$","R","E","R","B"],"character_chosen":"THE_SILENT","items_purchased":["MealTicket","Bag of Preparation"],"campfire_rested":1,"item_purchase_floors":[8,29],"current_hp_per_floor":[59,59,57,46,45,45,36,36,36,36,58,47,47,47,47,44,61,60,58,43,43,34,34,13,13,13,32,11,26,26,22,31,0,0],"gold":74,"neow_bonus":"BOSS_RELIC","is_daily":false,"chose_seed":false,"campfire_upgraded":1,"win_rate":0.0,"timestamp":1610565770,"path_taken":["M","?","M","?","M","R","E","$","T","M","?","E","?","M","R","BOSS","M","?","M","?","M","R","?","?","T","R","M","$","R","E","R","BOSS"],"items_purchased_type":["Relic","Relic"],"build_version":"2020-12-22","purchased_purges":0,"victory":false,"max_hp_per_floor":[66,66,66,66,66,66,66,66,66,66,66,66,66,66,66,66,66,66,66,66,66,66,66,66,66,66,66,66,66,66,66,66,66,66],"card_choices":[{"not_picked":["Slice","Quick Slash","All Out Attack"],"picked":"SKIP","floor":1},{"not_picked":["Outmaneuver","Deadly Poison"],"picked":"Crippling Poison","floor":3},{"not_picked":["Masterful Stab","Infinite Blades","Dodge and Roll"],"picked":"SKIP","floor":5},{"not_picked":["Prepared","Expertise"],"picked":"Backflip","floor":7},{"not_picked":["Skewer","Blade Dance","Prepared"],"picked":"SKIP","floor":10},{"not_picked":["Flechettes","Reflex"],"picked":"Calculated Gamble","floor":12},{"not_picked":["Cloak And Dagger","Poisoned Stab"],"picked":"Deadly Poison","floor":14},{"not_picked":["Bullet Time+1","Die Die Die"],"picked":"Malaise+1","floor":16},{"not_picked":["Flechettes+1","Escape Plan+1"],"picked":"PiercingWail+1","floor":18},{"not_picked":["Deflect+1","Deadly Poison+1","Bane"],"picked":"SKIP","floor":19},{"not_picked":["Distraction+1","Underhanded Strike","Expertise+1"],"picked":"SKIP","floor":20},{"not_picked":["PiercingWail+1","Riddle With Holes","Skewer"],"picked":"SKIP","floor":22},{"not_picked":["Dagger Throw","Finisher","Slice"],"picked":"SKIP","floor":24},{"not_picked":["Deflect+1","Dash"],"picked":"Backflip+1","floor":28},{"not_picked":["Quick Slash","Glass Knife","Predator"],"picked":"SKIP","floor":31}],"player_experience":820100,"relics_obtained":[{"floor":7,"key":"Blood Vial"},{"floor":9,"key":"Happy Flower"},{"floor":12,"key":"Shovel"},{"floor":15,"key":"Toxic Egg 2"},{"floor":23,"key":"Art of War"},{"floor":26,"key":"Darkstone Periapt"},{"floor":30,"key":"Juzu Bracelet"},{"floor":31,"key":"Eternal Feather"},{"floor":32,"key":"CaptainsWheel"}],"event_choices":[{"damage_healed":0,"gold_gain":0,"player_choice":"Grow","damage_taken":0,"max_hp_gain":0,"max_hp_loss":0,"event_name":"Living Wall","floor":2,"gold_loss":0,"cards_upgraded":["Wraith Form v2"]},{"damage_healed":0,"gold_gain":0,"player_choice":"Success","damage_taken":11,"relics_obtained":["Toy Ornithopter"],"max_hp_gain":0,"max_hp_loss":0,"event_name":"Scrap Ooze","floor":4,"gold_loss":0},{"damage_healed":22,"gold_gain":0,"player_choice":"Banana","damage_taken":0,"max_hp_gain":0,"max_hp_loss":0,"event_name":"Big Fish","floor":11,"gold_loss":0},{"cards_removed":["Survivor"],"damage_healed":0,"gold_gain":0,"player_choice":"Offered Basic","damage_taken":0,"max_hp_gain":0,"max_hp_loss":0,"event_name":"Bonfire Elementals","floor":13,"gold_loss":0},{"damage_healed":0,"gold_gain":0,"player_choice":"Traded Relic","damage_taken":0,"relics_obtained":["Nloth\u0027s Gift"],"max_hp_gain":0,"max_hp_loss":0,"event_name":"N\u0027loth","floor":21,"relics_lost":["Blood Vial"],"gold_loss":0},{"damage_healed":0,"gold_gain":0,"player_choice":"Inject Mutagens","damage_taken":0,"relics_obtained":["MutagenicStrength"],"max_hp_gain":0,"max_hp_loss":0,"event_name":"Drug Dealer","floor":25,"gold_loss":0}],"is_beta":false,"boss_relics":[{"not_picked":["Snecko Eye","Runic Dome"],"picked":"WristBlade"}],"items_purged_floors":[],"is_endless":false,"potions_floor_spawned":[3,10,12,16,19,22,28],"killed_by":"Automaton","ascension_level":20}}