{"host":"x21cvmfdo17nyhii","time":1610524605,"event":{"mods":["AchievementEnabler","BaseMod","Colored Map","Colored Powertips","DeckTracker","Highlight Path","Minty Spire (QoL Compilation)","Quick Restart","Rare Cards Sparkle","SuperFastMode"],"gold_per_floor":[111,131,131,131,143,143,163,113,140,160,160,174,51,68,68,171,171,186,41,41,41,41,41],"floor_reached":22,"language":"ENG","playtime":1312,"items_purged":["Clash"],"score":226,"play_id":"19e9a824-3eb5-4696-b21d-8f54d27f81a5","local_time":"20210112235645","is_ascension_mode":false,"campfire_choices":[{"data":"Exhume","floor":6.0,"key":"SMITH"},{"data":"Bash","floor":11.0,"key":"SMITH"},{"floor":15.0,"key":"REST"}],"circlet_count":0,"master_deck":["Bash+1","Demon Form","Evolve","Pommel Strike","Twin Strike","Exhume+1","Pummel","Shrug It Off","Bloodletting","Shrug It Off","Dropkick","Fire Breathing","Headbutt","Warcry","Barricade","Dropkick"],"relics":["Pandora\u0027s Box","Frozen Eye"],"acts_visited":["Exordium","TheCity"],"potions_floor_usage":[],"damage_taken":[{"damage":0.0,"enemies":"2 Louse","floor":1.0,"turns":2.0},{"damage":11.0,"enemies":"Jaw Worm","floor":2.0,"turns":3.0},{"damage":3.0,"enemies":"Cultist","floor":5.0,"turns":3.0},{"damage":9.0,"enemies":"3 Louse","floor":7.0,"turns":2.0},{"damage":3.0,"enemies":"2 Fungi Beasts","floor":10.0,"turns":2.0},{"damage":13.0,"enemies":"Exordium Thugs","floor":12.0,"turns":3.0},{"damage":9.0,"enemies":"Large Slime","floor":14.0,"turns":5.0},{"damage":3.0,"enemies":"Slime Boss","floor":16.0,"turns":5.0},{"damage":25.0,"enemies":"2 Thieves","floor":18.0,"turns":4.0},{"damage":0,"enemies":"Spheric Guardian","floor":22,"turns":1}],"seed_played":"1181472303749053771","potions_obtained":[{"floor":2.0,"key":"Explosive Potion"},{"floor":5.0,"key":"LiquidBronze"},{"floor":12.0,"key":"LiquidMemories"},{"floor":18.0,"key":"FearPotion"}],"is_trial":false,"path_per_floor":["M","M","?","?","M","R","M","?","T","M","R","M","$","M","R","B",null,"M","$","?","?","M"],"character_chosen":"IRONCLAD","items_purchased":["Swift Potion","Frozen Eye"],"campfire_rested":1,"item_purchase_floors":[13,19],"current_hp_per_floor":[80,69,69,74,71,71,62,62,62,59,59,46,46,37,62,59,85,60,60,44,74,74,74],"gold":41,"neow_bonus":"BOSS_RELIC","is_daily":false,"chose_seed":false,"campfire_upgraded":2,"win_rate":0.0,"timestamp":1610524605,"path_taken":["M","M","?","?","M","R","M","?","T","?","R","M","$","M","R","BOSS","M","$","?","?","M"],"items_purchased_type":["Potion","Relic"],"build_version":"2020-12-22","purchased_purges":1,"victory":false,"max_hp_per_floor":[80,80,80,85,85,85,85,85,85,85,85,85,85,85,85,85,85,85,85,90,90,90,90],"card_choices":[{"not_picked":["Blood for Blood","Disarm"],"picked":"Shrug It Off","floor":1.0},{"not_picked":["Pommel Strike","Blood for Blood","Clothesline"],"picked":"SKIP","floor":2.0},{"not_picked":["Havoc","Warcry"],"picked":"Shrug It Off","floor":5.0},{"not_picked":["Perfected Strike","Twin Strike"],"picked":"Dropkick","floor":7.0},{"not_picked":["Havoc","True Grit"],"picked":"Fire Breathing","floor":10.0},{"not_picked":["Pommel Strike","Anger"],"picked":"Headbutt","floor":12.0},{"not_picked":["Infernal Blade","Twin Strike"],"picked":"Warcry","floor":14.0},{"not_picked":["Brutality","Corruption"],"picked":"Barricade","floor":16.0},{"not_picked":["Havoc","Heavy Blade"],"picked":"Dropkick","floor":18.0}],"player_experience":330469,"relics_obtained":[],"event_choices":[{"damage_healed":0.0,"max_hp_gain":0.0,"max_hp_loss":0.0,"gold_gain":0.0,"cards_transformed":["Blood for Blood"],"event_name":"Living Wall","player_choice":"Change","floor":3.0,"gold_loss":0.0,"damage_taken":0.0,"cards_obtained":["Bloodletting"]},{"damage_healed":0.0,"max_hp_gain":5.0,"max_hp_loss":0.0,"gold_gain":0.0,"event_name":"Big Fish","player_choice":"Donut","floor":4.0,"gold_loss":0.0,"damage_taken":0.0},{"cards_removed":["Anger"],"damage_healed":0.0,"max_hp_gain":0.0,"max_hp_loss":0.0,"gold_gain":0.0,"event_name":"The Cleric","player_choice":"Card Removal","floor":8.0,"gold_loss":50.0,"damage_taken":0.0},{"damage_healed":0.0,"max_hp_gain":5.0,"max_hp_loss":0.0,"gold_gain":0.0,"event_name":"Forgotten Altar","player_choice":"Shed Blood","floor":20.0,"gold_loss":0.0,"damage_taken":21.0},{"damage_healed":30.0,"max_hp_gain":0.0,"max_hp_loss":0.0,"gold_gain":0.0,"event_name":"The Library","player_choice":"Heal","floor":21.0,"gold_loss":0.0,"damage_taken":0.0}],"is_beta":false,"boss_relics":[{"not_picked":["Empty Cage","Tiny House","Runic Pyramid"]}],"items_purged_floors":[13],"is_endless":false,"potions_floor_spawned":[2,5,12,14,18],"killed_by":"Spheric Guardian","ascension_level":0}}