{"host":"ue3qa4y58fiwdsvn","time":1610536202,"event":{"mods":["BaseMod","BetterRewards","Colored Map","Colored Powertips","Downfall","Friendly Minions","Hubris","Infinite Spire","Minty Spire (QoL Compilation)","MostiFishMod","Replay The Spire","Shop Mod","Spicy Shops","StSLib","The Bug Knight","The Construct","The Cursed","The Gatherer","UnlockEverythingMod","[地精首领爬塔]The Maniac","vexMod"],"gold_per_floor":[116,116,116,132,132,132,161,161,187,217,29,44,44,60,60,155,-1245,18,18,18,18,31,31,63,83,83,94,94,25,25,45,45,140,140,156,156,156,156],"floor_reached":36,"language":"ZHS","playtime":1479,"items_purged":["Gatherer:Defend_Gatherer"],"score":615,"play_id":"8d366bc4-f41f-47ef-b05b-ad1520adc5db","local_time":"20210113191002","is_ascension_mode":false,"metric_token":1365,"campfire_choices":[{"data":"Gatherer:FlowerFalling+1","floor":6.0,"key":"SMITH"},{"data":"Gatherer:Photoscythe","floor":8.0,"key":"SMITH"},{"data":"Gatherer:FlowerPower+1","floor":13,"key":"SMITH"},{"data":"Gatherer:FlowerWhip+1","floor":15,"key":"SMITH"},{"data":"Gatherer:FlowerFalling+1","floor":23,"key":"SMITH"},{"data":"Gatherer:FlowerShield+1","floor":32,"key":"SMITH"}],"circlet_count":0,"master_deck":["Gatherer:Strike_Gatherer","Gatherer:Strike_Gatherer","Gatherer:Strike_Gatherer","Gatherer:Strike_Gatherer","Gatherer:Strike_Gatherer","Gatherer:Defend_Gatherer","Gatherer:Defend_Gatherer","Gatherer:Defend_Gatherer","Gatherer:Defend_Gatherer","Gatherer:Centralize","Gatherer:FlowerWhip+2","Gatherer:FlowerFalling+2","Gatherer:Photoscythe+1","Gatherer:FlamingBottle+1","Gatherer:BlackTea+1","Gatherer:FlowerPower+2","Gatherer:BomberForm+1","Gatherer:LuckyClover+1","Gatherer:FlowerFalling+2","Gatherer:Snatch+1","Gatherer:FlowerShield+2","Gatherer:FlowerFalling+2","Gatherer:BalancedGrowth+1","Gatherer:FlowerBeam+2","Gatherer:GrowBook+1","Gatherer:FlowerFalling+1"],"relics":["Gatherer:AlchemyBag","DaveBox","Gatherer:FloralEgg","OriginationStaff","Oddly Smooth Stone","DollysMirror","SynthV:TestCard","hubris:Towel","Anchor","Golden Egg","MealTicket","infinitespire:CheckeredPen","vexMod:TimeEaterHat","SynthV:MejaisSoulstealer","Lee\u0027s Waffle","hubris:Icosahedron","hubris:CrystalStatue","infinitespire:FocusingShard","Replay:Grab Bag","ChewingGum","Busted Crown","ShadowXiaoBlade"],"acts_visited":["Exordium","TheCity","TheBeyond"],"potions_floor_usage":[16,16,22,36],"damage_taken":[{"damage":0.0,"enemies":"Jaw Worm","floor":1.0,"turns":2.0},{"damage":0.0,"enemies":"2 Louse","floor":4.0,"turns":1.0},{"damage":18.0,"enemies":"Lagavulin","floor":7.0,"turns":3.0},{"damage":1.0,"enemies":"3 Sentries","floor":10.0,"turns":3.0},{"damage":0,"enemies":"Small Slimes","floor":12,"turns":2},{"damage":0,"enemies":"2 Fungi Beasts","floor":14,"turns":2},{"damage":45,"enemies":"Hexaghost","floor":16,"turns":7},{"damage":0,"enemies":"2 Thieves","floor":18,"turns":2},{"damage":13,"enemies":"3 Byrds","floor":22,"turns":3},{"damage":6,"enemies":"Slavers","floor":24,"turns":3},{"damage":0,"enemies":"Sentry and Sphere","floor":25,"turns":2},{"damage":2,"enemies":"Shelled Parasite and Fungi","floor":27,"turns":2},{"damage":0,"enemies":"Chosen and Byrds","floor":31,"turns":2},{"damage":0,"enemies":"Collector","floor":33,"turns":3},{"damage":0,"enemies":"3 Shapes","floor":35,"turns":2},{"damage":1,"enemies":"infinitespire:Three Voidlings","floor":36,"turns":2},{"damage":82,"enemies":"Nightmare_Alpha","floor":36,"turns":4}],"seed_played":"-2125826178502374396","potions_obtained":[{"floor":4.0,"key":"EntropicBrew"},{"floor":12,"key":"AttackPotion"},{"floor":18,"key":"LiquidBronze"},{"floor":27,"key":"infinitespire:BlackPotion"},{"floor":35,"key":"Reflective Coating"}],"is_trial":false,"path_per_floor":["M","?","T","M","?","R","E","R","T","E","$","M","R","M","R","B",null,"M","AVR","?","?","M","R","E","M","T","M","?","$","$","M","R","B",null,"M","?"],"character_chosen":"THE_GATHERER","items_purchased":["Gatherer:FloralEgg","OriginationStaff","Oddly Smooth Stone","DollysMirror","vexMod:TimeEaterHat","Gatherer:FlowerPower","Gatherer:BalancedGrowth"],"campfire_rested":0,"item_purchase_floors":[0,0,0,0,11,11,29],"current_hp_per_floor":[47,47,47,47,47,47,33,33,33,36,51,51,51,55,55,10,72,72,79,79,79,66,66,68,72,72,78,78,79,79,79,79,79,79,79,0,0,0],"gold":156,"neow_bonus":"","is_daily":false,"chose_seed":false,"campfire_upgraded":6,"win_rate":0.0,"timestamp":1610536202,"path_taken":["M","?","?","M","?","R","E","R","T","E","$","M","R","M","R","BOSS","M","AVR","?","?","M","R","E","M","T","M","?","?","$","?","R","BOSS","M","?"],"items_purchased_type":["Relic","Relic","Relic","Relic","Relic","Card","Card"],"build_version":"2020-12-22","purchased_purges":1,"victory":false,"max_hp_per_floor":[72,72,72,72,72,72,72,72,72,72,72,72,72,72,72,72,72,72,79,79,79,79,79,79,79,79,79,79,79,79,79,79,79,79,79,79,79,79],"card_choices":[{"not_picked":["Gatherer:Convert","Gatherer:EnergyBasket"],"picked":"Gatherer:FlowerFalling","floor":1.0},{"not_picked":["Gatherer:Frenzy","Gatherer:DrugPower","Gatherer:SaveValuables","Gatherer:PotentialSlash"],"picked":"Gatherer:Photoscythe","floor":4.0},{"not_picked":["Gatherer:UpgradeBag","Gatherer:FruitForce","Gatherer:RottenStipe","Gatherer:EnergyBasket"],"picked":"Gatherer:BlackTea","floor":7.0},{"not_picked":["Gatherer:TacticalStrike","Gatherer:CollectorsShot","Gatherer:Snatch","Gatherer:Misfortune","Gatherer:RecoveryHerb"],"picked":"SKIP","floor":10.0},{"not_picked":["Gatherer:Solidify","Gatherer:Polymorphism","Gatherer:AromaProtection","Gatherer:Uplift"],"picked":"Gatherer:BomberForm","floor":12},{"not_picked":["Gatherer:BambuSword","Gatherer:FeelingFine","Gatherer:ScentOfRosmari","Gatherer:TacticalStrike","Gatherer:CarefulStrike"],"picked":"SKIP","floor":14},{"not_picked":["Gatherer:Overflowing","Gatherer:Photoscythe","Gatherer:Examine","Gatherer:StoneFence"],"picked":"Gatherer:LuckyClover","floor":16},{"not_picked":["Gatherer:RottenStipe","Gatherer:Solidify","Gatherer:Polymorphism","Gatherer:OddSpoils"],"picked":"Gatherer:FlowerFalling","floor":18},{"not_picked":["Gatherer:VenomBarrier+1","Gatherer:TacticalStrike","Gatherer:QuickSynthesis","Gatherer:BigPouch","Gatherer:AcidicSpray"],"picked":"SKIP","floor":22},{"not_picked":["Gatherer:BambuSword","Gatherer:VenomBarrier","Gatherer:WoolGloves","Gatherer:FragileHammer"],"picked":"Gatherer:Snatch+1","floor":24},{"not_picked":["Gatherer:Convert+1","Gatherer:WoolGloves","Gatherer:Duality+1","Gatherer:BambuSword"],"picked":"Gatherer:FlowerShield","floor":25},{"not_picked":["Gatherer:WoolGloves","Gatherer:PoisonMastery","Gatherer:ScrollOfWall+1","Gatherer:FragileHammer+1"],"picked":"Gatherer:FlowerFalling","floor":27},{"not_picked":["Gatherer:Herbalism+1","Gatherer:AlchemyTrial","Gatherer:ScentOfRosmari","Gatherer:AromaProtection"],"picked":"Gatherer:FlowerBeam+1","floor":31},{"not_picked":["Gatherer:CursedBlade","Gatherer:Overflowing","Gatherer:Bulldoze","Gatherer:Examine"],"picked":"Gatherer:GrowBook","floor":33},{"not_picked":["Gatherer:PotentialSlash","Gatherer:Misfortune"],"picked":"Gatherer:FlowerFalling","floor":35}],"player_experience":25333,"relics_obtained":[{"floor":1.0,"key":"SynthV:TestCard"},{"floor":3.0,"key":"Anchor"},{"floor":7.0,"key":"Golden Egg"},{"floor":9.0,"key":"MealTicket"},{"floor":10.0,"key":"infinitespire:CheckeredPen"},{"floor":24,"key":"hubris:CrystalStatue"},{"floor":26,"key":"infinitespire:FocusingShard"}],"event_choices":[{"damage_healed":0,"gold_gain":0,"player_choice":"Ignored","damage_taken":0,"max_hp_gain":0,"max_hp_loss":0,"event_name":"Ghosts","floor":20,"gold_loss":0}],"is_beta":false,"boss_relics":[{"not_picked":["xbg","hubris:VirtuousBlindfold"],"picked":"SynthV:MejaisSoulstealer"},{"not_picked":["Cursed Key","Kintsugi"],"picked":"Replay:Grab Bag"},{"not_picked":["hubris:CrackedHourglass","Coffee Dripper"],"picked":"ChewingGum"},{"not_picked":["Sozu","vexMod:CursedCompass"],"picked":"Busted Crown"},{"not_picked":["hubris:ScarierMask","FrostBlade"],"picked":"ShadowXiaoBlade"}],"items_purged_floors":[0],"is_endless":false,"potions_floor_spawned":[4,12,18,27,31,33,35,36],"killed_by":"Nightmare_Alpha","ascension_level":0}}