{"host":"19t2eyow02s954g8","time":1610522992,"event":{"mods":["BaseMod","Colored Map","DeckTracker","Minty Spire (QoL Compilation)","StSLib","SuperFastMode"],"gold_per_floor":[114,114,114,74,74,114,114,155,206,206,235,274,274,295,295,383,383,263,178,178,178,178,103,103,103,103,103,103,103,103,103],"floor_reached":30,"language":"KOR","playtime":775,"items_purged":["Decay"],"score":588,"play_id":"adcc6e7f-5bef-4825-af70-1f6557878439","local_time":"20210113162952","is_ascension_mode":true,"campfire_choices":[{"data":"Neutralize","floor":7,"key":"SMITH"},{"data":"Noxious Fumes","floor":10,"key":"SMITH"},{"data":"Catalyst","floor":13,"key":"SMITH"},{"data":"Bane","floor":15,"key":"SMITH"},{"floor":25,"key":"REST"},{"floor":27,"key":"REST"}],"circlet_count":0,"master_deck":["AscendersBane","Strike_G","Defend_G","Defend_G","Defend_G","Defend_G","Defend_G","Survivor","Neutralize+1","Noxious Fumes+1","Well Laid Plans","Acrobatics","Heel Hook","Reflex","Catalyst+1","Bane+1","Corpse Explosion","Prepared+1","Predator","Setup","PiercingWail","Night Terror"],"relics":["Ring of the Snake","NeowsBlessing","CeramicFish","Snake Skull","Blood Vial","Oddly Smooth Stone","Ectoplasm","InkBottle","Bag of Marbles"],"acts_visited":["Exordium","TheCity"],"potions_floor_usage":[12,12,16,18,30,30],"damage_taken":[{"damage":0.0,"enemies":"Jaw Worm","floor":1.0,"turns":1.0},{"damage":0,"enemies":"Gremlin Nob","floor":6,"turns":1},{"damage":0,"enemies":"3 Sentries","floor":8,"turns":2},{"damage":0,"enemies":"Small Slimes","floor":11,"turns":5},{"damage":47,"enemies":"Gremlin Nob","floor":12,"turns":5},{"damage":6,"enemies":"2 Louse","floor":14,"turns":3},{"damage":8,"enemies":"Hexaghost","floor":16,"turns":7},{"damage":35,"enemies":"2 Thieves","floor":18,"turns":4},{"damage":18,"enemies":"Chosen","floor":21,"turns":4},{"damage":13,"enemies":"Snecko","floor":28,"turns":4},{"damage":3,"enemies":"Snake Plant","floor":29,"turns":3},{"damage":0,"enemies":"Chosen and Byrds","floor":30,"turns":3}],"seed_played":"7426380079098147931","potions_obtained":[{"floor":1.0,"key":"CultistPotion"},{"floor":11,"key":"Energy Potion"},{"floor":12,"key":"ColorlessPotion"},{"floor":14,"key":"Block Potion"},{"floor":18,"key":"Explosive Potion"},{"floor":28,"key":"ColorlessPotion"}],"is_trial":false,"path_per_floor":["M","?","?","$","?","E","R","E","T","R","M","E","R","M","R","B",null,"M","?","?","M","?","$","?","R","T","R","M","M","M"],"character_chosen":"THE_SILENT","items_purchased":["Well Laid Plans"],"campfire_rested":2,"item_purchase_floors":[4],"current_hp_per_floor":[59,64,57,57,57,57,57,57,57,57,59,14,14,10,10,4,54,21,21,21,5,5,5,5,26,26,47,36,35,37,37],"gold":103,"neow_bonus":"THREE_ENEMY_KILL","is_daily":false,"chose_seed":false,"campfire_upgraded":4,"win_rate":0.0,"timestamp":1610522992,"path_taken":["M","?","?","?","?","E","R","E","T","R","M","E","R","M","R","BOSS","M","?","?","?","?","$","?","R","T","R","M","M","M"],"items_purchased_type":["Card"],"build_version":"2020-12-22","purchased_purges":1,"victory":false,"max_hp_per_floor":[66,71,71,71,71,71,71,71,71,71,71,71,71,71,71,71,71,71,71,71,71,71,71,71,71,71,71,71,71,71,71],"card_choices":[{"not_picked":["Caltrops","Deadly Poison"],"picked":"Noxious Fumes","floor":1.0},{"not_picked":["Masterful Stab","Caltrops"],"picked":"Acrobatics","floor":6},{"not_picked":["Backflip","Quick Slash"],"picked":"Heel Hook","floor":8},{"not_picked":["Choke","Cloak And Dagger"],"picked":"Reflex","floor":11},{"not_picked":["Skewer","Sucker Punch"],"picked":"Catalyst","floor":12},{"not_picked":["Reflex","Flying Knee"],"picked":"Bane","floor":14},{"not_picked":["Burst","Doppelganger"],"picked":"Corpse Explosion","floor":16},{"not_picked":["Blade Dance","Dagger Spray+1"],"picked":"Prepared","floor":18},{"not_picked":["Blade Dance","Dagger Throw","Bane"],"picked":"SKIP","floor":21},{"not_picked":["Dodge and Roll","Underhanded Strike"],"picked":"PiercingWail","floor":28},{"not_picked":["Quick Slash","Dodge and Roll"],"picked":"Night Terror","floor":29}],"player_experience":4259940,"relics_obtained":[{"floor":6,"key":"CeramicFish"},{"floor":8,"key":"Snake Skull"},{"floor":9,"key":"Blood Vial"},{"floor":12,"key":"Oddly Smooth Stone"},{"floor":26,"key":"Bag of Marbles"}],"event_choices":[{"damage_healed":0.0,"max_hp_gain":5.0,"max_hp_loss":0.0,"gold_gain":0.0,"event_name":"Big Fish","player_choice":"Donut","floor":2.0,"gold_loss":0.0,"damage_taken":0.0},{"cards_removed":["Strike_G"],"damage_healed":0.0,"max_hp_gain":0.0,"max_hp_loss":0.0,"gold_gain":0.0,"event_name":"Golden Wing","player_choice":"Card Removal","floor":3.0,"gold_loss":0.0,"damage_taken":7.0},{"cards_removed":["Strike_G"],"damage_healed":0,"gold_gain":0,"player_choice":"Forget","damage_taken":0,"max_hp_gain":0,"max_hp_loss":0,"event_name":"Living Wall","floor":5,"gold_loss":0},{"damage_healed":0,"gold_gain":0,"player_choice":"Obtained Relic","damage_taken":0,"relics_obtained":["InkBottle"],"max_hp_gain":0,"max_hp_loss":0,"event_name":"Addict","floor":19,"gold_loss":85},{"damage_healed":0,"gold_gain":0,"player_choice":"Forge","damage_taken":0,"max_hp_gain":0,"max_hp_loss":0,"event_name":"Accursed Blacksmith","floor":20,"gold_loss":0,"cards_upgraded":["Prepared"]},{"damage_healed":0,"gold_gain":0,"player_choice":"Smashed Altar","damage_taken":0,"max_hp_gain":0,"max_hp_loss":0,"event_name":"Forgotten Altar","floor":22,"gold_loss":0,"cards_obtained":["Decay"]},{"damage_healed":0,"gold_gain":0,"cards_transformed":["Strike_G","Strike_G"],"player_choice":"Became Test Subject","damage_taken":0,"max_hp_gain":0,"max_hp_loss":0,"event_name":"Drug Dealer","floor":24,"gold_loss":0,"cards_obtained":["Predator","Setup"]}],"is_beta":false,"boss_relics":[{"not_picked":["Runic Pyramid","SacredBark"],"picked":"Ectoplasm"}],"items_purged_floors":[23],"is_endless":false,"potions_floor_spawned":[1,11,12,14,18,28],"killed_by":"Chosen and Byrds","ascension_level":20}}