{"host":"r53pw7z744tg3fxg","time":1610572216,"event":{"mods":["AchievementEnabler","BaseMod","Colored Map","Colored Powertips","Highlight Path","Minty Spire (QoL Compilation)","Quick Restart","Transform Curses"],"gold_per_floor":[114,94,23,35,35,66,66,93,171,181,211,211,176,176,176,255,305,323,305,78,78,78,103,103,117,170,32,42,76,76,76,76,76,76],"floor_reached":33,"language":"ENG","playtime":1569,"items_purged":[],"score":604,"play_id":"62fd8cb3-b05c-42c8-bf48-79dbd9819126","local_time":"20210113141016","is_ascension_mode":true,"campfire_choices":[{"data":"Eruption","floor":7.0,"key":"SMITH"},{"data":"Wallop","floor":12.0,"key":"SMITH"},{"data":"ClearTheMind","floor":15.0,"key":"SMITH"},{"floor":24.0,"key":"REST"},{"floor":32,"key":"REST"}],"circlet_count":0,"master_deck":["AscendersBane","Defend_P","Defend_P","Defend_P","Defend_P","Eruption+1","Vigilance","ReachHeaven","EmptyBody","ClearTheMind+1","Halt","FollowUp","Wallop+1","Judgement+1","MasterReality+1","Evaluate+1","Consecrate","LessonLearned","DeceiveReality+1","Bite","Bite","Bite","Bite","Bite+1","Sanctity+1","SashWhip+1","FlurryOfBlows+1","DevaForm","Protect+1","Alpha+1"],"relics":["PureWater","NeowsBlessing","Strawberry","HornCleat","Bottled Flame","Toxic Egg 2","Tiny House","Anchor","Molten Egg 2","Centennial Puzzle","Nunchaku","Blue Candle"],"acts_visited":["Exordium","TheCity"],"potions_floor_usage":[31],"damage_taken":[{"damage":0.0,"enemies":"Small Slimes","floor":1.0,"turns":2.0},{"damage":0.0,"enemies":"Cultist","floor":4.0,"turns":1.0},{"damage":0.0,"enemies":"3 Sentries","floor":6.0,"turns":1.0},{"damage":0.0,"enemies":"Gremlin Nob","floor":8.0,"turns":2.0},{"damage":4.0,"enemies":"Jaw Worm","floor":10.0,"turns":6.0},{"damage":17.0,"enemies":"Lagavulin","floor":11.0,"turns":4.0},{"damage":34.0,"enemies":"Hexaghost","floor":16.0,"turns":9.0},{"damage":2.0,"enemies":"Chosen","floor":18.0,"turns":3.0},{"damage":3.0,"enemies":"2 Thieves","floor":19.0,"turns":4.0},{"damage":69.0,"enemies":"Gremlin Leader","floor":23.0,"turns":7.0},{"damage":10.0,"enemies":"3 Cultists","floor":25.0,"turns":4.0},{"damage":22.0,"enemies":"Cultist and Chosen","floor":28.0,"turns":7.0},{"damage":21,"enemies":"Book of Stabbing","floor":29,"turns":6},{"damage":6,"enemies":"Snake Plant","floor":31,"turns":3},{"damage":49,"enemies":"Automaton","floor":33,"turns":6}],"seed_played":"-2920734794908863851","potions_obtained":[{"floor":1.0,"key":"DuplicationPotion"},{"floor":2.0,"key":"EntropicBrew"},{"floor":11.0,"key":"Block Potion"},{"floor":17.0,"key":"Energy Potion"},{"floor":29,"key":"SmokeBomb"}],"is_trial":false,"path_per_floor":["M","?","$","M","$","E","R","E","T","M","E","R","?","?","R","B",null,"M","M","$","?","?","E","R","M","T","$","M","E","T","M","R","B"],"character_chosen":"WATCHER","items_purchased":["EmptyBody","ClearTheMind","Anchor","DeceiveReality+1","DevaForm"],"campfire_rested":2,"item_purchase_floors":[3,3,20,20,27],"current_hp_per_floor":[65,65,65,65,65,72,72,72,72,68,51,51,70,67,67,35,73,73,72,72,72,72,15,40,38,38,38,24,10,10,11,36,0,0],"gold":76,"neow_bonus":"THREE_ENEMY_KILL","is_daily":false,"chose_seed":false,"campfire_upgraded":3,"win_rate":0.0,"timestamp":1610572216,"path_taken":["M","?","?","?","$","E","R","E","T","M","E","R","?","?","R","BOSS","M","M","$","?","?","E","R","M","T","$","?","E","?","M","R","BOSS"],"items_purchased_type":["Card","Card","Relic","Card","Card"],"build_version":"2020-12-22","purchased_purges":0,"victory":false,"max_hp_per_floor":[72,72,72,72,72,79,79,79,79,79,79,79,79,79,79,79,84,84,84,84,84,84,84,84,84,84,84,84,84,84,84,84,84,84],"card_choices":[{"not_picked":["Weave","PathToVictory"],"picked":"ReachHeaven","floor":1.0},{"not_picked":["Meditate","FlyingSleeves"],"picked":"Halt","floor":4.0},{"not_picked":["Prostrate","Halt"],"picked":"FollowUp","floor":6.0},{"not_picked":["CutThroughFate","FollowUp"],"picked":"Prostrate","floor":8.0},{"not_picked":["Indignation","FlurryOfBlows"],"picked":"Wallop","floor":10.0},{"not_picked":["PathToVictory+1","EmptyFist"],"picked":"Judgement+1","floor":11.0},{"not_picked":["ConjureBlade+1","Judgement+1"],"picked":"MasterReality","floor":16.0},{"not_picked":["TalkToTheHand","Halt+1"],"picked":"Evaluate+1","floor":17.0},{"not_picked":["Protect+1","JustLucky"],"picked":"Consecrate","floor":18.0},{"not_picked":["ClearTheMind+1","JustLucky"],"picked":"LessonLearned","floor":19.0},{"not_picked":["Collect+1","Halt+1"],"picked":"SashWhip+1","floor":23.0},{"not_picked":["EmptyFist+1","TalkToTheHand+1"],"picked":"FlurryOfBlows+1","floor":25.0},{"not_picked":["Evaluate+1","FollowUp+1"],"picked":"Protect+1","floor":28.0},{"not_picked":["TalkToTheHand+1","Worship+1"],"picked":"Alpha+1","floor":29}],"player_experience":1245962,"relics_obtained":[{"floor":6.0,"key":"Strawberry"},{"floor":8.0,"key":"HornCleat"},{"floor":9.0,"key":"Bottled Flame"},{"floor":11.0,"key":"Toxic Egg 2"},{"floor":23.0,"key":"Molten Egg 2"},{"floor":26.0,"key":"Centennial Puzzle"},{"floor":29,"key":"Nunchaku"},{"floor":30,"key":"Blue Candle"}],"event_choices":[{"damage_healed":0.0,"max_hp_gain":0.0,"max_hp_loss":0.0,"gold_gain":0.0,"event_name":"The Woman in Blue","player_choice":"Bought 1 Potion","floor":2.0,"gold_loss":0.0,"damage_taken":0.0},{"damage_healed":19.0,"max_hp_gain":0.0,"max_hp_loss":0.0,"gold_gain":0.0,"event_name":"The Cleric","player_choice":"Healed","floor":13.0,"gold_loss":35.0,"damage_taken":0.0},{"damage_healed":0.0,"max_hp_gain":0.0,"max_hp_loss":0.0,"gold_gain":0.0,"event_name":"Scrap Ooze","player_choice":"Success","floor":14.0,"gold_loss":0.0,"damage_taken":3.0,"relics_obtained":["Blood Vial"]},{"damage_healed":0.0,"max_hp_gain":0.0,"max_hp_loss":0.0,"gold_gain":0.0,"event_name":"Vampires","player_choice":"Became a vampire (Vial)","floor":21.0,"relics_lost":["Blood Vial"],"gold_loss":0.0,"damage_taken":0.0,"cards_obtained":["Bite","Bite","Bite","Bite","Bite"]},{"damage_healed":0.0,"max_hp_gain":0.0,"max_hp_loss":0.0,"gold_gain":0.0,"cards_transformed":["Prostrate"],"event_name":"Transmorgrifier","player_choice":"Transformed","floor":22.0,"gold_loss":0.0,"damage_taken":0.0,"cards_obtained":["Sanctity"]}],"is_beta":false,"boss_relics":[{"not_picked":["SacredBark","Astrolabe"],"picked":"Tiny House"}],"items_purged_floors":[],"is_endless":false,"potions_floor_spawned":[1,6,10,11,29,31],"killed_by":"Automaton","ascension_level":13}}