{"host":"2xjkbrmvrd7iq7pu","time":1610506656,"event":{"mods":["AchievementEnabler","Act Like it!","Arknights The Spire","BaseMod","Downfall","Gensokyo","Gremlin Mod","GungeonMod","KinomotoSakuraMod(ƒæ÷Æ±æ”£)","Lobotomy","Minty Spire (QoL Compilation)","Reimu£®≤©¿ˆ¡È√Œ£©","Replay The Spire","StSLib","The Alterego","The Bug Knight","The Cursed","Yakumo Yukari mod"],"gold_per_floor":[138,138,218,218,8,8,8,27,27,44,60,60,72,72,72,175,175,189,104,121,121,132,132,145,145,172,272,303,303,303,323,323,418,418,432,482,497,497,497,528,528,540,540,540,558,591,591,665,665,665],"floor_reached":51,"language":"ZHS","playtime":3427,"items_purged":[],"score":588,"play_id":"25610bae-74cc-4640-855b-e4e8c7e77404","local_time":"20210113105736","is_ascension_mode":false,"campfire_choices":[{"data":"BarrageBoundary_PipeDream_purple","floor":6.0,"key":"SMITH"},{"floor":15.0,"key":"DIG"},{"data":"Human_Monster_Realm_purple","floor":25.0,"key":"SMITH"},{"floor":32.0,"key":"REST"},{"data":"CommonSense_AntiCommonSense_purple","floor":47,"key":"SMITH"},{"data":"PositiveMatter_Antimatter_Universe_purple","floor":49,"key":"SMITH"}],"circlet_count":0,"master_deck":["AT_purpleEX","AT_purpleEX","AT_purpleEX","Defend_purpleEX","Defend_purpleEX+1","Defend_purpleEX","Defend_purpleEX","Observe_purple_1+1","Observe_purple_2","BarrageBoundary_PipeDream_purple+1","CommonSense_AntiCommonSense_purple+1","ExternalForce_HighSpeedFlying_purple","MNeedle_purple+1","Boundary_LifeAndDeath_purple","OpenedBox_purple","Human_Monster_Realm_purple+1","EighthInstrument_OneDividesIntoTwo_purple","SharpContractionReality_purple+1","StretchesForeverDream_purple","Monsters_DoubleDeathButterfly_purple","PositiveMatter_Antimatter_Universe_purple+1","Regret","Madness","Madness","WatchEChange_purple+1","ProofOfUnderstanding_purple","Mirror_FourBoundary_purple","Good Instincts","Boundary_ObjectiveBoundary_purple+1","PurpleNeedle_purple","ContainerChange_purple"],"relics":["Boundary_crack","Memoryfragments_purpleEX","ReplayTheSpireMod:Lightbulb","DemoMod:ChaffGrenade","ReplayFunnel","Iron Hammer","SlaversCollar","Replay:Multitool","Orichalcum","DemoMod:GreenGuonStone","Divine Protection","Vajra","alterego_mod:FleetingLove","Sozu","Replay:PocketPolymizer","Pantograph","Replay:Bottled Flurry","DemoMod:GlassGuonStoneRelic","DemoMod:Metronome","DemoMod:MonsterBlood"],"acts_visited":["Exordium","TheCity","TheBeyond"],"potions_floor_usage":[],"damage_taken":[{"damage":0.0,"enemies":"Cultist","floor":1.0,"turns":4.0},{"damage":5.0,"enemies":"Jaw Worm","floor":8.0,"turns":2.0},{"damage":0.0,"enemies":"2 Louse","floor":10.0,"turns":3.0},{"damage":0.0,"enemies":"Blue Slaver","floor":11.0,"turns":2.0},{"damage":0.0,"enemies":"Exordium Wildlife","floor":13.0,"turns":3.0},{"damage":2.0,"enemies":"Hexaghost","floor":16.0,"turns":5.0},{"damage":0.0,"enemies":"Spheric Guardian","floor":18.0,"turns":1.0},{"damage":8.0,"enemies":"3 Byrds","floor":20.0,"turns":4.0},{"damage":28.0,"enemies":"Centurion and Healer","floor":22.0,"turns":6.0},{"damage":12.0,"enemies":"Chosen and Byrds","floor":24.0,"turns":6.0},{"damage":11.0,"enemies":"Colosseum Slavers","floor":27.0,"turns":5.0},{"damage":11.0,"enemies":"Colosseum Nobs","floor":27.0,"turns":3.0},{"damage":33.0,"enemies":"Slavers","floor":28.0,"turns":5.0},{"damage":9.0,"enemies":"Snake Plant","floor":31.0,"turns":3.0},{"damage":15.0,"enemies":"Automaton","floor":33.0,"turns":7.0},{"damage":0.0,"enemies":"Orb Walker","floor":35.0,"turns":4.0},{"damage":0.0,"enemies":"Mind Bloom Boss Battle","floor":36.0,"turns":3.0},{"damage":24.0,"enemies":"3 Darklings","floor":37.0,"turns":4.0},{"damage":32.0,"enemies":"Giant Head","floor":40.0,"turns":9.0},{"damage":0,"enemies":"Sphere and 2 Shapes","floor":42,"turns":3},{"damage":0,"enemies":"Maw","floor":45,"turns":7},{"damage":18,"enemies":"HollowMod:StalkingDevout","floor":46,"turns":5},{"damage":1,"enemies":"Replay:Hell Engine","floor":50,"turns":7}],"seed_played":"8903104066503304637","potions_obtained":[{"floor":1.0,"key":"DemoMod:LeadSkinPotion"},{"floor":10.0,"key":"LifebloodPotion"},{"floor":16.0,"key":"GrandPatriotsElixir:ReiMu"},{"floor":18.0,"key":"Ancient Potion"}],"is_trial":false,"path_per_floor":["M","?","?","?","$","R","$","M","T","M","M","?","M","T","R","B",null,"M","?","M","?","M","R","M","R","T","?","E","?","?","M","R","B",null,"M","?","M","?","?","E","?","M","T","?","M","E","R","?","R","B",null],"character_chosen":"Youkari","items_purchased":["ReplayTheSpireMod:Lightbulb"],"campfire_rested":1,"item_purchase_floors":[5],"current_hp_per_floor":[49,35,35,35,35,35,35,35,35,38,42,42,42,42,42,40,70,70,70,62,62,39,60,52,52,52,37,6,4,4,15,36,25,70,70,70,54,54,45,20,20,20,20,61,61,50,50,42,42,66],"gold":665,"neow_bonus":"THREE_RARE_CARDS","is_daily":false,"chose_seed":false,"campfire_upgraded":4,"win_rate":0.0,"timestamp":1610506656,"path_taken":["M","?","?","?","$","R","?","M","T","?","M","?","M","?","R","BOSS","M","?","M","?","M","R","M","R","T","?","E","?","?","M","R","BOSS","M","?","M","?","?","E","?","?","T","?","M","E","R","?","R","BOSS"],"items_purchased_type":["Relic"],"build_version":"2020-12-22","purchased_purges":0,"victory":true,"max_hp_per_floor":[70,70,70,70,70,70,70,70,70,70,70,70,70,70,70,70,70,70,70,70,70,70,70,70,70,70,70,70,70,70,70,70,70,70,70,70,70,70,70,70,70,70,70,61,61,61,61,68,68,68],"card_choices":[{"not_picked":["UniverseChoice_purple","Monsters_DoubleDeathButterfly_purple"],"picked":"BarrageBoundary_PipeDream_purple","floor":0.0},{"not_picked":["Umbrella_purple","Mirror_FormAndEmptin_purple"],"picked":"CommonSense_AntiCommonSense_purple","floor":1.0},{"not_picked":["CommonSense_AntiCommonSense_purple","Shallow_ocean_purpleEX"],"picked":"ExternalForce_HighSpeedFlying_purple","floor":8.0},{"not_picked":["MNeedle_purple","Boundary_LightAndDark_purple","ButterflyHabitatTemple_purple"],"picked":"SKIP","floor":10.0},{"not_picked":["Bait_Toxicbait_purple","Photoelasticity_Doppler_Effect_purple"],"picked":"MNeedle_purple","floor":11.0},{"not_picked":["CommonSense_AntiCommonSense_purple","AdvanceAttack_purple"],"picked":"OpenedBox_purple","floor":13.0},{"not_picked":["GluttonyofRealm_purpleEX","ProofOfUnderstanding_purple"],"picked":"Human_Monster_Realm_purple","floor":16.0},{"not_picked":["DimensionStaggered_purple+1","CommonSense_AntiCommonSense_purple+1"],"picked":"EighthInstrument_OneDividesIntoTwo_purple","floor":18.0},{"not_picked":["SharpContractionReality_purple+1","Line_surface_state_purple","AdvanceAttack_purple"],"picked":"SKIP","floor":20.0},{"not_picked":["RuleDissolution_purple+1","OmniscientAndOmnipotent_Monster_purple"],"picked":"SharpContractionReality_purple+1","floor":22.0},{"not_picked":["OmniscientAndOmnipotent_Monster_purple","RuleDissolution_purple"],"picked":"StretchesForeverDream_purple","floor":24.0},{"not_picked":["Shallow_ocean_purpleEX","StretchesForeverDream_purple","Yakumo_Ran_purple"],"picked":"SKIP","floor":28.0},{"not_picked":["Charmbait_purple","Photoelasticity_Doppler_Effect_purple","Shallow_ocean_purpleEX"],"picked":"SKIP","floor":31.0},{"not_picked":["WangLiang_LineAndCurveDreams_purple","D_absorption_purple"],"picked":"Monsters_DoubleDeathButterfly_purple","floor":33.0},{"not_picked":["StateDuplicate_purple+1","DimensionStaggered_purple","Charmbait_purple+1"],"picked":"SKIP","floor":35.0},{"not_picked":["Line_surface_state_purple","Realm_recovery_purpleEX+1"],"picked":"PositiveMatter_Antimatter_Universe_purple","floor":37.0},{"not_picked":["Worldmountain_purple+1","Umbrella_purple"],"picked":"WatchEChange_purple+1","floor":40.0},{"not_picked":["Yakumo_Ran_purple+1","SfantasyHide_purple+1"],"picked":"Boundary_ObjectiveBoundary_purple+1","floor":42},{"not_picked":["Line_surface_state_purple+1","SharpContractionReality_purple"],"picked":"PurpleNeedle_purple","floor":45},{"not_picked":["Boundary_DynamicStaticEquilibrium_purple","Fantasy_PerpetualMotionMachine_purple+1"],"picked":"ContainerChange_purple","floor":46}],"player_experience":677693,"relics_obtained":[{"floor":9.0,"key":"DemoMod:ChaffGrenade"},{"floor":14.0,"key":"ReplayFunnel"},{"floor":15.0,"key":"Iron Hammer"},{"floor":26.0,"key":"Orichalcum"},{"floor":27.0,"key":"DemoMod:GreenGuonStone"},{"floor":27.0,"key":"Divine Protection"},{"floor":28.0,"key":"Vajra"},{"floor":36.0,"key":"Replay:PocketPolymizer"},{"floor":40.0,"key":"Pantograph"},{"floor":43,"key":"Replay:Bottled Flurry"},{"floor":46,"key":"DemoMod:Metronome"},{"floor":48,"key":"DemoMod:MonsterBlood"}],"event_choices":[{"damage_healed":0.0,"max_hp_gain":0.0,"max_hp_loss":0.0,"gold_gain":0.0,"event_name":"Shining Light","player_choice":"Entered Light","floor":2.0,"gold_loss":0.0,"damage_taken":14.0,"cards_upgraded":["Defend_purpleEX","Observe_purple_1"]},{"damage_healed":0.0,"max_hp_gain":0.0,"max_hp_loss":0.0,"gold_gain":0.0,"cards_transformed":["AT_purpleEX"],"event_name":"Living Wall","player_choice":"Change","floor":12.0,"gold_loss":0.0,"damage_taken":0.0,"cards_obtained":["Boundary_LifeAndDeath_purple"]},{"damage_healed":0.0,"max_hp_gain":0.0,"max_hp_loss":0.0,"gold_gain":0.0,"event_name":"Addict","player_choice":"Obtained Relic","floor":19.0,"gold_loss":85.0,"damage_taken":0.0,"relics_obtained":["Replay:Multitool"]},{"damage_healed":0.0,"max_hp_gain":0.0,"max_hp_loss":0.0,"gold_gain":0.0,"event_name":"Colosseum","player_choice":"Fight","floor":27.0,"gold_loss":0.0,"damage_taken":0.0},{"damage_healed":0.0,"max_hp_gain":0.0,"max_hp_loss":0.0,"gold_gain":0.0,"event_name":"Colosseum","player_choice":"Fought Nobs","floor":27.0,"gold_loss":0.0,"damage_taken":0.0},{"damage_healed":0.0,"max_hp_gain":0.0,"max_hp_loss":0.0,"gold_gain":0.0,"event_name":"∞Æµƒ…Ò •ª®‘∞","player_choice":"Choice 1","floor":30.0,"gold_loss":0.0,"damage_taken":0.0,"relics_obtained":["alterego_mod:FleetingLove"]},{"damage_healed":0.0,"max_hp_gain":0.0,"max_hp_loss":0.0,"gold_gain":0.0,"event_name":"MindBloom","player_choice":"Fight","floor":36.0,"gold_loss":0.0,"damage_taken":0.0},{"damage_healed":0.0,"max_hp_gain":0.0,"max_hp_loss":0.0,"gold_gain":0.0,"event_name":"Winding Halls","player_choice":"Embrace Madness","floor":39.0,"gold_loss":0.0,"damage_taken":9.0,"cards_obtained":["Madness","Madness"]},{"damage_healed":0,"gold_gain":0,"player_choice":"3 cards matched","damage_taken":0,"max_hp_gain":0,"max_hp_loss":0,"event_name":"Match and Keep!","floor":41,"gold_loss":0,"cards_obtained":["ProofOfUnderstanding_purple","Mirror_FourBoundary_purple","Good Instincts"]},{"damage_healed":61,"gold_gain":0,"player_choice":"Heal","damage_taken":0,"max_hp_gain":0,"max_hp_loss":9,"event_name":"The Moai Head","floor":44,"gold_loss":0}],"is_beta":false,"boss_relics":[{"not_picked":["Pandora\u0027s Box","RedLine:ReiMu"],"picked":"SlaversCollar"},{"not_picked":["Black Star","Tiny House"],"picked":"Sozu"}],"items_purged_floors":[],"is_endless":false,"potions_floor_spawned":[1,10,16,18,20,24,27,28,35,36,42,45],"ascension_level":0}}