{"host":"d9m9v0h6vo0edadb","time":1610513708,"event":{"mods":["BaseMod","Hermit","Keyboard Shortcuts","Minty Spire (QoL Compilation)","StSLib","SuperFastMode","The Cursed"],"gold_per_floor":[10,26,44,58,58,93,93,93,93,93,93,18,18,33,33,106,106,119,139,39,57,77,77,91,119,119,131,6,25,25,35,35,109,109,123,140,140,151,151,184,198,231,231,261,261,111,127,127,127,127,127,127,127,127,156,156,156],"floor_reached":56,"language":"KOR","playtime":1113,"items_purged":["Strike_G","Strike_G","Writhe","Heel Hook"],"score":1972,"play_id":"789147eb-4df2-4f70-96e3-e7a9c4927088","local_time":"20210113135508","is_ascension_mode":true,"campfire_choices":[{"floor":7.0,"key":"REST"},{"data":"Accuracy","floor":11.0,"key":"SMITH"},{"data":"Blade Dance","floor":13.0,"key":"SMITH"},{"data":"Blade Dance","floor":15.0,"key":"SMITH"},{"data":"After Image","floor":23.0,"key":"SMITH"},{"data":"Accuracy","floor":30.0,"key":"SMITH"},{"floor":32.0,"key":"REST"},{"floor":49.0,"key":"RECALL"},{"data":"Acrobatics","floor":53.0,"key":"SMITH"}],"circlet_count":0,"master_deck":["AscendersBane","Defend_G","Defend_G","Defend_G","Defend_G","Defend_G","Survivor","Neutralize","Blade Dance+1","Blade Dance+1","Accuracy+1","Calculated Gamble+1","After Image+1","Reflex","PiercingWail","Backflip","Accuracy+1","Acrobatics+1","Cloak And Dagger","Well Laid Plans"],"relics":["Ring of the Snake","Tingsha","Kunai","Cursed Key","Ancient Tea Set","Mummified Hand","WristBlade","Juzu Bracelet","Letter Opener","Pen Nib","Happy Flower"],"acts_visited":["Exordium","TheCity","TheBeyond","TheEnding"],"potions_floor_usage":[55],"damage_taken":[{"damage":0.0,"enemies":"2 Louse","floor":1.0,"turns":3.0},{"damage":7.0,"enemies":"Small Slimes","floor":2.0,"turns":4.0},{"damage":0.0,"enemies":"Cultist","floor":3.0,"turns":3.0},{"damage":1.0,"enemies":"Large Slime","floor":4.0,"turns":5.0},{"damage":43.0,"enemies":"Gremlin Nob","floor":6.0,"turns":4.0},{"damage":5.0,"enemies":"Red Slaver","floor":14.0,"turns":2.0},{"damage":2.0,"enemies":"Hexaghost","floor":16.0,"turns":7.0},{"damage":0.0,"enemies":"3 Byrds","floor":18.0,"turns":5.0},{"damage":0.0,"enemies":"Chosen","floor":19.0,"turns":3.0},{"damage":0.0,"enemies":"Centurion and Healer","floor":21.0,"turns":5.0},{"damage":2.0,"enemies":"Snake Plant","floor":22.0,"turns":5.0},{"damage":0.0,"enemies":"3 Cultists","floor":24.0,"turns":4.0},{"damage":12.0,"enemies":"Slavers","floor":25.0,"turns":3.0},{"damage":0.0,"enemies":"Centurion and Healer","floor":27.0,"turns":3.0},{"damage":0.0,"enemies":"Snake Plant","floor":29.0,"turns":3.0},{"damage":10.0,"enemies":"Snecko","floor":31.0,"turns":4.0},{"damage":20.0,"enemies":"Champ","floor":33.0,"turns":9.0},{"damage":0.0,"enemies":"3 Shapes","floor":35.0,"turns":5.0},{"damage":0.0,"enemies":"Orb Walker","floor":36.0,"turns":2.0},{"damage":3.0,"enemies":"4 Shapes","floor":38.0,"turns":4.0},{"damage":22.0,"enemies":"Nemesis","floor":40.0,"turns":5.0},{"damage":0.0,"enemies":"3 Darklings","floor":41.0,"turns":4.0},{"damage":3.0,"enemies":"Giant Head","floor":42.0,"turns":6.0},{"damage":8.0,"enemies":"Reptomancer","floor":44.0,"turns":4.0},{"damage":7.0,"enemies":"Transient","floor":47.0,"turns":6.0},{"damage":0.0,"enemies":"Awakened One","floor":50.0,"turns":6.0},{"damage":8.0,"enemies":"Donu and Deca","floor":51.0,"turns":6.0},{"damage":50,"enemies":"Shield and Spear","floor":55,"turns":3},{"damage":2,"enemies":"The Heart","floor":56,"turns":1}],"seed_played":"-3649168741543025206","potions_obtained":[{"floor":3.0,"key":"SneckoOil"},{"floor":14.0,"key":"LiquidBronze"},{"floor":18.0,"key":"GamblersBrew"},{"floor":22.0,"key":"SpeedPotion"},{"floor":25.0,"key":"Explosive Potion"},{"floor":29.0,"key":"Regen Potion"},{"floor":36.0,"key":"CunningPotion"}],"is_trial":false,"path_per_floor":["M","M","M","M","?","E","R","?","T","?","R","$","R","M","R","B",null,"M","M","$","M","M","R","M","E","T","M","$","M","R","M","R","B",null,"M","M","$","M","?","E","M","E","T","E","?","$","M","?","R","B","B",null,"R","$","E","B"],"character_chosen":"THE_SILENT","items_purchased":[],"campfire_rested":2,"item_purchase_floors":[],"current_hp_per_floor":[59,52,52,51,44,1,20,20,20,20,20,20,20,15,15,13,53,53,53,53,53,51,51,51,39,39,39,39,39,39,29,48,43,60,60,60,60,57,57,35,35,32,32,24,24,24,17,54,54,54,46,52,52,52,2,0,0],"gold":156,"neow_bonus":"ONE_RARE_RELIC","is_daily":false,"chose_seed":false,"campfire_upgraded":6,"win_rate":0.0,"timestamp":1610513708,"path_taken":["M","M","M","M","?","E","R","?","T","?","R","$","R","M","R","BOSS","M","M","$","M","M","R","M","E","T","M","$","M","R","M","R","BOSS","M","M","?","M","?","E","M","E","T","E","?","$","M","?","R","BOSS","BOSS","R","$","E","BOSS"],"items_purchased_type":[],"build_version":"2020-12-22","purchased_purges":4,"victory":false,"max_hp_per_floor":[66,66,66,66,66,66,66,66,66,66,66,66,66,66,66,66,66,66,66,66,66,66,66,66,66,66,66,66,66,66,66,66,66,66,66,66,66,66,66,66,66,66,66,66,66,66,66,54,54,54,54,54,54,54,54,54,54],"card_choices":[{"not_picked":["Sucker Punch","Dagger Spray"],"picked":"Blade Dance","floor":1.0},{"not_picked":["Dagger Throw","Bane"],"picked":"Blade Dance","floor":2.0},{"not_picked":["Dagger Throw","Deadly Poison"],"picked":"Heel Hook","floor":3.0},{"not_picked":["Deflect","Eviscerate"],"picked":"Accuracy","floor":4.0},{"not_picked":["Bane","Acrobatics"],"picked":"Calculated Gamble","floor":6.0},{"not_picked":["Concentrate","Dash","Slice"],"picked":"SKIP","floor":14.0},{"not_picked":["A Thousand Cuts","Glass Knife"],"picked":"After Image","floor":16.0},{"not_picked":["Endless Agony","Distraction"],"picked":"Reflex","floor":18.0},{"not_picked":["Dagger Spray","Deadly Poison","Eviscerate"],"picked":"SKIP","floor":19.0},{"not_picked":["Flechettes+1","Flying Knee"],"picked":"PiercingWail","floor":21.0},{"not_picked":["Dagger Spray+1","Crippling Poison+1"],"picked":"Backflip","floor":22.0},{"not_picked":["Caltrops","Sucker Punch"],"picked":"Accuracy","floor":24.0},{"not_picked":["Riddle With Holes","Footwork"],"picked":"Acrobatics","floor":25.0},{"not_picked":["Dash+1","Endless Agony"],"picked":"Cloak And Dagger","floor":27.0},{"not_picked":["Bouncing Flask","All Out Attack","Backflip"],"picked":"SKIP","floor":29.0},{"not_picked":["Calculated Gamble","Dagger Spray","Leg Sweep"],"picked":"SKIP","floor":31.0},{"not_picked":["Prepared","Sucker Punch","Predator"],"picked":"SKIP","floor":35.0},{"not_picked":["Poisoned Stab","Dagger Throw+1"],"picked":"Well Laid Plans","floor":36.0},{"not_picked":["Deadly Poison","Backstab+1","Acrobatics"],"picked":"SKIP","floor":38.0},{"not_picked":["Noxious Fumes+1","Accuracy","Dagger Spray"],"picked":"SKIP","floor":40.0},{"not_picked":["Dodge and Roll","Envenom","Setup"],"picked":"SKIP","floor":41.0},{"not_picked":["Distraction+1","Dagger Spray","Heel Hook+1"],"picked":"SKIP","floor":42.0},{"not_picked":["Deadly Poison","Dagger Spray","Tools of the Trade"],"picked":"SKIP","floor":44.0},{"not_picked":["Bane","Underhanded Strike","Endless Agony"],"picked":"SKIP","floor":47.0},{"not_picked":["Deadly Poison","Deflect","Sucker Punch"],"picked":"SKIP","floor":55}],"player_experience":967583,"relics_obtained":[{"floor":6.0,"key":"Kunai"},{"floor":25.0,"key":"Ancient Tea Set"},{"floor":26.0,"key":"Mummified Hand"},{"floor":40.0,"key":"Juzu Bracelet"},{"floor":42.0,"key":"Letter Opener"},{"floor":44.0,"key":"Pen Nib"},{"floor":55,"key":"Happy Flower"}],"event_choices":[{"cards_removed":["Strike_G"],"damage_healed":0.0,"max_hp_gain":0.0,"max_hp_loss":0.0,"gold_gain":0.0,"event_name":"Golden Wing","player_choice":"Card Removal","floor":5.0,"gold_loss":0.0,"damage_taken":7.0},{"damage_healed":0.0,"max_hp_gain":0.0,"max_hp_loss":0.0,"gold_gain":0.0,"event_name":"Scrap Ooze","player_choice":"Fled","floor":8.0,"gold_loss":0.0,"damage_taken":0.0},{"cards_removed":["Strike_G"],"damage_healed":0.0,"max_hp_gain":0.0,"max_hp_loss":0.0,"gold_gain":0.0,"event_name":"Purifier","player_choice":"Purged","floor":10.0,"gold_loss":0.0,"damage_taken":0.0},{"damage_healed":0.0,"max_hp_gain":0.0,"max_hp_loss":0.0,"gold_gain":0.0,"event_name":"Upgrade Shrine","player_choice":"Upgraded","floor":39.0,"gold_loss":0.0,"damage_taken":0.0,"cards_upgraded":["Calculated Gamble"]},{"cards_removed":["Strike_G"],"damage_healed":0.0,"max_hp_gain":0.0,"max_hp_loss":0.0,"gold_gain":0.0,"event_name":"Falling","player_choice":"Removed Attack","floor":45.0,"gold_loss":0.0,"damage_taken":0.0},{"damage_healed":54.0,"max_hp_gain":0.0,"max_hp_loss":12.0,"gold_gain":0.0,"event_name":"The Moai Head","player_choice":"Heal","floor":48.0,"gold_loss":0.0,"damage_taken":0.0}],"is_beta":false,"boss_relics":[{"not_picked":["Ectoplasm","HoveringKite"],"picked":"Cursed Key"},{"not_picked":["Fusion Hammer","Black Star"],"picked":"WristBlade"}],"items_purged_floors":[12,20,28,46],"is_endless":false,"potions_floor_spawned":[3,14,18,22,24,25,29,31,36,41,42],"killed_by":"The Heart","ascension_level":20}}