{"host":"6h0diz2ap0m56grs","time":1610520480,"event":{"mods":["2.2 Compatiblity","BaseMod","Colored Map","Marisa????????","Minty Spire (QoL Compilation)","Quick Restart","Replay The Spire","Shop Mod","StSLib","The Servant 0.9.4"],"gold_per_floor":[118,130,130,55,67,95,122,122,147,147,180,180,223,256,256,385,385,399,413,186,186,236,279,279,310,310,310,349,39,39,70,70,189,189,204,204,315,15,15,58,89,127,198,236,274,274,274,274],"floor_reached":47,"language":"ENG","playtime":1431,"items_purged":["Pain"],"score":1131,"play_id":"277ea8b7-5f98-4021-a459-87381bde87af","local_time":"20210113004800","daily_mods":["SealedDeck","Heirloom","Time Dilation","Flight"],"is_ascension_mode":true,"campfire_choices":[{"data":"SuperNova","floor":8,"key":"SMITH"},{"data":"OortCloud","floor":12,"key":"SMITH"},{"data":"OortCloud","floor":15,"key":"SMITH"},{"data":"MilkyWay","floor":24,"key":"SMITH"},{"data":"SuperNova","floor":27,"key":"SMITH"},{"data":"MilkyWay","floor":32,"key":"SMITH"},{"data":"AsteroidBelt","floor":46,"key":"SMITH"},{"data":"ShootingEcho","floor":46,"key":"SMITH"}],"circlet_count":0,"master_deck":["UnstableBomb","AsteroidBelt+1","OortCloud+1","ShootingEcho+1","MilkyWay+1","MilkyWay+1","GasGiant+1","MeteoricShower","WitchLeyline","WitchLeyline","SuperNova+1","WitchLeyline","OortCloud+1","Parasite","Parasite","BlazingStar+1","WitchLeyline","SuperPerseids","SuperPerseids","SuperNova+1","SuperPerseids","Orbital+1"],"relics":["MiniHakkero","replay:Trail_Library","Du-Vu Doll","WarpedTongs","Bag of Marbles","Replay:Baseball","Centennial Puzzle","Golden Idol","Juzu Bracelet","ShroomBag","ReplayTheSpireMod:DimensionalGlitch","MerchantsRug","Eternal Feather","ReplayTheSpireMod:Shallot","Garlic","SproutingBranch","Red Mask","SacredBark","Medical Kit","Art of War","Frozen Egg 2","Replay:Arrowhead","Letter Opener","The Courier","Meat on the Bone","Gremlin Horn"],"acts_visited":["Exordium","TheCity","TheBeyond"],"potions_floor_usage":[28,40,40,42,47],"damage_taken":[{"damage":0,"enemies":"Cultist","floor":1,"turns":2},{"damage":0,"enemies":"2 Louse","floor":2,"turns":2},{"damage":0,"enemies":"Small Slimes","floor":5,"turns":2},{"damage":1,"enemies":"3 Sentries","floor":6,"turns":4},{"damage":0,"enemies":"Lagavulin","floor":7,"turns":3},{"damage":0,"enemies":"Gremlin Nob","floor":11,"turns":2},{"damage":0,"enemies":"Lagavulin","floor":13,"turns":3},{"damage":0,"enemies":"3 Sentries","floor":14,"turns":3},{"damage":0,"enemies":"Fading Forest","floor":16,"turns":6},{"damage":0,"enemies":"3 Byrds","floor":18,"turns":2},{"damage":0,"enemies":"2 Thieves","floor":19,"turns":2},{"damage":11,"enemies":"Slavers","floor":23,"turns":2},{"damage":0,"enemies":"Book of Stabbing","floor":25,"turns":2},{"damage":0,"enemies":"Gremlin Leader","floor":28,"turns":3},{"damage":0,"enemies":"Masked Bandits","floor":31,"turns":1},{"damage":5,"enemies":"Collector","floor":33,"turns":4},{"damage":0,"enemies":"3 Shapes","floor":35,"turns":2},{"damage":0,"enemies":"R_Hoarder","floor":40,"turns":4},{"damage":0,"enemies":"Giant Head","floor":41,"turns":2},{"damage":8,"enemies":"Reptomancer","floor":42,"turns":3},{"damage":0,"enemies":"Giant Head","floor":44,"turns":5},{"damage":0,"enemies":"R_Hoarder","floor":45,"turns":4},{"damage":0,"enemies":"Nemesis","floor":47,"turns":4}],"seed_played":"8582188818740064509","potions_obtained":[{"floor":2,"key":"Swift Potion"},{"floor":14,"key":"Doom Potion"},{"floor":16,"key":"FearPotion"},{"floor":31,"key":"BottledSpark"},{"floor":42,"key":"Energy Potion"},{"floor":44,"key":"LiquidMemories"}],"is_trial":true,"path_per_floor":["M","M","?","$","M","E","E","R","T","?","E","R","E","E","R","B",null,"M","M","$","?","?","E","R","E","T","R","E","$","?","?","R","B",null,"M","?","?","$","?","E","E","E","T","E","E","R","E"],"character_chosen":"MARISA","items_purchased":["MerchantsRug","Guide Book","SproutingBranch","Medical Kit","Art of War"],"campfire_rested":0,"item_purchase_floors":[20,20,29,38,38],"current_hp_per_floor":[75,75,75,75,75,74,74,74,74,56,56,56,56,56,56,70,75,75,75,75,75,75,65,74,75,75,75,75,75,75,75,75,72,75,75,71,54,54,54,63,68,63,63,71,71,71,71,71],"gold":274,"neow_bonus":"","is_daily":false,"chose_seed":false,"campfire_upgraded":8,"win_rate":0.0,"timestamp":1610520480,"path_taken":["M","M","?","$","?","E","E","R","T","?","E","R","E","E","R","BOSS","M","M","$","?","?","E","R","E","T","R","E","$","?","?","R","BOSS","M","?","?","$","?","E","E","E","T","E","E","R","E"],"items_purchased_type":["Relic","Relic","Relic","Relic","Relic"],"build_version":"2020-12-22","purchased_purges":1,"victory":false,"max_hp_per_floor":[75,75,75,75,75,75,75,75,75,75,75,75,75,75,75,75,75,75,75,75,75,75,75,75,75,75,75,75,75,75,75,75,75,75,75,71,71,71,71,71,71,71,71,71,71,71,71,71],"card_choices":[{"not_picked":["SporeBomb","Robbery","EnergyFlow"],"picked":"SKIP","floor":1},{"not_picked":["GalacticHalo","WitchOfGreed","PowerUp"],"picked":"SKIP","floor":2},{"not_picked":["ManaConvection","BlazeAway","IllusionStar"],"picked":"SKIP","floor":5},{"not_picked":["MagicAbsorber","MagicChant"],"picked":"SuperNova","floor":6},{"not_picked":["SporeBomb","GrandCross","GravityBeat"],"picked":"SKIP","floor":7},{"not_picked":["PowerUp","IllusionStar"],"picked":"OortCloud","floor":11},{"not_picked":["PowerUp","MaximisePower","MysteriousBeam"],"picked":"SKIP","floor":13},{"not_picked":["MagicAbsorber","GalacticHalo","WitchOfGreed"],"picked":"SKIP","floor":14},{"not_picked":["BigCrunch","JA"],"picked":"BlazingStar","floor":16},{"not_picked":["WitchOfGreed","SporeBomb","GravityBeat"],"picked":"SKIP","floor":18},{"not_picked":["Occultation","PowerUp"],"picked":"WitchLeyline","floor":19},{"not_picked":["ChargingUp+1","LuminesStrike"],"picked":"SuperPerseids","floor":23},{"not_picked":["Acceleration","DC"],"picked":"SuperPerseids","floor":25},{"not_picked":["ShootingEcho","WitchOfGreed+1","MilkyWay"],"picked":"SKIP","floor":28},{"not_picked":["Acceleration","OneTimeOff+1"],"picked":"SuperPerseids","floor":31},{"not_picked":["DoubleSpark+1","IllusionStar+1","WitchOfGreed"],"picked":"SKIP","floor":35},{"not_picked":["SporeBomb+1","MilkyWay+1","DarkSpark"],"picked":"SKIP","floor":40},{"not_picked":["IllusionStar+1","SporeBomb+1","StarBarrage+1"],"picked":"SKIP","floor":41},{"not_picked":["BinaryStars","Acceleration+1","GravityBeat+1"],"picked":"SKIP","floor":42},{"not_picked":["ShootingEcho","AsteroidBelt"],"picked":"Orbital+1","floor":44},{"not_picked":["BlazeAway+1","DC+1","EarthLightRay+1"],"picked":"SKIP","floor":45}],"player_experience":188501,"relics_obtained":[{"floor":6,"key":"Bag of Marbles"},{"floor":7,"key":"Replay:Baseball"},{"floor":9,"key":"Centennial Puzzle"},{"floor":11,"key":"Juzu Bracelet"},{"floor":13,"key":"Girya"},{"floor":14,"key":"ShroomBag"},{"floor":23,"key":"Eternal Feather"},{"floor":25,"key":"Gremlin Food"},{"floor":26,"key":"ReplayTheSpireMod:Shallot"},{"floor":28,"key":"Garlic"},{"floor":31,"key":"Red Mask"},{"floor":40,"key":"Frozen Egg 2"},{"floor":41,"key":"Replay:Arrowhead"},{"floor":42,"key":"Letter Opener"},{"floor":43,"key":"The Courier"},{"floor":44,"key":"Meat on the Bone"},{"floor":45,"key":"Gremlin Horn"}],"event_choices":[{"damage_healed":0,"gold_gain":0,"player_choice":"Rummage","damage_taken":0,"relics_obtained":["WarpedTongs"],"max_hp_gain":0,"max_hp_loss":0,"event_name":"Accursed Blacksmith","floor":3,"gold_loss":0,"cards_obtained":["Pain"]},{"damage_healed":0,"gold_gain":0,"player_choice":"Take Damage","damage_taken":18,"relics_obtained":["Golden Idol"],"max_hp_gain":0,"max_hp_loss":0,"event_name":"Golden Idol","floor":10,"gold_loss":0},{"damage_healed":0,"gold_gain":0,"player_choice":"Ignored","damage_taken":0,"max_hp_gain":0,"max_hp_loss":0,"event_name":"Beggar","floor":21,"gold_loss":0},{"damage_healed":0,"gold_gain":100,"player_choice":"Bet on Murderer","damage_taken":0,"max_hp_gain":0,"max_hp_loss":0,"event_name":"The Joust","floor":22,"gold_loss":50},{"damage_healed":0,"gold_gain":0,"player_choice":"Fought Bandits","damage_taken":0,"max_hp_gain":0,"max_hp_loss":0,"event_name":"Masked Bandits","floor":31,"gold_loss":0},{"damage_healed":0,"gold_gain":0,"player_choice":"Max HP","damage_taken":0,"max_hp_gain":0,"max_hp_loss":4,"event_name":"Winding Halls","floor":36,"gold_loss":0},{"damage_healed":0,"gold_gain":0,"player_choice":"Ignored","damage_taken":0,"max_hp_gain":0,"max_hp_loss":0,"event_name":"SecretPortal","floor":39,"gold_loss":0}],"is_beta":false,"boss_relics":[{"not_picked":["Replay:Drink Me","Calling Bell"],"picked":"ReplayTheSpireMod:DimensionalGlitch"},{"not_picked":["Tiny House","Kintsugi"],"picked":"SacredBark"}],"items_purged_floors":[4],"is_endless":false,"potions_floor_spawned":[2,14,16,23,31,40,42,44],"killed_by":"Nemesis","ascension_level":1}}