{"host":"6jrnojxwearbrjzo","time":1610576534,"event":{"mods":["BaseMod","Colored Map","Conspire","Highlight Path","Minty Spire (QoL Compilation)","MostiFishMod","Quick Restart","Random Character Button","Shop Mod","Spicy Shops","StSLib","TestMod","The Construct","The Servant 0.9.4","Yuyuko","vexMod","óô»ðÖ¸ÄÏ"],"gold_per_floor":[112,128,13,31,47,79,79,79,79],"floor_reached":8,"language":"ZHS","playtime":319,"items_purged":[],"score":61,"play_id":"8aad7029-b468-48fb-b10c-4b73465998ce","local_time":"20210114062214","is_ascension_mode":true,"campfire_choices":[{"data":"Adaptation","floor":7,"key":"SMITH"}],"circlet_count":0,"master_deck":["Strike_P","Strike_P","Strike_P","Strike_P","Defend_P","Defend_P","Defend_P","Defend_P","Eruption","Vigilance","MostiFishMod:EE1D","MostiFishMod:EE1D","MostiFishMod:EE1D","Adaptation+1","TalkToTheHand","Crescendo"],"relics":["DaveBox","testmod-TestBox","EE1DDrone","testmod-IncinerationGenerator","construct:ClawGrip","SynthV:TestCard","testmod-InfectionSource"],"acts_visited":["Exordium"],"potions_floor_usage":[4,5,8],"damage_taken":[{"damage":0,"enemies":"Jaw Worm","floor":1,"turns":4},{"damage":0,"enemies":"Cultist","floor":2,"turns":2},{"damage":0,"enemies":"Small Slimes","floor":4,"turns":3},{"damage":0,"enemies":"Blue Slaver","floor":5,"turns":1},{"damage":30,"enemies":"Gremlin Nob","floor":6,"turns":4},{"damage":57,"enemies":"3 Sentries","floor":8,"turns":3}],"seed_played":"2844593793282203100","potions_obtained":[{"floor":1,"key":"Dexterity Potion"},{"floor":4,"key":"AttackPotion"}],"is_trial":false,"path_per_floor":["M","M","$","M","M","E","R","E"],"character_chosen":"WATCHER","items_purchased":["DistilledChaos"],"campfire_rested":0,"item_purchase_floors":[3],"current_hp_per_floor":[72,72,72,72,72,42,42,0,0],"gold":79,"neow_bonus":"BOSS_RELIC","is_daily":false,"chose_seed":false,"campfire_upgraded":1,"win_rate":0.0,"timestamp":1610576534,"path_taken":["M","M","$","M","M","E","R","E"],"items_purchased_type":["Potion"],"build_version":"2020-12-22","purchased_purges":0,"victory":false,"max_hp_per_floor":[72,72,72,72,72,72,72,72,72],"card_choices":[{"not_picked":["CrushJoints","Study","Consecrate"],"picked":"SKIP","floor":1},{"not_picked":["FlurryOfBlows","FollowUp","Fasting2","Protect"],"picked":"Adaptation","floor":2},{"not_picked":["Nirvana","Halt","Evaluate","DevaForm"],"picked":"TalkToTheHand","floor":4},{"not_picked":["Consecrate","MentalFortress","FollowUp","Protect"],"picked":"Crescendo","floor":5},{"not_picked":["JustLucky","Protect","CarveReality","EmptyBody","FollowUp"],"picked":"SKIP","floor":6}],"player_experience":80316,"relics_obtained":[{"floor":1,"key":"SynthV:TestCard"},{"floor":6,"key":"testmod-InfectionSource"}],"event_choices":[],"is_beta":false,"boss_relics":[],"items_purged_floors":[],"is_endless":false,"potions_floor_spawned":[1,4],"killed_by":"3 Sentries","ascension_level":1}}