{"host":"r6da5kb9dzaaglw2","time":1610564938,"event":{"mods":["AchievementEnabler","BaseMod","Colored Powertips","Duelist Mod","GifTheSpireLib","Minty Spire (QoL Compilation)","StSLib"],"gold_per_floor":[144,55,55,119,39,115,115,176,176,176,202,262,262,262,262,364,364,424,424,424],"floor_reached":19,"language":"ENG","playtime":1251,"items_purged":[],"score":315,"play_id":"3281eea9-a595-472e-8827-33df49e643ae","local_time":"20210113200858","is_ascension_mode":true,"campfire_choices":[{"data":"theDuelist:ImperialOrder","floor":10,"key":"SMITH"},{"floor":13,"key":"RECALL"},{"data":"theDuelist:WhiteMagicalHat","floor":15,"key":"SMITH"}],"circlet_count":0,"master_deck":["theDuelist:CastleWalls","theDuelist:CastleWalls","theDuelist:DarkMagician+1","theDuelist:GoldenSparks","theDuelist:MysticalElf","theDuelist:MysticalElf","theDuelist:NeoMagic","theDuelist:NeoMagic","theDuelist:Sparks","Flash of Steel","theDuelist:ImperialOrder+1","theDuelist:ExodiaNecross+1","theDuelist:FrontierWiseman","theDuelist:WhiteMagicalHat+1","theDuelist:RainbowKuriboh","theDuelist:ContractExodia"],"relics":["theDuelist:MillenniumPuzzle","theDuelist:CardPoolRelic","theDuelist:CardPoolBasicRelic","theDuelist:BoosterPackPoolRelic","theDuelist:CardPoolAddRelic","theDuelist:CardPoolMinusRelic","theDuelist:CardPoolSaveRelic","theDuelist:CardPoolOptionsRelic","NeowsBlessing","Paper Crane","Vajra","theDuelist:GiftAnubis","Snecko Eye"],"acts_visited":["Exordium","TheCity"],"potions_floor_usage":[16,18],"damage_taken":[{"damage":0.0,"enemies":"Small Slimes","floor":1.0,"turns":1.0},{"damage":0,"enemies":"Cultist","floor":4,"turns":1},{"damage":0,"enemies":"Gremlin Nob","floor":6,"turns":2},{"damage":0,"enemies":"Jaw Worm","floor":8,"turns":7},{"damage":0,"enemies":"3 Sentries","floor":11,"turns":6},{"damage":5,"enemies":"Large Slime","floor":12,"turns":7},{"damage":20,"enemies":"Hexaghost","floor":16,"turns":12},{"damage":0,"enemies":"Chosen","floor":18,"turns":4},{"damage":0,"enemies":"3 Byrds","floor":19,"turns":2}],"seed_played":"-5725401632997601964","potions_obtained":[{"floor":6,"key":"theDuelist:FreezingPotion"},{"floor":16,"key":"Swift Potion"},{"floor":18,"key":"Strength Potion"}],"is_trial":false,"path_per_floor":["M","$","?","M","$","E","?","M","T","R","E","M","R","?","R","B",null,"M","M"],"character_chosen":"THE_DUELIST","items_purchased":["Flash of Steel","theDuelist:ImperialOrder"],"campfire_rested":0,"item_purchase_floors":[2,5],"current_hp_per_floor":[72,72,72,72,72,72,56,56,56,56,56,51,51,51,51,31,68,68,68,68],"gold":424,"neow_bonus":"THREE_ENEMY_KILL","is_daily":false,"chose_seed":false,"campfire_upgraded":2,"win_rate":0.0,"timestamp":1610564938,"path_taken":["M","$","?","?","$","E","?","M","T","R","E","M","R","?","R","BOSS","M","M"],"items_purchased_type":["Card","Card"],"build_version":"2020-12-22","purchased_purges":0,"victory":false,"max_hp_per_floor":[80,80,80,80,80,80,80,80,80,80,80,80,80,80,80,80,80,80,80,80],"card_choices":[{"not_picked":["theDuelist:GilfordLegend","theDuelist:Mudora","theDuelist:Sangan","theDuelist:WingedKuriboh","theDuelist:AttackTheMoon"],"picked":"SKIP","floor":1},{"not_picked":["theDuelist:TriWight","theDuelist:PyramidTurtle","theDuelist:GhostBelle","theDuelist:WitchBlackRose","theDuelist:DarkBurningMagic"],"picked":"SKIP","floor":4},{"not_picked":["theDuelist:ContractExodia","theDuelist:ExodiaRL","theDuelist:ExodiaLL","theDuelist:ExodiaHead"],"picked":"theDuelist:ExodiaNecross","floor":6},{"not_picked":["theDuelist:BattleWarrior","theDuelist:VampireBaby","theDuelist:MightyWarrior","theDuelist:CallAtlanteans"],"picked":"theDuelist:FrontierWiseman","floor":8},{"not_picked":["theDuelist:Chewbone","theDuelist:SangaThunder","theDuelist:GhostrickGhoul","theDuelist:Zombyra"],"picked":"theDuelist:WhiteMagicalHat","floor":11},{"not_picked":["theDuelist:PhantomGhost","theDuelist:GhostrickAlucard","theDuelist:BullBlader","theDuelist:BlizzardWarrior","theDuelist:GhostrickStein"],"picked":"SKIP","floor":12},{"not_picked":["theDuelist:RainbowDarkDragon","theDuelist:IrisEarthMother","theDuelist:RainbowMagician","theDuelist:RainbowOverdragon"],"picked":"theDuelist:RainbowKuriboh","floor":16},{"not_picked":["theDuelist:SuperheavyBlueBrawler+1","theDuelist:GhostSister","theDuelist:InariFire","theDuelist:OjamaKing+1"],"picked":"theDuelist:ContractExodia","floor":18}],"player_experience":528755,"relics_obtained":[{"floor":6,"key":"Paper Crane"},{"floor":9,"key":"Vajra"},{"floor":11,"key":"theDuelist:GiftAnubis"}],"event_choices":[{"cards_removed":["theDuelist:Sparks"],"damage_healed":0,"gold_gain":0,"player_choice":"Purged","damage_taken":0,"max_hp_gain":0,"max_hp_loss":0,"event_name":"Purifier","floor":3,"gold_loss":0},{"damage_healed":0,"gold_gain":0,"player_choice":"Entered Light","damage_taken":16,"max_hp_gain":0,"max_hp_loss":0,"event_name":"Shining Light","floor":7,"gold_loss":0,"cards_upgraded":["theDuelist:ExodiaNecross","theDuelist:DarkMagician"]},{"damage_healed":0,"gold_gain":0,"player_choice":"Leave","duelist":true,"damage_taken":0,"max_hp_gain":0,"max_hp_loss":0,"event_name":"Tomb of the Nameless","floor":14,"gold_loss":0}],"is_beta":false,"boss_relics":[{"not_picked":["Pandora\u0027s Box","Runic Dome"],"picked":"Snecko Eye"}],"items_purged_floors":[],"is_endless":false,"potions_floor_spawned":[6,16,18],"killed_by":"3 Byrds","ascension_level":8}}