{"host":"bq4pt811tk9yrmjl","time":1610505003,"event":{"mods":["AchievementEnabler","BaseMod","Colored Map","Colored Powertips","Defuse TimeMaze Blight","Hermit","Minty Spire (QoL Compilation)","StSLib","SuperFastMode"],"gold_per_floor":[116,291,291,291,241,275,275,121,121,121,121,48,79,79,79,203,203,218,66,166,187,200,200,223,239,314,314,314,314,79,79,79,202,265,290,390,88,102,102,102,138,138,138,138,174,194,194,215,215,215,215,215,17,60,60,60],"floor_reached":55,"language":"ENG","playtime":1404,"items_purged":[],"score":809,"play_id":"b446b19c-b5da-4eca-9c03-1f908ef579ab","local_time":"20210113003003","is_ascension_mode":true,"campfire_choices":[{"data":"Noxious Fumes","floor":7.0,"key":"SMITH"},{"floor":11.0,"key":"RECALL"},{"data":"Infinite Blades","floor":15.0,"key":"SMITH"},{"floor":23.0,"key":"REST"},{"data":"Bouncing Flask","floor":27.0,"key":"SMITH"},{"data":"Leg Sweep","floor":32.0,"key":"SMITH"},{"data":"Bane","floor":40.0,"key":"SMITH"},{"floor":42.0,"key":"REST"},{"floor":47.0,"key":"REST"},{"floor":49.0,"key":"REST"},{"data":"Survivor","floor":52,"key":"SMITH"}],"circlet_count":0,"master_deck":["Strike_G+1","Strike_G+1","Strike_G+1","Strike_G+1","Defend_G+1","Defend_G+1","Defend_G+1","Defend_G+1","Defend_G+1","Survivor+1","Neutralize+1","Bane+1","Noxious Fumes+1","Infinite Blades+1","Bullet Time+1","Bouncing Flask+1","Bane+1","Footwork+1","Cloak And Dagger+1","Leg Sweep+1","Blur+1","PiercingWail+1","Accuracy+1"],"relics":["Ring of the Snake","NeowsBlessing","Gambling Chip","Ancient Tea Set","WingedGreaves","Golden Idol","HornCleat","Empty Cage","OrangePellets","Orichalcum","Meat on the Bone","TwistedFunnel","Tiny House","MealTicket","Potion Belt","Happy Flower","Akabeko","Bronze Scales","Whetstone"],"acts_visited":["Exordium","TheCity","TheBeyond","TheEnding"],"potions_floor_usage":[50,50,54],"damage_taken":[{"damage":0.0,"enemies":"Jaw Worm","floor":1.0,"turns":1.0},{"damage":0.0,"enemies":"3 Sentries","floor":6.0,"turns":1.0},{"damage":0.0,"enemies":"Lagavulin","floor":13.0,"turns":1.0},{"damage":47.0,"enemies":"Slime Boss","floor":16.0,"turns":8.0},{"damage":12.0,"enemies":"3 Byrds","floor":18.0,"turns":8.0},{"damage":3.0,"enemies":"Chosen","floor":21.0,"turns":4.0},{"damage":21.0,"enemies":"Snake Plant","floor":22.0,"turns":5.0},{"damage":2.0,"enemies":"Centurion and Healer","floor":25.0,"turns":7.0},{"damage":10.0,"enemies":"Colosseum Slavers","floor":28.0,"turns":3.0},{"damage":28.0,"enemies":"Automaton","floor":33.0,"turns":11.0},{"damage":12.0,"enemies":"3 Shapes","floor":35.0,"turns":9.0},{"damage":0.0,"enemies":"Orb Walker","floor":38.0,"turns":4.0},{"damage":19.0,"enemies":"Nemesis","floor":41.0,"turns":9.0},{"damage":43.0,"enemies":"Reptomancer","floor":45.0,"turns":9.0},{"damage":25.0,"enemies":"Transient","floor":46.0,"turns":5.0},{"damage":0.0,"enemies":"Spire Growth","floor":48.0,"turns":7.0},{"damage":56,"enemies":"Time Eater","floor":50,"turns":15},{"damage":73,"enemies":"Shield and Spear","floor":54,"turns":10},{"damage":75,"enemies":"The Heart","floor":55,"turns":8}],"seed_played":"6707232913218343741","potions_obtained":[{"floor":1.0,"key":"GamblersBrew"},{"floor":6.0,"key":"AttackPotion"},{"floor":21.0,"key":"Poison Potion"},{"floor":34.0,"key":"Poison Potion"},{"floor":35.0,"key":"LiquidMemories"},{"floor":41.0,"key":"CultistPotion"},{"floor":45.0,"key":"Weak Potion"},{"floor":46.0,"key":"DistilledChaos"}],"is_trial":false,"path_per_floor":["M","?","T","?","?","E","R","$","T","?","R","$","E","$","R","B",null,"M","$","?","M","M","R","T","M","T","R","?","?","$","?","R","B",null,"M","?","$","M","?","R","E","R","T","?","E","M","R","M","R","B",null,"R","$","E","B"],"character_chosen":"THE_SILENT","items_purchased":["Ancient Tea Set","Infinite Blades","OrangePellets","Leg Sweep","TwistedFunnel","MealTicket","EntropicBrew","Block Potion","Bronze Scales","Explosive Potion"],"campfire_rested":4,"item_purchase_floors":[8,12,19,30,30,37,37,37,53,53],"current_hp_per_floor":[70,70,70,70,70,70,70,70,70,70,70,70,70,70,70,23,70,58,58,58,55,34,55,55,53,53,53,43,43,43,43,43,27,75,63,63,63,63,63,63,44,66,66,66,35,22,44,44,66,22,75,75,75,14,0,0],"gold":60,"neow_bonus":"THREE_ENEMY_KILL","is_daily":false,"chose_seed":false,"campfire_upgraded":6,"win_rate":0.0,"timestamp":1610505003,"path_taken":["M","?","?","?","?","E","R","$","T","?","R","$","E","$","R","BOSS","M","$","?","?","M","R","?","M","T","R","?","?","$","?","R","BOSS","M","?","$","?","?","R","E","R","T","?","E","?","R","M","R","BOSS","R","$","E","BOSS"],"items_purchased_type":["Relic","Card","Relic","Card","Relic","Relic","Potion","Potion","Relic","Potion"],"build_version":"2020-12-22","purchased_purges":0,"victory":false,"max_hp_per_floor":[70,70,70,70,70,70,70,70,70,70,70,70,70,70,70,70,70,70,70,70,70,70,70,70,70,70,70,70,70,70,70,70,70,75,75,75,75,75,75,75,75,75,75,75,75,75,75,75,75,75,75,75,75,75,75,75],"card_choices":[{"not_picked":["Escape Plan","Outmaneuver"],"picked":"Bane","floor":1.0},{"not_picked":["Venomology","Bane"],"picked":"Noxious Fumes","floor":6.0},{"not_picked":["Sucker Punch","Eviscerate","Expertise"],"picked":"SKIP","floor":13.0},{"not_picked":["Grand Finale","Storm of Steel"],"picked":"Bullet Time","floor":16.0},{"not_picked":["Sucker Punch","Deadly Poison"],"picked":"Bouncing Flask","floor":18.0},{"not_picked":["Setup+1","Reflex"],"picked":"Bane+1","floor":21.0},{"not_picked":["Acrobatics+1","Flechettes"],"picked":"Footwork+1","floor":22.0},{"not_picked":["Concentrate+1","Predator+1"],"picked":"Cloak And Dagger+1","floor":25.0},{"not_picked":["Setup+1","Poisoned Stab+1","Crippling Poison"],"picked":"SKIP","floor":35.0},{"not_picked":["Footwork","Finisher","Outmaneuver"],"picked":"SKIP","floor":38.0},{"not_picked":["Prepared","All Out Attack+1","Dagger Throw"],"picked":"SKIP","floor":41.0},{"not_picked":["Dagger Throw","Dagger Spray"],"picked":"Blur+1","floor":45.0},{"not_picked":["Tools of the Trade","Footwork+1","Distraction"],"picked":"SKIP","floor":46.0},{"not_picked":["Tactician","Bane+1"],"picked":"PiercingWail+1","floor":48.0},{"not_picked":["Dagger Spray","Slice+1"],"picked":"Accuracy+1","floor":54}],"player_experience":156335,"relics_obtained":[{"floor":6.0,"key":"Gambling Chip"},{"floor":9.0,"key":"WingedGreaves"},{"floor":13.0,"key":"HornCleat"},{"floor":24.0,"key":"Orichalcum"},{"floor":26.0,"key":"Meat on the Bone"},{"floor":41.0,"key":"Potion Belt"},{"floor":43.0,"key":"Happy Flower"},{"floor":45.0,"key":"Akabeko"},{"floor":54,"key":"Whetstone"}],"event_choices":[{"damage_healed":0.0,"max_hp_gain":0.0,"max_hp_loss":0.0,"gold_gain":175.0,"event_name":"Liars Game","player_choice":"AGREE","floor":2.0,"gold_loss":0.0,"damage_taken":0.0,"cards_obtained":["Doubt"]},{"damage_healed":0.0,"max_hp_gain":0.0,"max_hp_loss":0.0,"gold_gain":0.0,"event_name":"Living Wall","player_choice":"Grow","floor":4.0,"gold_loss":0.0,"damage_taken":0.0,"cards_upgraded":["Neutralize"]},{"cards_removed":["Doubt"],"damage_healed":0.0,"max_hp_gain":0.0,"max_hp_loss":0.0,"gold_gain":0.0,"event_name":"The Cleric","player_choice":"Card Removal","floor":5.0,"gold_loss":50.0,"damage_taken":0.0},{"damage_healed":0.0,"max_hp_gain":0.0,"max_hp_loss":0.0,"gold_gain":0.0,"event_name":"Golden Idol","player_choice":"Take Wound","floor":10.0,"gold_loss":0.0,"damage_taken":0.0,"relics_obtained":["Golden Idol"],"cards_obtained":["Injury"]},{"damage_healed":0.0,"max_hp_gain":0.0,"max_hp_loss":0.0,"gold_gain":100.0,"event_name":"Golden Shrine","player_choice":"Pray","floor":20.0,"gold_loss":0.0,"damage_taken":0.0},{"damage_healed":0.0,"max_hp_gain":0.0,"max_hp_loss":0.0,"gold_gain":0.0,"event_name":"Colosseum","player_choice":"Fight","floor":28.0,"gold_loss":0.0,"damage_taken":0.0},{"damage_healed":0.0,"max_hp_gain":0.0,"max_hp_loss":0.0,"gold_gain":0.0,"event_name":"Colosseum","player_choice":"Fled From Nobs","floor":28.0,"gold_loss":0.0,"damage_taken":0.0},{"damage_healed":0.0,"max_hp_gain":0.0,"max_hp_loss":0.0,"gold_gain":0.0,"event_name":"Beggar","player_choice":"Ignored","floor":29.0,"gold_loss":0.0,"damage_taken":0.0},{"damage_healed":0.0,"max_hp_gain":0.0,"max_hp_loss":0.0,"gold_gain":0.0,"event_name":"Back to Basics","player_choice":"Simplicity","floor":31.0,"gold_loss":0.0,"damage_taken":0.0,"cards_upgraded":["Strike_G","Strike_G","Strike_G","Strike_G","Defend_G","Defend_G","Defend_G","Defend_G","Defend_G"]},{"damage_healed":0.0,"max_hp_gain":0.0,"max_hp_loss":0.0,"gold_gain":100.0,"event_name":"Golden Shrine","player_choice":"Pray","floor":36.0,"gold_loss":0.0,"damage_taken":0.0},{"damage_healed":0.0,"max_hp_gain":0.0,"max_hp_loss":0.0,"gold_gain":0.0,"event_name":"Mysterious Sphere","player_choice":"Ignored","floor":39.0,"gold_loss":0.0,"damage_taken":0.0},{"damage_healed":0.0,"max_hp_gain":0.0,"max_hp_loss":0.0,"gold_gain":0.0,"event_name":"NoteForYourself","player_choice":"Ignored","floor":44.0,"gold_loss":0.0,"damage_taken":0.0}],"is_beta":false,"boss_relics":[{"not_picked":["Black Star","HoveringKite"],"picked":"Empty Cage"},{"not_picked":["Philosopher\u0027s Stone","Coffee Dripper"],"picked":"Tiny House"}],"items_purged_floors":[],"is_endless":false,"potions_floor_spawned":[1,6,21,28,35,41,45,46],"killed_by":"The Heart","ascension_level":1}}