{"host":"2qv44oxt58ptq59r","time":1610563581,"event":{"mods":["AchievementEnabler","BaseMod","Colored Powertips","Highlight Path","Minty Spire (QoL Compilation)","Permanent Neow","StSLib"],"gold_per_floor":[119,129,146,146,157,157,183,198,198,49,49,49,14,46,46,144,144,159,2,17,17,34,34,62,62,62,11,11,11,22,39,39,138,138,155,200,220,442,457,457,486,11,59,9,24,24,39,39,39,39],"floor_reached":51,"language":"ENG","playtime":12500,"items_purged":["MasterReality"],"score":735,"play_id":"a69600ca-de1f-4221-82e0-26b7ac4e8fb0","local_time":"20210113184621","is_ascension_mode":false,"campfire_choices":[{"data":"Bash","floor":6.0,"key":"SMITH"},{"floor":12.0,"key":"REST"},{"data":"Metallicize","floor":15.0,"key":"SMITH"},{"floor":23.0,"key":"RECALL"},{"floor":28.0,"key":"REST"},{"data":"Predator","floor":32.0,"key":"SMITH"},{"data":"Apotheosis","floor":40.0,"key":"SMITH"},{"data":"Worship","floor":46.0,"key":"SMITH"},{"data":"Trip","floor":49.0,"key":"SMITH"}],"circlet_count":0,"master_deck":["Strike_R","Defend_R","Defend_R","Defend_R","Defend_R","Bash+1","Whirlwind","Intimidate","Metallicize+1","Feel No Pain","Pommel Strike","Shrug It Off","Reaper","Bash","Dark Shackles","Brutality+1","Uppercut+1","Double Tap+1","Self Repair","Worship+1","Wireheading","Predator+1","Coolheaded","Apotheosis+1","Twin Strike+1","Go for the Eyes+1","Collect","Beam Cell+1","Poisoned Stab","Trip+1"],"relics":["Burning Blood","Juzu Bracelet","HornCleat","Meat on the Bone","PrismaticShard","Bronze Scales","Astrolabe","Vajra","Red Mask","Champion Belt","Shuriken","Busted Crown","WingedGreaves","Regal Pillow","Ornamental Fan","Lee\u0027s Waffle","Happy Flower"],"acts_visited":["Exordium","TheCity","TheBeyond"],"potions_floor_usage":[50,50],"damage_taken":[{"damage":5.0,"enemies":"Cultist","floor":1.0,"turns":4.0},{"damage":5.0,"enemies":"Small Slimes","floor":2.0,"turns":3.0},{"damage":3.0,"enemies":"2 Louse","floor":3.0,"turns":3.0},{"damage":0.0,"enemies":"Red Slaver","floor":5.0,"turns":4.0},{"damage":65.0,"enemies":"Lagavulin","floor":7.0,"turns":15.0},{"damage":0.0,"enemies":"Blue Slaver","floor":8.0,"turns":4.0},{"damage":22.0,"enemies":"3 Sentries","floor":14.0,"turns":10.0},{"damage":53.0,"enemies":"Slime Boss","floor":16.0,"turns":12.0},{"damage":32.0,"enemies":"2 Thieves","floor":18.0,"turns":5.0},{"damage":22.0,"enemies":"Shell Parasite","floor":20.0,"turns":7.0},{"damage":15.0,"enemies":"Centurion and Healer","floor":22.0,"turns":5.0},{"damage":67.0,"enemies":"Masked Bandits","floor":24.0,"turns":7.0},{"damage":16.0,"enemies":"Snecko","floor":30.0,"turns":7.0},{"damage":26.0,"enemies":"Shelled Parasite and Fungi","floor":31.0,"turns":7.0},{"damage":53.0,"enemies":"Champ","floor":33.0,"turns":11.0},{"damage":5.0,"enemies":"3 Darklings","floor":35.0,"turns":6.0},{"damage":62.0,"enemies":"2 Orb Walkers","floor":36.0,"turns":6.0},{"damage":15.0,"enemies":"3 Shapes","floor":37.0,"turns":4.0},{"damage":13.0,"enemies":"Transient","floor":39.0,"turns":5.0},{"damage":53.0,"enemies":"Reptomancer","floor":41.0,"turns":7.0},{"damage":33.0,"enemies":"Sphere and 2 Shapes","floor":45.0,"turns":7.0},{"damage":20.0,"enemies":"4 Shapes","floor":47.0,"turns":5.0},{"damage":87,"enemies":"Awakened One","floor":50,"turns":11}],"seed_played":"3843367754809321391","potions_obtained":[{"floor":2.0,"key":"AttackPotion"},{"floor":3.0,"key":"Fire Potion"},{"floor":14.0,"key":"Explosive Potion"},{"floor":16.0,"key":"Strength Potion"},{"floor":20.0,"key":"BloodPotion"},{"floor":31.0,"key":"LiquidMemories"},{"floor":35.0,"key":"DuplicationPotion"},{"floor":39.0,"key":"ElixirPotion"}],"is_trial":false,"path_per_floor":["M","M","M","?","M","R","E","M","T","$","?","R","?","E","R","B",null,"M","$","M","$","M","R","?","?","T","$","R","$","M","M","R","B",null,"M","?","M","?","M","R","E","$","T","$","M","R","M","?","R","B",null],"character_chosen":"IRONCLAD","items_purchased":["PrismaticShard","Vajra","BloodPotion","Ornamental Fan","Lee\u0027s Waffle","PowerPotion"],"campfire_rested":2,"item_purchase_floors":[10,19,27,42,42,44],"current_hp_per_floor":[80,80,80,73,79,79,20,26,26,26,26,50,50,58,58,30,80,71,71,62,62,60,60,37,37,37,37,61,61,63,62,62,50,80,80,68,67,67,70,70,45,87,87,87,70,70,77,77,77,59],"gold":39,"neow_bonus":"TRANSFORM_CARD","is_daily":false,"chose_seed":false,"campfire_upgraded":6,"win_rate":0.0,"timestamp":1610563581,"path_taken":["M","M","?","?","M","R","E","M","T","$","?","R","?","E","R","BOSS","M","$","M","$","M","R","?","?","T","$","R","?","M","M","R","BOSS","M","?","M","?","M","R","E","?","T","$","M","R","M","?","R","BOSS"],"items_purchased_type":["Relic","Relic","Potion","Relic","Relic","Potion"],"build_version":"2020-12-22","purchased_purges":1,"victory":true,"max_hp_per_floor":[80,80,80,80,80,80,80,80,80,80,80,80,80,80,80,80,80,80,80,80,80,80,80,80,80,80,80,80,80,80,80,80,80,80,80,80,80,80,80,80,80,87,87,87,87,87,87,87,87,87],"card_choices":[{"not_picked":["Flex","Dual Wield"],"picked":"Intimidate","floor":1.0},{"not_picked":["Flex","Havoc","Body Slam"],"picked":"SKIP","floor":2.0},{"not_picked":["Clothesline","Wild Strike"],"picked":"Metallicize","floor":3.0},{"not_picked":["Sentinel","Pommel Strike"],"picked":"Feel No Pain","floor":5.0},{"not_picked":["Bloodletting","Iron Wave"],"picked":"Pommel Strike","floor":7.0},{"not_picked":["Iron Wave","Wild Strike"],"picked":"Shrug It Off","floor":8.0},{"not_picked":["Protect","EmptyMind"],"picked":"Dark Shackles","floor":14.0},{"not_picked":["Meteor Strike","Amplify"],"picked":"MasterReality","floor":16.0},{"not_picked":["FollowUp","Gash"],"picked":"Self Repair","floor":18.0},{"not_picked":["Cleave","Iron Wave+1"],"picked":"Worship","floor":20.0},{"not_picked":["EmptyFist+1","True Grit"],"picked":"Wireheading","floor":22.0},{"not_picked":["Twin Strike","Choke"],"picked":"Predator","floor":30.0},{"not_picked":["WaveOfTheHand","JustLucky"],"picked":"Coolheaded","floor":31.0},{"not_picked":["Bludgeon","LessonLearned"],"picked":"Apotheosis","floor":33.0},{"not_picked":[],"picked":"Twin Strike+1","floor":35.0},{"not_picked":[],"picked":"Go for the Eyes+1","floor":36.0},{"not_picked":[],"picked":"Collect","floor":37.0},{"not_picked":[],"picked":"Beam Cell+1","floor":39.0},{"not_picked":["Discovery+1"],"picked":"SKIP","floor":41.0},{"not_picked":[],"picked":"Poisoned Stab","floor":45.0},{"not_picked":["Havoc"],"picked":"SKIP","floor":47.0},{"not_picked":[],"picked":"Trip","floor":48.0}],"player_experience":5313005,"relics_obtained":[{"floor":7.0,"key":"HornCleat"},{"floor":9.0,"key":"Meat on the Bone"},{"floor":14.0,"key":"Bronze Scales"},{"floor":24.0,"key":"Red Mask"},{"floor":26.0,"key":"Shuriken"},{"floor":36.0,"key":"WingedGreaves"},{"floor":41.0,"key":"Regal Pillow"},{"floor":43.0,"key":"Happy Flower"}],"event_choices":[{"damage_healed":0.0,"max_hp_gain":0.0,"max_hp_loss":0.0,"gold_gain":0.0,"event_name":"Scrap Ooze","player_choice":"Success","floor":4.0,"gold_loss":0.0,"damage_taken":7.0,"relics_obtained":["Juzu Bracelet"]},{"damage_healed":0.0,"max_hp_gain":0.0,"max_hp_loss":0.0,"gold_gain":0.0,"event_name":"Match and Keep!","player_choice":"2 cards matched","floor":11.0,"gold_loss":0.0,"damage_taken":0.0,"cards_obtained":["Reaper","Bash"]},{"damage_healed":0.0,"max_hp_gain":0.0,"max_hp_loss":0.0,"gold_gain":0.0,"event_name":"World of Goop","player_choice":"Left Gold","floor":13.0,"gold_loss":35.0,"damage_taken":0.0},{"damage_healed":0.0,"max_hp_gain":0.0,"max_hp_loss":0.0,"gold_gain":0.0,"event_name":"Masked Bandits","player_choice":"Fought Bandits","floor":24.0,"gold_loss":0.0,"damage_taken":0.0},{"damage_healed":0.0,"max_hp_gain":0.0,"max_hp_loss":0.0,"gold_gain":0.0,"event_name":"The Mausoleum","player_choice":"Opened","floor":25.0,"gold_loss":0.0,"damage_taken":0.0,"relics_obtained":["Champion Belt"]},{"damage_healed":0.0,"max_hp_gain":0.0,"max_hp_loss":0.0,"gold_gain":0.0,"event_name":"Mysterious Sphere","player_choice":"Fight","floor":36.0,"gold_loss":0.0,"damage_taken":0.0},{"damage_healed":0.0,"max_hp_gain":0.0,"max_hp_loss":0.0,"gold_gain":222.0,"event_name":"Tomb of Lord Red Mask","player_choice":"Wore Mask","floor":38.0,"gold_loss":0.0,"damage_taken":0.0},{"damage_healed":0.0,"max_hp_gain":0.0,"max_hp_loss":0.0,"gold_gain":0.0,"event_name":"SensoryStone","player_choice":"Memory 1","floor":48.0,"gold_loss":0.0,"damage_taken":0.0}],"is_beta":false,"boss_relics":[{"not_picked":["Philosopher\u0027s Stone","Pandora\u0027s Box"],"picked":"Astrolabe"},{"not_picked":["Mark of Pain","SacredBark"],"picked":"Busted Crown"}],"items_purged_floors":[42],"is_endless":false,"potions_floor_spawned":[2,3,14,16,20,31,35,39],"ascension_level":0}}