{"host":"llpusn9usp8rznkj","time":1610515863,"event":{"mods":["2.2 Compatiblity","Aspiration","BaseMod","Colored Map","Colored Powertips","Conspire","Hubris","Minty Spire (QoL Compilation)","Quick Restart","Rare Cards Sparkle","Replay The Spire","StSLib","The Cursed"],"gold_per_floor":[118,133,163,238,287,321,321,332,357,357,83,113,113,127,127,199,199,211,481,481,481],"floor_reached":20,"language":"ENG","playtime":644,"items_purged":[],"score":410,"play_id":"50800bb2-03f8-4f96-ba7e-6b5b2705d18b","local_time":"20210113003103","is_ascension_mode":true,"campfire_choices":[{"data":"BasicCrystalCard","floor":7,"key":"SMITH"},{"data":"FIFO Queue","floor":10,"key":"SMITH"},{"data":"Redo","floor":13,"key":"SMITH"},{"floor":15,"key":"REST"}],"circlet_count":0,"master_deck":["AscendersBane","Strike_B","Strike_B","Strike_B","Strike_B","Defend_B","Defend_B","Defend_B","Defend_B","Zap","Dualcast","Ball Lightning","Sweeping Beam","BasicCrystalCard+1","FIFO Queue+1","Redo+1","Echo Form","Cold Snap","Reboot"],"relics":["Cracked Core","NeowsBlessing","Replay:Baseball","Pet Ghost","aspiration:EnhancedActuators","Replay:Wax Seal","Lee\u0027s Waffle","Question Card","Nuclear Battery"],"acts_visited":["Exordium","TheCity"],"potions_floor_usage":[8,16,16,20],"damage_taken":[{"damage":0,"enemies":"Jaw Worm","floor":1,"turns":1},{"damage":0,"enemies":"Small Slimes","floor":2,"turns":1},{"damage":0,"enemies":"conspire:MimicChest","floor":3,"turns":1},{"damage":30,"enemies":"3 Sentries","floor":6,"turns":7},{"damage":0,"enemies":"Cultist","floor":8,"turns":2},{"damage":41,"enemies":"Gremlin Nob","floor":12,"turns":4},{"damage":21,"enemies":"Gremlin Gang","floor":14,"turns":4},{"damage":33,"enemies":"The Guardian","floor":16,"turns":11},{"damage":22,"enemies":"2 Thieves","floor":18,"turns":3},{"damage":12,"enemies":"3 Byrds","floor":20,"turns":2}],"seed_played":"-4989768623663247833","potions_obtained":[{"floor":1,"key":"Languid Potion"},{"floor":3,"key":"SteroidPotion"},{"floor":14,"key":"Doom Potion"},{"floor":18,"key":"Energy Potion"}],"is_trial":false,"path_per_floor":["M","M","?","?","T","E","R","M","T","R","$","E","R","M","R","B",null,"M","?","M"],"character_chosen":"DEFECT","items_purchased":["Replay:Wax Seal","Lee\u0027s Waffle","Redo"],"campfire_rested":1,"item_purchase_floors":[11,11,11],"current_hp_per_floor":[64,64,64,53,53,23,23,23,23,23,78,37,37,16,39,6,60,38,11,0,0],"gold":481,"neow_bonus":"THREE_ENEMY_KILL","is_daily":false,"chose_seed":false,"campfire_upgraded":3,"win_rate":0.0,"timestamp":1610515863,"path_taken":["M","M","?","?","?","E","R","M","T","R","?","E","R","?","R","BOSS","M","?","?"],"items_purchased_type":["Relic","Relic","Card"],"build_version":"2020-12-22","purchased_purges":0,"victory":false,"max_hp_per_floor":[71,71,71,71,71,71,71,71,71,71,78,78,78,78,78,78,78,78,78,78,78],"card_choices":[{"not_picked":["Scrape","Blizzard"],"picked":"Ball Lightning","floor":1},{"not_picked":["Panic Button","Stack"],"picked":"Sweeping Beam","floor":2},{"not_picked":["Stack","Go for the Eyes"],"picked":"BasicCrystalCard","floor":3},{"not_picked":["ReplaySort","Panic Button"],"picked":"FIFO Queue","floor":6},{"not_picked":["Leap","Turbo","Stack"],"picked":"SKIP","floor":8},{"not_picked":["BasicCrystalCard","Leap"],"picked":"Echo Form","floor":12},{"not_picked":["Chaos","Hologram","Leap"],"picked":"Cold Snap","floor":14},{"not_picked":["Rainbow","ReplayRNGCard","ReplayTheSpireMod:Omega Cannon"],"picked":"Reboot","floor":16},{"not_picked":["Aggregate+1","Panic Button","Hello World","Compile Driver"],"picked":"SKIP","floor":18}],"player_experience":1145618,"relics_obtained":[{"floor":3,"key":"Replay:Baseball"},{"floor":6,"key":"Pet Ghost"},{"floor":9,"key":"aspiration:EnhancedActuators"},{"floor":12,"key":"Question Card"}],"event_choices":[{"damage_healed":0,"gold_gain":75,"player_choice":"Gather Gold","damage_taken":11,"max_hp_gain":0,"max_hp_loss":0,"event_name":"World of Goop","floor":4,"gold_loss":0},{"damage_healed":0,"gold_gain":270,"player_choice":"GOLD GOLD GOLD ","damage_taken":27,"max_hp_gain":0,"max_hp_loss":0,"event_name":"Knowing Skull","floor":19,"potions_obtained":[],"gold_loss":0,"cards_obtained":[]}],"is_beta":false,"boss_relics":[{"not_picked":["conspire:SpecialSausage","hubris:HollowSoul"],"picked":"Nuclear Battery"}],"items_purged_floors":[],"is_endless":false,"potions_floor_spawned":[1,3,6,14,18],"killed_by":"3 Byrds","ascension_level":20}}