{"host":"sav7uxregyirlf69","time":1610556491,"event":{"mods":["AchievementEnabler","BaseMod","Colored Map","DeckTracker","Keyboard Shortcuts","Minty Spire (QoL Compilation)","READ ME - Guardian Mod","StSLib","SuperFastMode"],"gold_per_floor":[115,40,115,126,126,151,151,185,234,244,244,260,280,299,299,299,299],"floor_reached":16,"language":"KOR","playtime":282,"items_purged":[],"score":274,"play_id":"57590876-a5c4-49c8-bf45-dba12bb36c9d","local_time":"20210114014811","is_ascension_mode":true,"campfire_choices":[{"data":"Streamline","floor":7,"key":"SMITH"},{"data":"Zap","floor":15,"key":"SMITH"}],"circlet_count":0,"master_deck":["AscendersBane","Strike_B","Strike_B","Strike_B","Strike_B","Defend_B","Defend_B","Defend_B","Defend_B","Zap+1","Dualcast","Ball Lightning","Capacitor","Streamline+1","Compile Driver","Turbo","Force Field"],"relics":["Cracked Core","NeowsBlessing","Blood Vial","Dead Branch","Nunchaku","FaceOfCleric"],"acts_visited":["Exordium"],"potions_floor_usage":[8,16,16,16,16],"damage_taken":[{"damage":0,"enemies":"2 Louse","floor":1,"turns":1},{"damage":0,"enemies":"Jaw Worm","floor":4,"turns":1},{"damage":0,"enemies":"Gremlin Nob","floor":6,"turns":1},{"damage":25,"enemies":"3 Sentries","floor":8,"turns":7},{"damage":3,"enemies":"Small Slimes","floor":10,"turns":2},{"damage":10,"enemies":"Gremlin Gang","floor":12,"turns":4},{"damage":8,"enemies":"Blue Slaver","floor":13,"turns":2},{"damage":0,"enemies":"Large Slime","floor":14,"turns":4},{"damage":26,"enemies":"Hexaghost","floor":16,"turns":9}],"seed_played":"2621009223531774666","potions_obtained":[{"floor":1,"key":"Energy Potion"},{"floor":4,"key":"SmokeBomb"},{"floor":10,"key":"EntropicBrew"},{"floor":14,"key":"LiquidMemories"}],"is_trial":false,"path_per_floor":["M","$","?","M","?","E","R","E","T","M","?","M","M","M","R","B"],"character_chosen":"DEFECT","items_purchased":["Capacitor"],"campfire_rested":0,"item_purchase_floors":[2],"current_hp_per_floor":[64,64,53,53,53,53,53,30,30,29,29,22,17,20,20,0,0],"gold":299,"neow_bonus":"THREE_ENEMY_KILL","is_daily":false,"chose_seed":false,"campfire_upgraded":2,"win_rate":0.0,"timestamp":1610556491,"path_taken":["M","$","?","M","?","E","R","E","T","M","?","M","?","M","R","BOSS"],"items_purchased_type":["Card"],"build_version":"2020-12-22","purchased_purges":0,"victory":false,"max_hp_per_floor":[71,71,71,71,71,71,71,71,71,71,71,72,73,74,74,74,74],"card_choices":[{"not_picked":["Glacier","Gash"],"picked":"Ball Lightning","floor":1},{"not_picked":["Beam Cell","Skim"],"picked":"Streamline","floor":4},{"not_picked":["Streamline","Aggregate","Compile Driver"],"picked":"SKIP","floor":6},{"not_picked":["All For One","Gash"],"picked":"Compile Driver","floor":8},{"not_picked":["Barrage","Sweeping Beam"],"picked":"Turbo","floor":10},{"not_picked":["Compile Driver","Barrage","Doom and Gloom"],"picked":"SKIP","floor":12},{"not_picked":["Beam Cell","Undo"],"picked":"Force Field","floor":13},{"not_picked":["Redo","Turbo","Streamline"],"picked":"SKIP","floor":14}],"player_experience":1277573,"relics_obtained":[{"floor":6,"key":"Blood Vial"},{"floor":8,"key":"Dead Branch"},{"floor":9,"key":"Nunchaku"}],"event_choices":[{"damage_healed":0,"gold_gain":75,"player_choice":"Gather Gold","damage_taken":11,"max_hp_gain":0,"max_hp_loss":0,"event_name":"World of Goop","floor":3,"gold_loss":0},{"damage_healed":0,"gold_gain":0,"player_choice":"Ignored","damage_taken":0,"max_hp_gain":0,"max_hp_loss":0,"event_name":"Liars Game","floor":5,"gold_loss":0},{"damage_healed":0,"gold_gain":0,"player_choice":"Trade","damage_taken":0,"relics_obtained":["FaceOfCleric"],"max_hp_gain":0,"max_hp_loss":0,"event_name":"FaceTrader","floor":11,"gold_loss":0}],"is_beta":false,"boss_relics":[],"items_purged_floors":[],"is_endless":false,"potions_floor_spawned":[1,4,10,14],"killed_by":"Hexaghost","ascension_level":20}}