{"host":"fdq5pmhluajjrf8d","time":1610559695,"event":{"mods":["BaseMod","Minty Spire (QoL Compilation)"],"gold_per_floor":[112,128,128,138,153,153,171,181,181,181,206,206,219,235,235,309,309,326,346,62,62,74,74,74,92,145,157,169,181,206,228,240,252,252],"floor_reached":33,"language":"ENG","playtime":1456,"items_purged":["Strike_G"],"score":474,"play_id":"5223b52c-d8d4-4028-957a-b4f37f9ddcc1","local_time":"20210113124135","is_ascension_mode":true,"campfire_choices":[{"data":"Blade Dance","floor":6.0,"key":"SMITH"},{"data":"Accuracy","floor":10.0,"key":"SMITH"},{"data":"Accuracy","floor":15.0,"key":"SMITH"},{"floor":23.0,"key":"REST"},{"data":"Venomology","floor":27.0,"key":"SMITH"},{"floor":32.0,"key":"REST"}],"circlet_count":0,"master_deck":["AscendersBane","Strike_G","Strike_G","Strike_G","Strike_G","Defend_G","Defend_G","Defend_G","Defend_G","Survivor","Neutralize","Choke","PiercingWail","Blade Dance+1","Acrobatics","Accuracy+1","Die Die Die","Accuracy+1","Prepared","Venomology+1","Choke+1","Panache","Shame","Finisher","Panache"],"relics":["Ring of the Snake","Tough Bandages","Odd Mushroom","Philosopher\u0027s Stone","Nunchaku","MawBank","Nilry\u0027s Codex"],"acts_visited":["Exordium","TheCity"],"potions_floor_usage":[33],"damage_taken":[{"damage":0.0,"enemies":"Cultist","floor":1.0,"turns":3.0},{"damage":0.0,"enemies":"2 Louse","floor":2.0,"turns":2.0},{"damage":1.0,"enemies":"Jaw Worm","floor":4.0,"turns":3.0},{"damage":4.0,"enemies":"Looter","floor":5.0,"turns":3.0},{"damage":2.0,"enemies":"3 Louse","floor":7.0,"turns":2.0},{"damage":6.0,"enemies":"Red Slaver","floor":8.0,"turns":3.0},{"damage":16.0,"enemies":"The Mushroom Lair","floor":11.0,"turns":3.0},{"damage":6.0,"enemies":"Large Slime","floor":13.0,"turns":5.0},{"damage":7.0,"enemies":"2 Fungi Beasts","floor":14.0,"turns":2.0},{"damage":17.0,"enemies":"Hexaghost","floor":16.0,"turns":8.0},{"damage":3.0,"enemies":"Chosen","floor":18.0,"turns":3.0},{"damage":14.0,"enemies":"2 Thieves","floor":19.0,"turns":4.0},{"damage":30.0,"enemies":"Sentry and Sphere","floor":22.0,"turns":6.0},{"damage":8.0,"enemies":"Snake Plant","floor":25.0,"turns":3.0},{"damage":6.0,"enemies":"Cultist and Chosen","floor":30.0,"turns":3.0},{"damage":17.0,"enemies":"Snecko","floor":31.0,"turns":4.0},{"damage":42,"enemies":"Champ","floor":33,"turns":5}],"seed_played":"-5988064139315687208","potions_obtained":[{"floor":4.0,"key":"Strength Potion"},{"floor":5.0,"key":"Explosive Potion"},{"floor":11.0,"key":"EntropicBrew"},{"floor":13.0,"key":"PowerPotion"},{"floor":25.0,"key":"LiquidMemories"},{"floor":30.0,"key":"Weak Potion"}],"is_trial":false,"path_per_floor":["M","M","?","M","M","R","M","M","T","R","?","?","M","M","R","B",null,"M","M","$","?","M","R","?","M","T","R","?","?","M","M","R","B"],"character_chosen":"THE_SILENT","items_purchased":["Panache"],"campfire_rested":2,"item_purchase_floors":[20],"current_hp_per_floor":[65,65,65,64,60,60,58,52,52,52,36,60,54,47,47,30,62,59,45,45,45,15,36,50,42,42,42,21,21,15,21,42,0,0],"gold":252,"neow_bonus":"TEN_PERCENT_HP_BONUS","is_daily":false,"chose_seed":false,"campfire_upgraded":4,"win_rate":0.0,"timestamp":1610559695,"path_taken":["M","M","?","M","M","R","?","M","T","R","?","?","M","M","R","BOSS","M","M","$","?","M","R","?","M","T","R","?","?","?","M","R","BOSS"],"items_purchased_type":["Card"],"build_version":"2020-12-22","purchased_purges":1,"victory":false,"max_hp_per_floor":[72,72,72,72,72,72,72,72,72,72,72,72,72,72,72,72,72,72,72,72,72,72,72,72,72,72,72,72,72,72,72,72,72,72],"card_choices":[{"not_picked":["Prepared","Crippling Poison"],"picked":"Choke","floor":1.0},{"not_picked":["Prepared","Poisoned Stab"],"picked":"PiercingWail","floor":2.0},{"not_picked":["Predator","Noxious Fumes"],"picked":"Blade Dance","floor":4.0},{"not_picked":["Deadly Poison","Reflex"],"picked":"Acrobatics","floor":5.0},{"not_picked":["Deadly Poison","PiercingWail","Acrobatics"],"picked":"SKIP","floor":7.0},{"not_picked":["Quick Slash","Flying Knee"],"picked":"Accuracy","floor":8.0},{"not_picked":["Backflip","Acrobatics"],"picked":"Die Die Die","floor":11.0},{"not_picked":["Cloak And Dagger","Acrobatics"],"picked":"Accuracy","floor":13.0},{"not_picked":["Flechettes","Deadly Poison"],"picked":"Prepared","floor":14.0},{"not_picked":["Unload","Night Terror"],"picked":"Venomology","floor":16.0},{"not_picked":["Quick Slash","Slice+1","Prepared"],"picked":"SKIP","floor":18.0},{"not_picked":["Predator","Poisoned Stab"],"picked":"Choke+1","floor":19.0},{"not_picked":["Outmaneuver","Acrobatics+1"],"picked":"Finisher","floor":22.0},{"not_picked":["PiercingWail+1","Wraith Form v2","Deadly Poison"],"picked":"SKIP","floor":25.0},{"not_picked":["Eviscerate","Underhanded Strike+1","Reflex"],"picked":"SKIP","floor":30.0},{"not_picked":["Predator","Dash","Outmaneuver"],"picked":"SKIP","floor":31.0}],"player_experience":1903230,"relics_obtained":[{"floor":9.0,"key":"Tough Bandages"},{"floor":11.0,"key":"Odd Mushroom"},{"floor":26.0,"key":"MawBank"},{"floor":28.0,"key":"Nilry\u0027s Codex"}],"event_choices":[{"cards_removed":["Defend_G"],"damage_healed":0.0,"max_hp_gain":0.0,"max_hp_loss":0.0,"gold_gain":0.0,"event_name":"Purifier","player_choice":"Purged","floor":3.0,"gold_loss":0.0,"damage_taken":0.0},{"damage_healed":0.0,"max_hp_gain":0.0,"max_hp_loss":0.0,"gold_gain":0.0,"event_name":"Mushrooms","player_choice":"Fought Mushrooms","floor":11.0,"gold_loss":0.0,"damage_taken":0.0},{"damage_healed":24.0,"max_hp_gain":0.0,"max_hp_loss":0.0,"gold_gain":0.0,"event_name":"Big Fish","player_choice":"Banana","floor":12.0,"gold_loss":0.0,"damage_taken":0.0},{"damage_healed":0.0,"max_hp_gain":0.0,"max_hp_loss":0.0,"gold_gain":0.0,"event_name":"Addict","player_choice":"Stole Relic","floor":21.0,"gold_loss":0.0,"damage_taken":0.0,"relics_obtained":["Nunchaku"],"cards_obtained":["Shame"]},{"damage_healed":14.0,"max_hp_gain":0.0,"max_hp_loss":0.0,"gold_gain":0.0,"event_name":"The Library","player_choice":"Heal","floor":24.0,"gold_loss":0.0,"damage_taken":0.0},{"damage_healed":0.0,"max_hp_gain":0.0,"max_hp_loss":0.0,"gold_gain":0.0,"event_name":"Cursed Tome","player_choice":"Obtained Book","floor":28.0,"gold_loss":0.0,"damage_taken":21.0},{"damage_healed":0.0,"max_hp_gain":0.0,"max_hp_loss":0.0,"gold_gain":0.0,"event_name":"Duplicator","player_choice":"Copied","floor":29.0,"gold_loss":0.0,"damage_taken":0.0,"cards_obtained":["Panache"]}],"is_beta":false,"boss_relics":[{"not_picked":["Pandora\u0027s Box","Empty Cage"],"picked":"Philosopher\u0027s Stone"}],"items_purged_floors":[20],"is_endless":false,"potions_floor_spawned":[4,5,11,13,14,18,25,30],"killed_by":"Champ","ascension_level":19}}