{"host":"o5or1zybx7au40zl","time":1610562367,"event":{"mods":["Act Like it!","Aspiration","BaseMod","Better Third Choice","Conspire","Dota2Spire","GungeonMod","Halation","Hubris","Minty Spire (QoL Compilation)","Replay The Spire","StSLib","The Jungle","Yuri Mod","vexMod"],"gold_per_floor":[114,127,127,146,0,25,37,37,64,82,82,82,108,125,125,227,227,246,15,34,49,49,49,49,74,74,91,54,54,82,82,82,183,183,201,53,145,193,210,245,255,275,275,275,275],"floor_reached":44,"language":"ENG","playtime":2500,"items_purged":["Normality"],"score":538,"play_id":"59365d5e-2f3a-4df9-86af-78ee26e9bac4","local_time":"20210113192607","is_ascension_mode":false,"campfire_choices":[{"floor":11,"key":"REST"},{"floor":15,"key":"REST"},{"floor":23,"key":"RECALL"},{"floor":29,"key":"REST"},{"floor":32,"key":"REST"}],"circlet_count":0,"master_deck":["Strike_G","Strike_G","Strike_G","Strike_G","Strike_G","Defend_G","Defend_G","Defend_G","Defend_G","Defend_G","Survivor","Neutralize","conspire:DoublingDagger","Distraction+1","Bane","Enlightenment","Sucker Punch","After Image","Dagger Throw","Replay:Bag of Tricks","Blade Dance","Storm of Steel","conspire:DoublingDagger+1","Quick Slash+1","Dagger Spray","Dagger Spray+1","Poisoned Stab+1","ReplayTheSpireMod:Scrap Shanks","Atom Bomb","Bouncing Flask","Dash+1","Poisoned Stab+1","hubris:Sniper+1","Atom Bomb","Catalyst+1","Finisher+1"],"relics":["Ring of the Snake","NeowsBlessing","conspire:DeflatedDodgeball","DemoMod:WhiteGuonStone","Ring of Misfortune","ReplayTheSpireMod:Ring of Exchange","Bag of Marbles","Dota2Spire:Bloodstone","Dota2Spire:LotusOrb","DemoMod:ResourcefulSack","aspiration:DSix","Akabeko","halation:StarCompass","vexMod:CursedCompass","Replay:Baseball","Anchor","DemoMod:VorpalBullet","hubris:PeanutButter","hubris:Reverence"],"acts_visited":["Exordium","Exordium","TheBeyond"],"potions_floor_usage":[10,13,13,16,18,25,39,42],"damage_taken":[{"damage":0,"enemies":"Cultist","floor":1,"turns":1},{"damage":0,"enemies":"Jaw Worm","floor":2,"turns":1},{"damage":0,"enemies":"2 Louse","floor":4,"turns":1},{"damage":54,"enemies":"3 Sentries","floor":6,"turns":13},{"damage":11,"enemies":"Exordium Wildlife","floor":7,"turns":4},{"damage":8,"enemies":"Lots of Slimes","floor":10,"turns":4},{"damage":7,"enemies":"Lagavulin","floor":13,"turns":6},{"damage":0,"enemies":"Blue Slaver","floor":14,"turns":3},{"damage":7,"enemies":"Fading Forest","floor":16,"turns":11},{"damage":2,"enemies":"theJungle:MUSHROOMGANG","floor":18,"turns":10},{"damage":12,"enemies":"theJungle:GiantWrat","floor":20,"turns":8},{"damage":13,"enemies":"theJungle:SlimyTreeVines","floor":21,"turns":8},{"damage":12,"enemies":"theJungle:Cassacara","floor":25,"turns":8},{"damage":9,"enemies":"theJungle:Lyon","floor":27,"turns":3},{"damage":15,"enemies":"theJungle:MamaSnecko","floor":30,"turns":4},{"damage":18,"enemies":"theJungle:QueenSpyder","floor":33,"turns":15},{"damage":0,"enemies":"Orb Walker","floor":35,"turns":2},{"damage":11,"enemies":"2 Orb Walkers","floor":38,"turns":3},{"damage":0,"enemies":"3 Darklings","floor":39,"turns":3},{"damage":24,"enemies":"Reptomancer","floor":40,"turns":4},{"damage":0,"enemies":"4 Shapes","floor":41,"turns":2},{"damage":4,"enemies":"Maw","floor":42,"turns":4},{"damage":19,"enemies":"Writhing Mass","floor":44,"turns":3}],"seed_played":"1117867707815008170","potions_obtained":[{"floor":2,"key":"Dexterity Potion"},{"floor":4,"key":"Milkshake"},{"floor":6,"key":"FearPotion"},{"floor":10,"key":"DistilledChaos"},{"floor":20,"key":"Explosive Potion"},{"floor":27,"key":"Dexterity Potion"},{"floor":33,"key":"Adrenaline Potion"},{"floor":38,"key":"Strength Potion"},{"floor":41,"key":"PowerPotion"}],"is_trial":false,"path_per_floor":["M","M","?","M","?","E","M","?","T","M","R","?","E","M","R","B",null,"M","$","M","M","$","R","$","E","T","M","$","R","E","?","R","B",null,"M","$","?","?","M","E","M","M","T","M"],"character_chosen":"THE_SILENT","items_purchased":["Dota2Spire:LotusOrb","ReplayTheSpireMod:Scrap Shanks","Replay:Baseball"],"campfire_rested":4,"item_purchase_floors":[19,28,36],"current_hp_per_floor":[70,70,70,70,76,22,11,11,11,3,25,25,18,18,40,55,76,74,74,62,55,55,55,55,43,43,34,34,56,41,41,63,60,76,76,76,57,46,46,22,22,18,18,0,0],"gold":275,"neow_bonus":"THREE_ENEMY_KILL","is_daily":false,"chose_seed":false,"campfire_upgraded":0,"win_rate":0.0,"timestamp":1610562367,"path_taken":["M","M","?","?","?","E","M","?","T","M","R","?","E","?","R","BOSS","M","?","M","M","?","R","$","E","T","M","$","R","E","?","R","BOSS","M","$","?","?","M","E","M","M","T","M"],"items_purchased_type":["Relic","Card","Relic"],"build_version":"2020-12-22","purchased_purges":1,"victory":false,"max_hp_per_floor":[70,70,70,70,76,76,76,76,76,76,76,76,76,76,76,76,76,76,76,76,76,76,76,76,76,76,76,76,76,76,76,76,76,76,76,76,76,76,76,76,76,76,76,76,76],"card_choices":[{"not_picked":["Dagger Spray","Outmaneuver"],"picked":"conspire:DoublingDagger","floor":1},{"not_picked":["PiercingWail","Poisoned Stab"],"picked":"Distraction","floor":2},{"not_picked":["Outmaneuver","Sneak Up"],"picked":"Bane","floor":4},{"not_picked":["Deadly Poison","Predator"],"picked":"Sucker Punch","floor":6},{"not_picked":["Blade Dance","Slice"],"picked":"After Image","floor":7},{"not_picked":["Hidden Blade","Bane"],"picked":"Dagger Throw","floor":10},{"not_picked":["Flying Knee","hubris:SlightOfHand"],"picked":"Replay:Bag of Tricks","floor":13},{"not_picked":["Well Laid Plans","Deadly Poison"],"picked":"Blade Dance","floor":14},{"not_picked":["Atom Bomb","Bullet Time"],"picked":"Storm of Steel","floor":16},{"not_picked":["Deadly Poison","ReplayTheSpireMod:Scrap Shanks"],"picked":"conspire:DoublingDagger+1","floor":18},{"not_picked":["Well Laid Plans","Dagger Spray"],"picked":"Quick Slash+1","floor":20},{"not_picked":["Deadly Poison","Flying Knee"],"picked":"Dagger Spray","floor":21},{"not_picked":["Eviscerate","Leg Sweep"],"picked":"Dagger Spray+1","floor":25},{"not_picked":["Escape Plan","Outmaneuver+1"],"picked":"Poisoned Stab+1","floor":27},{"not_picked":["Acrobatics+1","Fluid Movement","ReplayTheSpireMod:Exploit Weakness+1"],"picked":"SKIP","floor":30},{"not_picked":["Replay:Bag of Tricks","Doppelganger"],"picked":"Atom Bomb","floor":33},{"not_picked":["Slice+1","Endless Agony+1"],"picked":"Bouncing Flask","floor":35},{"not_picked":["Underhanded Strike","Backflip+1"],"picked":"Dash+1","floor":37},{"not_picked":["Footwork+1","Dagger Throw"],"picked":"Poisoned Stab+1","floor":38},{"not_picked":["Heel Hook","PiercingWail+1"],"picked":"hubris:Sniper+1","floor":39},{"not_picked":["Dodge and Roll+1","Noxious Fumes"],"picked":"Atom Bomb","floor":40},{"not_picked":["Prepared","Infinite Blades"],"picked":"Catalyst+1","floor":41},{"not_picked":["Blade Dance","Escape Plan"],"picked":"Finisher+1","floor":42}],"player_experience":959100,"relics_obtained":[{"floor":6,"key":"DemoMod:WhiteGuonStone"},{"floor":8,"key":"Ring of Misfortune"},{"floor":8,"key":"ReplayTheSpireMod:Ring of Exchange"},{"floor":13,"key":"Bag of Marbles"},{"floor":25,"key":"DemoMod:ResourcefulSack"},{"floor":26,"key":"aspiration:DSix"},{"floor":30,"key":"Akabeko"},{"floor":37,"key":"Anchor"},{"floor":38,"key":"DemoMod:VorpalBullet"},{"floor":40,"key":"hubris:PeanutButter"},{"floor":43,"key":"hubris:Reverence"}],"event_choices":[{"damage_healed":0,"gold_gain":0,"player_choice":"Gave Potion","damage_taken":0,"relics_obtained":["conspire:DeflatedDodgeball"],"max_hp_gain":0,"max_hp_loss":0,"event_name":"WeMeetAgain","floor":3,"gold_loss":0},{"damage_healed":0,"gold_gain":0,"player_choice":"RENOUNCE","damage_taken":146,"max_hp_gain":0,"max_hp_loss":0,"event_name":"betterThird:BetterSerpent","floor":5,"gold_loss":146,"cards_obtained":["Enlightenment"]},{"damage_healed":0,"gold_gain":0,"player_choice":"Fight","damage_taken":0,"max_hp_gain":0,"max_hp_loss":0,"event_name":"Mysterious Sphere","floor":38,"gold_loss":0}],"is_beta":false,"boss_relics":[{"not_picked":["conspire:RoyalGoblet","conspire:SeveredTorchhead"],"picked":"Dota2Spire:Bloodstone"},{"not_picked":["DollysMirror","Replay:Wanted Poster"],"picked":"vexMod:CursedCompass"}],"items_purged_floors":[19],"is_endless":false,"potions_floor_spawned":[2,4,6,7,10,20,27,33,38,41],"killed_by":"Writhing Mass","ascension_level":0}}