{"host":"x21cvmfdo17nyhii","time":1610580862,"event":{"mods":["AchievementEnabler","BaseMod","Colored Map","Colored Powertips","DeckTracker","Highlight Path","Minty Spire (QoL Compilation)","Quick Restart","Rare Cards Sparkle","SuperFastMode"],"gold_per_floor":[114,130,110,129,204,204,204,217,217,217,51,62,74,74,74,171,171,191,191,240,340,354,354,371,383,410,410,428,428,448,273,273,373,373,391,410,234,234,234],"floor_reached":38,"language":"ENG","playtime":1300,"items_purged":["Strike_R","Strike_R","Strike_R"],"score":368,"play_id":"27dd3ee1-20b7-4d01-8e8e-7f6070c91e9a","local_time":"20210113153422","is_ascension_mode":false,"campfire_choices":[{"data":"Rampage","floor":6.0,"key":"SMITH"},{"data":"Bash","floor":10.0,"key":"SMITH"},{"floor":15.0,"key":"REST"},{"data":"Rage","floor":23.0,"key":"SMITH"},{"floor":27.0,"key":"REST"},{"floor":29.0,"key":"REST"},{"floor":32.0,"key":"REST"}],"circlet_count":0,"master_deck":["Strike_R","Strike_R","Defend_R","Defend_R","Defend_R","Defend_R","Bash+1","Rampage+1","Dropkick","Shrug It Off","Headbutt","Rage+1","Warcry","Evolve","Headbutt","Double Tap","Battle Trance+1","Corruption","Seeing Red","Warcry+1","Shrug It Off"],"relics":["SlaversCollar"],"acts_visited":["Exordium","TheCity","TheBeyond"],"potions_floor_usage":[38,38],"damage_taken":[{"damage":2.0,"enemies":"Small Slimes","floor":1.0,"turns":4.0},{"damage":0.0,"enemies":"Cultist","floor":2.0,"turns":4.0},{"damage":5.0,"enemies":"2 Louse","floor":4.0,"turns":3.0},{"damage":9.0,"enemies":"2 Fungi Beasts","floor":8.0,"turns":3.0},{"damage":21.0,"enemies":"Lots of Slimes","floor":12.0,"turns":4.0},{"damage":7.0,"enemies":"Exordium Wildlife","floor":13.0,"turns":4.0},{"damage":29.0,"enemies":"The Guardian","floor":16.0,"turns":7.0},{"damage":17.0,"enemies":"3 Byrds","floor":18.0,"turns":7.0},{"damage":19.0,"enemies":"Shell Parasite","floor":22.0,"turns":4.0},{"damage":22.0,"enemies":"Centurion and Healer","floor":24.0,"turns":6.0},{"damage":11.0,"enemies":"Snake Plant","floor":25.0,"turns":4.0},{"damage":30.0,"enemies":"Sentry and Sphere","floor":28.0,"turns":7.0},{"damage":38.0,"enemies":"Centurion and Healer","floor":30.0,"turns":5.0},{"damage":52.0,"enemies":"Champ","floor":33.0,"turns":8.0},{"damage":25.0,"enemies":"3 Shapes","floor":35.0,"turns":6.0},{"damage":16.0,"enemies":"Orb Walker","floor":36.0,"turns":4.0},{"damage":41,"enemies":"Sphere and 2 Shapes","floor":38,"turns":5}],"seed_played":"-9064473712672890268","potions_obtained":[{"floor":1.0,"key":"ElixirPotion"},{"floor":2.0,"key":"Regen Potion"},{"floor":3.0,"key":"LiquidBronze"},{"floor":13.0,"key":"Weak Potion"},{"floor":25.0,"key":"Explosive Potion"},{"floor":28.0,"key":"LiquidMemories"},{"floor":30.0,"key":"BloodPotion"},{"floor":33.0,"key":"Swift Potion"}],"is_trial":false,"path_per_floor":["M","M","?","M","?","R","?","M","T","R","$","M","M","T","R","B",null,"M","?","T","?","M","R","M","M","T","R","M","R","M","$","R","B",null,"M","M","$","M"],"character_chosen":"IRONCLAD","items_purchased":["Rage","Warcry","Regen Potion","Shrug It Off"],"campfire_rested":4,"item_purchase_floors":[11,11,31,37],"current_hp_per_floor":[78,78,78,73,62,62,62,53,53,53,53,32,25,25,49,20,80,63,80,80,80,61,61,39,28,28,52,22,46,38,38,62,25,80,55,39,39,0,0],"gold":234,"neow_bonus":"BOSS_RELIC","is_daily":false,"chose_seed":false,"campfire_upgraded":3,"win_rate":0.0,"timestamp":1610580862,"path_taken":["M","M","?","?","?","R","?","M","T","R","$","M","?","?","R","BOSS","M","?","?","?","M","R","M","?","T","R","M","R","M","$","R","BOSS","M","?","?","?"],"items_purchased_type":["Card","Card","Potion","Card"],"build_version":"2020-12-22","purchased_purges":3,"victory":false,"max_hp_per_floor":[80,80,80,80,80,80,80,80,80,80,80,80,80,80,80,80,80,80,80,80,80,80,80,80,80,80,80,80,80,80,80,80,80,80,80,80,80,80,80],"card_choices":[{"not_picked":["Flex","Sentinel"],"picked":"Rampage","floor":1.0},{"not_picked":["Power Through","Havoc"],"picked":"Dropkick","floor":2.0},{"not_picked":["Feel No Pain","Cleave"],"picked":"Shrug It Off","floor":4.0},{"not_picked":["Body Slam","Dark Embrace","Iron Wave"],"picked":"SKIP","floor":8.0},{"not_picked":["Warcry","Headbutt"],"picked":"Evolve","floor":12.0},{"not_picked":["Pommel Strike","Searing Blow"],"picked":"Headbutt","floor":13.0},{"not_picked":["Fiend Fire","Barricade"],"picked":"Double Tap","floor":16.0},{"not_picked":["Perfected Strike","Body Slam","Twin Strike"],"picked":"SKIP","floor":18.0},{"not_picked":["Anger+1","Thunderclap"],"picked":"Battle Trance+1","floor":22.0},{"not_picked":["Flex+1","Rupture","Infernal Blade"],"picked":"SKIP","floor":24.0},{"not_picked":["Rupture","Hemokinesis","Cleave"],"picked":"SKIP","floor":25.0},{"not_picked":["Havoc+1","Intimidate","Perfected Strike"],"picked":"SKIP","floor":28.0},{"not_picked":["Havoc+1","Brutality","Whirlwind+1"],"picked":"SKIP","floor":30.0},{"not_picked":["Immolate","Juggernaut"],"picked":"Corruption","floor":33.0},{"not_picked":["Headbutt","Metallicize+1"],"picked":"Seeing Red","floor":35.0},{"not_picked":["Thunderclap","Reckless Charge"],"picked":"Warcry+1","floor":36.0}],"player_experience":349513,"relics_obtained":[],"event_choices":[{"damage_healed":0.0,"max_hp_gain":0.0,"max_hp_loss":0.0,"gold_gain":0.0,"event_name":"The Woman in Blue","player_choice":"Bought 1 Potion","floor":3.0,"gold_loss":0.0,"damage_taken":0.0},{"damage_healed":0.0,"max_hp_gain":0.0,"max_hp_loss":0.0,"gold_gain":75.0,"event_name":"World of Goop","player_choice":"Gather Gold","floor":5.0,"gold_loss":0.0,"damage_taken":11.0},{"damage_healed":0.0,"max_hp_gain":0.0,"max_hp_loss":0.0,"gold_gain":0.0,"event_name":"Match and Keep!","player_choice":"1 cards matched","floor":7.0,"gold_loss":0.0,"damage_taken":0.0,"cards_obtained":["Headbutt"]},{"damage_healed":0.0,"max_hp_gain":0.0,"max_hp_loss":0.0,"gold_gain":0.0,"event_name":"Match and Keep!","player_choice":"1 cards matched","floor":7.0,"gold_loss":0.0,"damage_taken":0.0,"cards_obtained":["Headbutt"]},{"damage_healed":26.0,"max_hp_gain":0.0,"max_hp_loss":0.0,"gold_gain":0.0,"event_name":"The Library","player_choice":"Heal","floor":19.0,"gold_loss":0.0,"damage_taken":0.0},{"damage_healed":0.0,"max_hp_gain":0.0,"max_hp_loss":0.0,"gold_gain":100.0,"event_name":"Golden Shrine","player_choice":"Pray","floor":21.0,"gold_loss":0.0,"damage_taken":0.0}],"is_beta":false,"boss_relics":[{"not_picked":["Mark of Pain","Philosopher\u0027s Stone","Tiny House"]},{"not_picked":["Mark of Pain","Philosopher\u0027s Stone","Tiny House"]}],"items_purged_floors":[11,31,37],"is_endless":false,"potions_floor_spawned":[1,2,13,25,28,30,33],"killed_by":"Sphere and 2 Shapes","ascension_level":0}}