{"host":"ct28ocsd8g8yr2ah","time":1610562621,"event":{"mods":["BaseMod","Better Third Choice","Hermit","KinomotoSakuraMod(????)","Koishi","Marisa????????","Minty Spire (QoL Compilation)","Reimu??????","Remilia??????","StSLib","The Animator","The Gatherer","The Servant 0.9.4","Waifu the Spire"],"gold_per_floor":[119,119,119,136,147,147,173,191,191,191,207,220,170,170,170,170,170],"floor_reached":16,"language":"RUS","playtime":1259,"items_purged":[],"score":102,"play_id":"f59c759d-9b19-4f50-8e73-0930ce303fbe","local_time":"20210113233021","is_ascension_mode":false,"campfire_choices":[{"data":"ClowCardTheErase","floor":6.0,"key":"SMITH"},{"floor":10.0,"key":"REST"},{"floor":15.0,"key":"REST"}],"circlet_count":0,"master_deck":["SakuraCardTheErase+","ClowCardTheSword","ClowCardTheShield","ClowCardTheShield","ClowCardTheShield","ClowCardTheShield","SpellCardSeal","SpellCardRelease","ClowCardTheMirror","ClowCardTheShadow","ClowCardTheThrough","ClowCardTheArrow","ClowCardTheWindy","Apotheosis+1"],"relics":["KSMOD_SealedBook","KSMOD_SealedWand","NeowsBlessing","Orichalcum","Question Card"],"acts_visited":["Exordium"],"potions_floor_usage":[],"damage_taken":[{"damage":0.0,"enemies":"Jaw Worm","floor":1.0,"turns":1.0},{"damage":0.0,"enemies":"Cultist","floor":4.0,"turns":1.0},{"damage":5.0,"enemies":"Small Slimes","floor":5.0,"turns":2.0},{"damage":33.0,"enemies":"Lagavulin","floor":7.0,"turns":6.0},{"damage":17.0,"enemies":"Gremlin Gang","floor":8.0,"turns":5.0},{"damage":0.0,"enemies":"Looter","floor":11.0,"turns":2.0},{"damage":12.0,"enemies":"Exordium Wildlife","floor":12.0,"turns":4.0},{"damage":55,"enemies":"The Guardian","floor":16,"turns":11}],"seed_played":"6699168448774083762","potions_obtained":[{"floor":1.0,"key":"Fruit Juice"},{"floor":5.0,"key":"Ancient Potion"},{"floor":8.0,"key":"ColorlessPotion"},{"floor":12.0,"key":"LiquidBronze"}],"is_trial":false,"path_per_floor":["M","?","?","M","M","R","E","M","T","R","M","M","?","?","R","B"],"character_chosen":"KINOMOTOSAKURA","items_purchased":[],"campfire_rested":2,"item_purchase_floors":[],"current_hp_per_floor":[75,75,75,75,70,70,37,20,20,42,42,30,30,30,52,0,0],"gold":170,"neow_bonus":"THREE_ENEMY_KILL","is_daily":false,"chose_seed":false,"campfire_upgraded":1,"win_rate":0.0,"timestamp":1610562621,"path_taken":["M","?","?","?","M","R","E","M","T","R","M","M","?","?","R","BOSS"],"items_purchased_type":[],"build_version":"2020-12-22","purchased_purges":0,"victory":false,"max_hp_per_floor":[75,75,75,75,75,75,75,75,75,75,75,75,75,75,75,75,75],"card_choices":[{"not_picked":["ClowCardTheGlow","ClowCardTheBubbles"],"picked":"ClowCardTheErase","floor":1.0},{"not_picked":["ClowCardTheWood","ClowCardTheMaze"],"picked":"ClowCardTheShadow","floor":4.0},{"not_picked":["ClowCardTheDream","ClowCardTheCloud","ClowCardTheShadow"],"picked":"SKIP","floor":5.0},{"not_picked":["ClowCardTheSilent","ClowCardTheBubbles"],"picked":"ClowCardTheThrough","floor":7.0},{"not_picked":["ClowCardTheWood","ClowCardTheGlow"],"picked":"ClowCardTheArrow","floor":8.0},{"not_picked":["ClowCardTheLibra","ClowCardTheLock","ClowCardTheTime","ClowCardTheWood"],"picked":"SKIP","floor":11.0},{"not_picked":["ClowCardTheCloud","ClowCardTheWood","ClowCardTheFloat"],"picked":"ClowCardTheWindy","floor":12.0}],"player_experience":523589,"relics_obtained":[{"floor":7.0,"key":"Orichalcum"},{"floor":9.0,"key":"Question Card"}],"event_choices":[{"cards_removed":["ClowCardTheSword"],"damage_healed":0.0,"max_hp_gain":0.0,"max_hp_loss":0.0,"gold_gain":0.0,"event_name":"Living Wall","player_choice":"Forget","floor":2.0,"gold_loss":0.0,"damage_taken":0.0},{"damage_healed":0.0,"max_hp_gain":0.0,"max_hp_loss":0.0,"gold_gain":0.0,"cards_transformed":["ClowCardTheSword"],"event_name":"Transmorgrifier","player_choice":"Transformed","floor":3.0,"gold_loss":0.0,"damage_taken":0.0,"cards_obtained":["ClowCardTheMirror"]},{"cards_removed":["ClowCardTheSword"],"damage_healed":0.0,"max_hp_gain":0.0,"max_hp_loss":0.0,"gold_gain":0.0,"event_name":"The Cleric","player_choice":"Card Removal","floor":13.0,"gold_loss":50.0,"damage_taken":0.0},{"damage_healed":30.0,"max_hp_gain":0.0,"max_hp_loss":75.0,"gold_gain":0.0,"event_name":"betterThird:BetterShining","player_choice":"Embrace","floor":14.0,"gold_loss":0.0,"damage_taken":0.0}],"is_beta":false,"boss_relics":[],"items_purged_floors":[],"is_endless":false,"potions_floor_spawned":[1,5,8,12],"killed_by":"The Guardian","ascension_level":0}}