{"host":"t7pj92rmddqyxjfj","time":1610516563,"event":{"mods":["AchievementEnabler","Bard","BaseMod","Colored Map","Colored Powertips","Duelist Mod","Hermit","Minty Spire (QoL Compilation)","StSLib","SuperFastMode"],"gold_per_floor":[116,116,203,215,243,255,281,181,205,205,223,252,262,262,262,357,357,370,3,3,3,18,18,32,32,32,32,0,13,31,31,31,134,134,149,149,0,0,0,0,10,33,33,48,68,68,68],"floor_reached":46,"language":"ENG","playtime":1269,"items_purged":["Strike_B"],"score":443,"play_id":"3f966d68-44eb-4d47-a62b-14f0990cb329","local_time":"20210112224243","is_ascension_mode":false,"campfire_choices":[{"floor":6.0,"key":"RECALL"},{"data":"Zap","floor":10.0,"key":"SMITH"},{"floor":15.0,"key":"REST"},{"floor":23,"key":"REST"},{"floor":27,"key":"REST"},{"floor":32,"key":"REST"},{"floor":40,"key":"REST"}],"circlet_count":0,"master_deck":["Strike_B","Strike_B","Strike_B","Defend_B","Defend_B","Defend_B","Zap+1","Dualcast","Melter","White Noise","Capacitor","Coolheaded","Creative AI","Leap","Defragment","Chaos+1","Chaos+1","Good Instincts","Blizzard+1","Cold Snap+1"],"relics":["Cracked Core","MawBank","Singing Bowl","Fusion Hammer","Thread and Needle","Du-Vu Doll","SacredBark","Red Mask","Happy Flower","Cables"],"acts_visited":["Exordium","TheCity","TheBeyond"],"potions_floor_usage":[33,33,35,35,41,44],"damage_taken":[{"damage":1.0,"enemies":"Jaw Worm","floor":1.0,"turns":3.0},{"damage":0.0,"enemies":"Small Slimes","floor":5.0,"turns":2.0},{"damage":1.0,"enemies":"2 Louse","floor":7.0,"turns":2.0},{"damage":8.0,"enemies":"Exordium Wildlife","floor":11.0,"turns":4.0},{"damage":38.0,"enemies":"Lagavulin","floor":12.0,"turns":6.0},{"damage":14.0,"enemies":"Looter","floor":13.0,"turns":4.0},{"damage":32.0,"enemies":"The Guardian","floor":16.0,"turns":12.0},{"damage":30.0,"enemies":"2 Thieves","floor":18.0,"turns":5.0},{"damage":0,"enemies":"Spheric Guardian","floor":22,"turns":3},{"damage":33,"enemies":"Centurion and Healer","floor":24,"turns":6},{"damage":9,"enemies":"Snecko","floor":29,"turns":5},{"damage":34,"enemies":"Shelled Parasite and Fungi","floor":30,"turns":5},{"damage":50,"enemies":"Automaton","floor":33,"turns":8},{"damage":39,"enemies":"Orb Walker","floor":35,"turns":6},{"damage":2,"enemies":"3 Shapes","floor":41,"turns":5},{"damage":12,"enemies":"Sphere and 2 Shapes","floor":44,"turns":5},{"damage":42,"enemies":"Jaw Worm Horde","floor":45,"turns":4},{"damage":29,"enemies":"4 Shapes","floor":46,"turns":3}],"seed_played":"1531256343011816590","potions_obtained":[{"floor":1.0,"key":"Dexterity Potion"},{"floor":5.0,"key":"Strength Potion"},{"floor":11.0,"key":"ColorlessPotion"},{"floor":16.0,"key":"GamblersBrew"},{"floor":18,"key":"Swift Potion"},{"floor":24,"key":"CultistPotion"},{"floor":33,"key":"EntropicBrew"},{"floor":44,"key":"FearPotion"}],"is_trial":false,"path_per_floor":["M","?","?","?","M","R","M","$","T","R","M","E","M","?","R","B",null,"M","$","?","?","M","R","M","$","T","R","?","M","M","$","R","B",null,"M","?","?","?","?","R","M","T","T","M","M","M"],"character_chosen":"DEFECT","items_purchased":["Capacitor","Defragment","Thread and Needle"],"campfire_rested":5,"item_purchase_floors":[8,19,19],"current_hp_per_floor":[74,71,60,75,75,75,74,74,74,74,66,30,18,18,41,9,79,49,49,49,49,51,75,42,42,42,66,66,59,27,27,52,4,87,48,48,48,48,48,72,72,72,72,60,18,0,0],"gold":68,"neow_bonus":"THREE_CARDS","is_daily":false,"chose_seed":false,"campfire_upgraded":1,"win_rate":0.0,"timestamp":1610516563,"path_taken":["M","?","?","?","?","R","M","$","T","R","M","E","M","?","R","BOSS","M","$","?","?","?","R","M","$","T","R","?","M","M","$","R","BOSS","M","?","?","?","?","R","M","?","T","M","?","?"],"items_purchased_type":["Card","Card","Relic"],"build_version":"2020-12-22","purchased_purges":1,"victory":false,"max_hp_per_floor":[75,75,75,75,75,75,75,75,75,75,75,77,79,79,79,79,79,79,79,79,79,81,81,81,81,81,81,81,83,85,85,85,87,87,87,83,83,83,83,83,85,85,85,85,85,85,85],"card_choices":[{"not_picked":["Streamline","Go for the Eyes"],"picked":"Melter","floor":0.0},{"not_picked":["Recycle","Doom and Gloom","Aggregate"],"picked":"SKIP","floor":1.0},{"not_picked":["Go for the Eyes","Cold Snap","Rebound"],"picked":"SKIP","floor":5.0},{"not_picked":["Steam Power","Compile Driver"],"picked":"White Noise","floor":7.0},{"not_picked":["Beam Cell","Turbo"],"picked":"Coolheaded","floor":11.0},{"not_picked":["Steam","Coolheaded","Turbo"],"picked":"Singing Bowl","floor":12.0},{"not_picked":["Force Field","Compile Driver","Gash"],"picked":"Singing Bowl","floor":13.0},{"not_picked":["Electrodynamics","Hyperbeam"],"picked":"Creative AI","floor":16.0},{"not_picked":["Darkness","Compile Driver"],"picked":"Leap","floor":18},{"not_picked":["Rebound+1","Aggregate+1","Sweeping Beam"],"picked":"Singing Bowl","floor":22},{"not_picked":["Stack","Turbo"],"picked":"Chaos+1","floor":24},{"not_picked":["FTL","Barrage","Melter"],"picked":"Singing Bowl","floor":29},{"not_picked":["Gash","All For One","Hologram"],"picked":"Singing Bowl","floor":30},{"not_picked":["Biased Cognition","Thunder Strike","Seek"],"picked":"Singing Bowl","floor":33},{"not_picked":["Streamline+1","Ball Lightning+1"],"picked":"Chaos+1","floor":35},{"not_picked":["Deep Breath","Discovery"],"picked":"Good Instincts","floor":38},{"not_picked":["Aggregate+1","BootSequence","Steam+1"],"picked":"Singing Bowl","floor":41},{"not_picked":["Melter","Reprogram"],"picked":"Blizzard+1","floor":44},{"not_picked":["Fusion","Steam"],"picked":"Cold Snap+1","floor":45}],"player_experience":511731,"relics_obtained":[{"floor":12.0,"key":"Singing Bowl"},{"floor":26,"key":"Du-Vu Doll"},{"floor":42,"key":"Happy Flower"},{"floor":43,"key":"Cables"}],"event_choices":[{"damage_healed":0.0,"max_hp_gain":0.0,"max_hp_loss":0.0,"gold_gain":0.0,"event_name":"Scrap Ooze","player_choice":"Success","floor":2.0,"gold_loss":0.0,"damage_taken":3.0,"relics_obtained":["MawBank"]},{"damage_healed":0.0,"max_hp_gain":0.0,"max_hp_loss":0.0,"gold_gain":75.0,"event_name":"World of Goop","player_choice":"Gather Gold","floor":3.0,"gold_loss":0.0,"damage_taken":11.0},{"damage_healed":25.0,"max_hp_gain":0.0,"max_hp_loss":0.0,"gold_gain":0.0,"event_name":"Big Fish","player_choice":"Banana","floor":4.0,"gold_loss":0.0,"damage_taken":0.0},{"damage_healed":0.0,"max_hp_gain":0.0,"max_hp_loss":0.0,"gold_gain":0.0,"event_name":"Dead Adventurer","player_choice":"Searched \u00270\u0027 times","floor":14.0,"gold_loss":0.0,"damage_taken":0.0},{"cards_removed":["Defend_B"],"damage_healed":0,"gold_gain":0,"player_choice":"Elegance","damage_taken":0,"max_hp_gain":0,"max_hp_loss":0,"event_name":"Back to Basics","floor":21,"gold_loss":0},{"damage_healed":0,"gold_gain":0,"player_choice":"Paid Fearfully","damage_taken":0,"max_hp_gain":0,"max_hp_loss":0,"event_name":"Masked Bandits","floor":28,"gold_loss":32},{"damage_healed":0,"gold_gain":0,"player_choice":"Max HP","damage_taken":0,"max_hp_gain":0,"max_hp_loss":4,"event_name":"Winding Halls","floor":36,"gold_loss":0},{"damage_healed":0,"gold_gain":0,"player_choice":"Paid","damage_taken":0,"relics_obtained":["Red Mask"],"max_hp_gain":0,"max_hp_loss":0,"event_name":"Tomb of Lord Red Mask","floor":37,"gold_loss":149},{"damage_healed":0,"gold_gain":0,"player_choice":"Memory 1","damage_taken":0,"max_hp_gain":0,"max_hp_loss":0,"event_name":"SensoryStone","floor":38,"gold_loss":0},{"damage_healed":0,"gold_gain":0,"player_choice":"Ignored","damage_taken":0,"max_hp_gain":0,"max_hp_loss":0,"event_name":"Mysterious Sphere","floor":39,"gold_loss":0}],"is_beta":false,"boss_relics":[{"not_picked":["Ectoplasm","Velvet Choker"],"picked":"Fusion Hammer"},{"not_picked":["Coffee Dripper","FrozenCore"],"picked":"SacredBark"}],"items_purged_floors":[8],"is_endless":false,"potions_floor_spawned":[1,5,11,16,18,24,33,35,44],"killed_by":"4 Shapes","ascension_level":0}}