{"host":"5jyeqch4fosnsiz2","time":1610508299,"event":{"mods":["BaseMod","Bestiary","Colored Map","Colored Powertips","Filter the Spire","Minty Spire (QoL Compilation)","Relic Stats","StSLib","Waifu the Spire","ojb\u0027s Better Paths Mod","ojb\u0027s Info Mod"],"gold_per_floor":[115,115,115,131,156,192,208,223,247,280,306,318,369,394,406,418,418],"floor_reached":16,"language":"ENG","playtime":799,"items_purged":[],"score":124,"play_id":"77752cc9-0c51-4c1b-abee-170d7b0b2972","local_time":"20210112222459","is_ascension_mode":false,"campfire_choices":[{"data":"Rampage","floor":12,"key":"SMITH"},{"data":"Intimidate","floor":15,"key":"SMITH"}],"circlet_count":0,"master_deck":["Strike_R","Strike_R+1","Strike_R","Strike_R","Defend_R","Defend_R","Defend_R","Defend_R","Bash+1","Headbutt","Flex","Dropkick","Clothesline","Clash","Intimidate+1","Rampage+1","Impervious","Spot Weakness","Iron Wave"],"relics":["Burning Blood","NeowsBlessing","Golden Idol","Strawberry","Whetstone","MawBank","Smiling Mask"],"acts_visited":["Exordium"],"potions_floor_usage":[6,7,13,13,16],"damage_taken":[{"damage":0,"enemies":"Cultist","floor":1,"turns":1},{"damage":0,"enemies":"Small Slimes","floor":4,"turns":2},{"damage":0,"enemies":"Jaw Worm","floor":5,"turns":1},{"damage":30,"enemies":"Gremlin Nob","floor":6,"turns":5},{"damage":13,"enemies":"Blue Slaver","floor":7,"turns":3},{"damage":5,"enemies":"Gremlin Gang","floor":8,"turns":5},{"damage":27,"enemies":"3 Sentries","floor":10,"turns":6},{"damage":15,"enemies":"Exordium Wildlife","floor":11,"turns":3},{"damage":13,"enemies":"Lagavulin","floor":13,"turns":6},{"damage":7,"enemies":"Looter","floor":14,"turns":2},{"damage":32,"enemies":"The Guardian","floor":16,"turns":7}],"seed_played":"5515225181285836844","potions_obtained":[{"floor":4,"key":"Block Potion"},{"floor":6,"key":"BloodPotion"},{"floor":7,"key":"DuplicationPotion"},{"floor":11,"key":"Fire Potion"},{"floor":13,"key":"FearPotion"}],"is_trial":false,"path_per_floor":["M","?","?","M","M","E","M","M","T","E","M","R","E","M","R","B"],"character_chosen":"IRONCLAD","items_purchased":[],"campfire_rested":0,"item_purchase_floors":[],"current_hp_per_floor":[80,60,60,66,72,55,65,66,66,45,36,36,29,28,28,0,0],"gold":418,"neow_bonus":"THREE_ENEMY_KILL","is_daily":false,"chose_seed":false,"campfire_upgraded":2,"win_rate":0.0,"timestamp":1610508299,"path_taken":["M","?","?","?","M","E","M","?","T","E","M","R","E","M","R","BOSS"],"items_purchased_type":[],"build_version":"2020-12-22","purchased_purges":0,"victory":false,"max_hp_per_floor":[80,80,80,80,80,87,87,87,87,87,87,87,87,87,87,87,87],"relic_stats":{"counters":[11,41],"Golden Idol":42,"Whetstone":["Bash","Strike_R"],"MawBank":72,"Smiling Mask":0,"obtain_stats":[{"NeowsBlessing":0,"Golden Idol":2,"Strawberry":6,"Whetstone":9,"MawBank":10,"Smiling Mask":13,"Burning Blood":0},{"NeowsBlessing":0,"Golden Idol":1,"Strawberry":4,"Whetstone":6,"MawBank":7,"Smiling Mask":9,"Burning Blood":0},{"NeowsBlessing":0,"Golden Idol":1,"Strawberry":9,"Whetstone":17,"MawBank":23,"Smiling Mask":32,"Burning Blood":0}],"Burning Blood":54},"card_choices":[{"not_picked":["Flex","Warcry"],"picked":"Headbutt","floor":1},{"not_picked":["Burning Pact","Warcry"],"picked":"Flex","floor":4},{"not_picked":["Havoc","Pommel Strike"],"picked":"Dropkick","floor":5},{"not_picked":["Thunderclap","Intimidate"],"picked":"Clothesline","floor":6},{"not_picked":["Flex","Iron Wave"],"picked":"Clash","floor":7},{"not_picked":["Sword Boomerang","Warcry"],"picked":"Intimidate","floor":8},{"not_picked":["Warcry","Carnage"],"picked":"Rampage","floor":10},{"not_picked":["Reckless Charge","Intimidate"],"picked":"Impervious","floor":11},{"not_picked":["Clothesline","Seeing Red"],"picked":"Spot Weakness","floor":13},{"not_picked":["Cleave","Carnage"],"picked":"Iron Wave","floor":14}],"player_experience":304438,"relics_obtained":[{"floor":6,"key":"Strawberry"},{"floor":9,"key":"Whetstone"},{"floor":10,"key":"MawBank"},{"floor":13,"key":"Smiling Mask"}],"event_choices":[{"damage_healed":0,"gold_gain":0,"player_choice":"Take Damage","damage_taken":20,"relics_obtained":["Golden Idol"],"max_hp_gain":0,"max_hp_loss":0,"event_name":"Golden Idol","floor":2,"gold_loss":0},{"cards_removed":["Strike_R"],"damage_healed":0,"gold_gain":0,"player_choice":"Offered Basic","damage_taken":0,"max_hp_gain":0,"max_hp_loss":0,"event_name":"Bonfire Elementals","floor":3,"gold_loss":0}],"is_beta":false,"boss_relics":[],"items_purged_floors":[],"is_endless":false,"potions_floor_spawned":[4,6,7,11,13],"killed_by":"The Guardian","ascension_level":0}}