{"host":"jegehu1t82aiec5j","time":1610567699,"event":{"mods":["BaseMod","Colored Map","Minty Spire (QoL Compilation)","Relic Stats","StSLib"],"gold_per_floor":[114,129,204,204,214,214,248,248,248,264,17,17,17,33,33,105,105,122,135,151,165,47,47,75,75,100,100,118,146,160,75,75,152,152,168,188,15,28,28,57,57,91,170,170,93,108,126,137,137,137],"floor_reached":51,"language":"ENG","playtime":2343,"items_purged":["Strike_B"],"score":1389,"play_id":"396526f4-d2cf-46d3-8a3c-f6b4dd866135","local_time":"20210113145459","is_ascension_mode":true,"campfire_choices":[{"data":"Compile Driver","floor":6,"key":"SMITH"},{"floor":8,"key":"REST"},{"data":"Capacitor","floor":13,"key":"SMITH"},{"floor":15,"key":"REST"},{"floor":23,"key":"REST"},{"data":"Creative AI","floor":25,"key":"SMITH"},{"floor":27,"key":"REST"},{"data":"Defragment","floor":32,"key":"SMITH"},{"floor":41,"key":"REST"},{"floor":44,"key":"REST"},{"floor":49,"key":"REST"}],"circlet_count":0,"master_deck":["AscendersBane","Defend_B","Defend_B","Defend_B","Defend_B","Zap","Dualcast","Leap","Compile Driver+1","Creative AI+1","Glacier","Lockon+1","Self Repair","Capacitor+1","Echo Form","Cold Snap+1","Chill","Defragment+1","Defragment","Coolheaded+1","Amplify","Reinforced Body","Glacier","Hello World","Seek","Consume","Defragment+1","Coolheaded"],"relics":["Cracked Core","WarpedTongs","Happy Flower","Molten Egg 2","Pantograph","Medical Kit","Sozu","Bag of Preparation","Nunchaku","Question Card","Orichalcum","Fusion Hammer","OrangePellets","Bronze Scales","Art of War","Cables"],"acts_visited":["Exordium","TheCity","TheBeyond"],"potions_floor_usage":[16,21,24],"damage_taken":[{"damage":0,"enemies":"Jaw Worm","floor":1,"turns":3},{"damage":11,"enemies":"Small Slimes","floor":2,"turns":3},{"damage":3,"enemies":"Cultist","floor":5,"turns":4},{"damage":29,"enemies":"Gremlin Nob","floor":7,"turns":6},{"damage":4,"enemies":"Red Slaver","floor":10,"turns":3},{"damage":2,"enemies":"3 Louse","floor":14,"turns":4},{"damage":13,"enemies":"The Guardian","floor":16,"turns":14},{"damage":6,"enemies":"Shell Parasite","floor":18,"turns":7},{"damage":16,"enemies":"3 Byrds","floor":19,"turns":7},{"damage":25,"enemies":"Snecko","floor":20,"turns":9},{"damage":36,"enemies":"Chosen and Byrds","floor":21,"turns":9},{"damage":16,"enemies":"Gremlin Leader","floor":24,"turns":11},{"damage":20,"enemies":"Cultist and Chosen","floor":28,"turns":11},{"damage":6,"enemies":"Book of Stabbing","floor":29,"turns":9},{"damage":14,"enemies":"Snake Plant","floor":30,"turns":7},{"damage":18,"enemies":"Automaton","floor":33,"turns":8},{"damage":7,"enemies":"Orb Walker","floor":35,"turns":6},{"damage":10,"enemies":"3 Shapes","floor":36,"turns":9},{"damage":42,"enemies":"Jaw Worm Horde","floor":38,"turns":4},{"damage":0,"enemies":"Giant Head","floor":40,"turns":11},{"damage":12,"enemies":"Reptomancer","floor":42,"turns":8},{"damage":0,"enemies":"Maw","floor":46,"turns":8},{"damage":35,"enemies":"Sphere and 2 Shapes","floor":47,"turns":6},{"damage":11,"enemies":"Jaw Worm Horde","floor":48,"turns":8},{"damage":24,"enemies":"Awakened One","floor":50,"turns":13}],"seed_played":"-7564781842154180865","potions_obtained":[{"floor":7,"key":"DistilledChaos"},{"floor":10,"key":"Block Potion"},{"floor":16,"key":"DistilledChaos"}],"is_trial":false,"path_per_floor":["M","M","?","?","M","R","E","R","T","M","$","?","R","M","R","B",null,"M","M","M","M","$","R","E","R","T","R","M","E","M","?","R","B",null,"M","M","$","M","?","E","R","E","T","R","$","M","M","M","R","B",null],"character_chosen":"DEFECT","items_purchased":["Medical Kit","Capacitor","Chill","OrangePellets","Consume"],"campfire_rested":7,"item_purchase_floors":[11,11,22,37,45],"current_hp_per_floor":[64,53,42,42,39,39,10,31,31,27,27,20,20,25,46,65,70,71,62,51,25,25,46,40,40,40,61,48,56,56,56,56,71,71,71,71,71,39,39,53,71,69,69,71,71,71,50,46,67,47],"gold":137,"neow_bonus":"RANDOM_COMMON_RELIC","is_daily":false,"chose_seed":false,"campfire_upgraded":4,"win_rate":0.0,"timestamp":1610567699,"path_taken":["M","M","?","?","M","R","E","R","T","?","?","?","R","M","R","BOSS","M","M","M","M","$","R","E","R","T","R","M","E","M","?","R","BOSS","M","M","$","M","?","E","R","E","T","R","$","M","?","M","R","BOSS"],"items_purchased_type":["Relic","Card","Card","Relic","Card"],"build_version":"2020-12-22","purchased_purges":1,"victory":true,"max_hp_per_floor":[71,71,71,71,71,71,71,71,71,71,71,71,71,71,71,71,71,71,71,71,71,71,71,71,71,71,71,71,71,71,71,71,71,71,71,71,71,71,71,71,71,71,71,71,71,71,71,71,71,71],"relic_stats":{"Happy Flower":[62],"counters":[25,188],"Bag of Preparation":[26],"Orichalcum":[84],"Medical Kit":[9],"Question Card":10,"WarpedTongs":[186],"Cables":[33,6,27,0,0],"Sozu":6,"OrangePellets":[6],"Nunchaku":[11],"Pantograph":44,"Bronze Scales":[201],"Art of War":[16],"obtain_stats":[{"Happy Flower":0,"Bag of Preparation":24,"Orichalcum":31,"Medical Kit":11,"Question Card":29,"WarpedTongs":0,"Cables":43,"Sozu":17,"OrangePellets":37,"Nunchaku":26,"Pantograph":9,"Bronze Scales":40,"Molten Egg 2":7,"Fusion Hammer":34,"Art of War":42,"Cracked Core":0},{"Happy Flower":0,"Bag of Preparation":12,"Orichalcum":15,"Medical Kit":5,"Question Card":14,"WarpedTongs":0,"Cables":21,"Sozu":7,"OrangePellets":18,"Nunchaku":12,"Pantograph":4,"Bronze Scales":20,"Molten Egg 2":4,"Fusion Hammer":16,"Art of War":21,"Cracked Core":0},{"Happy Flower":0,"Bag of Preparation":80,"Orichalcum":107,"Medical Kit":19,"Question Card":100,"WarpedTongs":0,"Cables":153,"Sozu":37,"OrangePellets":130,"Nunchaku":80,"Pantograph":16,"Bronze Scales":145,"Molten Egg 2":16,"Fusion Hammer":115,"Art of War":153,"Cracked Core":0}]},"card_choices":[{"not_picked":["Stack","Beam Cell"],"picked":"Leap","floor":1},{"not_picked":["FTL","Thunder Strike"],"picked":"Compile Driver","floor":2},{"not_picked":["Sunder","Rebound"],"picked":"Glacier","floor":5},{"not_picked":["Capacitor","Tempest"],"picked":"Lockon+1","floor":7},{"not_picked":["Chaos","Conserve Battery"],"picked":"Self Repair","floor":10},{"not_picked":["Compile Driver+1","FTL+1","Gash+1"],"picked":"SKIP","floor":14},{"not_picked":["All For One+1","Creative AI"],"picked":"Echo Form","floor":16},{"not_picked":["Rebound+1","Steam","Stack"],"picked":"SKIP","floor":18},{"not_picked":["Compile Driver+1","White Noise"],"picked":"Cold Snap+1","floor":19},{"not_picked":["Skim+1","Ball Lightning+1","Cold Snap+1"],"picked":"SKIP","floor":20},{"not_picked":["Darkness","Beam Cell+1","Streamline+1"],"picked":"SKIP","floor":21},{"not_picked":["Amplify","Static Discharge","Rip and Tear+1"],"picked":"SKIP","floor":24},{"not_picked":["Doom and Gloom+1","Compile Driver+1"],"picked":"Defragment","floor":28},{"not_picked":["Hologram","Rebound+1"],"picked":"Defragment","floor":29},{"not_picked":["Ball Lightning+1","Go for the Eyes+1","Barrage+1"],"picked":"Coolheaded+1","floor":30},{"not_picked":["Reboot","Thunder Strike+1","Hyperbeam+1"],"picked":"Amplify","floor":33},{"not_picked":["Coolheaded","Aggregate","Hello World"],"picked":"Reinforced Body","floor":35},{"not_picked":["Force Field","Self Repair","Steam Power"],"picked":"Glacier","floor":36},{"not_picked":["Heatsinks","Cold Snap+1","Aggregate","Turbo"],"picked":"SKIP","floor":38},{"not_picked":["Darkness","Reinforced Body","Sweeping Beam+1","Beam Cell+1"],"picked":"SKIP","floor":40},{"not_picked":["Compile Driver+1","Redo","Coolheaded"],"picked":"Seek","floor":42},{"not_picked":["Melter+1","Static Discharge","Go for the Eyes+1","Beam Cell+1"],"picked":"SKIP","floor":46},{"not_picked":["Blizzard+1","Rebound+1","Hyperbeam+1"],"picked":"Defragment+1","floor":47},{"not_picked":["Streamline+1","Steam+1","Redo+1"],"picked":"Coolheaded","floor":48}],"player_experience":2540033,"relics_obtained":[{"floor":7,"key":"Molten Egg 2"},{"floor":9,"key":"Pantograph"},{"floor":24,"key":"Bag of Preparation"},{"floor":26,"key":"Nunchaku"},{"floor":29,"key":"Question Card"},{"floor":40,"key":"Bronze Scales"},{"floor":42,"key":"Art of War"},{"floor":43,"key":"Cables"}],"event_choices":[{"damage_healed":0,"gold_gain":75,"player_choice":"Gather Gold","damage_taken":11,"max_hp_gain":0,"max_hp_loss":0,"event_name":"World of Goop","floor":3,"gold_loss":0},{"damage_healed":0,"gold_gain":0,"cards_transformed":["Strike_B"],"player_choice":"Transformed","damage_taken":0,"max_hp_gain":0,"max_hp_loss":0,"event_name":"Transmorgrifier","floor":4,"gold_loss":0,"cards_obtained":["Creative AI"]},{"cards_removed":["Strike_B"],"damage_healed":0,"gold_gain":0,"player_choice":"Card Removal","damage_taken":7,"max_hp_gain":0,"max_hp_loss":0,"event_name":"Golden Wing","floor":12,"gold_loss":0},{"damage_healed":0,"gold_gain":0,"player_choice":"Obtained Relic","damage_taken":0,"relics_obtained":["Orichalcum"],"max_hp_gain":0,"max_hp_loss":0,"event_name":"Addict","floor":31,"gold_loss":85},{"damage_healed":0,"gold_gain":0,"cards_transformed":["Strike_B"],"player_choice":"Transformed","damage_taken":0,"max_hp_gain":0,"max_hp_loss":0,"event_name":"Transmorgrifier","floor":39,"gold_loss":0,"cards_obtained":["Hello World"]}],"is_beta":false,"boss_relics":[{"not_picked":["Empty Cage","Pandora\u0027s Box"],"picked":"Sozu"},{"not_picked":["Astrolabe","Calling Bell"],"picked":"Fusion Hammer"}],"items_purged_floors":[22],"is_endless":false,"potions_floor_spawned":[7,10,16,18,20,24,33,35,38,40],"ascension_level":17}}