{"host":"15dd7v8o90xso62x","time":1610500813,"event":{"mods":["BaseMod","Minty Spire (QoL Compilation)","Quick Restart","StSLib","SuperFastMode"],"gold_per_floor":[116,116,266,266,26,53,53,86,110,124,136,153,172,202,202,202,202],"floor_reached":16,"language":"KOR","playtime":355,"items_purged":["Doubt"],"score":365,"play_id":"a6960436-aec6-41cc-9120-f2505e59fae8","local_time":"20210113102013","is_ascension_mode":true,"campfire_choices":[{"data":"MentalFortress","floor":15.0,"key":"SMITH"}],"circlet_count":0,"master_deck":["AscendersBane","Strike_P","Strike_P","Strike_P","Strike_P+1","Defend_P","Defend_P","Defend_P","Defend_P","Eruption+1","Vigilance+1","TalkToTheHand","FollowUp","InnerPeace","MentalFortress+1"],"relics":["PureWater","NeowsBlessing","TheAbacus","Akabeko","Boot","Bag of Preparation","Mango"],"acts_visited":["Exordium"],"potions_floor_usage":[16,16],"damage_taken":[{"damage":0.0,"enemies":"Jaw Worm","floor":1.0,"turns":1.0},{"damage":0.0,"enemies":"Lagavulin","floor":6.0,"turns":1.0},{"damage":0.0,"enemies":"3 Sentries","floor":8.0,"turns":2.0},{"damage":0.0,"enemies":"2 Louse","floor":10.0,"turns":1.0},{"damage":0.0,"enemies":"Cultist","floor":11.0,"turns":2.0},{"damage":16.0,"enemies":"Exordium Thugs","floor":12.0,"turns":2.0},{"damage":0.0,"enemies":"Blue Slaver","floor":13.0,"turns":2.0},{"damage":9.0,"enemies":"Lagavulin","floor":14.0,"turns":6.0},{"damage":28,"enemies":"Slime Boss","floor":16,"turns":7}],"seed_played":"680386943578930900","potions_obtained":[{"floor":8.0,"key":"GamblersBrew"},{"floor":10.0,"key":"Swift Potion"},{"floor":13.0,"key":"Ancient Potion"},{"floor":14.0,"key":"Regen Potion"}],"is_trial":false,"path_per_floor":["M","?","?","?","$","E","?","E","T","M","M","M","M","E","R","B"],"character_chosen":"WATCHER","items_purchased":["TheAbacus"],"campfire_rested":0,"item_purchase_floors":[5],"current_hp_per_floor":[61,66,66,44,44,44,44,44,44,44,44,28,28,33,33,20,20],"gold":202,"neow_bonus":"THREE_ENEMY_KILL","is_daily":false,"chose_seed":false,"campfire_upgraded":1,"win_rate":0.0,"timestamp":1610500813,"path_taken":["M","?","?","?","$","E","?","E","T","?","M","M","M","E","R","BOSS"],"items_purchased_type":["Relic"],"build_version":"2020-12-22","purchased_purges":1,"victory":false,"max_hp_per_floor":[68,73,73,73,73,73,73,73,73,73,73,73,73,87,87,87,87],"card_choices":[{"not_picked":["SashWhip","Evaluate","Indignation"],"picked":"SKIP","floor":1.0},{"not_picked":["Halt","FlurryOfBlows","Nirvana"],"picked":"SKIP","floor":6.0},{"not_picked":["JustLucky","Protect"],"picked":"TalkToTheHand","floor":8.0},{"not_picked":["WreathOfFlame","Establishment","FlurryOfBlows"],"picked":"SKIP","floor":10.0},{"not_picked":["Protect","Worship","Nirvana"],"picked":"SKIP","floor":11.0},{"not_picked":["PathToVictory","FlurryOfBlows"],"picked":"FollowUp","floor":12.0},{"not_picked":["Halt","WindmillStrike"],"picked":"InnerPeace","floor":13.0},{"not_picked":["CrushJoints","CarveReality"],"picked":"MentalFortress","floor":14.0}],"player_experience":1030671,"relics_obtained":[{"floor":6.0,"key":"Akabeko"},{"floor":8.0,"key":"Boot"},{"floor":9.0,"key":"Bag of Preparation"},{"floor":14.0,"key":"Mango"}],"event_choices":[{"damage_healed":0.0,"max_hp_gain":5.0,"max_hp_loss":0.0,"gold_gain":0.0,"event_name":"Big Fish","player_choice":"Donut","floor":2.0,"gold_loss":0.0,"damage_taken":0.0},{"damage_healed":0.0,"max_hp_gain":0.0,"max_hp_loss":0.0,"gold_gain":150.0,"event_name":"Liars Game","player_choice":"AGREE","floor":3.0,"gold_loss":0.0,"damage_taken":0.0,"cards_obtained":["Doubt"]},{"damage_healed":0.0,"max_hp_gain":0.0,"max_hp_loss":0.0,"gold_gain":0.0,"event_name":"Shining Light","player_choice":"Entered Light","floor":4.0,"gold_loss":0.0,"damage_taken":22.0,"cards_upgraded":["Eruption","Vigilance"]},{"damage_healed":0.0,"max_hp_gain":0.0,"max_hp_loss":0.0,"gold_gain":0.0,"event_name":"Upgrade Shrine","player_choice":"Upgraded","floor":7.0,"gold_loss":0.0,"damage_taken":0.0,"cards_upgraded":["Strike_P"]}],"is_beta":false,"boss_relics":[],"items_purged_floors":[5],"is_endless":false,"potions_floor_spawned":[8,10,13,14],"killed_by":"Slime Boss","ascension_level":20}}