{"host":"3qkmyeoym75lj4wn","time":1610564522,"event":{"mods":["2.2 Compatiblity","BaseMod","Block Reminder","Colored Powertips","Highlight Path","Minty Spire (QoL Compilation)","Permanent Neow","Potion Indicator Mod","Rare Cards Sparkle","Relic Stats","StSLib","Unceasing Turn Reminder"],"gold_per_floor":[118,118,118,130,130,130,41,41,41,76,76,105,105,135,135,211,211,230,155,18,38,54,54,72,100,100,100,100,120,120,137,137,209,209,224,224,1,1,1,33,33,44,44,44,44,44],"floor_reached":45,"language":"ENG","playtime":1297,"items_purged":["Strike_R"],"score":1055,"play_id":"5f8ac575-309c-4b08-812d-9d99d0629885","local_time":"20210113190202","is_ascension_mode":true,"campfire_choices":[{"data":"Armaments","floor":6.0,"key":"SMITH"},{"data":"Demon Form","floor":8.0,"key":"SMITH"},{"data":"Thunderclap","floor":13.0,"key":"SMITH"},{"data":"Flame Barrier","floor":15.0,"key":"SMITH"},{"floor":23.0,"key":"REST"},{"floor":32.0,"key":"REST"},{"floor":41.0,"key":"REST"},{"floor":44.0,"key":"RECALL"}],"circlet_count":0,"master_deck":["AscendersBane","Defend_R","Defend_R","Defend_R","Defend_R","Bash+1","Armaments+1","Thunderclap+1","Demon Form+1","Flame Barrier+1","Feed","Whirlwind+1","Immolate+1","Heavy Blade","Seeing Red","Limit Break","Limit Break","Iron Wave"],"relics":["Burning Blood","NeowsBlessing","Singing Bowl","The Courier","Lantern","Meat on the Bone","Odd Mushroom","Astrolabe","Membership Card","Oddly Smooth Stone","Letter Opener","Sozu","PrismaticShard","HornCleat","Strawberry"],"acts_visited":["Exordium","TheCity","TheBeyond"],"potions_floor_usage":[],"damage_taken":[{"damage":0.0,"enemies":"2 Louse","floor":1.0,"turns":1.0},{"damage":0.0,"enemies":"Jaw Worm","floor":4.0,"turns":1.0},{"damage":0.0,"enemies":"3 Sentries","floor":10.0,"turns":1.0},{"damage":32.0,"enemies":"Gremlin Nob","floor":12.0,"turns":4.0},{"damage":15.0,"enemies":"The Mushroom Lair","floor":14.0,"turns":4.0},{"damage":34.0,"enemies":"Slime Boss","floor":16.0,"turns":9.0},{"damage":36.0,"enemies":"Spheric Guardian","floor":18.0,"turns":7.0},{"damage":33.0,"enemies":"2 Thieves","floor":21.0,"turns":3.0},{"damage":13.0,"enemies":"Snecko","floor":22.0,"turns":4.0},{"damage":1.0,"enemies":"3 Cultists","floor":24.0,"turns":3.0},{"damage":23.0,"enemies":"Gremlin Leader","floor":25.0,"turns":6.0},{"damage":18.0,"enemies":"Sentry and Sphere","floor":29.0,"turns":5.0},{"damage":15.0,"enemies":"Snecko","floor":31.0,"turns":6.0},{"damage":67.0,"enemies":"Automaton","floor":33.0,"turns":8.0},{"damage":18.0,"enemies":"3 Shapes","floor":35.0,"turns":2.0},{"damage":60.0,"enemies":"Reptomancer","floor":40.0,"turns":6.0},{"damage":21.0,"enemies":"Orb Walker","floor":42.0,"turns":4.0},{"damage":76,"enemies":"Maw","floor":45,"turns":7}],"seed_played":"-1840445507839365934","potions_obtained":[{"floor":12.0,"key":"EssenceOfSteel"},{"floor":16.0,"key":"ColorlessPotion"},{"floor":24.0,"key":"AttackPotion"},{"floor":25.0,"key":"AttackPotion"},{"floor":29.0,"key":"FearPotion"},{"floor":33.0,"key":"Energy Potion"}],"is_trial":false,"path_per_floor":["M","?","T","M","?","R","$","R","T","E","?","E","R","?","R","B",null,"M","?","$","M","M","R","M","E","T","?","?","M","?","M","R","B",null,"M","?","$","$","?","E","R","M","T","R","M"],"character_chosen":"IRONCLAD","items_purchased":["Demon Form","Membership Card","PrismaticShard","HornCleat","Iron Wave"],"campfire_rested":3,"item_purchase_floors":[7,20,37,37,37],"current_hp_per_floor":[74,74,74,75,75,75,75,75,75,77,77,51,51,54,54,38,67,49,49,49,39,46,71,78,63,63,63,63,54,54,59,86,39,81,71,71,71,71,71,38,69,68,68,68,0,0],"gold":44,"neow_bonus":"THREE_ENEMY_KILL","is_daily":false,"chose_seed":false,"campfire_upgraded":4,"win_rate":0.0,"timestamp":1610564522,"path_taken":["M","?","?","M","?","R","$","R","T","E","?","E","R","?","R","BOSS","M","?","$","M","M","R","M","E","T","?","?","M","?","?","R","BOSS","M","?","?","$","?","E","R","?","T","R","M"],"items_purchased_type":["Card","Relic","Relic","Relic","Card"],"build_version":"2020-12-22","purchased_purges":1,"victory":false,"max_hp_per_floor":[75,75,75,75,75,75,75,75,75,77,77,77,77,77,77,77,77,77,77,77,82,84,84,86,88,88,88,88,91,91,93,93,95,95,97,97,97,97,97,106,106,108,108,108,108,108],"relic_stats":{"Sozu":2,"Singing Bowl":20,"counters":[18,81],"Astrolabe":["Whirlwind","Rupture","Immolate"],"Letter Opener":[50],"obtain_stats":[{"Lantern":10,"NeowsBlessing":0,"Singing Bowl":3,"Astrolabe":17,"Oddly Smooth Stone":25,"The Courier":9,"Letter Opener":26,"Odd Mushroom":14,"PrismaticShard":37,"Burning Blood":0,"Sozu":34,"HornCleat":37,"Strawberry":40,"Membership Card":20,"Meat on the Bone":12},{"Lantern":3,"NeowsBlessing":0,"Singing Bowl":1,"Astrolabe":6,"Oddly Smooth Stone":11,"The Courier":2,"Letter Opener":11,"Odd Mushroom":5,"PrismaticShard":15,"Burning Blood":0,"Sozu":14,"HornCleat":15,"Strawberry":16,"Membership Card":7,"Meat on the Bone":4},{"Lantern":3,"NeowsBlessing":0,"Singing Bowl":1,"Astrolabe":20,"Oddly Smooth Stone":43,"The Courier":2,"Letter Opener":43,"Odd Mushroom":11,"PrismaticShard":64,"Burning Blood":0,"Sozu":62,"HornCleat":64,"Strawberry":70,"Membership Card":27,"Meat on the Bone":7}],"Burning Blood":91,"Meat on the Bone":108},"card_choices":[{"not_picked":["Wild Strike","Perfected Strike"],"picked":"Armaments","floor":1.0},{"not_picked":["Pommel Strike","Burning Pact"],"picked":"Thunderclap","floor":4.0},{"not_picked":["Pommel Strike","Inflame","Fire Breathing"],"picked":"Singing Bowl","floor":10.0},{"not_picked":["Headbutt","Battle Trance"],"picked":"Cleave","floor":12.0},{"not_picked":["Reckless Charge","Seeing Red"],"picked":"Flame Barrier","floor":14.0},{"not_picked":["Bludgeon","Berserk"],"picked":"Feed","floor":16.0},{"not_picked":["Body Slam","Anger"],"picked":"Heavy Blade","floor":18.0},{"not_picked":["Wild Strike","Sword Boomerang","Warcry"],"picked":"Singing Bowl","floor":21.0},{"not_picked":["Cleave","Rampage","Sword Boomerang"],"picked":"Singing Bowl","floor":22.0},{"not_picked":["Anger","Twin Strike","Ghostly Armor"],"picked":"Singing Bowl","floor":24.0},{"not_picked":["Perfected Strike","Immolate","Havoc"],"picked":"Singing Bowl","floor":25.0},{"not_picked":["Blood for Blood","Hemokinesis+1"],"picked":"Seeing Red","floor":29.0},{"not_picked":["Pommel Strike","Warcry","Dual Wield"],"picked":"Singing Bowl","floor":31.0},{"not_picked":["Barricade","Bludgeon","Exhume"],"picked":"Singing Bowl","floor":33.0},{"not_picked":["Shockwave","Iron Wave","Heavy Blade"],"picked":"Singing Bowl","floor":35.0},{"not_picked":["Dark Embrace","FollowUp","Beam Cell"],"picked":"Singing Bowl","floor":40.0},{"not_picked":["WreathOfFlame","Infernal Blade+1","Skim"],"picked":"Singing Bowl","floor":42.0}],"player_experience":1673214,"relics_obtained":[{"floor":3.0,"key":"Singing Bowl"},{"floor":9.0,"key":"The Courier"},{"floor":10.0,"key":"Lantern"},{"floor":12.0,"key":"Meat on the Bone"},{"floor":14.0,"key":"Odd Mushroom"},{"floor":25.0,"key":"Oddly Smooth Stone"},{"floor":26.0,"key":"Letter Opener"},{"floor":40.0,"key":"Strawberry"}],"event_choices":[{"damage_healed":0.0,"max_hp_gain":0.0,"max_hp_loss":0.0,"gold_gain":0.0,"event_name":"The Cleric","player_choice":"Leave","floor":2.0,"gold_loss":0.0,"damage_taken":0.0},{"damage_healed":0.0,"max_hp_gain":0.0,"max_hp_loss":0.0,"gold_gain":0.0,"event_name":"Living Wall","player_choice":"Grow","floor":5.0,"gold_loss":0.0,"damage_taken":0.0,"cards_upgraded":["Bash"]},{"damage_healed":0.0,"max_hp_gain":0.0,"max_hp_loss":0.0,"gold_gain":0.0,"event_name":"Liars Game","player_choice":"Ignored","floor":11.0,"gold_loss":0.0,"damage_taken":0.0},{"damage_healed":0.0,"max_hp_gain":0.0,"max_hp_loss":0.0,"gold_gain":0.0,"event_name":"Mushrooms","player_choice":"Fought Mushrooms","floor":14.0,"gold_loss":0.0,"damage_taken":0.0},{"cards_removed":["Rupture"],"damage_healed":0.0,"max_hp_gain":0.0,"max_hp_loss":0.0,"gold_gain":0.0,"event_name":"Beggar","player_choice":"Gave Gold","floor":19.0,"gold_loss":75.0,"damage_taken":0.0},{"damage_healed":0.0,"max_hp_gain":0.0,"max_hp_loss":0.0,"gold_gain":0.0,"event_name":"The Mausoleum","player_choice":"Ignored","floor":27.0,"gold_loss":0.0,"damage_taken":0.0},{"damage_healed":0.0,"max_hp_gain":0.0,"max_hp_loss":0.0,"gold_gain":0.0,"event_name":"Vampires","player_choice":"Ignored","floor":28.0,"gold_loss":0.0,"damage_taken":0.0},{"damage_healed":0.0,"max_hp_gain":0.0,"max_hp_loss":0.0,"gold_gain":0.0,"cards_transformed":["Strike_R"],"event_name":"Transmorgrifier","player_choice":"Transformed","floor":30.0,"gold_loss":0.0,"damage_taken":0.0,"cards_obtained":["Limit Break"]},{"damage_healed":0.0,"max_hp_gain":0.0,"max_hp_loss":0.0,"gold_gain":0.0,"event_name":"Duplicator","player_choice":"Copied","floor":36.0,"gold_loss":0.0,"damage_taken":0.0,"cards_obtained":["Limit Break"]},{"cards_removed":["Cleave"],"damage_healed":0.0,"max_hp_gain":0.0,"max_hp_loss":0.0,"gold_gain":0.0,"event_name":"Purifier","player_choice":"Purged","floor":39.0,"gold_loss":0.0,"damage_taken":0.0}],"is_beta":false,"boss_relics":[{"not_picked":["Busted Crown","Tiny House"],"picked":"Astrolabe"},{"not_picked":["Mark of Pain","Runic Cube"],"picked":"Sozu"}],"items_purged_floors":[37],"is_endless":false,"potions_floor_spawned":[12,16,24,25,29,33,40,42],"killed_by":"Maw","ascension_level":20}}