{"host":"a1eatafr7pisesky","time":1610555427,"event":{"mods":["AchievementEnabler","BaseMod","Colored Map","Keyboard Shortcuts","Minty Spire (QoL Compilation)","Say the Spire","StSLib","SuperFastMode","everything is the same but u backflip on backflip"],"gold_per_floor":[119,129,129,54,54,97,120,164,213,213,213,234,248,267,267,387,450,473,488,85,103,202,202,202,202],"floor_reached":24,"language":"KOR","playtime":458,"items_purged":["Strike_R","Strike_R"],"score":373,"play_id":"36da7cab-3842-4016-ab0c-f5bcd5a599ec","local_time":"20210114013027","is_ascension_mode":true,"campfire_choices":[{"floor":10.0,"key":"REST"},{"data":"Flex","floor":15.0,"key":"SMITH"},{"floor":23.0,"key":"REST"}],"circlet_count":0,"master_deck":["AscendersBane","Strike_R+1","Strike_R","Strike_R","Defend_R","Defend_R","Defend_R","Defend_R","Bash","Whirlwind","Flex+1","Wild Strike","Bloodletting","Burning Pact","Sword Boomerang","Double Tap","Uppercut+1","Shrug It Off","Seeing Red+1"],"relics":["Burning Blood","NeowsBlessing","Golden Idol","Matryoshka","Pen Nib","Ancient Tea Set","Happy Flower","Tiny House","Sundial"],"acts_visited":["Exordium","TheCity"],"potions_floor_usage":[24],"damage_taken":[{"damage":0.0,"enemies":"Cultist","floor":1.0,"turns":1.0},{"damage":0.0,"enemies":"Small Slimes","floor":2.0,"turns":1.0},{"damage":0.0,"enemies":"Gremlin Nob","floor":6.0,"turns":1.0},{"damage":16.0,"enemies":"Jaw Worm","floor":7.0,"turns":4.0},{"damage":50.0,"enemies":"3 Sentries","floor":8.0,"turns":7.0},{"damage":0.0,"enemies":"2 Fungi Beasts","floor":12.0,"turns":1.0},{"damage":16.0,"enemies":"Blue Slaver","floor":13.0,"turns":3.0},{"damage":16.0,"enemies":"Large Slime","floor":14.0,"turns":3.0},{"damage":21.0,"enemies":"Slime Boss","floor":16.0,"turns":7.0},{"damage":35.0,"enemies":"Spheric Guardian","floor":18.0,"turns":5.0},{"damage":23.0,"enemies":"2 Thieves","floor":19.0,"turns":4.0},{"damage":20.0,"enemies":"Snecko","floor":21.0,"turns":4.0},{"damage":40,"enemies":"Gremlin Leader","floor":24,"turns":4}],"seed_played":"2055444472779236974","potions_obtained":[{"floor":2.0,"key":"Energy Potion"},{"floor":6.0,"key":"SteroidPotion"},{"floor":17.0,"key":"ElixirPotion"},{"floor":18.0,"key":"PowerPotion"}],"is_trial":false,"path_per_floor":["M","M","?","$","?","E","M","E","T","R","?","M","M","M","R","B",null,"M","M","$","M","?","R","E"],"character_chosen":"IRONCLAD","items_purchased":["Sundial","Energy Potion"],"campfire_rested":2,"item_purchase_floors":[20,20],"current_hp_per_floor":[78,80,60,60,60,66,56,12,12,36,62,68,58,48,48,33,73,44,27,27,13,13,38,0,0],"gold":202,"neow_bonus":"THREE_ENEMY_KILL","is_daily":false,"chose_seed":false,"campfire_upgraded":1,"win_rate":0.0,"timestamp":1610555427,"path_taken":["M","M","?","$","?","E","M","E","T","R","?","M","M","M","R","BOSS","M","M","$","M","?","R","E"],"items_purchased_type":["Relic","Potion"],"build_version":"2020-12-22","purchased_purges":2,"victory":false,"max_hp_per_floor":[80,80,80,80,80,80,80,80,80,80,80,80,80,80,80,80,85,85,85,85,85,85,85,85,85],"card_choices":[{"not_picked":["Cleave","Anger"],"picked":"Whirlwind","floor":1.0},{"not_picked":["Dropkick","Iron Wave","Clash"],"picked":"SKIP","floor":2.0},{"not_picked":["Perfected Strike","Dark Embrace"],"picked":"Flex","floor":6.0},{"not_picked":["Shrug It Off","Clash"],"picked":"Wild Strike","floor":7.0},{"not_picked":["Iron Wave","Juggernaut"],"picked":"Bloodletting","floor":8.0},{"not_picked":["Havoc","Iron Wave","Dropkick"],"picked":"SKIP","floor":12.0},{"not_picked":["Clothesline","Shrug It Off"],"picked":"Burning Pact","floor":13.0},{"not_picked":["Carnage","Wild Strike"],"picked":"Sword Boomerang","floor":14.0},{"not_picked":["Fiend Fire","Reaper"],"picked":"Double Tap","floor":16.0},{"not_picked":["Twin Strike","Dual Wield"],"picked":"Uppercut+1","floor":18.0},{"not_picked":["Carnage","True Grit"],"picked":"Shrug It Off","floor":19.0},{"not_picked":["Cleave","Entrench"],"picked":"Seeing Red+1","floor":21.0}],"player_experience":314115,"relics_obtained":[{"floor":6.0,"key":"Matryoshka"},{"floor":8.0,"key":"Pen Nib"},{"floor":9.0,"key":"Ancient Tea Set"},{"floor":9.0,"key":"Happy Flower"}],"event_choices":[{"damage_healed":0.0,"max_hp_gain":0.0,"max_hp_loss":0.0,"gold_gain":0.0,"event_name":"Golden Idol","player_choice":"Take Damage","floor":3.0,"gold_loss":0.0,"damage_taken":20.0,"relics_obtained":["Golden Idol"]},{"damage_healed":0.0,"max_hp_gain":0.0,"max_hp_loss":0.0,"gold_gain":0.0,"event_name":"Liars Game","player_choice":"Ignored","floor":5.0,"gold_loss":0.0,"damage_taken":0.0},{"damage_healed":26.0,"max_hp_gain":0.0,"max_hp_loss":0.0,"gold_gain":0.0,"event_name":"Big Fish","player_choice":"Banana","floor":11.0,"gold_loss":0.0,"damage_taken":0.0},{"damage_healed":0.0,"max_hp_gain":0.0,"max_hp_loss":0.0,"gold_gain":99.0,"event_name":"Nest","player_choice":"Stole From Cult","floor":22.0,"gold_loss":0.0,"damage_taken":0.0}],"is_beta":false,"boss_relics":[{"not_picked":["Busted Crown","Calling Bell"],"picked":"Tiny House"}],"items_purged_floors":[4,20],"is_endless":false,"potions_floor_spawned":[2,6,12,14,18],"killed_by":"Gremlin Leader","ascension_level":12}}