{"host":"sz8c8ni79nvzjmmg","time":1610527233,"event":{"mods":["AchievementEnabler","BaseMod","DeckTracker","Keyboard Shortcuts","Minty Spire (QoL Compilation)","SuperFastMode"],"gold_per_floor":[118,131,56,56,56,83,83,96,96,96,131,131,143,156,156,229,229,246,161,61,61,61,61,86,96,147,199,121,121,148,158,158,232,232,247,122,122,148,166,198,198,218,241,269,283,310,337,60,60,60,60,60,60,5,32,32,32],"floor_reached":56,"language":"KOR","playtime":1886,"items_purged":["Strike_R","Strike_R+1","Writhe"],"score":1962,"play_id":"d1044f5d-c238-48c4-9345-5f80b14d1e28","local_time":"20210113174033","is_ascension_mode":true,"campfire_choices":[{"data":"Evolve","floor":10.0,"key":"SMITH"},{"data":"Pommel Strike","floor":12.0,"key":"SMITH"},{"data":"Wild Strike","floor":15.0,"key":"SMITH"},{"floor":23.0,"key":"REST"},{"floor":32.0,"key":"REST"},{"data":"Bludgeon","floor":41.0,"key":"SMITH"},{"floor":49.0,"key":"RECALL"},{"data":"Second Wind","floor":53.0,"key":"SMITH"}],"circlet_count":0,"master_deck":["AscendersBane","Defend_R","Defend_R","Defend_R","Bash+1","Pommel Strike+1","Clothesline","Evolve+1","Fire Breathing+1","Wild Strike+1","Immolate","Second Wind+1","Bludgeon+1","Shockwave","Bloodletting+1","Burning Pact","Pommel Strike+1","Pommel Strike+1","Feel No Pain+1","Uppercut+1","Feel No Pain+1"],"relics":["Black Blood","Frozen Egg 2","Ornamental Fan","Pen Nib","Snecko Eye","Toy Ornithopter","Art of War","Happy Flower","Bag of Preparation","Nunchaku","Vajra","Akabeko","Orichalcum","Molten Egg 2","MawBank","ClockworkSouvenir","InkBottle"],"acts_visited":["Exordium","TheCity","TheBeyond","TheEnding"],"potions_floor_usage":[56,56],"damage_taken":[{"damage":6.0,"enemies":"Cultist","floor":1.0,"turns":3.0},{"damage":4.0,"enemies":"Jaw Worm","floor":2.0,"turns":3.0},{"damage":20.0,"enemies":"Lagavulin","floor":6.0,"turns":7.0},{"damage":4.0,"enemies":"2 Louse","floor":8.0,"turns":3.0},{"damage":15.0,"enemies":"3 Sentries","floor":11.0,"turns":3.0},{"damage":19.0,"enemies":"Exordium Thugs","floor":13.0,"turns":5.0},{"damage":0.0,"enemies":"Large Slime","floor":14.0,"turns":3.0},{"damage":10.0,"enemies":"Hexaghost","floor":16.0,"turns":6.0},{"damage":0.0,"enemies":"Chosen","floor":18.0,"turns":2.0},{"damage":27.0,"enemies":"Book of Stabbing","floor":24.0,"turns":4.0},{"damage":13.0,"enemies":"3 Byrds","floor":25.0,"turns":2.0},{"damage":19.0,"enemies":"Slavers","floor":30.0,"turns":2.0},{"damage":17.0,"enemies":"Shelled Parasite and Fungi","floor":31.0,"turns":3.0},{"damage":7.0,"enemies":"Automaton","floor":33.0,"turns":6.0},{"damage":20.0,"enemies":"3 Darklings","floor":35.0,"turns":3.0},{"damage":0.0,"enemies":"Orb Walker","floor":39.0,"turns":1.0},{"damage":11.0,"enemies":"Giant Head","floor":40.0,"turns":5.0},{"damage":10.0,"enemies":"Maw","floor":42.0,"turns":4.0},{"damage":19.0,"enemies":"Nemesis","floor":44.0,"turns":3.0},{"damage":7.0,"enemies":"Transient","floor":45.0,"turns":6.0},{"damage":29.0,"enemies":"Reptomancer","floor":46.0,"turns":4.0},{"damage":2.0,"enemies":"4 Shapes","floor":47.0,"turns":4.0},{"damage":31.0,"enemies":"Time Eater","floor":50.0,"turns":8.0},{"damage":5.0,"enemies":"Awakened One","floor":51.0,"turns":6.0},{"damage":31.0,"enemies":"Shield and Spear","floor":55.0,"turns":4.0},{"damage":60,"enemies":"The Heart","floor":56,"turns":8}],"seed_played":"4513672808925544754","potions_obtained":[{"floor":1.0,"key":"PowerPotion"},{"floor":6.0,"key":"Weak Potion"},{"floor":14.0,"key":"BlessingOfTheForge"},{"floor":18.0,"key":"HeartOfIron"},{"floor":30.0,"key":"DistilledChaos"},{"floor":31.0,"key":"LiquidBronze"},{"floor":45.0,"key":"LiquidMemories"}],"is_trial":false,"path_per_floor":["M","M","$","?","?","E","?","M","T","R","E","R","M","M","R","B",null,"M","?","$","?","?","R","E","M","T","T","$","?","E","M","R","B",null,"M","$","?","T","M","E","R","M","T","E","M","E","M","$","R","B","B",null,"R","$","E","B"],"character_chosen":"IRONCLAD","items_purchased":["Second Wind","Feel No Pain+1","ClockworkSouvenir","Uppercut+1","PowerPotion"],"campfire_rested":2,"item_purchase_floors":[28,48,48,48,54],"current_hp_per_floor":[68,68,68,68,48,34,27,29,29,29,20,20,7,13,13,9,53,59,59,59,59,40,61,40,33,33,33,33,33,25,14,35,34,63,55,55,45,45,57,58,58,60,60,58,63,46,56,56,56,37,49,67,67,67,48,0,0],"gold":32,"neow_bonus":"TRANSFORM_TWO_CARDS","is_daily":false,"chose_seed":false,"campfire_upgraded":5,"win_rate":0.0,"timestamp":1610527233,"path_taken":["M","M","$","?","?","E","?","?","T","R","E","R","M","M","R","BOSS","M","?","$","?","?","R","E","M","T","?","$","?","E","M","R","BOSS","M","$","?","?","M","E","R","M","T","E","?","E","M","?","R","BOSS","BOSS","R","$","E","BOSS"],"items_purchased_type":["Card","Card","Relic","Card","Potion"],"build_version":"2020-12-22","purchased_purges":3,"victory":false,"max_hp_per_floor":[68,68,68,68,68,68,68,68,68,68,68,68,68,68,68,68,68,68,68,68,68,73,73,73,73,73,73,73,73,73,73,73,73,73,73,73,73,73,73,73,73,73,73,73,73,73,73,73,73,73,73,73,73,73,73,73,73],"card_choices":[{"not_picked":["Dual Wield","Pommel Strike"],"picked":"Evolve","floor":1.0},{"not_picked":["Searing Blow","Evolve","Infernal Blade"],"picked":"SKIP","floor":2.0},{"not_picked":["Flex","Havoc"],"picked":"Fire Breathing+1","floor":6.0},{"not_picked":["Armaments","Sword Boomerang","Headbutt"],"picked":"SKIP","floor":8.0},{"not_picked":["Anger","Berserk+1","Hemokinesis"],"picked":"SKIP","floor":11.0},{"not_picked":["Flex","Reckless Charge"],"picked":"Wild Strike","floor":13.0},{"not_picked":["Bloodletting","Flex","Exhume"],"picked":"SKIP","floor":14.0},{"not_picked":["Barricade+1","Brutality+1"],"picked":"Immolate","floor":16.0},{"not_picked":["Armaments","Evolve+1","Thunderclap+1"],"picked":"SKIP","floor":18.0},{"not_picked":["Havoc","Thunderclap","Rage+1"],"picked":"SKIP","floor":24.0},{"not_picked":["Clash+1","Sever Soul","Pummel"],"picked":"SKIP","floor":25.0},{"not_picked":["Immolate","Flex","Heavy Blade"],"picked":"SKIP","floor":30.0},{"not_picked":["Clothesline","Heavy Blade","Metallicize+1"],"picked":"SKIP","floor":31.0},{"not_picked":["Corruption+1","Reaper"],"picked":"Bludgeon","floor":33.0},{"not_picked":["Sword Boomerang","Thunderclap","Havoc+1"],"picked":"SKIP","floor":35.0},{"not_picked":["Rampage+1","Carnage","Thunderclap"],"picked":"SKIP","floor":39.0},{"not_picked":["Burning Pact","Body Slam"],"picked":"Shockwave","floor":40.0},{"not_picked":["Sword Boomerang+1","True Grit"],"picked":"Bloodletting+1","floor":42.0},{"not_picked":["Perfected Strike+1","Wild Strike+1"],"picked":"Burning Pact","floor":44.0},{"not_picked":["Brutality+1","Cleave+1"],"picked":"Pommel Strike+1","floor":45.0},{"not_picked":["Clothesline+1","Flex","Rupture+1"],"picked":"SKIP","floor":46.0},{"not_picked":["Cleave+1","Burning Pact"],"picked":"Pommel Strike+1","floor":47.0},{"not_picked":["Clothesline+1","Havoc"],"picked":"Feel No Pain+1","floor":55.0}],"player_experience":1231083,"relics_obtained":[{"floor":6.0,"key":"Frozen Egg 2"},{"floor":9.0,"key":"Ornamental Fan"},{"floor":11.0,"key":"Pen Nib"},{"floor":24.0,"key":"Art of War"},{"floor":26.0,"key":"Happy Flower"},{"floor":27.0,"key":"Bag of Preparation"},{"floor":30.0,"key":"Vajra"},{"floor":40.0,"key":"Akabeko"},{"floor":43.0,"key":"Orichalcum"},{"floor":44.0,"key":"Molten Egg 2"},{"floor":46.0,"key":"MawBank"},{"floor":55.0,"key":"InkBottle"}],"event_choices":[{"damage_healed":0.0,"max_hp_gain":0.0,"max_hp_loss":0.0,"gold_gain":0.0,"event_name":"Liars Game","player_choice":"Ignored","floor":4.0,"gold_loss":0.0,"damage_taken":0.0},{"damage_healed":0.0,"max_hp_gain":0.0,"max_hp_loss":0.0,"gold_gain":0.0,"event_name":"Shining Light","player_choice":"Entered Light","floor":5.0,"gold_loss":0.0,"damage_taken":20.0,"cards_upgraded":["Bash","Strike_R"]},{"cards_removed":["Strike_R"],"damage_healed":0.0,"max_hp_gain":0.0,"max_hp_loss":0.0,"gold_gain":0.0,"event_name":"Golden Wing","player_choice":"Card Removal","floor":7.0,"gold_loss":0.0,"damage_taken":7.0},{"damage_healed":0.0,"max_hp_gain":0.0,"max_hp_loss":0.0,"gold_gain":0.0,"event_name":"Addict","player_choice":"Obtained Relic","floor":19.0,"gold_loss":85.0,"damage_taken":0.0,"relics_obtained":["Toy Ornithopter"]},{"cards_removed":["Defend_R"],"damage_healed":0.0,"max_hp_gain":0.0,"max_hp_loss":0.0,"gold_gain":0.0,"event_name":"Back to Basics","player_choice":"Elegance","floor":21.0,"gold_loss":0.0,"damage_taken":0.0},{"damage_healed":0.0,"max_hp_gain":5.0,"max_hp_loss":0.0,"gold_gain":0.0,"event_name":"Forgotten Altar","player_choice":"Shed Blood","floor":22.0,"gold_loss":0.0,"damage_taken":24.0},{"damage_healed":0.0,"max_hp_gain":0.0,"max_hp_loss":0.0,"gold_gain":0.0,"event_name":"The Mausoleum","player_choice":"Opened","floor":29.0,"gold_loss":0.0,"damage_taken":0.0,"relics_obtained":["Nunchaku"],"cards_obtained":["Writhe"]},{"damage_healed":0.0,"max_hp_gain":0.0,"max_hp_loss":0.0,"gold_gain":0.0,"event_name":"SensoryStone","player_choice":"Memory 3","floor":37.0,"gold_loss":0.0,"damage_taken":10.0}],"is_beta":false,"boss_relics":[{"not_picked":["Sozu","Runic Cube"],"picked":"Snecko Eye"},{"not_picked":["Runic Pyramid","Astrolabe"],"picked":"Black Blood"}],"items_purged_floors":[3,20,36],"is_endless":false,"potions_floor_spawned":[1,6,14,18,30,31,35,39,45],"killed_by":"The Heart","ascension_level":20}}