{"host":"nc9kxycvldgbp2kx","time":1610561535,"event":{"mods":["2.2 Compatiblity","AchievementEnabler","BaseMod","Better Altar","Better Match","Better Note","Better Sensory Stone","Better Skull","Better Third Choice","Better Vampires","Block Reminder","Colored Powertips","Curses Come First","GifTheSpireLib","Highlight Path","Minty Spire (QoL Compilation)","Permanent Neow","Quick Restart","Random Character Button","Rare Cards Sparkle","Relic Sorter","Relic Stats","Spicy Shops","StSLib","Transform Curses"],"gold_per_floor":[209,226,28,43,118,147,147,159,159,159,159,186,186,206,206,206,206],"floor_reached":16,"language":"ENG","playtime":1368,"items_purged":["Strike_B"],"score":116,"play_id":"9bd57e04-f7b3-4173-b167-0ea2cb02e045","local_time":"20210113191215","is_ascension_mode":true,"campfire_choices":[{"data":"Genetic Algorithm","floor":7.0,"key":"SMITH"},{"floor":10.0,"key":"RECALL"},{"data":"Zap","floor":15.0,"key":"SMITH"}],"circlet_count":0,"master_deck":["Strike_B","Strike_B","Strike_B","Defend_B","Defend_B","Defend_B","Zap+1","Dualcast","Melter","Genetic Algorithm+1","Swift Strike","Blizzard"],"relics":["Cracked Core","Regal Pillow","Bottled Lightning","WingedGreaves"],"acts_visited":["Exordium"],"potions_floor_usage":[16],"damage_taken":[{"damage":0.0,"enemies":"2 Louse","floor":1.0,"turns":2.0},{"damage":0.0,"enemies":"Small Slimes","floor":2.0,"turns":3.0},{"damage":1.0,"enemies":"Cultist","floor":4.0,"turns":3.0},{"damage":6.0,"enemies":"Gremlin Nob","floor":6.0,"turns":3.0},{"damage":2.0,"enemies":"2 Fungi Beasts","floor":8.0,"turns":4.0},{"damage":32.0,"enemies":"Lagavulin","floor":12.0,"turns":6.0},{"damage":0.0,"enemies":"Lots of Slimes","floor":14.0,"turns":3.0},{"damage":2,"enemies":"The Guardian","floor":16,"turns":4}],"seed_played":"-2814719101896416019","potions_obtained":[{"floor":1.0,"key":"Swift Potion"},{"floor":4.0,"key":"AttackPotion"},{"floor":8.0,"key":"Regen Potion"},{"floor":12.0,"key":"Weak Potion"}],"is_trial":false,"path_per_floor":["M","M","$","M","?","E","R","M","T","R","?","E","?","M","R","B"],"character_chosen":"DEFECT","items_purchased":["Swift Strike"],"campfire_rested":0,"item_purchase_floors":[3],"current_hp_per_floor":[75,75,75,74,63,57,57,55,55,55,48,31,31,31,31,29,29],"gold":206,"neow_bonus":"HUNDRED_GOLD","is_daily":false,"chose_seed":false,"campfire_upgraded":2,"win_rate":0.0,"timestamp":1610561535,"path_taken":["M","M","$","M","?","E","R","M","T","R","?","E","?","?","R","BOSS"],"items_purchased_type":["Card"],"build_version":"2020-12-22","purchased_purges":1,"victory":false,"max_hp_per_floor":[75,75,75,75,75,75,75,75,75,75,75,75,75,75,75,75,75],"relic_stats":{"Regal Pillow":0,"counters":[8,28],"obtain_stats":[{"Regal Pillow":6,"WingedGreaves":13,"Bottled Lightning":12,"Cracked Core":0},{"Regal Pillow":4,"WingedGreaves":6,"Bottled Lightning":6,"Cracked Core":0},{"Regal Pillow":11,"WingedGreaves":21,"Bottled Lightning":21,"Cracked Core":0}]},"card_choices":[{"not_picked":["Doom and Gloom","Hologram"],"picked":"Melter","floor":1.0},{"not_picked":["Fusion","Cold Snap"],"picked":"Genetic Algorithm","floor":2.0},{"not_picked":["Conserve Battery","Sunder"],"picked":"Blizzard","floor":4.0},{"not_picked":["Sweeping Beam","Hologram","Conserve Battery"],"picked":"SKIP","floor":6.0},{"not_picked":["Streamline","Compile Driver","Force Field"],"picked":"SKIP","floor":8.0},{"not_picked":["Hologram","Compile Driver","Rebound"],"picked":"SKIP","floor":12.0},{"not_picked":["Ball Lightning","Aggregate","Multi-Cast"],"picked":"SKIP","floor":14.0}],"player_experience":308439,"relics_obtained":[{"floor":6.0,"key":"Regal Pillow"},{"floor":12.0,"key":"Bottled Lightning"}],"event_choices":[{"damage_healed":0.0,"max_hp_gain":0.0,"max_hp_loss":0.0,"gold_gain":75.0,"event_name":"betterThird:BetterGoop","player_choice":"Gold","floor":5.0,"gold_loss":0.0,"damage_taken":11.0},{"cards_removed":["Defend_B"],"damage_healed":0.0,"max_hp_gain":0.0,"max_hp_loss":0.0,"gold_gain":0.0,"event_name":"Golden Wing","player_choice":"Card Removal","floor":11.0,"gold_loss":0.0,"damage_taken":7.0},{"damage_healed":0.0,"max_hp_gain":0.0,"max_hp_loss":0.0,"gold_gain":0.0,"event_name":"WeMeetAgain","player_choice":"Gave Potion","floor":13.0,"gold_loss":0.0,"damage_taken":0.0,"relics_obtained":["WingedGreaves"]}],"is_beta":false,"boss_relics":[],"items_purged_floors":[3],"is_endless":false,"potions_floor_spawned":[1,4,8,12],"killed_by":"The Guardian","ascension_level":1}}