{"host":"ooy9sn8qgs7oliwr","time":1610548470,"event":{"mods":["ATMod(阿瑾Mod)","Act Like it!","BaseMod","BetterRewards","Minty Spire (QoL Compilation)","Pale of the Ancients","Prisma Mod","Remilia_Scarlet Moed（蕾米莉亚・斯卡雷特）3.3.5","Replay The Spire","RumiaBox-露米娅的神秘盒子","StSLib","The Alterego","The Jungle","Yakumo Yukari mod","【遗物卡牌】REMEMod"],"gold_per_floor":[117,133,133,81,96,96,428,447,519,519,519,535,535,555,555,658,658,672,443,358,283,294,328,29,76,129,129,150,150,183,210,210,334,334,354,354,379,379,211,270,285,356,424,484,25,37,205,153,153,403],"floor_reached":51,"language":"ZHS","playtime":1591,"items_purged":["RemiliaMod:CYMZW","Strike_R"],"score":1145,"play_id":"e5c061b6-b3a1-4c19-9bbc-fe6342073642","local_time":"20210113223430","is_ascension_mode":false,"campfire_choices":[{"data":"AT_WindFlip","floor":6.0,"key":"SMITH"},{"floor":15,"key":"DIG"},{"data":"AT_EmpoweredMortalDraw","floor":29,"key":"SMITH"},{"data":"Double Tap","floor":32,"key":"SMITH"},{"data":"REME_Cut","floor":49,"key":"SMITH"}],"circlet_count":0,"master_deck":["Strike_R+1","Strike_R","Strike_R","Strike_R+1","Defend_R","Defend_R","Defend_R","Bash","Replay:Many Hands+1","AT_WindFlip+1","ReplayTheSpireMod:Strike From Hell","Replay:Undeath\u0027s Touch+1","Double Tap+1","AT_ShrugMaster","Rupture+1","AT_EmpoweredMortalDraw+1","AT_ShrugMaster+1","Rupture+1","Clash","Reaper","REME_Cut+1","Dark Embrace+1"],"relics":["Burning Blood","AT_ATBox","REME_ComplimentaryCards","Old Coin","MagicDraw4","Mercury Hourglass","Whetstone","AT_MortalBlade","AT_RedTearstoneRing","AT_TimeSand","AT_GuinsooRageblade","Bag of Preparation","Replay:Bandana","Matryoshka","ReplayFunnel","AT_ChloranthyRing","Magic Flower","Coffee Dripper","Pet Ghost","ReplayTheSpireMod:Ninjato","SSSystem","Ccalipers","AT_TheCollector","King of Hearts","ReplayTheSpireMod:TigerMarble"],"acts_visited":["Exordium","TheCity","TheBeyond"],"potions_floor_usage":[14,16,25,42,50,50],"damage_taken":[{"damage":8.0,"enemies":"2 Louse","floor":1.0,"turns":2.0},{"damage":14.0,"enemies":"Jaw Worm","floor":2.0,"turns":4.0},{"damage":0.0,"enemies":"Small Slimes","floor":5.0,"turns":1.0},{"damage":6.0,"enemies":"Gremlin Nob","floor":7.0,"turns":3.0},{"damage":2.0,"enemies":"Blue Slaver","floor":8.0,"turns":2.0},{"damage":15.0,"enemies":"Exordium Thugs","floor":12.0,"turns":3.0},{"damage":6,"enemies":"Exordium Wildlife","floor":14,"turns":2},{"damage":8,"enemies":"Slime Boss","floor":16,"turns":6},{"damage":0,"enemies":"2 Thieves","floor":18,"turns":1},{"damage":10,"enemies":"Chosen","floor":22,"turns":2},{"damage":14,"enemies":"Slavers","floor":23,"turns":3},{"damage":16,"enemies":"REME_1_Revenger","floor":25,"turns":3},{"damage":0,"enemies":"Sentry and Sphere","floor":28,"turns":2},{"damage":0,"enemies":"Slavers","floor":30,"turns":1},{"damage":21,"enemies":"Snake Plant","floor":31,"turns":2},{"damage":15,"enemies":"Collector","floor":33,"turns":4},{"damage":0,"enemies":"Orb Walker","floor":35,"turns":1},{"damage":20,"enemies":"3 Shapes","floor":37,"turns":2},{"damage":24,"enemies":"Transient","floor":40,"turns":5},{"damage":15,"enemies":"Jaw Worm Horde","floor":41,"turns":2},{"damage":0,"enemies":"Nemesis","floor":42,"turns":3},{"damage":0,"enemies":"R_Hoarder","floor":44,"turns":4},{"damage":0,"enemies":"3 Darklings","floor":46,"turns":1},{"damage":30,"enemies":"Nemesis","floor":47,"turns":3},{"damage":17,"enemies":"Awakened One","floor":50,"turns":5}],"seed_played":"-3543471728311817695","potions_obtained":[{"floor":1.0,"key":"Reflective Coating"},{"floor":8.0,"key":"SteroidPotion"},{"floor":12.0,"key":"Fire Potion"},{"floor":22,"key":"AttackPotion"},{"floor":28,"key":"Adrenaline Potion"},{"floor":30,"key":"Reflective Coating"},{"floor":31,"key":"ColorlessPotion"},{"floor":35,"key":"FairyPotion"},{"floor":42,"key":"Elixir"},{"floor":44,"key":"Reflective Coating"},{"floor":46,"key":"Fruit Juice"}],"is_trial":false,"path_per_floor":["M","M","?","$","M","R","E","M","T","?","T","M","?","M","R","B",null,"M","$","?","?","M","E","$","E","T","?","M","R","E","M","R","B",null,"M","?","M","?","$","M","M","E","T","E","$","M","E","$","R","B",null],"character_chosen":"IRONCLAD","items_purchased":["Adrenaline Potion","AT_RedTearstoneRing","Bag of Preparation","Replay:Bandana","REME_Cut","AT_TheCollector","King of Hearts","Dark Embrace+1"],"campfire_rested":0,"item_purchase_floors":[4,19,24,24,39,45,45,48],"current_hp_per_floor":[54,46,30,30,36,36,36,40,40,45,45,36,36,36,36,34,85,85,85,85,85,81,73,73,63,63,63,69,69,75,63,63,57,85,85,85,74,74,74,85,79,85,85,85,85,85,85,85,85,82],"gold":403,"neow_bonus":"THREE_RARE_CARDS","is_daily":false,"chose_seed":false,"campfire_upgraded":4,"win_rate":0.0,"timestamp":1610548470,"path_taken":["M","M","?","$","M","R","E","M","T","?","?","M","?","?","R","BOSS","M","$","?","?","M","E","?","E","T","?","M","R","E","?","R","BOSS","M","?","M","?","$","M","M","E","T","E","$","M","E","?","R","BOSS"],"items_purchased_type":["Potion","Relic","Relic","Relic","Card","Relic","Relic","Card"],"build_version":"2020-12-22","purchased_purges":2,"victory":true,"max_hp_per_floor":[80,80,80,80,80,80,80,80,80,85,85,85,85,85,85,85,85,85,85,85,85,85,85,85,85,85,85,85,85,85,85,85,85,85,85,85,85,85,85,85,85,85,85,85,85,85,85,85,85,90],"card_choices":[{"not_picked":["Eclipse","Demonic Infusion"],"picked":"Replay:Many Hands","floor":0.0},{"not_picked":["Run Through","Wild Strike"],"picked":"ReplayTheSpireMod:Strike From Hell","floor":1.0},{"not_picked":["Flex","Clothesline"],"picked":"Replay:Undeath\u0027s Touch","floor":2.0},{"not_picked":["Seeing Red","Run Through","ReplayTheSpireMod:Strike From Hell"],"picked":"SKIP","floor":5.0},{"not_picked":["Sever Soul","Pommel Strike"],"picked":"Double Tap","floor":7.0},{"not_picked":["Heavy Blade","Thunderclap"],"picked":"AT_ShrugMaster","floor":8.0},{"not_picked":["Shrug It Off","Twin Strike","Dropkick"],"picked":"SKIP","floor":12.0},{"not_picked":["Rupture","Evolve","Run Through"],"picked":"SKIP","floor":14},{"not_picked":["Armaments","Body Slam+1"],"picked":"AT_ShrugMaster+1","floor":18},{"not_picked":["Feel No Pain","Run Through","Ghostly Armor"],"picked":"SKIP","floor":22},{"not_picked":["Shrug It Off+1","Wild Strike","Run Through"],"picked":"SKIP","floor":23},{"not_picked":["Anger","Impervious"],"picked":"Clash","floor":25},{"not_picked":["Warcry","Pommel Strike","Cleave"],"picked":"SKIP","floor":28},{"not_picked":["Headbutt+1","Thunderclap+1","Flame Barrier"],"picked":"SKIP","floor":30},{"not_picked":["AT_BodySlamDance","Warcry","Pommel Strike"],"picked":"SKIP","floor":31},{"not_picked":["Berserk","Demonic Infusion"],"picked":"Reaper","floor":33},{"not_picked":["Infernal Blade+1","Fire Breathing+1","Clothesline+1"],"picked":"SKIP","floor":35},{"not_picked":["Anger","Heavy Blade+1","Shrug It Off"],"picked":"SKIP","floor":37},{"not_picked":["Rupture+1","AT_IchimonjiDouble","Wild Strike+1"],"picked":"SKIP","floor":40},{"not_picked":["Abandon","Pommel Strike","Second Wind+1"],"picked":"SKIP","floor":41},{"not_picked":["Iron Wave+1","AT_ShrugMaster+1","Pommel Strike"],"picked":"SKIP","floor":42},{"not_picked":["AT_IchimonjiDouble","Cleave+1","REME_Fury"],"picked":"SKIP","floor":44},{"not_picked":["Run Through","Iron Wave+1","AT_ManFootWork"],"picked":"SKIP","floor":46},{"not_picked":["Defy Death","Body Slam","Whirlwind"],"picked":"SKIP","floor":47}],"player_experience":14982,"relics_obtained":[{"floor":7.0,"key":"Old Coin"},{"floor":9.0,"key":"MagicDraw4"},{"floor":11.0,"key":"Mercury Hourglass"},{"floor":15,"key":"Whetstone"},{"floor":23,"key":"AT_GuinsooRageblade"},{"floor":25,"key":"Matryoshka"},{"floor":26,"key":"ReplayFunnel"},{"floor":26,"key":"AT_ChloranthyRing"},{"floor":30,"key":"Magic Flower"},{"floor":42,"key":"Pet Ghost"},{"floor":43,"key":"ReplayTheSpireMod:Ninjato"},{"floor":43,"key":"SSSystem"},{"floor":44,"key":"Ccalipers"},{"floor":47,"key":"ReplayTheSpireMod:TigerMarble"}],"event_choices":[{"damage_healed":0.0,"max_hp_gain":0.0,"max_hp_loss":0.0,"gold_gain":0.0,"event_name":"Shining Light","player_choice":"Entered Light","floor":3.0,"gold_loss":0.0,"damage_taken":16.0,"cards_upgraded":["Replay:Undeath\u0027s Touch","Replay:Many Hands"]},{"damage_healed":0.0,"max_hp_gain":5.0,"max_hp_loss":0.0,"gold_gain":0.0,"event_name":"Remilia_CDSJ09","player_choice":"CYMZW","floor":10.0,"gold_loss":0.0,"damage_taken":0.0},{"damage_healed":0,"gold_gain":0,"player_choice":"Obtained Relic","damage_taken":0,"relics_obtained":["AT_TimeSand"],"max_hp_gain":0,"max_hp_loss":0,"event_name":"Addict","floor":20,"gold_loss":85},{"damage_healed":0,"gold_gain":0,"player_choice":"Ignored","damage_taken":0,"max_hp_gain":0,"max_hp_loss":0,"event_name":"Tomb of Lord Red Mask","floor":36,"gold_loss":0}],"is_beta":false,"boss_relics":[{"not_picked":["Busted Crown","EasyGame_NEW"],"picked":"AT_MortalBlade"},{"not_picked":["SacredBark","ChewingGum"],"picked":"Coffee Dripper"}],"items_purged_floors":[19,39],"is_endless":false,"potions_floor_spawned":[1,8,12,22,28,30,31,33,35,42,44,46,47],"ascension_level":0}}