{"host":"bq4pt811tk9yrmjl","time":1610502562,"event":{"mods":["AchievementEnabler","BaseMod","Colored Map","Colored Powertips","Defuse TimeMaze Blight","Hermit","Minty Spire (QoL Compilation)","StSLib","SuperFastMode"],"gold_per_floor":[113,113,113,113,288,329,329,363,363,85,85,106,106,139,139,269,269,285,210,210,210,231,231,264,264,313,313,331,281,281,299,299,422,422,435,456,68,401,451,451,479,479,479,479,497,497,512,532,532,532,532],"floor_reached":50,"language":"ENG","playtime":897,"items_purged":["Doubt"],"score":630,"play_id":"53af95c1-88e6-4f57-ae2c-d39e612ab8f7","local_time":"20210112234922","is_ascension_mode":true,"campfire_choices":[{"data":"Armaments","floor":7.0,"key":"SMITH"},{"floor":11.0,"key":"RECALL"},{"data":"Body Slam","floor":15.0,"key":"SMITH"},{"data":"Juggernaut","floor":23,"key":"SMITH"},{"data":"Metallicize","floor":25,"key":"SMITH"},{"floor":32,"key":"REST"},{"data":"Barricade","floor":40,"key":"SMITH"},{"data":"Body Slam","floor":46,"key":"SMITH"},{"data":"Bash","floor":49,"key":"SMITH"}],"circlet_count":0,"master_deck":["Strike_R+1","Strike_R+1","Defend_R+1","Defend_R+1","Defend_R+1","Defend_R+1","Bash+1","Armaments+1","Metallicize+1","Body Slam+1","Juggernaut+1","Body Slam+1","Cleave+1","Clash+1","Barricade+1","Whirlwind+1","Iron Wave+1","Anger+1","Rampage+1"],"relics":["Burning Blood","NeowsBlessing","Happy Flower","Darkstone Periapt","Smiling Mask","PreservedInsect","Matryoshka","Lizard Tail","Empty Cage","Shuriken","Molten Egg 2","Toy Ornithopter","Bag of Marbles","Busted Crown","Ginger","Peace Pipe","Mummified Hand","Gremlin Horn","Bottled Tornado"],"acts_visited":["Exordium","TheCity","TheBeyond"],"potions_floor_usage":[48,50],"damage_taken":[{"damage":0.0,"enemies":"Small Slimes","floor":1.0,"turns":1.0},{"damage":0.0,"enemies":"Gremlin Nob","floor":6.0,"turns":1.0},{"damage":0.0,"enemies":"3 Sentries","floor":8.0,"turns":2.0},{"damage":6.0,"enemies":"Jaw Worm","floor":12.0,"turns":3.0},{"damage":2.0,"enemies":"Lagavulin","floor":14.0,"turns":5.0},{"damage":53.0,"enemies":"Hexaghost","floor":16.0,"turns":13.0},{"damage":0.0,"enemies":"Chosen","floor":18.0,"turns":4.0},{"damage":24,"enemies":"2 Thieves","floor":22,"turns":5},{"damage":20,"enemies":"Slavers","floor":24,"turns":5},{"damage":18,"enemies":"Centurion and Healer","floor":28,"turns":8},{"damage":14,"enemies":"Cultist and Chosen","floor":31,"turns":6},{"damage":79,"enemies":"Champ","floor":33,"turns":10},{"damage":13,"enemies":"3 Darklings","floor":35,"turns":5},{"damage":9,"enemies":"3 Shapes","floor":36,"turns":4},{"damage":0,"enemies":"Mind Bloom Boss Battle","floor":39,"turns":10},{"damage":1,"enemies":"Giant Head","floor":41,"turns":6},{"damage":0,"enemies":"3 Darklings","floor":45,"turns":4},{"damage":32,"enemies":"Writhing Mass","floor":47,"turns":5},{"damage":0,"enemies":"Maw","floor":48,"turns":5},{"damage":83,"enemies":"Donu and Deca","floor":50,"turns":6}],"seed_played":"2316738779153257204","potions_obtained":[{"floor":6.0,"key":"BloodPotion"},{"floor":12.0,"key":"BlessingOfTheForge"},{"floor":28,"key":"SteroidPotion"},{"floor":36,"key":"CultistPotion"},{"floor":39,"key":"BloodPotion"},{"floor":48,"key":"ColorlessPotion"}],"is_trial":false,"path_per_floor":["M","?","T","?","?","E","R","E","T","$","R","M","T","E","R","B",null,"M","?","?","?","M","R","E","R","T","?","M","$","?","M","R","B",null,"M","M","$","?","?","R","E","?","T","?","M","R","M","M","R","B"],"character_chosen":"IRONCLAD","items_purchased":["PreservedInsect","Metallicize","Clash+1","Ginger","Whirlwind+1"],"campfire_rested":1,"item_purchase_floors":[10,10,29,37,37],"current_hp_per_floor":[80,60,60,44,44,50,50,72,72,72,72,72,72,76,76,29,80,80,80,80,80,62,62,48,48,48,48,36,36,36,28,52,41,80,73,70,70,70,76,76,80,80,80,80,80,80,54,80,80,0,0],"gold":532,"neow_bonus":"THREE_ENEMY_KILL","is_daily":false,"chose_seed":false,"campfire_upgraded":7,"win_rate":0.0,"timestamp":1610502562,"path_taken":["M","?","?","?","?","E","R","E","T","$","R","M","?","E","R","BOSS","M","?","?","?","?","R","E","R","T","?","?","$","?","M","R","BOSS","M","M","$","?","?","R","E","?","T","?","M","R","M","M","R","BOSS"],"items_purchased_type":["Relic","Card","Card","Relic","Card"],"build_version":"2020-12-22","purchased_purges":1,"victory":false,"max_hp_per_floor":[80,80,80,80,80,80,80,80,80,80,80,80,80,80,80,80,80,80,80,80,80,80,80,80,80,80,80,80,80,80,80,80,80,80,80,80,80,80,80,80,80,80,80,80,80,80,80,80,80,80,80],"card_choices":[{"not_picked":["Body Slam","Blood for Blood"],"picked":"Armaments","floor":1.0},{"not_picked":["True Grit","Heavy Blade","Wild Strike"],"picked":"SKIP","floor":6.0},{"not_picked":["Bloodletting","Perfected Strike"],"picked":"Clash","floor":8.0},{"not_picked":["True Grit","Headbutt","Havoc"],"picked":"SKIP","floor":12.0},{"not_picked":["Battle Trance","Reckless Charge"],"picked":"Body Slam","floor":14.0},{"not_picked":["Reaper","Barricade"],"picked":"Juggernaut","floor":16.0},{"not_picked":["Cleave","Bloodletting","Thunderclap+1"],"picked":"SKIP","floor":18.0},{"not_picked":["Cleave","True Grit"],"picked":"Body Slam","floor":22},{"not_picked":["Barricade","Havoc+1"],"picked":"Cleave+1","floor":24},{"not_picked":["Shrug It Off","Clothesline+1","Sword Boomerang+1"],"picked":"SKIP","floor":28},{"not_picked":["Pummel+1","Reckless Charge+1","Disarm"],"picked":"SKIP","floor":31},{"not_picked":["Double Tap","Exhume"],"picked":"Barricade","floor":33},{"not_picked":["Wild Strike+1"],"picked":"SKIP","floor":35},{"not_picked":["Pommel Strike+1"],"picked":"SKIP","floor":36},{"not_picked":[],"picked":"Iron Wave+1","floor":39},{"not_picked":["Flex+1"],"picked":"SKIP","floor":41},{"not_picked":["Whirlwind+1"],"picked":"SKIP","floor":45},{"not_picked":[],"picked":"Anger+1","floor":47},{"not_picked":[],"picked":"Rampage+1","floor":48}],"player_experience":155353,"relics_obtained":[{"floor":6.0,"key":"Happy Flower"},{"floor":8.0,"key":"Darkstone Periapt"},{"floor":9.0,"key":"Smiling Mask"},{"floor":13.0,"key":"Matryoshka"},{"floor":14.0,"key":"Lizard Tail"},{"floor":24,"key":"Molten Egg 2"},{"floor":26,"key":"Toy Ornithopter"},{"floor":26,"key":"Bag of Marbles"},{"floor":39,"key":"Peace Pipe"},{"floor":41,"key":"Mummified Hand"},{"floor":43,"key":"Gremlin Horn"},{"floor":43,"key":"Bottled Tornado"}],"event_choices":[{"damage_healed":0.0,"max_hp_gain":0.0,"max_hp_loss":0.0,"gold_gain":0.0,"event_name":"Golden Idol","player_choice":"Take Damage","floor":2.0,"gold_loss":0.0,"damage_taken":20.0,"relics_obtained":["Golden Idol"]},{"damage_healed":0.0,"max_hp_gain":0.0,"max_hp_loss":0.0,"gold_gain":0.0,"event_name":"Shining Light","player_choice":"Entered Light","floor":4.0,"gold_loss":0.0,"damage_taken":16.0,"cards_upgraded":["Strike_R","Defend_R"]},{"damage_healed":0.0,"max_hp_gain":0.0,"max_hp_loss":0.0,"gold_gain":175.0,"event_name":"Liars Game","player_choice":"AGREE","floor":5.0,"gold_loss":0.0,"damage_taken":0.0,"cards_obtained":["Doubt"]},{"cards_removed":["Strike_R"],"damage_healed":0.0,"max_hp_gain":0.0,"max_hp_loss":0.0,"gold_gain":0.0,"event_name":"Beggar","player_choice":"Gave Gold","floor":19.0,"gold_loss":75.0,"damage_taken":0.0},{"damage_healed":0,"gold_gain":0,"player_choice":"Ignored","damage_taken":0,"max_hp_gain":0,"max_hp_loss":0,"event_name":"Cursed Tome","floor":20,"gold_loss":0},{"cards_removed":["Clash"],"damage_healed":0,"gold_gain":0,"player_choice":"Gave Card","damage_taken":0,"relics_obtained":["Shuriken"],"max_hp_gain":0,"max_hp_loss":0,"event_name":"WeMeetAgain","floor":21,"gold_loss":0},{"damage_healed":0,"gold_gain":0,"player_choice":"Ignored","damage_taken":0,"max_hp_gain":0,"max_hp_loss":0,"event_name":"N\u0027loth","floor":27,"gold_loss":0},{"damage_healed":0,"gold_gain":0,"player_choice":"Simplicity","damage_taken":0,"max_hp_gain":0,"max_hp_loss":0,"event_name":"Back to Basics","floor":30,"gold_loss":0,"cards_upgraded":["Strike_R","Defend_R","Defend_R","Defend_R"]},{"damage_healed":0,"gold_gain":333,"player_choice":"Gave Idol","damage_taken":0,"max_hp_gain":0,"max_hp_loss":0,"event_name":"The Moai Head","floor":38,"relics_lost":["Golden Idol"],"gold_loss":0},{"damage_healed":0,"gold_gain":0,"player_choice":"Fight","damage_taken":0,"max_hp_gain":0,"max_hp_loss":0,"event_name":"MindBloom","floor":39,"gold_loss":0},{"damage_healed":0,"gold_gain":0,"player_choice":"Memory 1","damage_taken":0,"max_hp_gain":0,"max_hp_loss":0,"event_name":"SensoryStone","floor":42,"gold_loss":0},{"damage_healed":0,"gold_gain":0,"player_choice":"Ignored","damage_taken":0,"max_hp_gain":0,"max_hp_loss":0,"event_name":"Mysterious Sphere","floor":44,"gold_loss":0}],"is_beta":false,"boss_relics":[{"not_picked":["Runic Pyramid","Tiny House"],"picked":"Empty Cage"},{"not_picked":["SlaversCollar","Snecko Eye"],"picked":"Busted Crown"}],"items_purged_floors":[10],"is_endless":false,"potions_floor_spawned":[6,12,28,36,39,48],"killed_by":"Donu and Deca","ascension_level":1}}