{"host":"daa8jqyg4gqfaysm","time":1610522886,"event":{"mods":["BaseMod","Colored Powertips","Minty Spire (QoL Compilation)","StSLib"],"gold_per_floor":[109,122,36,36,51,51,65,93,93,6,23,39,39,71,71,71,71],"floor_reached":16,"language":"ENG","playtime":645,"items_purged":[],"score":224,"play_id":"e47bc9bc-391a-4def-ab33-1cc2b8af8388","local_time":"20210113152806","is_ascension_mode":true,"campfire_choices":[{"data":"Uppercut","floor":6.0,"key":"SMITH"},{"data":"True Grit","floor":13.0,"key":"SMITH"},{"data":"Sword Boomerang","floor":15.0,"key":"SMITH"}],"circlet_count":0,"master_deck":["AscendersBane","Strike_R","Defend_R","Defend_R","Defend_R","Defend_R","Bash","Spot Weakness+1","Dark Embrace+1","Battle Trance+1","Sword Boomerang+1","Cleave","Uppercut+1","Second Wind","True Grit+1","Sentinel","Reaper","Combust","Feel No Pain"],"relics":["Astrolabe","Blue Candle","InkBottle","Potion Belt"],"acts_visited":["Exordium"],"potions_floor_usage":[],"damage_taken":[{"damage":2.0,"enemies":"Cultist","floor":1.0,"turns":4.0},{"damage":2.0,"enemies":"2 Louse","floor":2.0,"turns":3.0},{"damage":3.0,"enemies":"Small Slimes","floor":5.0,"turns":3.0},{"damage":0.0,"enemies":"Looter","floor":7.0,"turns":3.0},{"damage":25.0,"enemies":"3 Sentries","floor":8.0,"turns":4.0},{"damage":18.0,"enemies":"Lots of Slimes","floor":11.0,"turns":2.0},{"damage":10.0,"enemies":"Blue Slaver","floor":12.0,"turns":4.0},{"damage":44.0,"enemies":"Gremlin Nob","floor":14.0,"turns":5.0},{"damage":5,"enemies":"Hexaghost","floor":16,"turns":9}],"seed_played":"-5566108807398491772","potions_obtained":[{"floor":7.0,"key":"Weak Potion"},{"floor":8.0,"key":"Fruit Juice"},{"floor":14.0,"key":"Fire Potion"}],"is_trial":false,"path_per_floor":["M","M","$","?","M","R","M","E","T","$","M","M","R","E","R","B"],"character_chosen":"IRONCLAD","items_purchased":["Uppercut","Reaper"],"campfire_rested":0,"item_purchase_floors":[3,10],"current_hp_per_floor":[66,64,64,57,54,54,54,29,29,29,51,50,50,6,6,9,9],"gold":71,"neow_bonus":"BOSS_RELIC","is_daily":false,"chose_seed":false,"campfire_upgraded":3,"win_rate":0.0,"timestamp":1610522886,"path_taken":["M","M","?","?","M","R","M","E","T","$","M","M","R","E","R","BOSS"],"items_purchased_type":["Card","Card"],"build_version":"2020-12-22","purchased_purges":0,"victory":false,"max_hp_per_floor":[75,75,75,75,75,75,75,75,75,75,75,75,75,75,75,75,75],"card_choices":[{"not_picked":["True Grit","Flame Barrier"],"picked":"Sword Boomerang","floor":1.0},{"not_picked":["Armaments","Pommel Strike"],"picked":"Cleave","floor":2.0},{"not_picked":["Clothesline","Blood for Blood"],"picked":"Second Wind","floor":5.0},{"not_picked":["Burning Pact","Havoc"],"picked":"True Grit","floor":7.0},{"not_picked":["Clash","Battle Trance"],"picked":"Sentinel","floor":8.0},{"not_picked":["Armaments","Clothesline"],"picked":"Combust","floor":11.0},{"not_picked":["Infernal Blade","Wild Strike","Iron Wave"],"picked":"SKIP","floor":12.0},{"not_picked":["Shockwave","Iron Wave"],"picked":"Feel No Pain","floor":14.0}],"player_experience":809486,"relics_obtained":[{"floor":8.0,"key":"Blue Candle"},{"floor":9.0,"key":"InkBottle"},{"floor":14.0,"key":"Potion Belt"}],"event_choices":[{"cards_removed":["Strike_R"],"damage_healed":0.0,"max_hp_gain":0.0,"max_hp_loss":0.0,"gold_gain":0.0,"event_name":"Golden Wing","player_choice":"Card Removal","floor":4.0,"gold_loss":0.0,"damage_taken":7.0}],"is_beta":false,"boss_relics":[],"items_purged_floors":[],"is_endless":false,"potions_floor_spawned":[7,8,11,14],"killed_by":"Hexaghost","ascension_level":20}}