{"host":"6to8m083wj0ro91z","time":1610567869,"event":{"mods":["100% Spire Juice","BaseMod","Better Third Choice","BetterRewards","CatGirl Mod","ChefMod","Friendly Minions","Hubris","Mad Scientist","Marisa????????","Minty Spire (QoL Compilation)","Railgun Mod","Robot Space Explorer","Shade Mod","Spicy Shops","StSLib","The Blackbeard","The Death Knight","The Gatherer","The Marked","The Mystic","The Necromancer","The Servant 0.9.4","WarShipGirlsR/????R mod"],"gold_per_floor":[119,119,133,152,169,169,181,181,181,181,206,219,245,264,264,367,127,144,144,154,69,69,69,103,103,103,116,143,143,143,157,157,260,260,278,297,316,36,36,65,65,65,88,88,115,149,33,67,67,67,67,67,5,33,33],"floor_reached":56,"language":"ENG","playtime":3342,"items_purged":["Moonworks:Strike"],"score":1638,"play_id":"0785a9ff-bc8d-4866-afb5-529bb224b93e","local_time":"20210113205749","is_ascension_mode":false,"campfire_choices":[{"data":"Moonworks:Ambush","floor":6.0,"key":"SMITH"},{"data":"Moonworks:RedAndBlue","floor":8.0,"key":"SMITH"},{"data":"Moonworks:TacticalRetreat","floor":10.0,"key":"SMITH"},{"data":"Moonworks:WindyEnchantment","floor":15.0,"key":"SMITH"},{"data":"Moonworks:AwakeningOfTalent","floor":23.0,"key":"SMITH"},{"data":"Moonworks:LongDistanceShot","floor":25.0,"key":"SMITH"},{"floor":30.0,"key":"RECALL"},{"data":"Moonworks:Defend","floor":32.0,"key":"SMITH"},{"data":"Moonworks:Defend","floor":41.0,"key":"SMITH"},{"data":"Madness","floor":49,"key":"SMITH"},{"data":"Moonworks:Strike","floor":52,"key":"SMITH"}],"circlet_count":0,"master_deck":["Moonworks:Strike+1","Moonworks:Defend+1","Moonworks:Defend+1","Moonworks:Defend+1","Moonworks:Defend+1","Moonworks:Ambush+1","Moonworks:LongDistanceShot+1","Moonworks:TacticalRetreat+1","Moonworks:RedAndBlue+1","Moonworks:HolyNight","Moonworks:WindyEnchantment+1","Moonworks:AwakeningOfTalent+1","Moonworks:CrystalBarrier+1","CurseOfTheBell","Moonworks:FullSpeedAlicianrone+1","Madness","Madness+1"],"relics":["Moonworks:SBBomb","Moonworks:Homemark","hubris:TinFlute","Matryoshka","hubris:PeanutButter","MutagenicStrength","The Courier","MealTicket","Vajra","hubris:BottledRain","Calling Bell","Bronze Scales","hubris:CrystalStatue","WingedGreaves","Bottled Lightning","Moonworks:GoldenDie","Darkstone Periapt","Toy Ornithopter","Orichalcum","hubris:Towel","Prayer Wheel","Centennial Puzzle","hubris:EmptyBottle","DeathKnight:PutricidesVial","Blue Candle"],"acts_visited":[],"potions_floor_usage":[46,54,55,55,55,55,55,55,55],"damage_taken":[{"damage":2.0,"enemies":"2 Louse","floor":1.0,"turns":3.0},{"damage":0.0,"enemies":"Cultist","floor":3.0,"turns":3.0},{"damage":0.0,"enemies":"Small Slimes","floor":4.0,"turns":3.0},{"damage":2.0,"enemies":"Blue Slaver","floor":5.0,"turns":4.0},{"damage":0.0,"enemies":"2 Fungi Beasts","floor":7.0,"turns":3.0},{"damage":0.0,"enemies":"Lagavulin","floor":11.0,"turns":5.0},{"damage":0.0,"enemies":"Looter","floor":12.0,"turns":3.0},{"damage":0.0,"enemies":"3 Sentries","floor":13.0,"turns":6.0},{"damage":0.0,"enemies":"Blue Slaver","floor":14.0,"turns":3.0},{"damage":12.0,"enemies":"The Guardian","floor":16.0,"turns":11.0},{"damage":0.0,"enemies":"Shell Parasite","floor":18.0,"turns":4.0},{"damage":0.0,"enemies":"Chosen","floor":20.0,"turns":4.0},{"damage":0.0,"enemies":"Slavers","floor":24.0,"turns":4.0},{"damage":3.0,"enemies":"Snake Plant","floor":27.0,"turns":2.0},{"damage":0.0,"enemies":"Book of Stabbing","floor":28.0,"turns":4.0},{"damage":0.0,"enemies":"Cultist and Chosen","floor":31.0,"turns":3.0},{"damage":12.0,"enemies":"Collector","floor":33.0,"turns":11.0},{"damage":0.0,"enemies":"3 Shapes","floor":35.0,"turns":3.0},{"damage":0.0,"enemies":"Orb Walker","floor":36.0,"turns":3.0},{"damage":0.0,"enemies":"Spire Growth","floor":37.0,"turns":4.0},{"damage":0.0,"enemies":"Reptomancer","floor":40.0,"turns":7.0},{"damage":0,"enemies":"Nemesis","floor":45,"turns":5},{"damage":0,"enemies":"Reptomancer","floor":46,"turns":5},{"damage":0,"enemies":"Giant Head","floor":48,"turns":8},{"damage":0,"enemies":"Time Eater","floor":50,"turns":14},{"damage":0,"enemies":"Shield and Spear","floor":54,"turns":9},{"damage":0,"enemies":"The Heart","floor":55,"turns":8}],"seed_played":"1033625491702644120","potions_obtained":[{"floor":3.0,"key":"Energy Potion"},{"floor":7.0,"key":"LiquidMemories"},{"floor":11.0,"key":"PowerPotion"},{"floor":13.0,"key":"LiquidBronze"},{"floor":24.0,"key":"DeathKnight:BottledBloodEchoes"},{"floor":28.0,"key":"AttackPotion"},{"floor":33.0,"key":"DistilledChaos"}],"is_trial":false,"path_per_floor":["M","?","M","M","M","R","M","R","T","R","E","M","E","M","R","B",null,"M","?","M","?","?","R","E","R","T","M","E","?","R","M","R","B",null,"M","M","M","$","?","E","R","?","T","?","E","E","$","E","R","B",null,"R","$","E","B",null],"character_chosen":"THE_STARBREAKER","items_purchased":["Bottled Lightning","Moonworks:GoldenDie","hubris:EmptyBottle","Dexterity Potion"],"campfire_rested":0,"item_purchase_floors":[38,38,47,53],"current_hp_per_floor":[40,40,40,40,38,38,38,38,38,38,38,38,38,38,38,26,60,60,50,50,50,50,50,50,50,50,47,47,47,47,47,47,35,65,65,65,65,65,46,46,46,38,38,38,38,43,58,58,58,58,65,65,65,65,65],"gold":33,"neow_bonus":"REMOVE_TWO","is_daily":false,"chose_seed":false,"campfire_upgraded":10,"win_rate":0.0,"timestamp":1610567869,"path_taken":["M","?","M","M","?","R","M","R","T","R","E","M","E","M","R","BOSS","M","?","M","?","?","R","E","R","T","M","E","?","R","M","R","BOSS","M","M","M","$","?","E","R","?","T","?","E","E","?","E","R","BOSS","R","$","E","BOSS"],"items_purchased_type":["Relic","Relic","Relic","Potion"],"build_version":"2020-12-22","purchased_purges":1,"victory":true,"max_hp_per_floor":[60,60,60,60,60,60,60,60,60,60,60,60,60,60,60,60,60,60,65,65,65,65,65,65,65,65,65,65,65,65,65,65,65,65,65,65,65,65,65,65,65,65,65,65,65,65,65,65,65,65,65,65,65,65,65],"card_choices":[{"not_picked":["Moonworks:JonathanRush","Moonworks:FinalSurgery","Moonworks:TreasureThief"],"picked":"SKIP","floor":1.0},{"not_picked":["Moonworks:SakisCookie","Moonworks:Assault","Moonworks:DeployBits"],"picked":"SKIP","floor":3.0},{"not_picked":["Moonworks:IndiscriminateFireSupport","Moonworks:CompletionReward"],"picked":"Moonworks:RedAndBlue","floor":4.0},{"not_picked":["Moonworks:EvilSpyWorkPreparation","Moonworks:JonathanRush","Moonworks:IndiscriminateFireSupport"],"picked":"SKIP","floor":5.0},{"not_picked":["Moonworks:WindyEnchantment","Moonworks:ForcedRevival"],"picked":"Moonworks:HolyNight","floor":7.0},{"not_picked":["Moonworks:ExtendedPhotonRifle","Moonworks:BackdoorTrade","Moonworks:TacticalRetreat"],"picked":"SKIP","floor":11.0},{"not_picked":["Moonworks:BigMagnum","Moonworks:ForcedRevival","Moonworks:CloudOfSeagulls"],"picked":"SKIP","floor":12.0},{"not_picked":["Moonworks:StiffCrystal","Moonworks:WeAreWaruda"],"picked":"Moonworks:WindyEnchantment","floor":13.0},{"not_picked":["Moonworks:LulusLuckyEgg","Moonworks:MiracleWalker","Moonworks:CloudOfSeagulls"],"picked":"SKIP","floor":14.0},{"not_picked":["Moonworks:ImOnFire","Moonworks:ForcedRevival","Moonworks:BigMagnum"],"picked":"SKIP","floor":18.0},{"not_picked":["Moonworks:SakisCookie","Moonworks:LulusLuckyEgg"],"picked":"Moonworks:AwakeningOfTalent","floor":20.0},{"not_picked":["Moonworks:Blazing","Moonworks:LulusLuckyEgg","Moonworks:EvilSpyWorkPreparation"],"picked":"SKIP","floor":24.0},{"not_picked":["Moonworks:IndiscriminateFireSupport+1","Moonworks:ReproductionOfRecords","Moonworks:TacticalRetreat+1"],"picked":"SKIP","floor":27.0},{"not_picked":["Moonworks:IndiscriminateFireSupport+1","Moonworks:ReproductionOfRecords","Moonworks:TacticalRetreat+1"],"picked":"SKIP","floor":27.0},{"not_picked":["Moonworks:ImOnFire+1","Moonworks:ReproductionOfRecords","Moonworks:UnpaidWork"],"picked":"SKIP","floor":28.0},{"not_picked":["Moonworks:IndiscriminateFireSupport+1","Moonworks:WindyEnchantment","Moonworks:LulusLuckyEgg+1"],"picked":"SKIP","floor":31.0},{"not_picked":["Moonworks:EvilMastermind","Moonworks:GoAway"],"picked":"Moonworks:CrystalBarrier","floor":33.0},{"not_picked":["Moonworks:NicePresent+1","Moonworks:BindingChains+1","Moonworks:EvilSpyWorkPreparation+1"],"picked":"SKIP","floor":35.0},{"not_picked":["Moonworks:SakisCookie","Moonworks:AngelHand"],"picked":"Moonworks:FullSpeedAlicianrone+1","floor":36.0},{"not_picked":["Moonworks:BigMagnum","Moonworks:IndiscriminateFireSupport+1","Moonworks:JonathanRush+1"],"picked":"SKIP","floor":37.0},{"not_picked":["Moonworks:ImOnFire","Moonworks:WindyEnchantment+1","Moonworks:AngelHand+1"],"picked":"SKIP","floor":40.0},{"not_picked":["Moonworks:EvilSpyWorkPreparation","Moonworks:UnluckyCharm+1","Moonworks:DevilHand"],"picked":"SKIP","floor":45},{"not_picked":["Moonworks:SakisCookie+1","Moonworks:BigMagnum","Moonworks:DeployBits"],"picked":"SKIP","floor":46},{"not_picked":["Moonworks:Assault+1","Moonworks:Bloodlust+1","Moonworks:EvilSpyWorkPreparation"],"picked":"SKIP","floor":48},{"not_picked":["Moonworks:BigMagnum+1","Moonworks:Assault+1","Moonworks:FinalSurgery+1"],"picked":"SKIP","floor":54}],"player_experience":1087587,"relics_obtained":[{"floor":11.0,"key":"hubris:TinFlute"},{"floor":13.0,"key":"Matryoshka"},{"floor":24.0,"key":"The Courier"},{"floor":26.0,"key":"MealTicket"},{"floor":26.0,"key":"Vajra"},{"floor":28.0,"key":"hubris:BottledRain"},{"floor":34.0,"key":"Bronze Scales"},{"floor":34.0,"key":"hubris:CrystalStatue"},{"floor":34.0,"key":"WingedGreaves"},{"floor":40.0,"key":"Darkstone Periapt"},{"floor":43.0,"key":"Toy Ornithopter"},{"floor":43.0,"key":"Orichalcum"},{"floor":45,"key":"Prayer Wheel"},{"floor":46,"key":"Centennial Puzzle"},{"floor":48,"key":"DeathKnight:PutricidesVial"},{"floor":54,"key":"Blue Candle"}],"event_choices":[{"damage_healed":0.0,"max_hp_gain":0.0,"max_hp_loss":0.0,"gold_gain":0.0,"event_name":"Match and Keep!","player_choice":"1 cards matched","floor":2.0,"gold_loss":0.0,"damage_taken":0.0,"cards_obtained":["Moonworks:TacticalRetreat"]},{"damage_healed":0.0,"max_hp_gain":5.0,"max_hp_loss":0.0,"gold_gain":0.0,"event_name":"Forgotten Altar","player_choice":"Shed Blood","floor":19.0,"gold_loss":0.0,"damage_taken":15.0},{"damage_healed":0.0,"max_hp_gain":0.0,"max_hp_loss":0.0,"gold_gain":0.0,"event_name":"Addict","player_choice":"Obtained Relic","floor":21.0,"gold_loss":85.0,"damage_taken":0.0,"relics_obtained":["hubris:PeanutButter"]},{"damage_healed":0.0,"max_hp_gain":0.0,"max_hp_loss":0.0,"gold_gain":0.0,"event_name":"Drug Dealer","player_choice":"Inject Mutagens","floor":22.0,"gold_loss":0.0,"damage_taken":0.0,"relics_obtained":["MutagenicStrength"]},{"damage_healed":0.0,"max_hp_gain":0.0,"max_hp_loss":0.0,"gold_gain":0.0,"event_name":"Vampires","player_choice":"Ignored","floor":29.0,"gold_loss":0.0,"damage_taken":0.0},{"damage_healed":0.0,"max_hp_gain":0.0,"max_hp_loss":0.0,"gold_gain":0.0,"event_name":"Winding Halls","player_choice":"Embrace Madness","floor":42.0,"gold_loss":0.0,"damage_taken":8.0,"cards_obtained":["Madness","Madness"]}],"is_beta":false,"boss_relics":[{"not_picked":["Empty Cage","Fusion Hammer"],"picked":"Moonworks:SBBomb"},{"not_picked":["hubris:GrandSneckoEye","hubris:HollowSoul"],"picked":"Calling Bell"}],"items_purged_floors":[38],"is_endless":false,"potions_floor_spawned":[3,7,11,13,16,24,27,28,31,33,35,45],"ascension_level":0}}