{"host":"f6w7z8zvb0mi4wy9","time":1610555423,"event":{"mods":["BaseMod","Colored Map","Minty Spire (QoL Compilation)","READ ME - Guardian Mod","StSLib","SuperFastMode","The Jungle"],"gold_per_floor":[113,288,288,363,375,406,406,406,484,517,517,536,536,569,569,666,666,678,678,698,713,812,847,847,880,930,930,944,977,977,988,988,1083,1083,1101,157,169,219,232,262,262,287,287,287,2,28,360,360,360,360,360,360,13,44,44],"floor_reached":56,"language":"KOR","playtime":3523,"items_purged":["Strike_B","Strike_B","Strike_B"],"score":1516,"play_id":"406ff0df-eeef-4a16-8980-4b3cfabc9f5f","local_time":"20210114013023","is_ascension_mode":true,"campfire_choices":[{"data":"Zap","floor":7,"key":"SMITH"},{"data":"Dualcast","floor":11,"key":"SMITH"},{"data":"Defragment","floor":15,"key":"SMITH"},{"data":"Coolheaded","floor":24,"key":"SMITH"},{"data":"Sunder","floor":27,"key":"SMITH"},{"floor":32,"key":"RECALL"},{"floor":41,"key":"REST"},{"data":"Creative AI","floor":44,"key":"SMITH"},{"data":"Capacitor","floor":49,"key":"SMITH"},{"data":"BootSequence","floor":52,"key":"SMITH"}],"circlet_count":0,"master_deck":["Strike_B","Defend_B","Defend_B","Defend_B","Defend_B","Zap+1","Dualcast+1","Sunder+1","Glacier","Core Surge","Genetic Algorithm+1","Defragment+1","Gash","Electrodynamics","Tempest+1","BootSequence+1","Ball Lightning","Coolheaded+1","Creative AI+1","Storm","Jack Of All Trades+1","Master of Strategy+1","Force Field+1","Double Energy+1","Redo+1","Bandage Up+1","Capacitor+1","Glacier+1","Reboot+1","Force Field+1","Madness+1","Capacitor+1","Storm"],"relics":["Cracked Core","Smiling Mask","CaptainsWheel","Eternal Feather","Regal Pillow","StrikeDummy","Philosopher\u0027s Stone","Singing Bowl","Ornamental Fan","Nunchaku","Ice Cream","Bag of Marbles","Black Star","Toxic Egg 2","Torii","WingedGreaves","Boot","Symbiotic Virus","War Paint","Toy Ornithopter","Sundial","Pantograph","Juzu Bracelet","Old Coin","The Courier","DollysMirror","Bag of Preparation","Dead Branch"],"acts_visited":["Exordium","TheCity","TheBeyond","TheEnding"],"potions_floor_usage":[10,16,21,25,29,35,40,40,40,40,50,54,55,55],"damage_taken":[{"damage":6,"enemies":"Jaw Worm","floor":1,"turns":3},{"damage":0,"enemies":"2 Louse","floor":5,"turns":1},{"damage":24,"enemies":"3 Sentries","floor":6,"turns":10},{"damage":6,"enemies":"Gremlin Nob","floor":10,"turns":4},{"damage":0,"enemies":"Cultist","floor":12,"turns":2},{"damage":2,"enemies":"Lagavulin","floor":14,"turns":7},{"damage":0,"enemies":"The Guardian","floor":16,"turns":10},{"damage":0,"enemies":"Chosen","floor":18,"turns":4},{"damage":6,"enemies":"Shell Parasite","floor":20,"turns":5},{"damage":24,"enemies":"Snake Plant","floor":21,"turns":2},{"damage":16,"enemies":"Gremlin Leader","floor":23,"turns":5},{"damage":7,"enemies":"Slavers","floor":25,"turns":2},{"damage":0,"enemies":"Shelled Parasite and Fungi","floor":28,"turns":5},{"damage":18,"enemies":"Book of Stabbing","floor":29,"turns":5},{"damage":0,"enemies":"Centurion and Healer","floor":31,"turns":5},{"damage":51,"enemies":"Champ","floor":33,"turns":13},{"damage":15,"enemies":"Orb Walker","floor":35,"turns":5},{"damage":16,"enemies":"3 Darklings","floor":37,"turns":4},{"damage":40,"enemies":"2 Orb Walkers","floor":38,"turns":3},{"damage":0,"enemies":"Transient","floor":39,"turns":5},{"damage":18,"enemies":"Giant Head","floor":40,"turns":8},{"damage":8,"enemies":"Reptomancer","floor":42,"turns":6},{"damage":25,"enemies":"Nemesis","floor":46,"turns":7},{"damage":0,"enemies":"Giant Head","floor":47,"turns":6},{"damage":13,"enemies":"Awakened One","floor":50,"turns":9},{"damage":67,"enemies":"Shield and Spear","floor":54,"turns":6},{"damage":80,"enemies":"The Heart","floor":55,"turns":10}],"seed_played":"3802634658139932355","potions_obtained":[{"floor":1,"key":"Weak Potion"},{"floor":10,"key":"AttackPotion"},{"floor":12,"key":"Swift Potion"},{"floor":14,"key":"PowerPotion"},{"floor":20,"key":"EntropicBrew"},{"floor":23,"key":"DistilledChaos"},{"floor":28,"key":"SneckoOil"},{"floor":33,"key":"BlessingOfTheForge"},{"floor":38,"key":"FearPotion"},{"floor":39,"key":"DistilledChaos"},{"floor":47,"key":"PowerPotion"}],"is_trial":false,"path_per_floor":["M","?","?","?","M","E","R","T","T","E","R","M","?","E","R","B",null,"M","?","M","M","?","E","R","E","T","R","M","E","?","M","R","B",null,"M","$","M","?","M","E","R","E","T","R","$","E","E","?","R","B",null,"R","$","E","B",null],"character_chosen":"DEFECT","items_purchased":["Toxic Egg 2","Jack Of All Trades+1","Master of Strategy+1","Force Field+1","Torii","Bandage Up+1","Capacitor","Glacier+1","Madness+1","SkillPotion","DollysMirror","Storm"],"campfire_rested":1,"item_purchase_floors":[36,36,36,36,36,45,45,45,53,53,53,53],"current_hp_per_floor":[69,69,69,58,58,34,34,34,34,28,34,34,39,37,46,46,80,80,80,74,50,50,36,48,43,43,55,57,41,41,43,55,4,90,75,75,61,23,23,7,65,57,57,72,72,59,67,67,85,91,98,98,98,44,5],"gold":44,"neow_bonus":"RANDOM_COMMON_RELIC","is_daily":false,"chose_seed":false,"campfire_upgraded":8,"win_rate":0.0,"timestamp":1610555423,"path_taken":["M","?","?","?","M","E","R","?","T","E","R","M","?","E","R","BOSS","M","?","M","M","?","E","R","E","T","R","M","E","?","M","R","BOSS","M","$","M","?","M","E","R","E","T","R","$","E","E","?","R","BOSS","R","$","E","BOSS"],"items_purchased_type":["Relic","Card","Card","Card","Relic","Card","Card","Card","Card","Potion","Relic","Card"],"build_version":"2020-12-22","purchased_purges":3,"victory":true,"max_hp_per_floor":[75,75,75,75,75,75,75,75,75,75,75,75,80,80,80,80,80,80,80,80,80,80,82,82,84,84,84,86,88,88,90,90,90,90,90,90,92,94,94,96,96,96,96,96,96,96,98,98,98,98,98,98,98,100,100],"card_choices":[{"not_picked":["Rebound","Conserve Battery"],"picked":"Sunder","floor":1},{"not_picked":["Beam Cell","Leap"],"picked":"Glacier","floor":5},{"not_picked":["Stack","Sweeping Beam"],"picked":"Core Surge","floor":6},{"not_picked":["Undo","Beam Cell"],"picked":"Genetic Algorithm","floor":10},{"not_picked":["Skim","Barrage"],"picked":"Defragment","floor":12},{"not_picked":["Steam","Hologram"],"picked":"Gash","floor":14},{"not_picked":["Reboot","Amplify"],"picked":"Electrodynamics","floor":16},{"not_picked":["Coolheaded","Leap"],"picked":"Tempest","floor":18},{"not_picked":["Force Field","Doom and Gloom"],"picked":"Ball Lightning","floor":20},{"not_picked":["Recycle","Leap"],"picked":"Coolheaded","floor":21},{"not_picked":["Reinforced Body+1","Barrage+1","Streamline"],"picked":"Singing Bowl","floor":23},{"not_picked":["Beam Cell","Reprogram","Force Field"],"picked":"Singing Bowl","floor":25},{"not_picked":["Chaos","Ball Lightning+1","Doom and Gloom+1"],"picked":"Singing Bowl","floor":28},{"not_picked":["Go for the Eyes","Sunder+1","Stack+1"],"picked":"Singing Bowl","floor":29},{"not_picked":["Reprogram+1","Ball Lightning","Amplify"],"picked":"Singing Bowl","floor":31},{"not_picked":["Seek","Fission"],"picked":"Creative AI","floor":33},{"not_picked":["Genetic Algorithm","Auto Shields"],"picked":"Storm","floor":35},{"not_picked":["Ball Lightning+1","Hologram+1","Stack+1"],"picked":"Singing Bowl","floor":37},{"not_picked":["Sweeping Beam","Coolheaded+1","Barrage+1"],"picked":"Singing Bowl","floor":38},{"not_picked":["Ball Lightning+1","Melter"],"picked":"Double Energy+1","floor":39},{"not_picked":["Hologram+1","Conserve Battery+1","Electrodynamics"],"picked":"Singing Bowl","floor":40},{"not_picked":["Auto Shields+1","Loop+1"],"picked":"Redo+1","floor":42},{"not_picked":["Blizzard","Tempest+1"],"picked":"Reboot+1","floor":46},{"not_picked":["Steam+1","Undo+1","Streamline"],"picked":"Singing Bowl","floor":47},{"not_picked":["Hyperbeam","Lockon+1","Go for the Eyes"],"picked":"Singing Bowl","floor":54}],"player_experience":874780,"relics_obtained":[{"floor":6,"key":"CaptainsWheel"},{"floor":9,"key":"Eternal Feather"},{"floor":10,"key":"Regal Pillow"},{"floor":14,"key":"StrikeDummy"},{"floor":23,"key":"Singing Bowl"},{"floor":25,"key":"Ornamental Fan"},{"floor":26,"key":"Nunchaku"},{"floor":29,"key":"Ice Cream"},{"floor":38,"key":"WingedGreaves"},{"floor":40,"key":"Boot"},{"floor":40,"key":"Symbiotic Virus"},{"floor":42,"key":"War Paint"},{"floor":42,"key":"Toy Ornithopter"},{"floor":43,"key":"Sundial"},{"floor":46,"key":"Pantograph"},{"floor":46,"key":"Juzu Bracelet"},{"floor":47,"key":"Old Coin"},{"floor":47,"key":"The Courier"},{"floor":54,"key":"Bag of Preparation"},{"floor":54,"key":"Dead Branch"}],"event_choices":[{"damage_healed":0,"gold_gain":175,"player_choice":"AGREE","damage_taken":0,"max_hp_gain":0,"max_hp_loss":0,"event_name":"Liars Game","floor":2,"gold_loss":0,"cards_obtained":["Doubt"]},{"cards_removed":["Doubt"],"damage_healed":0,"gold_gain":0,"player_choice":"Forget","damage_taken":0,"max_hp_gain":0,"max_hp_loss":0,"event_name":"Living Wall","floor":3,"gold_loss":0},{"damage_healed":0,"gold_gain":75,"player_choice":"Gather Gold","damage_taken":11,"max_hp_gain":0,"max_hp_loss":0,"event_name":"World of Goop","floor":4,"gold_loss":0},{"damage_healed":0,"gold_gain":0,"player_choice":"Donut","damage_taken":0,"max_hp_gain":5,"max_hp_loss":0,"event_name":"Big Fish","floor":13,"gold_loss":0},{"damage_healed":0,"gold_gain":0,"player_choice":"Read","damage_taken":0,"max_hp_gain":0,"max_hp_loss":0,"event_name":"The Library","floor":19,"gold_loss":0,"cards_obtained":["BootSequence"]},{"damage_healed":0,"gold_gain":99,"player_choice":"Stole From Cult","damage_taken":0,"max_hp_gain":0,"max_hp_loss":0,"event_name":"Nest","floor":22,"gold_loss":0},{"damage_healed":0,"gold_gain":0,"player_choice":"Opened","damage_taken":0,"relics_obtained":["Bag of Marbles"],"max_hp_gain":0,"max_hp_loss":0,"event_name":"The Mausoleum","floor":30,"gold_loss":0},{"damage_healed":0,"gold_gain":0,"player_choice":"Fight","damage_taken":0,"max_hp_gain":0,"max_hp_loss":0,"event_name":"Mysterious Sphere","floor":38,"gold_loss":0},{"damage_healed":0,"gold_gain":0,"player_choice":"Copied","damage_taken":0,"max_hp_gain":0,"max_hp_loss":0,"event_name":"Duplicator","floor":48,"gold_loss":0,"cards_obtained":["Force Field"]}],"is_beta":false,"boss_relics":[{"not_picked":["Runic Dome","Velvet Choker"],"picked":"Philosopher\u0027s Stone"},{"not_picked":["Astrolabe","Nuclear Battery"],"picked":"Black Star"}],"items_purged_floors":[36,45,53],"is_endless":false,"potions_floor_spawned":[1,10,12,14,20,23,28,33,38,39,47],"ascension_level":1}}