{"host":"6jrnojxwearbrjzo","time":1610563569,"event":{"mods":["BaseMod","Colored Map","Conspire","Highlight Path","Minty Spire (QoL Compilation)","Quick Restart","Replay The Spire","Shop Mod","Spicy Shops","StSLib","The Servant 0.9.4"],"gold_per_floor":[112,112,112,210,0,0,13,25,52,52,70,101,101,115,115,216,216,227,52,52,52,72,72,87,101,124,140,140,174,201,231,243,155,155],"floor_reached":33,"language":"ZHS","playtime":1283,"items_purged":["Pride","Parasite"],"score":307,"play_id":"856f47b6-f028-4a85-b575-6c93a3206378","local_time":"20210114024609","is_ascension_mode":true,"campfire_choices":[{"floor":6,"key":"REST"},{"data":"Crystallizer","floor":10,"key":"SMITH"},{"floor":15,"key":"REST"},{"data":"Amplify","floor":23,"key":"SMITH"},{"floor":32,"key":"REST"}],"circlet_count":0,"master_deck":["Strike_B","Strike_B+1","Defend_B","Defend_B+1","Defend_B","Zap","Dualcast","Defragment","Hologram","Gash","Crystallizer+1","Glacier+1","Amplify+1","Buffer+1","conspire:SharedLibrary+1","Storm+1","Panic Button","Chill","Gash","Sickly","Fission","ReplayTheSpireMod:GoodbyeWorld+1"],"relics":["Cracked Core","Oddly Smooth Stone","Chemical X","Gremlin Food","Anchor","Frozen Egg 2","conspire:SpecialSausage","ReplayTheSpireMod:CursedCoin","Raider\u0027s Mask","Art of War","Ring of Misfortune","ReplayTheSpireMod:Ring of Collecting","Red Mask","MawBank"],"acts_visited":["Exordium","TheCity"],"potions_floor_usage":[12,16,16,30,30,31,31],"damage_taken":[{"damage":6,"enemies":"Jaw Worm","floor":1,"turns":2},{"damage":0,"enemies":"2 Louse","floor":7,"turns":3},{"damage":0,"enemies":"Small Slimes","floor":8,"turns":2},{"damage":0,"enemies":"Exordium Wildlife","floor":11,"turns":8},{"damage":18,"enemies":"Gremlin Nob","floor":12,"turns":4},{"damage":0,"enemies":"3 Louse","floor":14,"turns":3},{"damage":26,"enemies":"Hexaghost","floor":16,"turns":11},{"damage":10,"enemies":"Spheric Guardian","floor":18,"turns":5},{"damage":2,"enemies":"Shell Parasite","floor":22,"turns":3},{"damage":12,"enemies":"3 Cultists","floor":24,"turns":3},{"damage":23,"enemies":"Shelled Parasite and Fungi","floor":25,"turns":5},{"damage":0,"enemies":"Snecko","floor":27,"turns":6},{"damage":0,"enemies":"Masked Bandits","floor":29,"turns":3},{"damage":2,"enemies":"Gremlin Leader","floor":30,"turns":9},{"damage":0,"enemies":"Centurion and Healer","floor":31,"turns":4},{"damage":50,"enemies":"Pondfish","floor":33,"turns":13}],"seed_played":"5554061479478894550","potions_obtained":[{"floor":1,"key":"Doom Potion"},{"floor":7,"key":"PotionOfCapacity"},{"floor":8,"key":"Death Potion"},{"floor":12,"key":"Fire Potion"},{"floor":25,"key":"Swift Potion"},{"floor":27,"key":"Swift Potion"},{"floor":29,"key":"FearPotion"},{"floor":30,"key":"Fire Potion"}],"is_trial":false,"path_per_floor":["M","?","?","?","$","R","M","M","T","R","M","E","?","M","R","B",null,"M","$","?","?","M","R","M","M","T","M","?","?","E","M","R","B"],"character_chosen":"DEFECT","items_purchased":["Chemical X","Gremlin Food","ReplayTheSpireMod:CursedCoin","Storm+1","Raider\u0027s Mask"],"campfire_rested":3,"item_purchase_floors":[5,5,19,19,19],"current_hp_per_floor":[48,45,45,15,15,37,37,37,37,37,37,19,37,37,59,33,75,65,65,65,65,63,63,51,28,28,28,28,28,26,26,47,0,0],"gold":155,"neow_bonus":"REMOVE_TWO","is_daily":false,"chose_seed":false,"campfire_upgraded":2,"win_rate":0.0,"timestamp":1610563569,"path_taken":["M","?","?","?","$","R","?","M","T","R","M","E","?","M","R","BOSS","M","$","?","?","M","R","?","M","T","?","?","?","E","M","R","BOSS"],"items_purchased_type":["Relic","Relic","Relic","Card","Relic"],"build_version":"2020-12-22","purchased_purges":2,"victory":false,"max_hp_per_floor":[75,75,75,75,75,75,75,75,75,75,75,75,75,75,75,75,75,75,72,72,72,72,72,72,72,72,72,72,72,72,72,72,72,72],"card_choices":[{"not_picked":["Darkness","Ball Lightning","BasicCrystalCard"],"picked":"SKIP","floor":1},{"not_picked":["Auto Shields","Rebound"],"picked":"Defragment","floor":4},{"not_picked":["Force Field","Barrage"],"picked":"Hologram","floor":4},{"not_picked":["ReplayGash","Blizzard"],"picked":"Gash","floor":4},{"not_picked":["Cold Snap","Storm"],"picked":"Crystallizer","floor":7},{"not_picked":["Steam","ReplayTheSpireMod:Repulse"],"picked":"Glacier","floor":8},{"not_picked":["Hologram","Beam Cell","Steam"],"picked":"SKIP","floor":11},{"not_picked":["Ball Lightning","Beam Cell","Cold Snap"],"picked":"SKIP","floor":12},{"not_picked":["Cold Snap","Steam"],"picked":"Amplify","floor":14},{"not_picked":["Rainbow","Meteor Strike"],"picked":"Buffer+1","floor":16},{"not_picked":["Stack+1","Sweeping Beam"],"picked":"conspire:SharedLibrary+1","floor":18},{"not_picked":["Ball Lightning","Rebound+1","Hologram"],"picked":"SKIP","floor":22},{"not_picked":["Redo","Barrage"],"picked":"Panic Button","floor":24},{"not_picked":["Lockon+1","Rebound"],"picked":"Chill","floor":25},{"not_picked":["Turbo","FTL"],"picked":"Gash","floor":27},{"not_picked":["Steam","Go for the Eyes+1"],"picked":"Fission","floor":30},{"not_picked":["Stack+1","Conserve Battery"],"picked":"ReplayTheSpireMod:GoodbyeWorld+1","floor":31}],"player_experience":67724,"relics_obtained":[{"floor":9,"key":"Anchor"},{"floor":12,"key":"Frozen Egg 2"},{"floor":26,"key":"Art of War"},{"floor":28,"key":"Ring of Misfortune"},{"floor":28,"key":"ReplayTheSpireMod:Ring of Collecting"},{"floor":29,"key":"Red Mask"},{"floor":30,"key":"MawBank"}],"event_choices":[{"damage_healed":0,"gold_gain":0,"player_choice":"Success","damage_taken":3,"relics_obtained":["Oddly Smooth Stone"],"max_hp_gain":0,"max_hp_loss":0,"event_name":"Scrap Ooze","floor":2,"gold_loss":0},{"cards_removed":["Strike_B"],"damage_healed":0,"gold_gain":0,"player_choice":"Forget","damage_taken":0,"max_hp_gain":0,"max_hp_loss":0,"event_name":"Living Wall","floor":3,"gold_loss":0},{"damage_healed":18,"gold_gain":0,"player_choice":"Healed and dodged fight","damage_taken":0,"max_hp_gain":0,"max_hp_loss":0,"event_name":"Mushrooms","floor":13,"gold_loss":0,"cards_obtained":["Parasite"]},{"cards_removed":["Looming Evil"],"damage_healed":0,"gold_gain":0,"player_choice":"Elegance","damage_taken":0,"max_hp_gain":0,"max_hp_loss":0,"event_name":"Back to Basics","floor":21,"gold_loss":0},{"damage_healed":0,"gold_gain":0,"player_choice":"Fought Bandits","damage_taken":0,"max_hp_gain":0,"max_hp_loss":0,"event_name":"Masked Bandits","floor":29,"gold_loss":0}],"is_beta":false,"boss_relics":[{"not_picked":["Nuclear Battery","SlaversCollar"],"picked":"conspire:SpecialSausage"}],"items_purged_floors":[5,19],"is_endless":false,"potions_floor_spawned":[1,7,8,12,18,25,27,29,30],"killed_by":"Pondfish","ascension_level":1}}