{"host":"x205naxbihvu3p76","time":1610521757,"event":{"mods":["AchievementEnabler","BaseMod","Minty Spire (QoL Compilation)","StSLib","SuperFastMode"],"gold_per_floor":[113,113,38,58,72,72,86,120,120,138,152,152,169,196,196,196,196],"floor_reached":16,"language":"KOR","playtime":350,"items_purged":[],"score":228,"play_id":"b1a84658-d4ac-473d-a0d7-c7a01ca72688","local_time":"20210113160917","is_ascension_mode":true,"campfire_choices":[{"data":"Go for the Eyes","floor":6,"key":"SMITH"},{"floor":12,"key":"REST"},{"data":"Chaos","floor":15,"key":"SMITH"}],"circlet_count":0,"master_deck":["AscendersBane","Strike_B","Strike_B","Strike_B","Defend_B","Defend_B","Defend_B","Zap","Dualcast","Reboot","Capacitor","Tempest","Go for the Eyes+1","Glacier","Cold Snap","Chaos+1","Conserve Battery"],"relics":["Cracked Core","MealTicket","Happy Flower","InkBottle"],"acts_visited":["Exordium"],"potions_floor_usage":[11,16],"damage_taken":[{"damage":11,"enemies":"Jaw Worm","floor":1,"turns":5},{"damage":3,"enemies":"2 Louse","floor":4,"turns":3},{"damage":10,"enemies":"Small Slimes","floor":5,"turns":4},{"damage":1,"enemies":"2 Fungi Beasts","floor":7,"turns":4},{"damage":24,"enemies":"Lagavulin","floor":8,"turns":8},{"damage":1,"enemies":"Blue Slaver","floor":10,"turns":3},{"damage":0,"enemies":"3 Louse","floor":11,"turns":2},{"damage":3,"enemies":"Exordium Wildlife","floor":13,"turns":3},{"damage":15,"enemies":"3 Sentries","floor":14,"turns":7},{"damage":18,"enemies":"The Guardian","floor":16,"turns":2}],"seed_played":"-7911621355708599282","potions_obtained":[{"floor":1,"key":"ColorlessPotion"},{"floor":4,"key":"Explosive Potion"},{"floor":7,"key":"DuplicationPotion"}],"is_trial":false,"path_per_floor":["M","?","?","M","M","R","M","E","T","M","M","R","M","E","R","B"],"character_chosen":"DEFECT","items_purchased":[],"campfire_rested":1,"item_purchase_floors":[],"current_hp_per_floor":[53,53,53,50,40,40,39,15,15,14,14,35,32,17,17,0,0],"gold":196,"neow_bonus":"TRANSFORM_CARD","is_daily":false,"chose_seed":false,"campfire_upgraded":2,"win_rate":0.0,"timestamp":1610521757,"path_taken":["M","?","?","M","M","R","M","E","T","M","M","R","M","E","R","BOSS"],"items_purchased_type":[],"build_version":"2020-12-22","purchased_purges":0,"victory":false,"max_hp_per_floor":[71,71,71,71,71,71,71,71,71,71,71,71,71,71,71,71,71],"card_choices":[{"not_picked":["Lockon","Recycle"],"picked":"Capacitor","floor":1},{"not_picked":["Heatsinks","Fusion"],"picked":"Tempest","floor":4},{"not_picked":["Auto Shields","Turbo"],"picked":"Go for the Eyes","floor":5},{"not_picked":["Hologram","Leap"],"picked":"Glacier","floor":7},{"not_picked":["Conserve Battery","Capacitor"],"picked":"Cold Snap","floor":8},{"not_picked":["Reinforced Body","Beam Cell"],"picked":"Chaos","floor":10},{"not_picked":["Coolheaded","Rebound","Cold Snap"],"picked":"SKIP","floor":11},{"not_picked":["Force Field","Barrage","Steam"],"picked":"SKIP","floor":13},{"not_picked":["Genetic Algorithm","Reboot"],"picked":"Conserve Battery","floor":14}],"player_experience":972123,"relics_obtained":[{"floor":8,"key":"MealTicket"},{"floor":9,"key":"Happy Flower"},{"floor":14,"key":"InkBottle"}],"event_choices":[{"damage_healed":0,"gold_gain":0,"player_choice":"Ignored","damage_taken":0,"max_hp_gain":0,"max_hp_loss":0,"event_name":"Liars Game","floor":2,"gold_loss":0},{"cards_removed":["Defend_B"],"damage_healed":0,"gold_gain":0,"player_choice":"Card Removal","damage_taken":0,"max_hp_gain":0,"max_hp_loss":0,"event_name":"The Cleric","floor":3,"gold_loss":75}],"is_beta":false,"boss_relics":[],"items_purged_floors":[],"is_endless":false,"potions_floor_spawned":[1,4,7],"killed_by":"The Guardian","ascension_level":20}}