{"host":"khm4we1ijduz33xh","time":1610513780,"event":{"mods":["AchievementEnabler","BaseMod","Colored Map","Minty Spire (QoL Compilation)","Rare Cards Sparkle","StSLib","SuperFastMode"],"gold_per_floor":[110,110,110,121,53,53,81,97,120,134,148,148,33,58,58,161,161,180,180,200,250,28,28,56,68,91,111,124,124,57,67,67,67,67],"floor_reached":33,"language":"KOR","playtime":1343,"items_purged":["Strike_B"],"score":357,"play_id":"e5cadc57-29d3-466b-9df2-4da23e447c50","local_time":"20210113135620","is_ascension_mode":true,"campfire_choices":[{"data":"Zap","floor":6,"key":"SMITH"},{"data":"Loop","floor":12,"key":"SMITH"},{"data":"Electrodynamics","floor":15,"key":"SMITH"},{"data":"Turbo","floor":23,"key":"SMITH"},{"floor":29,"key":"REST"},{"data":"Echo Form","floor":32,"key":"SMITH"}],"circlet_count":0,"master_deck":["Strike_B","Strike_B","Defend_B","Defend_B","Defend_B","Defend_B","Zap+1","Dualcast","Cold Snap","Reboot","Melter","Loop+1","FTL","Electrodynamics+1","Conserve Battery","Capacitor","Aggregate","Ball Lightning","Meteor Strike","Leap","Turbo+1","Ball Lightning","Chill+1","Reinforced Body+1","Pain","Echo Form+1","Turbo","Glacier","Fission"],"relics":["Cracked Core","NeowsBlessing","Strawberry","Potion Belt","Cursed Key","Nloth\u0027s Gift","Medical Kit","Pear","Omamori"],"acts_visited":["Exordium","TheCity"],"potions_floor_usage":[24,27,28,33],"damage_taken":[{"damage":0,"enemies":"2 Louse","floor":1,"turns":1},{"damage":0,"enemies":"Small Slimes","floor":4,"turns":1},{"damage":0,"enemies":"Gremlin Nob","floor":7,"turns":1},{"damage":5,"enemies":"Jaw Worm","floor":8,"turns":3},{"damage":14,"enemies":"3 Louse","floor":10,"turns":2},{"damage":10,"enemies":"Lots of Slimes","floor":11,"turns":2},{"damage":17,"enemies":"3 Sentries","floor":14,"turns":5},{"damage":22,"enemies":"The Guardian","floor":16,"turns":9},{"damage":0,"enemies":"Chosen","floor":18,"turns":4},{"damage":0,"enemies":"Spheric Guardian","floor":20,"turns":2},{"damage":28,"enemies":"Slavers","floor":24,"turns":4},{"damage":0,"enemies":"Cultist and Chosen","floor":25,"turns":4},{"damage":22,"enemies":"Centurion and Healer","floor":27,"turns":6},{"damage":23,"enemies":"Snake Plant","floor":28,"turns":5},{"damage":12,"enemies":"3 Cultists","floor":31,"turns":5},{"damage":37,"enemies":"Champ","floor":33,"turns":10}],"seed_played":"7358051861575229438","potions_obtained":[{"floor":8,"key":"Strength Potion"},{"floor":10,"key":"Block Potion"},{"floor":11,"key":"EssenceOfSteel"},{"floor":14,"key":"FearPotion"},{"floor":16,"key":"SpeedPotion"},{"floor":25,"key":"Fire Potion"},{"floor":27,"key":"GamblersBrew"},{"floor":31,"key":"Ancient Potion"}],"is_trial":false,"path_per_floor":["M","?","?","M","$","R","E","M","T","M","M","R","$","E","R","B",null,"M","?","M","?","$","R","E","M","T","M","M","R","$","M","R","B"],"character_chosen":"DEFECT","items_purchased":["Loop","Aggregate","Medical Kit","Turbo","Ball Lightning","Glacier"],"campfire_rested":1,"item_purchase_floors":[5,13,22,22,22,30],"current_hp_per_floor":[75,75,75,75,75,75,82,77,77,63,53,53,53,36,36,14,82,82,82,82,82,82,82,64,64,64,42,19,46,46,34,34,0,0],"gold":67,"neow_bonus":"THREE_ENEMY_KILL","is_daily":false,"chose_seed":false,"campfire_upgraded":5,"win_rate":0.0,"timestamp":1610513780,"path_taken":["M","?","?","?","$","R","E","M","T","M","M","R","$","E","R","BOSS","M","?","?","?","$","R","E","M","T","M","?","R","$","M","R","BOSS"],"items_purchased_type":["Card","Card","Relic","Card","Card","Card"],"build_version":"2020-12-22","purchased_purges":1,"victory":false,"max_hp_per_floor":[75,75,75,75,75,75,82,82,82,82,82,82,82,82,82,82,82,82,82,82,82,82,82,92,92,92,92,92,92,92,92,92,92,92],"card_choices":[{"not_picked":["Leap","Go for the Eyes"],"picked":"Cold Snap","floor":1},{"not_picked":["Gash","Darkness"],"picked":"Melter","floor":4},{"not_picked":["Rebound","Compile Driver"],"picked":"FTL","floor":7},{"not_picked":["Go for the Eyes","Turbo"],"picked":"Electrodynamics","floor":8},{"not_picked":["Steam","Hologram"],"picked":"Conserve Battery","floor":10},{"not_picked":["Barrage","Loop"],"picked":"Capacitor","floor":11},{"not_picked":["Darkness","Recycle"],"picked":"Ball Lightning","floor":14},{"not_picked":["Reboot","Core Surge"],"picked":"Meteor Strike","floor":16},{"not_picked":["Recycle","Blizzard+1","Loop"],"picked":"SKIP","floor":18},{"not_picked":["Cold Snap","Doom and Gloom"],"picked":"Leap","floor":20},{"not_picked":["Beam Cell","Heatsinks"],"picked":"Chill+1","floor":24},{"not_picked":["Stack","Skim"],"picked":"Reinforced Body+1","floor":25},{"not_picked":["Redo","Go for the Eyes"],"picked":"Echo Form","floor":27},{"not_picked":["Beam Cell","Cold Snap+1"],"picked":"Turbo","floor":28},{"not_picked":["Blizzard","Barrage"],"picked":"Fission","floor":31}],"player_experience":220722,"relics_obtained":[{"floor":7,"key":"Strawberry"},{"floor":9,"key":"Potion Belt"},{"floor":14,"key":"Gambling Chip"},{"floor":24,"key":"Pear"},{"floor":26,"key":"Omamori"}],"event_choices":[{"damage_healed":0,"gold_gain":0,"player_choice":"Ignored","damage_taken":0,"max_hp_gain":0,"max_hp_loss":0,"event_name":"Liars Game","floor":2,"gold_loss":0},{"damage_healed":0,"gold_gain":0,"cards_transformed":["Strike_B"],"player_choice":"Change","damage_taken":0,"max_hp_gain":0,"max_hp_loss":0,"event_name":"Living Wall","floor":3,"gold_loss":0,"cards_obtained":["Reboot"]},{"damage_healed":0,"gold_gain":0,"player_choice":"Traded Relic","damage_taken":0,"relics_obtained":["Nloth\u0027s Gift"],"max_hp_gain":0,"max_hp_loss":0,"event_name":"N\u0027loth","floor":19,"relics_lost":["Gambling Chip"],"gold_loss":0},{"damage_healed":0,"gold_gain":100,"player_choice":"Bet on Murderer","damage_taken":0,"max_hp_gain":0,"max_hp_loss":0,"event_name":"The Joust","floor":21,"gold_loss":50}],"is_beta":false,"boss_relics":[{"not_picked":["Nuclear Battery","Busted Crown"],"picked":"Cursed Key"}],"items_purged_floors":[13],"is_endless":false,"potions_floor_spawned":[8,10,11,14,16,25,27,31],"killed_by":"Champ","ascension_level":2}}