{"host":"urvvf8749ekcxo1a","time":1610507374,"event":{"mods":["BaseMod","Better Sensory Stone","BetterRewards","Colored Powertips","Evolution","Gold Saver","Marisa????????","Minty Spire (QoL Compilation)","Quick Restart","Replay The Spire","StSLib","The Cursed","The Servant 0.9.4","The Wild Card"],"gold_per_floor":[109,121,221,235,310,340,340,353,379,452,482,482,497,514,514,613,613,625,625,625,637,656,656,672,672,672],"floor_reached":25,"language":"ENG","playtime":964,"items_purged":[],"score":217,"play_id":"cddc206d-50da-43b7-abbe-fe35cb016c4c","local_time":"20210112220934","is_ascension_mode":false,"campfire_choices":[{"floor":12,"key":"REST"},{"floor":15,"key":"REST"},{"data":"TheCursedMod:HellfireBreathing","floor":23,"key":"SMITH"}],"circlet_count":0,"master_deck":["TheCursedMod:Strike_TheCursed","TheCursedMod:Strike_TheCursed","TheCursedMod:Strike_TheCursed","TheCursedMod:Strike_TheCursed","TheCursedMod:Defend_TheCursed","TheCursedMod:Defend_TheCursed","TheCursedMod:Defend_TheCursed","TheCursedMod:Defend_TheCursed","TheCursedMod:CursedWand","TheCursedMod:CleanUpWorkshop","TheCursedMod:Dregs","TheCursedMod:HellfireBreathing+1","TheCursedMod:LuckyCharm","TheCursedMod:CursedBoomerang","TheCursedMod:Obscuration","TheCursedMod:CursedBlade","TheCursedMod:WearCloak","TheCursedMod:TacticalStrike","TheCursedMod:VoidForm+1","TheCursedMod:CursedBoomerang","TheCursedMod:ReleasedStrength+1","TheCursedMod:CircleOfCorruption"],"relics":["TheCursedMod:BlackMagic101","EVO:Axolotl","ReplayFunnel","Blue Doll","Golden Egg","Pen Nib","Black Star","Enchiridion"],"acts_visited":["Exordium","TheCity"],"potions_floor_usage":[11,19,25],"damage_taken":[{"damage":7,"enemies":"Small Slimes","floor":1,"turns":4},{"damage":1,"enemies":"Cultist","floor":2,"turns":4},{"damage":6,"enemies":"Jaw Worm","floor":4,"turns":5},{"damage":3,"enemies":"Replay:BlueRogue","floor":6,"turns":6},{"damage":12,"enemies":"Blue Slaver","floor":8,"turns":3},{"damage":21,"enemies":"Gremlin Nob","floor":11,"turns":4},{"damage":2,"enemies":"Large Slime","floor":13,"turns":5},{"damage":5,"enemies":"3 Louse","floor":14,"turns":3},{"damage":48,"enemies":"Hexaghost","floor":16,"turns":13},{"damage":11,"enemies":"Spheric Guardian","floor":18,"turns":5},{"damage":0,"enemies":"2 Thieves","floor":19,"turns":1},{"damage":6,"enemies":"Centurion and Healer","floor":21,"turns":5},{"damage":27,"enemies":"Chosen and Byrds","floor":22,"turns":6},{"damage":20,"enemies":"Shelled Parasite and Fungi","floor":24,"turns":6},{"damage":4,"enemies":"Snake Plant","floor":25,"turns":1}],"seed_played":"-5816917981708322068","potions_obtained":[{"floor":2,"key":"Strength Potion"},{"floor":4,"key":"Elixir"},{"floor":6,"key":"SmokeBomb"},{"floor":24,"key":"CultistPotion"}],"is_trial":false,"path_per_floor":["M","M","?","M","?","E","?","M","T","T","E","R","M","M","R","B",null,"M","M","?","M","M","R","M","M"],"character_chosen":"THE_CURSED","items_purchased":[],"campfire_rested":2,"item_purchase_floors":[],"current_hp_per_floor":[75,74,74,68,57,54,54,42,42,42,21,45,43,38,62,14,82,71,71,55,49,22,22,2,0,0],"gold":672,"neow_bonus":"TEN_PERCENT_HP_BONUS","is_daily":false,"chose_seed":false,"campfire_upgraded":1,"win_rate":0.0,"timestamp":1610507374,"path_taken":["M","M","?","?","?","E","?","M","T","?","E","R","M","M","R","BOSS","M","M","?","M","M","R","M","M"],"items_purchased_type":[],"build_version":"2020-12-22","purchased_purges":0,"victory":false,"max_hp_per_floor":[82,82,82,82,82,82,82,82,82,82,82,82,82,82,82,82,82,82,82,82,82,82,82,82,82,82],"card_choices":[{"not_picked":["TheCursedMod:WearCloak","TheCursedMod:BloodBarrier"],"picked":"TheCursedMod:HellfireBreathing","floor":1},{"not_picked":["TheCursedMod:CursedMace","TheCursedMod:SurpriseAttack"],"picked":"TheCursedMod:LuckyCharm","floor":2},{"not_picked":["TheCursedMod:FleshFromBone","TheCursedMod:SpitefulStrike"],"picked":"TheCursedMod:CursedBoomerang","floor":4},{"not_picked":["TheCursedMod:Stretching","TheCursedMod:Evocation"],"picked":"TheCursedMod:Obscuration","floor":6},{"not_picked":["TheCursedMod:Stretching","TheCursedMod:RapidMovement"],"picked":"TheCursedMod:CursedBlade","floor":8},{"not_picked":["TheCursedMod:VitalStrike","TheCursedMod:CircleOfBlood"],"picked":"TheCursedMod:WearCloak","floor":11},{"not_picked":["TheCursedMod:Neurasthenia","TheCursedMod:Torture","TheCursedMod:CircleOfCorruption"],"picked":"SKIP","floor":13},{"not_picked":["TheCursedMod:WearCloak","TheCursedMod:Stretching"],"picked":"TheCursedMod:TacticalStrike","floor":14},{"not_picked":["TheCursedMod:DemonSword","TheCursedMod:Neurasthenia"],"picked":"TheCursedMod:VoidForm","floor":16},{"not_picked":["TheCursedMod:Mangle","TheCursedMod:CursedStaff"],"picked":"TheCursedMod:CursedBoomerang","floor":18},{"not_picked":["TheCursedMod:VitalStrike+1","TheCursedMod:Evocation","TheCursedMod:Obscuration"],"picked":"SKIP","floor":21},{"not_picked":["TheCursedMod:VitalStrike+1","TheCursedMod:Evocation","TheCursedMod:Obscuration"],"picked":"SKIP","floor":21},{"not_picked":["TheCursedMod:StingEye","TheCursedMod:Stretching"],"picked":"TheCursedMod:ReleasedStrength+1","floor":22},{"not_picked":["TheCursedMod:CircleOfAmplification","TheCursedMod:SaltUponWound"],"picked":"TheCursedMod:CircleOfCorruption","floor":24}],"player_experience":113138,"relics_obtained":[{"floor":6,"key":"ReplayFunnel"},{"floor":9,"key":"Blue Doll"},{"floor":10,"key":"Golden Egg"},{"floor":11,"key":"Pen Nib"},{"floor":20,"key":"Enchiridion"}],"event_choices":[{"damage_healed":0,"gold_gain":100,"player_choice":"Gold","damage_taken":0,"max_hp_gain":0,"max_hp_loss":0,"event_name":"Wheel of Change","floor":3,"gold_loss":0},{"damage_healed":0,"gold_gain":75,"player_choice":"Gather Gold","damage_taken":11,"max_hp_gain":0,"max_hp_loss":0,"event_name":"World of Goop","floor":5,"gold_loss":0},{"damage_healed":0,"gold_gain":0,"player_choice":"Obtained Book","damage_taken":16,"max_hp_gain":0,"max_hp_loss":0,"event_name":"Cursed Tome","floor":20,"gold_loss":0}],"is_beta":false,"boss_relics":[{"not_picked":["Snecko Eye","Sozu"],"picked":"Black Star"}],"items_purged_floors":[],"is_endless":false,"potions_floor_spawned":[2,4,6,24],"killed_by":"Snake Plant","ascension_level":0}}