{"host":"tr12w2fixbnujl15","time":1610580598,"event":{"mods":["2.2 Compatiblity","BaseMod","Better Skull","BetterRewards","Clockwork Mod","Colored Powertips","Evolution","Hermit","Hubris","Infinite Spire","Koishi","Mad Scientist","Minty Spire (QoL Compilation)","Quick Restart","Replay The Spire","Shop Mod","StSLib","SuperFastMode","The Animator","The Bug Knight","The Construct","The Cursed","The Hierophant","The Necromancer","The Sage","The Senshi","The Servant 0.9.4","The Spell Scribe","TheFirefly","WarShipGirlsR/????R mod"],"gold_per_floor":[118,118,118,118,135,135,56,56,80,80,98,98,128,138,138,234,234,244,254,88,88,88,88,88,88,111,30,0,0,20,35,35,136,136,146,156,174,25,25,25,5,5,15,15,15],"floor_reached":44,"language":"ENG","playtime":1382,"items_purged":[],"score":479,"play_id":"5719b84b-0e95-4299-a150-f1d1e79f6512","local_time":"20210113182958","is_ascension_mode":false,"campfire_choices":[{"data":"Bones_to_Steel","floor":6,"key":"SMITH"},{"data":"Summon_Lich","floor":8,"key":"SMITH"},{"data":"Spectral_Armor","floor":10,"key":"SMITH"},{"data":"Necrotic_Claws","floor":12,"key":"SMITH"},{"floor":15,"key":"REST"},{"floor":23,"key":"REST"},{"data":"ReplayTheSpireMod:Black Plague","floor":25,"key":"SMITH"},{"data":"Summon_Death_Knight","floor":29,"key":"SMITH"},{"floor":32,"key":"DIG"},{"floor":42,"key":"REST"}],"circlet_count":0,"master_deck":["Strike_W","Strike_W","Strike_W","Strike_W","Defend_W","Defend_W","Defend_W","Defend_W","Negative_Energy_Arrows","Bone_Wall","Spectral_Armor+1","Bones_to_Steel+1","Blood_Whip","Summon_Lich+1","Necrotic_Claws+1","Cloudkill","Bone_Armor","Summon_Death_Knight+1","Negative_Energy_Javelin","Death_March_Dance","Corrupt","Corrupt","ReplayTheSpireMod:Black Plague+1","infinitespire:FutureSight","Blood_Wake","Finger_Of_Death+1","Requiem","Shame","m_Survivalism","Cloudkill","ReplayTheSpireMod:Private Reserves","hubris:Rewind","Negative_Energy_Mist","Thousand_Bone_Knives+1","Death_Coil+1","Consume_Illness","Life_Tap","Strike_from_Beyond","Sadistic Nature","ReplayTheSpireMod:Uncanny Aura","Metamorphosis","Corrupt","Bones_to_Steel","Scare","Bone_Bullets"],"relics":["Vampire_Amulet","EVO:Axolotl","NeowsBlessing","Replay:Rubber Ducky","hubris:Icosahedron","Oddly Smooth Stone","Black Star","MerchantsRug","construct:ClawGrip","Membership Card","ReplayTheSpireMod:SealedPack","MealTicket","ReplayTheSpireMod:ShopPack"],"acts_visited":["Exordium","TheCity","TheBeyond"],"potions_floor_usage":[16,33,43],"damage_taken":[{"damage":0,"enemies":"Cultist","floor":1,"turns":1},{"damage":0,"enemies":"Jaw Worm","floor":5,"turns":1},{"damage":0,"enemies":"2 Louse","floor":11,"turns":1},{"damage":27,"enemies":"Lagavulin","floor":13,"turns":6},{"damage":9,"enemies":"Blue Slaver","floor":14,"turns":3},{"damage":23,"enemies":"Fading Forest","floor":16,"turns":11},{"damage":4,"enemies":"3 Byrds","floor":18,"turns":4},{"damage":15,"enemies":"Spheric Guardian","floor":19,"turns":6},{"damage":2,"enemies":"Centurion and Healer","floor":30,"turns":9},{"damage":15,"enemies":"3 Cultists","floor":31,"turns":4},{"damage":0,"enemies":"Automaton","floor":33,"turns":9},{"damage":0,"enemies":"Orb Walker","floor":35,"turns":3},{"damage":4,"enemies":"3 Shapes","floor":36,"turns":4},{"damage":22,"enemies":"Sphere and 2 Shapes","floor":37,"turns":5},{"damage":14,"enemies":"Maw","floor":43,"turns":8},{"damage":84,"enemies":"Nemesis","floor":44,"turns":5}],"seed_played":"7801954951344300555","potions_obtained":[{"floor":11,"key":"Swift Potion"},{"floor":14,"key":"GamblersBrew"},{"floor":18,"key":"Elixir"},{"floor":31,"key":"ColorlessPotion"},{"floor":36,"key":"SteroidPotion"},{"floor":37,"key":"SkillPotion"}],"is_trial":false,"path_per_floor":["M","?","?","?","M","R","$","R","T","R","M","R","E","M","R","B",null,"M","M","$","?","AVR","R","?","R","T","$","?","R","M","M","R","B",null,"M","M","M","$","PTL","PTL","?","R","M","E"],"character_chosen":"NECROMANCER","items_purchased":["Summon_Lich","MerchantsRug","Corrupt","Membership Card","MealTicket","ReplayTheSpireMod:ShopPack","Consume_Illness","Life_Tap","Strike_from_Beyond"],"campfire_rested":3,"item_purchase_floors":[7,20,20,27,38,38,38,38,38],"current_hp_per_floor":[75,63,63,63,65,65,65,65,65,65,69,69,44,37,59,66,75,75,62,62,48,48,72,72,72,72,72,72,72,74,65,65,71,80,80,80,64,64,64,64,64,80,68,0,0],"gold":15,"neow_bonus":"THREE_ENEMY_KILL","is_daily":false,"chose_seed":false,"campfire_upgraded":6,"win_rate":0.0,"timestamp":1610580598,"path_taken":["M","?","?","?","M","R","?","R","T","R","M","R","E","M","R","BOSS","M","M","$","?","AVR","R","?","R","T","$","?","R","?","M","R","BOSS","M","M","M","$","PTL","PTL","?","R","M","E"],"items_purchased_type":["Card","Relic","Card","Relic","Relic","Relic","Card","Card","Card"],"build_version":"2020-12-22","purchased_purges":0,"victory":false,"max_hp_per_floor":[75,75,75,75,75,75,75,75,75,75,75,75,75,75,75,75,75,75,75,75,80,80,80,80,80,80,80,80,80,80,80,80,80,80,80,80,80,80,80,80,80,80,80,80,80],"card_choices":[{"not_picked":["Chill_Blood","Scare"],"picked":"Spectral_Armor","floor":1},{"not_picked":["Exploit","Consume_Illness"],"picked":"Blood_Whip","floor":5},{"not_picked":["Shackles_Of_Pain","Summon_Lich"],"picked":"Necrotic_Claws","floor":11},{"not_picked":["Bone_Shift","Shackles_Of_Pain"],"picked":"Cloudkill","floor":13},{"not_picked":["Acid_Javelin","Plague_Bolt"],"picked":"Bone_Armor","floor":14},{"not_picked":["Negative_Energy_Bomb","Requiem"],"picked":"Summon_Death_Knight","floor":16},{"not_picked":["Bone_Armor","Chill_Blood"],"picked":"Negative_Energy_Javelin","floor":18},{"not_picked":["Death_Knell+1","Scare+1"],"picked":"Death_March_Dance","floor":19},{"not_picked":["Exploit","Blood_Whip"],"picked":"Blood_Wake","floor":30},{"not_picked":["Death_Coil","Consume_Illness"],"picked":"Finger_Of_Death+1","floor":31},{"not_picked":["Reap_The_Weak","Summon_Vampire_Lady"],"picked":"Requiem","floor":33},{"not_picked":["HollowMod:PogoStrike","thefirefly:StealthMode"],"picked":"m_Survivalism","floor":34},{"not_picked":["Blood_Wake","Requiem"],"picked":"Cloudkill","floor":34},{"not_picked":["Swift Strike","Replay:Bootleg Shield Generator"],"picked":"ReplayTheSpireMod:Private Reserves","floor":34},{"not_picked":["infinitespire:Starlight","infinitespire:SevenWalls"],"picked":"hubris:Rewind","floor":34},{"not_picked":["Death_Knell+1","Toxic_Smoke_Screen"],"picked":"Negative_Energy_Mist","floor":35},{"not_picked":["Pandemic","Bone_Shift"],"picked":"Thousand_Bone_Knives+1","floor":36},{"not_picked":["Spectral_Armor+1","Blood_Whip"],"picked":"Death_Coil+1","floor":37},{"not_picked":["HandOfGreed","Secret Technique"],"picked":"Sadistic Nature","floor":38},{"not_picked":["Thinking Ahead","ReplayTheSpireMod:Private Reserves"],"picked":"ReplayTheSpireMod:Uncanny Aura","floor":38},{"not_picked":["Panacea","Secret Weapon"],"picked":"Metamorphosis","floor":38},{"not_picked":[],"picked":"Corrupt","floor":41},{"not_picked":[],"picked":"Bones_to_Steel","floor":41},{"not_picked":[],"picked":"Scare","floor":41},{"not_picked":["Spectral_Armor","Chill_Blood"],"picked":"Bone_Bullets","floor":43}],"player_experience":53246,"relics_obtained":[{"floor":9,"key":"Oddly Smooth Stone"},{"floor":13,"key":"infinitespire:Lucky Rock"},{"floor":26,"key":"Lantern"},{"floor":32,"key":"Bottled Tornado"}],"event_choices":[{"damage_healed":0,"gold_gain":0,"player_choice":"Success","damage_taken":12,"relics_obtained":["Replay:Rubber Ducky"],"max_hp_gain":0,"max_hp_loss":0,"event_name":"Scrap Ooze","floor":2,"gold_loss":0},{"damage_healed":0,"gold_gain":0,"player_choice":"Shed Blood","damage_taken":19,"max_hp_gain":5,"max_hp_loss":0,"event_name":"Forgotten Altar","floor":21,"gold_loss":0},{"damage_healed":0,"gold_gain":0,"player_choice":"Paid Fearfully","damage_taken":0,"max_hp_gain":0,"max_hp_loss":0,"event_name":"Masked Bandits","floor":28,"gold_loss":30}],"is_beta":false,"boss_relics":[{"not_picked":["Coffee Dripper","hubris:VirtuousBlindfold"],"picked":"Black Star"},{"not_picked":["Ring of Chaos","Fusion Hammer"],"picked":"ReplayTheSpireMod:SealedPack"}],"items_purged_floors":[],"is_endless":false,"potions_floor_spawned":[11,14,18,31,36,37],"killed_by":"Nemesis","ascension_level":0}}