{"host":"jl3raagrljzztomj","time":1610522609,"event":{"mods":["BaseMod","BetterRewards","Colored Map","Colored Powertips","Custom Start","Hermit","Highlight Path","Minty Spire (QoL Compilation)","Permanent Neow","StSLib","The Runesmith"],"gold_per_floor":[119,119,129,129,143,173,173,185,185,185,212,212,173,25,25,146,146,167,167,167,140,0,0,0],"floor_reached":23,"language":"ENG","playtime":1401,"items_purged":[],"score":187,"play_id":"abf47325-a4fd-4aca-b0f2-588c912b7d96","local_time":"20210113012329","is_ascension_mode":false,"campfire_choices":[{"floor":7,"key":"REST"},{"floor":12,"key":"REST"},{"data":"hermit:LoneWolf","floor":15,"key":"SMITH"}],"circlet_count":0,"master_deck":["hermit:Strike_Hermit","hermit:Strike_Hermit","hermit:Strike_Hermit","hermit:Strike_Hermit","hermit:Defend_Hermit","hermit:Defend_Hermit","hermit:Defend_Hermit","hermit:Defend_Hermit","hermit:Snapshot","hermit:Covet","hermit:HeroicBravado","hermit:LoneWolf+1","Regret","hermit:LoneWolf","hermit:ItchyTrigger","Injury","hermit:Enervate","hermit:Maintenance","hermit:Gestalt","hermit:Adapt","Writhe","hermit:Shortfuse"],"relics":["hermit:Momento","Centennial Puzzle","Potion Belt","hermit:Horseshoe","Golden Idol","hermit:RyeStalk","SacredBark","Tiny Chest","Nloth\u0027s Gift"],"acts_visited":["Exordium","TheCity"],"potions_floor_usage":[6,18,18,18,21],"damage_taken":[{"damage":0,"enemies":"Small Slimes","floor":1,"turns":3},{"damage":6,"enemies":"Jaw Worm","floor":3,"turns":3},{"damage":5,"enemies":"2 Louse","floor":5,"turns":3},{"damage":25,"enemies":"3 Sentries","floor":6,"turns":10},{"damage":5,"enemies":"Looter","floor":8,"turns":3},{"damage":3,"enemies":"Slime Boss","floor":16,"turns":16},{"damage":46,"enemies":"3 Byrds","floor":18,"turns":7},{"damage":13,"enemies":"2 Thieves","floor":21,"turns":5},{"damage":20,"enemies":"Gremlin Leader","floor":23,"turns":2}],"seed_played":"2588413044904592345","potions_obtained":[{"floor":1,"key":"EntropicBrew"},{"floor":5,"key":"Explosive Potion"},{"floor":21,"key":"Ancient Potion"}],"is_trial":false,"path_per_floor":["M","?","M","?","M","E","R","M","T","?","T","R","$","$","R","B",null,"M","?","?","M","?","E"],"character_chosen":"HERMIT","items_purchased":["hermit:Enervate","hermit:Maintenance","hermit:Gestalt"],"campfire_rested":2,"item_purchase_floors":[13,14,14],"current_hp_per_floor":[75,75,69,51,46,21,43,38,38,38,38,60,60,60,60,57,75,29,29,29,16,16,0,0],"gold":0,"neow_bonus":"ONE_RANDOM_RARE_CARD","is_daily":false,"chose_seed":false,"campfire_upgraded":1,"win_rate":0.0,"timestamp":1610522609,"path_taken":["M","?","M","?","M","E","R","M","T","?","?","R","?","$","R","BOSS","M","?","?","?","?","E"],"items_purchased_type":["Card","Card","Card"],"build_version":"2020-12-22","purchased_purges":0,"victory":false,"max_hp_per_floor":[75,75,75,75,75,75,75,75,75,75,75,75,75,75,75,75,75,75,75,75,75,75,75,75],"card_choices":[{"not_picked":["hermit:Combo","hermit:Showdown"],"picked":"hermit:LoneWolf","floor":1},{"not_picked":["hermit:Ricochet","hermit:Misfire","hermit:BodyArmor"],"picked":"SKIP","floor":3},{"not_picked":["hermit:CalledShot","hermit:HighCaliber"],"picked":"hermit:LoneWolf","floor":5},{"not_picked":["hermit:NoHoldsBarred","hermit:Midnight","hermit:Desperado"],"picked":"SKIP","floor":6},{"not_picked":["hermit:HighCaliber","hermit:Headshot"],"picked":"hermit:ItchyTrigger","floor":8},{"not_picked":["hermit:Reprieve","hermit:FromBeyond"],"picked":"hermit:Adapt","floor":16},{"not_picked":["hermit:WideOpen+1","hermit:Desperado+1","hermit:Virtue+1"],"picked":"SKIP","floor":18},{"not_picked":["hermit:Headshot","hermit:Cheat"],"picked":"hermit:Shortfuse","floor":21}],"player_experience":923620,"relics_obtained":[{"floor":6,"key":"Potion Belt"},{"floor":9,"key":"hermit:Horseshoe"},{"floor":11,"key":"hermit:RyeStalk"}],"event_choices":[{"damage_healed":0,"gold_gain":0,"player_choice":"Box","damage_taken":0,"relics_obtained":["Centennial Puzzle"],"max_hp_gain":0,"max_hp_loss":0,"event_name":"Big Fish","floor":2,"gold_loss":0,"cards_obtained":["Regret"]},{"damage_healed":0,"gold_gain":0,"player_choice":"Success","damage_taken":18,"relics_obtained":["hermit:CharredGlove"],"max_hp_gain":0,"max_hp_loss":0,"event_name":"Scrap Ooze","floor":4,"gold_loss":0},{"damage_healed":0,"gold_gain":0,"player_choice":"Take Wound","damage_taken":0,"relics_obtained":["Golden Idol"],"max_hp_gain":0,"max_hp_loss":0,"event_name":"Golden Idol","floor":10,"gold_loss":0,"cards_obtained":["Injury"]},{"damage_healed":0,"gold_gain":0,"player_choice":"Opened","damage_taken":0,"relics_obtained":["Tiny Chest"],"max_hp_gain":0,"max_hp_loss":0,"event_name":"The Mausoleum","floor":19,"gold_loss":0,"cards_obtained":["Writhe"]},{"damage_healed":0,"gold_gain":0,"player_choice":"Traded Relic","damage_taken":0,"relics_obtained":["Nloth\u0027s Gift"],"max_hp_gain":0,"max_hp_loss":0,"event_name":"N\u0027loth","floor":20,"relics_lost":["hermit:CharredGlove"],"gold_loss":0},{"damage_healed":0,"gold_gain":0,"player_choice":"Paid Fearfully","damage_taken":0,"max_hp_gain":0,"max_hp_loss":0,"event_name":"Masked Bandits","floor":22,"gold_loss":140}],"is_beta":false,"boss_relics":[{"not_picked":["Runic Pyramid","Busted Crown"],"picked":"SacredBark"}],"items_purged_floors":[],"is_endless":false,"potions_floor_spawned":[1,5,21],"killed_by":"Gremlin Leader","ascension_level":0}}