{"host":"gg","time":1610522128,"event":{"mods":["BaseMod","Colored Map","Googly Eyes","Minty Spire (QoL Compilation)","Permanent Neow","Relic Stats","The IronCluck"],"gold_per_floor":[109,109,109,127,127,163,163,202,253,253,277,291,291,310,310,409,409,430,445,445,466,466,466,466,466,466,480,480,518,518,43,43,134,134,149,170,170,183,199,232,273,317,317,335,349,380,399,423,423,423,423,423,423,16,50,50],"floor_reached":57,"language":"ENG","playtime":6030,"items_purged":["SignatureMove"],"score":2742,"play_id":"8c05a808-6c2c-4e2e-b036-160efa9b9b5e","local_time":"20210112231528","is_ascension_mode":true,"campfire_choices":[{"data":"Eruption","floor":7.0,"key":"SMITH"},{"floor":10.0,"key":"REST"},{"data":"SashWhip","floor":15.0,"key":"SMITH"},{"data":"Ragnarok","floor":23.0,"key":"SMITH"},{"data":"TalkToTheHand","floor":25.0,"key":"SMITH"},{"data":"CutThroughFate","floor":28.0,"key":"SMITH"},{"data":"TalkToTheHand","floor":30.0,"key":"SMITH"},{"data":"Eruption","floor":32.0,"key":"SMITH"},{"floor":49.0,"key":"RECALL"},{"floor":53,"key":"REST"}],"circlet_count":0,"master_deck":["AscendersBane","Strike_P+1","Strike_P+1","Strike_P+1","Strike_P+1","Defend_P+1","Defend_P+1","Eruption+1","Vigilance","CurseOfTheBell","SashWhip+1","EmptyFist","CutThroughFate+1","Brilliance","Eruption+1","FollowUp","Ragnarok+1","Tantrum","TalkToTheHand+1","EmptyBody","FlurryOfBlows","TalkToTheHand+1","Omniscience","CutThroughFate+1","TalkToTheHand+1","FlurryOfBlows+1","CutThroughFate+1","Sanctity+1","Weave","CrushJoints+1"],"relics":["Calling Bell","Happy Flower","Mercury Hourglass","CaptainsWheel","Golden Idol","Vajra","Question Card","Pen Nib","Sozu","Nilry\u0027s Codex","Meat on the Bone","Boot","Incense Burner","Toolbox","Fusion Hammer","Singing Bowl","Blood Vial","Ice Cream","Centennial Puzzle","Akabeko","Lantern"],"acts_visited":["Exordium","TheCity","TheBeyond","TheEnding"],"potions_floor_usage":[],"damage_taken":[{"damage":1.0,"enemies":"Cultist","floor":1.0,"turns":4.0},{"damage":0.0,"enemies":"Jaw Worm","floor":4.0,"turns":3.0},{"damage":21.0,"enemies":"Lagavulin","floor":6.0,"turns":6.0},{"damage":20.0,"enemies":"3 Sentries","floor":8.0,"turns":4.0},{"damage":0.0,"enemies":"2 Louse","floor":11.0,"turns":1.0},{"damage":0.0,"enemies":"Gremlin Gang","floor":12.0,"turns":4.0},{"damage":6.0,"enemies":"Looter","floor":14.0,"turns":2.0},{"damage":7.0,"enemies":"The Guardian","floor":16.0,"turns":6.0},{"damage":0.0,"enemies":"Chosen","floor":18.0,"turns":3.0},{"damage":0.0,"enemies":"Spheric Guardian","floor":19.0,"turns":2.0},{"damage":0.0,"enemies":"Shelled Parasite and Fungi","floor":21.0,"turns":1.0},{"damage":0.0,"enemies":"Centurion and Healer","floor":27.0,"turns":3.0},{"damage":39.0,"enemies":"Slavers","floor":29.0,"turns":4.0},{"damage":31.0,"enemies":"Champ","floor":33.0,"turns":10.0},{"damage":0.0,"enemies":"3 Darklings","floor":35.0,"turns":3.0},{"damage":1.0,"enemies":"Orb Walker","floor":36.0,"turns":2.0},{"damage":10.0,"enemies":"4 Shapes","floor":38.0,"turns":3.0},{"damage":1.0,"enemies":"Maw","floor":39.0,"turns":3.0},{"damage":0.0,"enemies":"Reptomancer","floor":40.0,"turns":2.0},{"damage":0.0,"enemies":"Jaw Worm Horde","floor":41.0,"turns":3.0},{"damage":0.0,"enemies":"Giant Head","floor":42.0,"turns":5.0},{"damage":0.0,"enemies":"Spire Growth","floor":44.0,"turns":2.0},{"damage":18.0,"enemies":"Sphere and 2 Shapes","floor":45.0,"turns":2.0},{"damage":0.0,"enemies":"Mind Bloom Boss Battle","floor":46.0,"turns":4.0},{"damage":0.0,"enemies":"Maw","floor":47.0,"turns":7.0},{"damage":0.0,"enemies":"3 Darklings","floor":48.0,"turns":1.0},{"damage":14,"enemies":"Time Eater","floor":50,"turns":6},{"damage":18,"enemies":"Awakened One","floor":51,"turns":11},{"damage":6,"enemies":"Shield and Spear","floor":55,"turns":5},{"damage":40,"enemies":"The Heart","floor":56,"turns":9}],"seed_played":"5048765809094871307","potions_obtained":[{"floor":11.0,"key":"DuplicationPotion"},{"floor":12.0,"key":"Fire Potion"},{"floor":14.0,"key":"LiquidMemories"}],"is_trial":false,"path_per_floor":["M","$","?","M","?","E","R","E","T","R","M","M","?","M","R","B",null,"M","M","?","M","?","R","?","R","T","M","R","E","R","$","R","B",null,"M","M","?","M","M","E","M","E","T","M","M","?","M","M","R","B","B",null,"R","$","E","B",null],"character_chosen":"WATCHER","items_purchased":["Incense Burner","Toolbox","Centennial Puzzle","Akabeko"],"campfire_rested":2,"item_purchase_floors":[31,31,54,54],"current_hp_per_floor":[60,60,60,60,53,32,32,12,12,30,30,30,30,24,24,17,51,51,51,30,30,30,30,62,62,62,62,62,35,35,35,35,16,51,51,50,50,40,39,39,39,39,39,41,39,41,45,49,49,37,33,59,68,68,62,36],"gold":50,"neow_bonus":"BOSS_RELIC","is_daily":false,"chose_seed":false,"campfire_upgraded":7,"win_rate":0.0,"timestamp":1610522128,"path_taken":["M","?","?","M","?","E","R","E","T","R","M","M","?","?","R","BOSS","M","M","?","M","?","R","?","R","T","M","R","E","R","$","R","BOSS","M","?","?","M","M","E","M","E","T","M","M","?","M","M","R","BOSS","BOSS","R","$","E","BOSS"],"items_purchased_type":["Relic","Relic","Relic","Relic"],"build_version":"2020-12-18","purchased_purges":1,"victory":true,"max_hp_per_floor":[68,68,62,62,62,62,62,62,62,62,62,62,62,62,62,62,62,62,62,62,62,62,62,62,62,62,62,62,62,62,62,62,62,62,62,62,62,62,62,62,62,62,62,62,64,64,66,68,68,68,68,68,68,68,68,68],"relic_stats":{"Happy Flower":[40],"Singing Bowl":6,"counters":[30,121],"Golden Idol":211,"Pen Nib":[36],"Question Card":23,"Boot":[31],"Mercury Hourglass":[408],"Sozu":9,"Blood Vial":16,"Centennial Puzzle":[6],"obtain_stats":[{"Ice Cream":46,"Lantern":55,"Happy Flower":0,"Singing Bowl":40,"Golden Idol":3,"Nilry\u0027s Codex":20,"Vajra":6,"Pen Nib":9,"Incense Burner":31,"Question Card":8,"Boot":29,"Akabeko":54,"Mercury Hourglass":0,"Calling Bell":0,"Sozu":17,"Blood Vial":42,"CaptainsWheel":0,"Centennial Puzzle":54,"Toolbox":31,"Fusion Hammer":34,"PureWater":0,"Meat on the Bone":26},{"Ice Cream":24,"Lantern":29,"Happy Flower":0,"Singing Bowl":19,"Golden Idol":1,"Nilry\u0027s Codex":10,"Vajra":3,"Pen Nib":4,"Incense Burner":13,"Question Card":4,"Boot":13,"Akabeko":28,"Mercury Hourglass":0,"Calling Bell":0,"Sozu":8,"Blood Vial":21,"CaptainsWheel":0,"Centennial Puzzle":28,"Toolbox":13,"Fusion Hammer":14,"PureWater":0,"Meat on the Bone":11},{"Ice Cream":82,"Lantern":112,"Happy Flower":0,"Singing Bowl":66,"Golden Idol":4,"Nilry\u0027s Codex":35,"Vajra":13,"Pen Nib":17,"Incense Burner":43,"Question Card":17,"Boot":43,"Akabeko":107,"Mercury Hourglass":0,"Calling Bell":0,"Sozu":30,"Blood Vial":74,"CaptainsWheel":0,"Centennial Puzzle":107,"Toolbox":43,"Fusion Hammer":53,"PureWater":0,"Meat on the Bone":36}],"Meat on the Bone":60},"card_choices":[{"not_picked":["LikeWater","EmptyFist"],"picked":"SashWhip","floor":1.0},{"not_picked":["Halt","SandsOfTime","Swivel"],"picked":"SKIP","floor":4.0},{"not_picked":["InnerPeace","Alpha"],"picked":"EmptyFist","floor":6.0},{"not_picked":["Indignation","JustLucky"],"picked":"BattleHymn","floor":8.0},{"not_picked":["PathToVictory","SashWhip","Consecrate"],"picked":"CutThroughFate","floor":11.0},{"not_picked":["Nirvana","MentalFortress","PathToVictory"],"picked":"SignatureMove","floor":12.0},{"not_picked":["SignatureMove","Swivel","EmptyBody"],"picked":"FollowUp","floor":14.0},{"not_picked":["MasterReality","DevaForm","ConjureBlade"],"picked":"Ragnarok","floor":16.0},{"not_picked":["Evaluate","EmptyMind","ThirdEye"],"picked":"Tantrum","floor":18.0},{"not_picked":["Prostrate","FlyingSleeves+1","SignatureMove"],"picked":"TalkToTheHand","floor":19.0},{"not_picked":["FollowUp","Prostrate","WindmillStrike+1"],"picked":"EmptyBody","floor":21.0},{"not_picked":["Consecrate","DevaForm","LikeWater"],"picked":"FlurryOfBlows","floor":27.0},{"not_picked":["WindmillStrike","Tantrum","LikeWater"],"picked":"TalkToTheHand","floor":29.0},{"not_picked":["ConjureBlade","Wish","Devotion"],"picked":"Omniscience","floor":33.0},{"not_picked":["SignatureMove","SashWhip","JustLucky","SandsOfTime+1"],"picked":"SKIP","floor":35.0},{"not_picked":["Swivel","CrushJoints","EmptyBody+1"],"picked":"CutThroughFate+1","floor":36.0},{"not_picked":["CrushJoints","Pray","LikeWater","Protect"],"picked":"SKIP","floor":38.0},{"not_picked":["ReachHeaven","FollowUp","DeceiveReality","WheelKick"],"picked":"SKIP","floor":39.0},{"not_picked":["Conclude+1","Pray","WreathOfFlame"],"picked":"TalkToTheHand+1","floor":40.0},{"not_picked":["EmptyBody","SignatureMove+1","EmptyFist"],"picked":"FlurryOfBlows+1","floor":41.0},{"not_picked":["FlyingSleeves","Brilliance","BowlingBash"],"picked":"CutThroughFate+1","floor":42.0},{"not_picked":["Prostrate","SashWhip","InnerPeace"],"picked":"Sanctity+1","floor":44.0},{"not_picked":["Fasting2","EmptyBody","Halt","ThirdEye"],"picked":"Singing Bowl","floor":45.0},{"not_picked":["Consecrate","ThirdEye","Adaptation"],"picked":"Weave","floor":46.0},{"not_picked":["CrushJoints","BowlingBash","Prostrate+1","Collect"],"picked":"Singing Bowl","floor":47.0},{"not_picked":["Prostrate","Nirvana+1","Fasting2+1","LikeWater"],"picked":"Singing Bowl","floor":48.0},{"not_picked":["Perseverance+1","ForeignInfluence","Protect+1"],"picked":"CrushJoints+1","floor":55}],"player_experience":1184636,"relics_obtained":[{"floor":0.0,"key":"Happy Flower"},{"floor":0.0,"key":"Mercury Hourglass"},{"floor":0.0,"key":"CaptainsWheel"},{"floor":6.0,"key":"Vajra"},{"floor":8.0,"key":"Question Card"},{"floor":9.0,"key":"Pen Nib"},{"floor":20.0,"key":"Nilry\u0027s Codex"},{"floor":26.0,"key":"Meat on the Bone"},{"floor":29.0,"key":"Boot"},{"floor":40.0,"key":"Singing Bowl"},{"floor":42.0,"key":"Blood Vial"},{"floor":46.0,"key":"Ice Cream"},{"floor":55,"key":"Lantern"}],"event_choices":[{"damage_healed":0.0,"max_hp_gain":0.0,"max_hp_loss":6.0,"gold_gain":0.0,"event_name":"Golden Idol","player_choice":"Lose Max HP","floor":3.0,"gold_loss":0.0,"damage_taken":0.0,"relics_obtained":["Golden Idol"]},{"cards_removed":["Defend_P"],"damage_healed":0.0,"max_hp_gain":0.0,"max_hp_loss":0.0,"gold_gain":0.0,"event_name":"Golden Wing","player_choice":"Card Removal","floor":5.0,"gold_loss":0.0,"damage_taken":7.0},{"damage_healed":0.0,"max_hp_gain":0.0,"max_hp_loss":0.0,"gold_gain":0.0,"event_name":"Match and Keep!","player_choice":"2 cards matched","floor":13.0,"gold_loss":0.0,"damage_taken":0.0,"cards_obtained":["Brilliance","Eruption"]},{"damage_healed":0.0,"max_hp_gain":0.0,"max_hp_loss":0.0,"gold_gain":0.0,"event_name":"Cursed Tome","player_choice":"Obtained Book","floor":20.0,"gold_loss":0.0,"damage_taken":21.0},{"damage_healed":0.0,"max_hp_gain":0.0,"max_hp_loss":0.0,"gold_gain":0.0,"event_name":"Back to Basics","player_choice":"Simplicity","floor":22.0,"gold_loss":0.0,"damage_taken":0.0,"cards_upgraded":["Strike_P","Strike_P","Strike_P","Strike_P","Defend_P","Defend_P","Defend_P"]},{"cards_removed":["BattleHymn"],"damage_healed":32.0,"max_hp_gain":0.0,"max_hp_loss":0.0,"gold_gain":0.0,"event_name":"Bonfire Elementals","player_choice":"Offered Uncommon","floor":24.0,"gold_loss":0.0,"damage_taken":0.0},{"cards_removed":["Defend_P"],"damage_healed":0.0,"max_hp_gain":0.0,"max_hp_loss":0.0,"gold_gain":0.0,"event_name":"Falling","player_choice":"Removed Skill","floor":37.0,"gold_loss":0.0,"damage_taken":0.0},{"damage_healed":0.0,"max_hp_gain":0.0,"max_hp_loss":0.0,"gold_gain":0.0,"event_name":"MindBloom","player_choice":"Fight","floor":46.0,"gold_loss":0.0,"damage_taken":0.0}],"is_beta":true,"boss_relics":[{"not_picked":["Ectoplasm","SlaversCollar"],"picked":"Sozu"},{"not_picked":["Tiny House","Cursed Key"],"picked":"Fusion Hammer"}],"items_purged_floors":[54],"is_endless":false,"potions_floor_spawned":[11,12,14,21,29,33,36,38,40,42,45,48,55],"ascension_level":20}}