{"host":"fjaupvxe7fzqrf4j","time":1610517271,"event":{"mods":["ATMod(°¢èªMod)","BaseMod","Minty Spire (QoL Compilation)","StSLib"],"gold_per_floor":[117,117,133,45,56,90,117,147,147,178,178,195,226,253,253,326,326,343,343,95,95,95,129,158,186,186,220,247,272,300,214,214,291,291,304,352,45,0,0,0,0],"floor_reached":40,"language":"ZHS","playtime":873,"items_purged":["EmptyFist+1"],"score":1549,"play_id":"c2b67507-0cfe-4b06-a128-24f9862c791b","local_time":"20210113135431","daily_mods":["SealedDeck","Heirloom","Time Dilation","Flight","Elite Swarm"],"is_ascension_mode":true,"campfire_choices":[{"data":"Ragnarok","floor":11.0,"key":"SMITH"},{"data":"AT_ChampionStep","floor":15.0,"key":"SMITH"},{"data":"Omniscience","floor":32.0,"key":"SMITH"}],"circlet_count":0,"master_deck":["AscendersBane","Halt+1","Consecrate+1","FollowUp+1","FlurryOfBlows+1","BowlingBash+1","Crescendo+1","TalkToTheHand+1","FlurryOfBlows+1","FearNoEvil+1","Wallop+1","Adaptation+1","LessonLearned+1","DeusExMachina","Ragnarok+1","AT_ChampionStep+1","Brilliance","InnerPeace","Omniscience+1","Pray+1","Fasting2+1"],"relics":["PureWater","AT_ATBox","Ginger","Omamori","Mango","Eternal Feather","Bottled Tornado","AT_ChloranthyRing","VioletLotus","ClockworkSouvenir","Pear","Turnip","Pantograph","Boot","Centennial Puzzle","AT_EbonyIvory","AT_ForceNature","Blue Candle","Black Star","Prayer Wheel","Membership Card","TeardropLocket","Red Mask"],"acts_visited":["Exordium","TheCity","TheBeyond"],"potions_floor_usage":[],"damage_taken":[{"damage":0.0,"enemies":"Small Slimes","floor":1.0,"turns":1.0},{"damage":0.0,"enemies":"Cultist","floor":3.0,"turns":2.0},{"damage":3.0,"enemies":"2 Louse","floor":5.0,"turns":2.0},{"damage":0.0,"enemies":"Gremlin Nob","floor":6.0,"turns":2.0},{"damage":1.0,"enemies":"3 Sentries","floor":7.0,"turns":4.0},{"damage":6.0,"enemies":"Lagavulin","floor":8.0,"turns":4.0},{"damage":0.0,"enemies":"Gremlin Nob","floor":10.0,"turns":3.0},{"damage":0.0,"enemies":"Exordium Thugs","floor":12.0,"turns":2.0},{"damage":0.0,"enemies":"Lagavulin","floor":13.0,"turns":3.0},{"damage":1.0,"enemies":"3 Sentries","floor":14.0,"turns":2.0},{"damage":0.0,"enemies":"Slime Boss","floor":16.0,"turns":2.0},{"damage":0.0,"enemies":"3 Byrds","floor":18.0,"turns":3.0},{"damage":16.0,"enemies":"Slavers","floor":23.0,"turns":2.0},{"damage":19.0,"enemies":"Book of Stabbing","floor":24.0,"turns":3.0},{"damage":10.0,"enemies":"Slavers","floor":25.0,"turns":2.0},{"damage":10.0,"enemies":"Book of Stabbing","floor":27.0,"turns":2.0},{"damage":5.0,"enemies":"Gremlin Leader","floor":28.0,"turns":2.0},{"damage":0.0,"enemies":"Slavers","floor":29.0,"turns":1.0},{"damage":0.0,"enemies":"Book of Stabbing","floor":30.0,"turns":1.0},{"damage":14.0,"enemies":"Champ","floor":33.0,"turns":2.0},{"damage":13,"enemies":"3 Shapes","floor":35,"turns":3},{"damage":18,"enemies":"2 Orb Walkers","floor":36,"turns":2},{"damage":0,"enemies":"Reptomancer","floor":40,"turns":2}],"seed_played":"-8594516500446376249","potions_obtained":[{"floor":1.0,"key":"AttackPotion"},{"floor":2.0,"key":"Ancient Potion"},{"floor":2.0,"key":"SkillPotion"},{"floor":13.0,"key":"DistilledChaos"},{"floor":23.0,"key":"BottledMiracle"}],"is_trial":true,"path_per_floor":["M","?","M","$","M","E","E","E","T","E","R","M","E","E","R","B",null,"M","?","$","?","?","E","E","E","T","E","E","E","E","$","R","B",null,"M","?","$","?","?","E"],"character_chosen":"WATCHER","items_purchased":["Adaptation","ClockworkSouvenir","DistilledChaos","Membership Card","TeardropLocket"],"campfire_rested":0,"item_purchase_floors":[4,20,31,37,37],"current_hp_per_floor":[61,61,61,61,58,58,71,65,65,65,74,74,74,73,82,82,82,82,58,58,58,58,52,33,23,23,13,8,8,8,8,17,28,80,67,49,49,49,68,68,68],"gold":0,"neow_bonus":"","is_daily":false,"chose_seed":false,"campfire_upgraded":3,"win_rate":0.0,"timestamp":1610517271,"path_taken":["M","?","?","?","?","E","E","E","T","E","R","M","E","E","R","BOSS","M","?","$","?","?","E","E","E","T","E","E","E","E","$","R","BOSS","M","?","$","?","?","E"],"items_purchased_type":["Card","Relic","Potion","Relic","Relic"],"build_version":"2020-12-22","purchased_purges":1,"victory":false,"max_hp_per_floor":[68,68,68,68,68,68,82,82,82,82,82,82,82,82,82,82,82,82,87,87,87,87,97,97,97,97,97,97,97,97,97,97,97,97,97,97,97,97,97,97,97],"card_choices":[{"not_picked":["EmptyFist","JustLucky"],"picked":"Wallop","floor":1.0},{"not_picked":["AT_RealFormLess","Protect","CutThroughFate"],"picked":"SKIP","floor":3.0},{"not_picked":["Protect","FollowUp","EmptyFist"],"picked":"SKIP","floor":5.0},{"not_picked":["SpiritShield","Vault"],"picked":"LessonLearned","floor":6.0},{"not_picked":["DevaForm","MasterReality"],"picked":"DeusExMachina","floor":7.0},{"not_picked":["DevaForm","AT_MachinaRedman"],"picked":"Ragnarok","floor":8.0},{"not_picked":["SpiritShield","DeusExMachina","Wish"],"picked":"SKIP","floor":10.0},{"not_picked":["Weave","BattleHymn"],"picked":"AT_ChampionStep","floor":12.0},{"not_picked":["Omniscience","AT_RealColorLess"],"picked":"Brilliance","floor":13.0},{"not_picked":["AT_RealColorLess","AT_ChampionKick","Brilliance"],"picked":"SKIP","floor":14.0},{"not_picked":["FollowUp","Meditate"],"picked":"InnerPeace","floor":18.0},{"not_picked":["Brilliance","Judgement","AT_ChampionKick"],"picked":"SKIP","floor":23.0},{"not_picked":["Alpha","AT_MachinaRedman","Establishment"],"picked":"SKIP","floor":24.0},{"not_picked":["AT_MachinaRedman","Judgement","DevaForm"],"picked":"SKIP","floor":25.0},{"not_picked":["AT_ChampionKick","DevaForm"],"picked":"Omniscience","floor":27.0},{"not_picked":["Wish","AT_ChampionKick","DevaForm"],"picked":"SKIP","floor":28.0},{"not_picked":["DeusExMachina","Blasphemy","AT_MachinaRedman"],"picked":"SKIP","floor":29.0},{"not_picked":["AT_IrregularMenstruation","AT_RealColorLess","SpiritShield"],"picked":"SKIP","floor":30.0},{"not_picked":["JustLucky","EmptyFist"],"picked":"Pray+1","floor":35},{"not_picked":["JustLucky","ThirdEye+1"],"picked":"Fasting2+1","floor":36}],"player_experience":418763,"relics_obtained":[{"floor":6.0,"key":"Omamori"},{"floor":7.0,"key":"Mango"},{"floor":8.0,"key":"Eternal Feather"},{"floor":13.0,"key":"Bottled Tornado"},{"floor":14.0,"key":"AT_ChloranthyRing"},{"floor":23.0,"key":"Pear"},{"floor":24.0,"key":"Turnip"},{"floor":25.0,"key":"Pantograph"},{"floor":26.0,"key":"Boot"},{"floor":27.0,"key":"Centennial Puzzle"},{"floor":28.0,"key":"AT_EbonyIvory"},{"floor":29.0,"key":"AT_ForceNature"},{"floor":30.0,"key":"Blue Candle"},{"floor":36,"key":"Prayer Wheel"}],"event_choices":[{"damage_healed":0.0,"max_hp_gain":0.0,"max_hp_loss":0.0,"gold_gain":0.0,"event_name":"Lab","player_choice":"Got Potions","floor":2.0,"gold_loss":0.0,"damage_taken":0.0},{"damage_healed":0.0,"max_hp_gain":5.0,"max_hp_loss":0.0,"gold_gain":0.0,"event_name":"Forgotten Altar","player_choice":"Shed Blood","floor":19.0,"gold_loss":0.0,"damage_taken":29.0},{"damage_healed":0.0,"max_hp_gain":0.0,"max_hp_loss":0.0,"gold_gain":0.0,"event_name":"Ghosts","player_choice":"Ignored","floor":21.0,"gold_loss":0.0,"damage_taken":0.0},{"damage_healed":0.0,"max_hp_gain":0.0,"max_hp_loss":0.0,"gold_gain":0.0,"event_name":"N\u0027loth","player_choice":"Ignored","floor":22.0,"gold_loss":0.0,"damage_taken":0.0},{"damage_healed":0,"gold_gain":0,"player_choice":"Fight","damage_taken":0,"max_hp_gain":0,"max_hp_loss":0,"event_name":"Mysterious Sphere","floor":36,"gold_loss":0},{"damage_healed":0,"gold_gain":0,"player_choice":"Paid","damage_taken":0,"relics_obtained":["Red Mask"],"max_hp_gain":0,"max_hp_loss":0,"event_name":"Tomb of Lord Red Mask","floor":38,"gold_loss":45},{"damage_healed":19,"gold_gain":0,"player_choice":"Writhe","damage_taken":0,"max_hp_gain":0,"max_hp_loss":0,"event_name":"Winding Halls","floor":39,"gold_loss":0,"cards_obtained":["Writhe"]}],"is_beta":false,"boss_relics":[{"not_picked":["Runic Dome","Cursed Key"],"picked":"VioletLotus"},{"not_picked":["Snecko Eye","Tiny House"],"picked":"Black Star"}],"items_purged_floors":[20],"is_endless":false,"potions_floor_spawned":[1,6,8,10,13,14,23,27,28,30,33,35],"killed_by":"Reptomancer","ascension_level":20}}