{"host":"95i1gxnztdrdyvhi","time":1610555031,"event":{"mods":["AchievementEnabler","Act Like it!","BaseMod","Minty Spire (QoL Compilation)","Quick Restart","StSLib","Yakumo Yukari mod"],"gold_per_floor":[135,135,10,10,26,26,53,53,53,69,69,69,81,108,108,207,207,224,224,224,234,245,245,276,11,37,54,54,64,93,93,93,188,188,199,215,17,17,67,67,100,100,100,110,144,164,124,124,124,124,124,124,124,151,151],"floor_reached":56,"language":"ENG","playtime":3369,"items_purged":["AT_purpleEX","Defend_purpleEX","Defend_purpleEX+1"],"score":1501,"play_id":"a4c2f887-3591-4c06-a6d7-fa47894c7d87","local_time":"20210113162351","is_ascension_mode":false,"campfire_choices":[{"data":"SharpContractionReality_purple","floor":6,"key":"SMITH"},{"data":"Observe_purple_2","floor":8,"key":"SMITH"},{"data":"DimensionStaggered_purple","floor":15,"key":"SMITH"},{"data":"Erosivefilter_purple","floor":23,"key":"SMITH"},{"floor":28,"key":"RECALL"},{"data":"Observe_purple_1","floor":32,"key":"SMITH"},{"floor":40,"key":"REST"},{"data":"Monsters_DoubleDeathButterfly_purple","floor":42,"key":"SMITH"},{"floor":49,"key":"REST"},{"floor":52,"key":"REST"}],"circlet_count":0,"master_deck":["Defend_purpleEX+1","Observe_purple_1+1","Observe_purple_2+1","DimensionStaggered_purple+1","Nest_LightFlightworm_purple+1","Erosivefilter_purple+1","SharpContractionReality_purple+1","PurpleNeedle_purple+1","WorldDissolvedintheRealm_purple+1","Line_surface_state_purple+1","Boundary_LifeAndDeath_purple+1","SharpContractionReality_purple+1","WeekHit_purple+1","ButterflyHabitatTemple_purple+1","DimensionStaggered_purple+1","WangLiang_OokamiKakushi_purple+1","RuleDissolution_purple+1","BarrageBoundary_PipeDream_purple+1","WatchEChange_purple+1","CommonSense_AntiCommonSense_purple+1","DistantPastFriend_purple+1","Monsters_DoubleDeathButterfly_purple+1","MonsterNeedle_purple+1","RuptureOfTimeAndSpace_purple+1","ButterflyHabitatTemple_purple+1"],"relics":["Boundary_crack","Memoryfragments_purpleEX","NeowsBlessing","Molten Egg 2","Toxic Egg 2","Boot","Empty Cage","Toy Ornithopter","Anchor","Lizard Tail","Sozu","Du-Vu Doll","Pear","Ancient Tea Set","Blood Vial"],"acts_visited":["Exordium","TheCity","TheBeyond","TheEnding"],"potions_floor_usage":[7,16,24,55],"damage_taken":[{"damage":0,"enemies":"2 Louse","floor":1,"turns":1},{"damage":0,"enemies":"Jaw Worm","floor":5,"turns":1},{"damage":17,"enemies":"Lagavulin","floor":7,"turns":3},{"damage":0,"enemies":"Cultist","floor":10,"turns":3},{"damage":0,"enemies":"Blue Slaver","floor":13,"turns":3},{"damage":25,"enemies":"Gremlin Nob","floor":14,"turns":3},{"damage":0,"enemies":"Hexaghost","floor":16,"turns":10},{"damage":0,"enemies":"Chosen","floor":18,"turns":2},{"damage":0,"enemies":"Spheric Guardian","floor":21,"turns":1},{"damage":0,"enemies":"Centurion and Healer","floor":22,"turns":3},{"damage":17,"enemies":"Slavers","floor":24,"turns":6},{"damage":0,"enemies":"Cultist and Chosen","floor":27,"turns":4},{"damage":0,"enemies":"Shelled Parasite and Fungi","floor":29,"turns":2},{"damage":0,"enemies":"Book of Stabbing","floor":30,"turns":2},{"damage":0,"enemies":"Automaton","floor":33,"turns":5},{"damage":0,"enemies":"3 Shapes","floor":35,"turns":2},{"damage":0,"enemies":"Orb Walker","floor":36,"turns":1},{"damage":2,"enemies":"Orb Walker","floor":38,"turns":7},{"damage":0,"enemies":"Mind Bloom Boss Battle","floor":39,"turns":2},{"damage":0,"enemies":"Giant Head","floor":41,"turns":4},{"damage":0,"enemies":"Jaw Worm Horde","floor":44,"turns":2},{"damage":0,"enemies":"Nemesis","floor":45,"turns":3},{"damage":0,"enemies":"4 Shapes","floor":46,"turns":4},{"damage":10,"enemies":"Time Eater","floor":50,"turns":5},{"damage":0,"enemies":"Shield and Spear","floor":54,"turns":5},{"damage":29,"enemies":"The Heart","floor":55,"turns":4}],"seed_played":"-8870617950300205677","potions_obtained":[{"floor":1,"key":"SkillPotion"},{"floor":7,"key":"Fruit Juice"},{"floor":10,"key":"SneckoOil"},{"floor":18,"key":"SkillPotion"},{"floor":24,"key":"Dexterity Potion"},{"floor":29,"key":"ColorlessPotion"}],"is_trial":false,"path_per_floor":["M","?","$","?","M","R","E","R","T","M","?","$","M","E","R","B",null,"M","?","?","M","M","R","E","$","T","M","R","M","E","?","R","B",null,"M","M","$","?","?","R","E","R","T","M","E","M","$","?","R","B",null,"R","$","E","B",null],"character_chosen":"Youkari","items_purchased":["SharpContractionReality_purple","DimensionStaggered_purple+1","WangLiang_OokamiKakushi_purple+1","CommonSense_AntiCommonSense_purple","RuptureOfTimeAndSpace_purple+1"],"campfire_rested":3,"item_purchase_floors":[3,25,25,37,47],"current_hp_per_floor":[70,56,56,56,56,56,46,46,46,48,53,53,57,34,34,34,80,80,56,56,56,57,57,40,40,40,40,40,40,41,41,41,41,80,80,80,80,80,80,80,90,90,90,90,90,90,90,90,90,90,90,90,90,90,68],"gold":151,"neow_bonus":"THREE_ENEMY_KILL","is_daily":false,"chose_seed":false,"campfire_upgraded":6,"win_rate":0.0,"timestamp":1610555031,"path_taken":["M","?","$","?","M","R","E","R","T","?","?","?","M","E","R","BOSS","M","?","?","?","M","R","E","$","T","M","R","M","E","?","R","BOSS","M","M","?","?","?","R","E","R","T","?","E","M","$","?","R","BOSS","R","$","E","BOSS"],"items_purchased_type":["Card","Card","Card","Card","Card"],"build_version":"2020-12-22","purchased_purges":3,"victory":true,"max_hp_per_floor":[70,70,70,70,70,70,75,75,75,75,80,80,80,80,80,80,80,80,80,80,80,80,80,80,80,80,80,80,80,80,80,80,80,80,80,80,80,80,80,80,90,90,90,90,90,90,90,90,90,90,90,90,90,90,90],"card_choices":[{"not_picked":["ExternalForce_HighSpeedFlying_purple","MeetDecomposer_purple"],"picked":"DimensionStaggered_purple","floor":1},{"not_picked":["Anti_communist_purple","RuleDissolution_purple"],"picked":"Erosivefilter_purple","floor":5},{"not_picked":["Erosivefilter_purple","Shallow_ocean_purpleEX+1"],"picked":"SharpContractionReality_purple+1","floor":7},{"not_picked":["Extrememeaning_purpleEX+1","Fantasy_PerpetualMotionMachine_purple"],"picked":"PurpleNeedle_purple+1","floor":10},{"not_picked":["Realm_recovery_purpleEX+1","Photoelasticity_Doppler_Effect_purple+1"],"picked":"WorldDissolvedintheRealm_purple+1","floor":13},{"not_picked":["Bait_Toxicbait_purple+1","AdvanceAttack_purple+1"],"picked":"Line_surface_state_purple+1","floor":14},{"not_picked":["D_absorption_purple+1","UniverseChoice_purple"],"picked":"Boundary_LifeAndDeath_purple+1","floor":16},{"not_picked":["SfantasyHide_purple+1","Shallow_ocean_purpleEX+1","StateDuplicate_purple+1"],"picked":"SKIP","floor":18},{"not_picked":["MeetDecomposer_purple+1","StateDuplicate_purple+1"],"picked":"SharpContractionReality_purple+1","floor":21},{"not_picked":["D_absorption_purple+1","PurpleNeedle_purple+1"],"picked":"WeekHit_purple+1","floor":22},{"not_picked":["StateErode_purple+1","Line_surface_state_purple+1"],"picked":"ButterflyHabitatTemple_purple+1","floor":24},{"not_picked":["WorldDissolvedintheRealm_purple+1","Boundary_of_Extermination_purpleEX","Umbrella_purple+1"],"picked":"SKIP","floor":27},{"not_picked":["Nest_LightFlightworm_purple+1","Charmbait_purple+1","Erosivefilter_purple+1"],"picked":"SKIP","floor":29},{"not_picked":["OmniscientAndOmnipotent_Monster_purple+1","Boundary_of_Extermination_purpleEX+1","RuleDissolution_purple+1"],"picked":"SKIP","floor":30},{"not_picked":["Theboundaryofcreation_purpleEX+1","LoveAcrossDimensions_purple"],"picked":"BarrageBoundary_PipeDream_purple+1","floor":33},{"not_picked":["SfantasyHide_purple+1","Boundary_DynamicStaticEquilibrium_purple+1"],"picked":"WatchEChange_purple+1","floor":35},{"not_picked":["RuleDissolution_purple+1","PositiveMatter_Antimatter_Universe_purple+1","WeekHit_purple+1"],"picked":"SKIP","floor":36},{"not_picked":["DarkRealmRedLine_purple+1","SfantasyHide_purple+1"],"picked":"Monsters_DoubleDeathButterfly_purple","floor":41},{"not_picked":["StateDuplicate_purple+1","OmniscientAndOmnipotent_Monster_purple+1"],"picked":"MonsterNeedle_purple+1","floor":44},{"not_picked":["Line_surface_state_purple+1","Charmbait_purple+1","ExternalForce_HighSpeedFlying_purple+1"],"picked":"SKIP","floor":45},{"not_picked":["Realm_recovery_purpleEX+1","Mirror_FormAndEmptin_purple+1","RuleDissolution_purple+1"],"picked":"SKIP","floor":46},{"not_picked":["Shallow_ocean_purpleEX+1","EighthInstrument_OneDividesIntoTwo_purple+1"],"picked":"ButterflyHabitatTemple_purple+1","floor":54}],"player_experience":647891,"relics_obtained":[{"floor":7,"key":"Molten Egg 2"},{"floor":9,"key":"Toxic Egg 2"},{"floor":14,"key":"Boot"},{"floor":24,"key":"Toy Ornithopter"},{"floor":26,"key":"Anchor"},{"floor":30,"key":"Lizard Tail"},{"floor":39,"key":"Du-Vu Doll"},{"floor":41,"key":"Pear"},{"floor":45,"key":"Ancient Tea Set"},{"floor":54,"key":"Blood Vial"}],"event_choices":[{"damage_healed":0,"gold_gain":0,"player_choice":"Entered Light","damage_taken":14,"max_hp_gain":0,"max_hp_loss":0,"event_name":"Shining Light","floor":2,"gold_loss":0,"cards_upgraded":["Defend_purpleEX","Defend_purpleEX"]},{"damage_healed":0,"gold_gain":0,"cards_transformed":["AT_purpleEX"],"player_choice":"Transformed","damage_taken":0,"max_hp_gain":0,"max_hp_loss":0,"event_name":"Transmorgrifier","floor":4,"gold_loss":0,"cards_obtained":["Nest_LightFlightworm_purple"]},{"cards_removed":["Defend_purpleEX"],"damage_healed":0,"gold_gain":0,"player_choice":"Offered Basic","damage_taken":0,"max_hp_gain":0,"max_hp_loss":0,"event_name":"Bonfire Elementals","floor":20,"gold_loss":0},{"damage_healed":0,"gold_gain":0,"player_choice":"1 cards matched","damage_taken":0,"max_hp_gain":0,"max_hp_loss":0,"event_name":"Match and Keep!","floor":31,"gold_loss":0,"cards_obtained":["RuleDissolution_purple"]},{"damage_healed":0,"gold_gain":0,"player_choice":"Fight","damage_taken":0,"max_hp_gain":0,"max_hp_loss":0,"event_name":"MindBloom","floor":39,"gold_loss":0},{"cards_removed":["SharpContractionReality_purple"],"damage_healed":0,"gold_gain":0,"player_choice":"Removed Attack","damage_taken":0,"max_hp_gain":0,"max_hp_loss":0,"event_name":"Falling","floor":48,"gold_loss":0}],"is_beta":false,"boss_relics":[{"not_picked":["Ectoplasm","Calling Bell"],"picked":"Empty Cage"},{"not_picked":["SacredBark","Velvet Choker"],"picked":"Sozu"}],"items_purged_floors":[3,25,37],"is_endless":false,"potions_floor_spawned":[1,7,10,18,24,29,33,39,45,46,54],"ascension_level":0}}