{"host":"h4390p13uu6iw1q5","time":1610582329,"event":{"mods":["BaseMod","Colored Map","Minty Spire (QoL Compilation)"],"gold_per_floor":[114,39,50,69,86,86,98,98,121,121,148,158,187,203,203,302,302,319,319,319,244,47,47,58,58,58,85,102,130,130,147,147,147,147],"floor_reached":33,"language":"ENG","playtime":1621,"items_purged":["Strike_B","Strike_B"],"score":521,"play_id":"803c7a54-b565-4848-b8fb-985efe317b0e","local_time":"20210113185849","is_ascension_mode":true,"campfire_choices":[{"data":"Coolheaded","floor":6,"key":"SMITH"},{"data":"Zap","floor":8,"key":"SMITH"},{"data":"Dualcast","floor":10,"key":"SMITH"},{"data":"Gash","floor":15,"key":"SMITH"},{"floor":23,"key":"REST"},{"data":"Echo Form","floor":25,"key":"SMITH"},{"data":"Buffer","floor":30,"key":"SMITH"},{"data":"Seek","floor":32,"key":"SMITH"}],"circlet_count":0,"master_deck":["AscendersBane","Strike_B","Defend_B","Defend_B","Defend_B","Defend_B","Zap+1","Dualcast+1","Gash+1","Coolheaded+1","Sweeping Beam","Sweeping Beam","Sweeping Beam","Buffer+1","Streamline","Echo Form+1","Hologram+1","Finesse","Conserve Battery","Scrape","Seek+1","Reprogram+1"],"relics":["Cracked Core","PreservedInsect","Blood Vial","Vajra","Runic Pyramid","Pen Nib","Question Card","Tiny Chest","StoneCalendar"],"acts_visited":["Exordium","TheCity"],"potions_floor_usage":[11,11,16,16,18,29,31,31,33,33],"damage_taken":[{"damage":7,"enemies":"Jaw Worm","floor":1,"turns":4},{"damage":7,"enemies":"Small Slimes","floor":3,"turns":3},{"damage":4,"enemies":"Cultist","floor":4,"turns":4},{"damage":11,"enemies":"3 Louse","floor":5,"turns":3},{"damage":7,"enemies":"Red Slaver","floor":7,"turns":4},{"damage":0,"enemies":"3 Sentries","floor":11,"turns":1},{"damage":0,"enemies":"Lots of Slimes","floor":12,"turns":1},{"damage":19,"enemies":"Lagavulin","floor":13,"turns":7},{"damage":1,"enemies":"Blue Slaver","floor":14,"turns":3},{"damage":19,"enemies":"Hexaghost","floor":16,"turns":9},{"damage":23,"enemies":"2 Thieves","floor":18,"turns":4},{"damage":0,"enemies":"Spheric Guardian","floor":24,"turns":3},{"damage":0,"enemies":"Gremlin Leader","floor":27,"turns":4},{"damage":0,"enemies":"Snecko","floor":28,"turns":4},{"damage":29,"enemies":"Slavers","floor":29,"turns":3},{"damage":4,"enemies":"Centurion and Healer","floor":31,"turns":5},{"damage":53,"enemies":"Champ","floor":33,"turns":9}],"seed_played":"-5787722456030078722","potions_obtained":[{"floor":4,"key":"BlessingOfTheForge"},{"floor":5,"key":"AttackPotion"},{"floor":13,"key":"BlessingOfTheForge"},{"floor":14,"key":"SneckoOil"},{"floor":16,"key":"Energy Potion"},{"floor":28,"key":"FocusPotion"},{"floor":29,"key":"EntropicBrew"},{"floor":31,"key":"Energy Potion"}],"is_trial":false,"path_per_floor":["M","$","M","M","M","R","M","R","T","R","E","M","E","M","R","B",null,"M","?","T","?","$","R","M","R","T","E","M","E","R","M","R","B"],"character_chosen":"DEFECT","items_purchased":["Finesse"],"campfire_rested":1,"item_purchase_floors":[22],"current_hp_per_floor":[68,68,61,57,46,46,39,39,39,39,39,41,24,25,25,8,64,43,27,27,27,27,53,55,55,55,57,59,32,32,30,30,0,0],"gold":147,"neow_bonus":"TEN_PERCENT_HP_BONUS","is_daily":false,"chose_seed":false,"campfire_upgraded":7,"win_rate":0.0,"timestamp":1610582329,"path_taken":["M","$","M","M","M","R","M","R","T","R","E","M","E","M","R","BOSS","M","?","?","?","$","R","?","R","T","E","M","E","R","?","R","BOSS"],"items_purchased_type":["Card"],"build_version":"2020-12-22","purchased_purges":2,"victory":false,"max_hp_per_floor":[82,82,82,82,82,82,82,82,82,82,82,82,82,82,82,82,82,82,87,87,87,87,87,87,87,87,87,87,87,87,87,87,87,87],"card_choices":[{"not_picked":["Stack","Beam Cell"],"picked":"Gash","floor":1},{"not_picked":["Doom and Gloom","Fusion"],"picked":"Coolheaded","floor":3},{"not_picked":["Leap","Turbo"],"picked":"Sweeping Beam","floor":4},{"not_picked":["Redo","Go for the Eyes"],"picked":"Sweeping Beam","floor":5},{"not_picked":["White Noise","Go for the Eyes","Lockon"],"picked":"SKIP","floor":7},{"not_picked":["Beam Cell","Turbo"],"picked":"Sweeping Beam","floor":11},{"not_picked":["Beam Cell","Go for the Eyes","Cold Snap"],"picked":"SKIP","floor":12},{"not_picked":["Barrage","Ball Lightning"],"picked":"Buffer","floor":13},{"not_picked":["Cold Snap","Hologram"],"picked":"Streamline","floor":14},{"not_picked":["Biased Cognition","Core Surge"],"picked":"Echo Form","floor":16},{"not_picked":["Go for the Eyes","Aggregate"],"picked":"Hologram+1","floor":18},{"not_picked":["Go for the Eyes","Capacitor+1","Redo"],"picked":"SKIP","floor":24},{"not_picked":["Melter","Compile Driver","Rainbow"],"picked":"Conserve Battery","floor":27},{"not_picked":["Barrage+1","Cold Snap","Sweeping Beam"],"picked":"Scrape","floor":28},{"not_picked":["Self Repair","Scrape","Loop"],"picked":"Seek","floor":29},{"not_picked":["Barrage+1","FTL","Redo"],"picked":"Reprogram+1","floor":31}],"player_experience":2452447,"relics_obtained":[{"floor":9,"key":"PreservedInsect"},{"floor":11,"key":"Blood Vial"},{"floor":13,"key":"Vajra"},{"floor":20,"key":"Pen Nib"},{"floor":26,"key":"Question Card"},{"floor":27,"key":"Tiny Chest"},{"floor":29,"key":"StoneCalendar"}],"event_choices":[{"damage_healed":0,"gold_gain":0,"player_choice":"Shed Blood","damage_taken":21,"max_hp_gain":5,"max_hp_loss":0,"event_name":"Forgotten Altar","floor":19,"gold_loss":0},{"cards_removed":["Strike_B"],"damage_healed":0,"gold_gain":0,"player_choice":"Gave Gold","damage_taken":0,"max_hp_gain":0,"max_hp_loss":0,"event_name":"Beggar","floor":21,"gold_loss":75}],"is_beta":false,"boss_relics":[{"not_picked":["Velvet Choker","Coffee Dripper"],"picked":"Runic Pyramid"}],"items_purged_floors":[2,22],"is_endless":false,"potions_floor_spawned":[4,5,13,14,16,28,29,31],"killed_by":"Champ","ascension_level":10}}