{"host":"2xjkbrmvrd7iq7pu","time":1610512445,"event":{"mods":["AchievementEnabler","Act Like it!","Arknights The Spire","BaseMod","Downfall","Gensokyo","Gremlin Mod","GungeonMod","KinomotoSakuraMod(木之本樱)","Lobotomy","Minty Spire (QoL Compilation)","Reimu（博丽灵梦）","Replay The Spire","StSLib","The Alterego","The Bug Knight","The Cursed","Yakumo Yukari mod"],"gold_per_floor":[111,111,62,1,1,32,32,27,54,54,60,85,65,65],"floor_reached":13,"language":"ZHS","playtime":769,"items_purged":[],"score":125,"play_id":"b68cdb6a-8cd9-47e2-aae6-ef39890f77f5","local_time":"20210113123405","is_ascension_mode":true,"campfire_choices":[{"data":"ClowCardTheRain","floor":7.0,"key":"SMITH"},{"data":"SpellCardSeal","floor":10.0,"key":"SMITH"}],"circlet_count":0,"master_deck":["SakuraCardTheDream+","ClowCardTheSword","ClowCardTheSword","ClowCardTheSword","ClowCardTheShield","ClowCardTheShield","ClowCardTheShield","ClowCardTheShield","SpellCardSeal+1","SpellCardRelease","ClowCardTheLoop","Poor:ReiMu","ClowCardTheSweet+1","ClowCardTheSilent","ClowCardTheRain+1","ClowCardTheDash"],"relics":["KSMOD_SealedBook","KSMOD_SealedWand","ReplayTheSpireMod:TigerMarble","YidongShenshe:ReiMu","DemoMod:GlassGuonStoneRelic","Replay:Mystery Machine","DemoMod:Metronome","Pet Ghost","Juzu Bracelet"],"acts_visited":["Exordium"],"potions_floor_usage":[],"damage_taken":[{"damage":0.0,"enemies":"Jaw Worm","floor":1.0,"turns":2.0},{"damage":42.0,"enemies":"3 Sentries","floor":6.0,"turns":14.0},{"damage":0.0,"enemies":"2 Louse","floor":8.0,"turns":4.0},{"damage":0.0,"enemies":"Gremlin Nob","floor":11.0,"turns":5.0},{"damage":0,"enemies":"Lagavulin","floor":13,"turns":3}],"seed_played":"678679307806130512","potions_obtained":[{"floor":6.0,"key":"Guardian:BlockOnCardUsePotion"},{"floor":11.0,"key":"AttackPotion"}],"is_trial":false,"path_per_floor":["M","?","$","$","?","E","R","M","T","R","E","T","E"],"character_chosen":"KINOMOTOSAKURA","items_purchased":["ClowCardTheDream","ClowCardTheSweet+1"],"campfire_rested":0,"item_purchase_floors":[3,4],"current_hp_per_floor":[70,70,70,70,70,43,43,48,48,48,53,53,55,55],"gold":65,"neow_bonus":"RANDOM_COMMON_RELIC","is_daily":false,"chose_seed":false,"campfire_upgraded":2,"win_rate":0.0,"timestamp":1610512445,"path_taken":["M","?","?","$","?","E","R","M","T","R","E","?","E"],"items_purchased_type":["Card","Card"],"build_version":"2020-12-22","purchased_purges":0,"victory":false,"max_hp_per_floor":[70,70,70,70,70,70,70,70,70,70,70,70,70,70],"card_choices":[{"not_picked":["ClowCardTheLibra","ClowCardTheLittle"],"picked":"ClowCardTheLoop","floor":1.0},{"not_picked":["ClowCardTheSnow","ClowCardTheSleep"],"picked":"ClowCardTheRain","floor":6.0},{"not_picked":["ClowCardTheFreeze","ClowCardTheArrow","ClowCardTheVoice"],"picked":"SKIP","floor":8.0},{"not_picked":["ClowCardTheFirey","ClowCardTheBubbles"],"picked":"ClowCardTheDash","floor":11.0}],"player_experience":683546,"relics_obtained":[{"floor":6.0,"key":"Replay:Mystery Machine"},{"floor":9.0,"key":"DemoMod:Metronome"},{"floor":11.0,"key":"Pet Ghost"},{"floor":12.0,"key":"Juzu Bracelet"}],"event_choices":[{"damage_healed":0.0,"max_hp_gain":0.0,"max_hp_loss":0.0,"gold_gain":0.0,"event_name":"yidonshenshe","player_choice":"带走神社","floor":2.0,"gold_loss":0.0,"damage_taken":0.0,"relics_obtained":["YidongShenshe:ReiMu"],"cards_obtained":["Poor:ReiMu"]},{"damage_healed":0.0,"max_hp_gain":0.0,"max_hp_loss":0.0,"gold_gain":0.0,"cards_transformed":["ClowCardTheSword"],"event_name":"Living Wall","player_choice":"Change","floor":5.0,"gold_loss":0.0,"damage_taken":0.0,"cards_obtained":["ClowCardTheSilent"]}],"is_beta":false,"boss_relics":[],"items_purged_floors":[],"is_endless":false,"potions_floor_spawned":[6,11],"killed_by":"Lagavulin","ascension_level":2}}