{"host":"xwog71r75u8mqwn1","time":1610580444,"event":{"mods":["BaseMod","Evolution","Minty Spire (QoL Compilation)","StSLib"],"gold_per_floor":[16,91,106,124,141,141,170,184,265,52,70,97,174,188,188,188,188],"floor_reached":16,"language":"ENG","playtime":871,"items_purged":["Strike_R"],"score":182,"play_id":"af9fccf9-9d42-4465-b287-6a01d32e5455","local_time":"20210113172724","is_ascension_mode":true,"campfire_choices":[{"data":"Bash","floor":6,"key":"SMITH"},{"floor":15,"key":"REST"}],"circlet_count":0,"master_deck":["AscendersBane","Strike_R","Strike_R","Strike_R","Strike_R","Defend_R","Defend_R","Defend_R","Defend_R","Bash+1","Thinking Ahead","Cleave","Iron Wave","Shrug It Off","Bloodletting","Evolve","Cleave","Rupture","Flame Barrier","Feel No Pain","Feel No Pain","Metallicize"],"relics":["Burning Blood","EVO:Axolotl","Shuriken","Molten Egg 2","Peace Pipe"],"acts_visited":["Exordium"],"potions_floor_usage":[16,16],"damage_taken":[{"damage":3,"enemies":"Small Slimes","floor":1,"turns":4},{"damage":6,"enemies":"Cultist","floor":3,"turns":3},{"damage":0,"enemies":"2 Louse","floor":4,"turns":3},{"damage":2,"enemies":"Exordium Wildlife","floor":5,"turns":3},{"damage":42,"enemies":"Lagavulin","floor":7,"turns":8},{"damage":13,"enemies":"Red Slaver","floor":8,"turns":4},{"damage":7,"enemies":"Looter","floor":11,"turns":3},{"damage":25,"enemies":"3 Sentries","floor":12,"turns":7},{"damage":5,"enemies":"2 Fungi Beasts","floor":14,"turns":5},{"damage":39,"enemies":"Slime Boss","floor":16,"turns":7}],"seed_played":"4379327488353632005","potions_obtained":[{"floor":8,"key":"EssenceOfSteel"},{"floor":11,"key":"Strength Potion"}],"is_trial":false,"path_per_floor":["M","?","M","M","M","R","E","M","T","$","M","E","?","M","R","B"],"character_chosen":"IRONCLAD","items_purchased":["Rupture","Flame Barrier"],"campfire_rested":1,"item_purchase_floors":[10,10],"current_hp_per_floor":[75,67,67,73,77,77,41,34,34,34,33,14,14,15,39,0,0],"gold":188,"neow_bonus":"RANDOM_COLORLESS_2","is_daily":false,"chose_seed":false,"campfire_upgraded":1,"win_rate":0.0,"timestamp":1610580444,"path_taken":["M","?","?","M","?","R","E","M","T","$","M","E","?","M","R","BOSS"],"items_purchased_type":["Card","Card"],"build_version":"2020-12-22","purchased_purges":1,"victory":false,"max_hp_per_floor":[80,80,80,80,80,80,80,80,80,80,80,80,80,80,80,80,80],"card_choices":[{"not_picked":["The Bomb","Apotheosis"],"picked":"Thinking Ahead","floor":0},{"not_picked":["Anger","Clothesline"],"picked":"Cleave","floor":1},{"not_picked":["Twin Strike","Battle Trance"],"picked":"Iron Wave","floor":3},{"not_picked":["Dark Embrace","Headbutt"],"picked":"Shrug It Off","floor":4},{"not_picked":["Pommel Strike","Heavy Blade"],"picked":"Bloodletting","floor":5},{"not_picked":["True Grit","Body Slam"],"picked":"Evolve","floor":7},{"not_picked":["Perfected Strike","Headbutt"],"picked":"Cleave","floor":8},{"not_picked":["Second Wind","Havoc"],"picked":"Feel No Pain","floor":11},{"not_picked":["Perfected Strike+1","Inflame"],"picked":"Feel No Pain","floor":12},{"not_picked":["Headbutt+1","Sword Boomerang+1"],"picked":"Metallicize","floor":14}],"player_experience":2453041,"relics_obtained":[{"floor":7,"key":"Shuriken"},{"floor":9,"key":"Molten Egg 2"},{"floor":12,"key":"Peace Pipe"}],"event_choices":[{"damage_healed":0,"gold_gain":75,"player_choice":"Touch","damage_taken":8,"max_hp_gain":0,"max_hp_loss":0,"event_name":"FaceTrader","floor":2,"gold_loss":0},{"damage_healed":0,"gold_gain":77,"player_choice":"Gained Gold","damage_taken":0,"max_hp_gain":0,"max_hp_loss":0,"event_name":"Golden Wing","floor":13,"gold_loss":0}],"is_beta":false,"boss_relics":[],"items_purged_floors":[10],"is_endless":false,"potions_floor_spawned":[8,11,12,14],"killed_by":"Slime Boss","ascension_level":12}}