{"host":"1fn5ivlym87f4xjq","time":1610531268,"event":{"mods":["BaseMod","BetterRewards","Colored Powertips","Minty Spire (QoL Compilation)","Shop Mod","StSLib","The Animator","The Exalted","The Forsaken","The Hierophant"],"gold_per_floor":[119,119,44,55,73,98,118,128,128,147,147,165,200,213,213,309,309,329,329,345,365,365,365,399,399,399,399,79,179,29,43,43,138,138,154,154,173,22,22,22,22,56,56,56,102,102,102,112,112,112,112,112,73,106,106],"floor_reached":56,"language":"ENG","playtime":2376,"items_purged":["Doubt","Pain"],"score":1232,"play_id":"403509b0-3e2e-4535-89e0-c7b8152c456f","local_time":"20210113104748","is_ascension_mode":false,"campfire_choices":[{"data":"Spot Weakness","floor":11,"key":"SMITH"},{"floor":15,"key":"REST"},{"floor":23,"key":"RECALL"},{"data":"Heavy Blade","floor":25,"key":"SMITH"},{"data":"Anger","floor":32,"key":"SMITH"},{"data":"Brutality","floor":40,"key":"SMITH"},{"data":"Seeing Red","floor":47,"key":"SMITH"},{"data":"Thunderclap","floor":49,"key":"SMITH"},{"data":"Flex","floor":52,"key":"SMITH"}],"circlet_count":0,"master_deck":["Strike_R","Strike_R","Strike_R","Strike_R","Strike_R","Defend_R","Defend_R","Defend_R","Defend_R","Cleave","Spot Weakness+1","Reckless Charge","Thunderclap+1","Seeing Red+1","Combust","Flex+1","Blood for Blood","Feed","Juggernaut","Anger+1","Heavy Blade+1","Iron Wave","Uppercut+1","Rampage+1","Anger+1","Rupture+1","Brutality+1","Rage+1","Rampage+1","Writhe","Flex+1","animator:Curse_Nutcracker","Thunderclap+1","Doubt","Perfected Strike+1","Seeing Red","Combust+1"],"relics":["Burning Blood","NeowsBlessing","Happy Flower","Bromod:ArcaneNullifier","Cursed Key","InkBottle","Molten Egg 2","OrangePellets","Bird Faced Urn","Meat on the Bone","Lee\u0027s Waffle","Bromod:ArcaneGrace","Lantern","Bromod:ArcaneUltimatum","Letter Opener","FossilizedHelix","Gremlin Horn","Vajra"],"acts_visited":["Exordium","TheCity","TheBeyond","TheEnding"],"potions_floor_usage":[6,6,6,16,18,20,27,45,50,50,50,55],"damage_taken":[{"damage":0,"enemies":"2 Louse","floor":1,"turns":1},{"damage":0,"enemies":"Cultist","floor":4,"turns":1},{"damage":0,"enemies":"Small Slimes","floor":5,"turns":1},{"damage":33,"enemies":"Lagavulin","floor":6,"turns":5},{"damage":6,"enemies":"Blue Slaver","floor":7,"turns":4},{"damage":6,"enemies":"Exordium Wildlife","floor":8,"turns":3},{"damage":9,"enemies":"2 Fungi Beasts","floor":10,"turns":3},{"damage":3,"enemies":"Red Slaver","floor":12,"turns":2},{"damage":35,"enemies":"3 Sentries","floor":13,"turns":6},{"damage":7,"enemies":"Blue Slaver","floor":14,"turns":3},{"damage":37,"enemies":"Slime Boss","floor":16,"turns":10},{"damage":6,"enemies":"3 Byrds","floor":18,"turns":3},{"damage":14,"enemies":"Spheric Guardian","floor":20,"turns":4},{"damage":35,"enemies":"Snecko","floor":21,"turns":6},{"damage":30,"enemies":"Slavers","floor":24,"turns":4},{"damage":0,"enemies":"Snake Plant","floor":27,"turns":1},{"damage":11,"enemies":"Colosseum Slavers","floor":29,"turns":4},{"damage":28,"enemies":"Colosseum Nobs","floor":29,"turns":4},{"damage":40,"enemies":"3 Cultists","floor":31,"turns":5},{"damage":64,"enemies":"Champ","floor":33,"turns":8},{"damage":23,"enemies":"3 Darklings","floor":35,"turns":4},{"damage":9,"enemies":"3 Shapes","floor":37,"turns":4},{"damage":34,"enemies":"Nemesis","floor":42,"turns":5},{"damage":56,"enemies":"2 Orb Walkers","floor":45,"turns":4},{"damage":6,"enemies":"Transient","floor":48,"turns":5},{"damage":108,"enemies":"Awakened One","floor":50,"turns":9},{"damage":92,"enemies":"Shield and Spear","floor":54,"turns":6},{"damage":204,"enemies":"The Heart","floor":55,"turns":8}],"seed_played":"4101786769726702534","potions_obtained":[{"floor":1,"key":"Strength Potion"},{"floor":4,"key":"ColorlessPotion"},{"floor":6,"key":"Fruit Juice"},{"floor":13,"key":"GamblersBrew"},{"floor":14,"key":"LiquidBronze"},{"floor":16,"key":"BlessingOfTheForge"},{"floor":21,"key":"SmokeBomb"},{"floor":33,"key":"SneckoOil"},{"floor":35,"key":"Dexterity Potion"},{"floor":45,"key":"CultistPotion"},{"floor":48,"key":"DistilledChaos"},{"floor":54,"key":"CultistPotion"}],"is_trial":false,"path_per_floor":["M","?","$","M","M","E","M","M","T","M","R","M","E","M","R","B",null,"M","?","M","M","?","R","E","R","T","M","$","?","$","M","R","B",null,"M","?","M","$","?","R","$","E","T","?","?","T","R","M","R","B",null,"R","$","E","B",null],"character_chosen":"IRONCLAD","items_purchased":["Rampage+1","OrangePellets","Lee\u0027s Waffle","Lantern","Seeing Red"],"campfire_rested":1,"item_purchase_floors":[28,28,30,38,53],"current_hp_per_floor":[80,80,80,80,80,58,58,58,58,55,55,58,29,28,53,22,85,85,85,77,51,51,51,27,27,27,33,33,12,101,71,71,31,101,92,92,95,95,101,101,101,90,90,90,68,68,68,80,80,25,101,101,101,64,71],"gold":106,"neow_bonus":"THREE_ENEMY_KILL","is_daily":false,"chose_seed":false,"campfire_upgraded":7,"win_rate":0.0,"timestamp":1610531268,"path_taken":["M","?","?","M","M","E","M","M","T","?","R","M","E","M","R","BOSS","M","?","M","?","?","R","E","R","T","M","$","?","?","M","R","BOSS","M","?","?","$","?","R","$","E","T","?","?","?","R","M","R","BOSS","R","$","E","BOSS"],"items_purchased_type":["Card","Relic","Relic","Relic","Card"],"build_version":"2020-12-22","purchased_purges":2,"victory":true,"max_hp_per_floor":[80,80,80,80,80,85,85,85,85,85,85,85,85,85,85,85,85,85,85,85,88,88,88,88,88,88,88,88,94,101,101,101,101,101,101,101,101,101,101,101,101,101,101,101,101,101,101,101,101,101,101,101,101,104,104],"card_choices":[{"not_picked":["Ghostly Armor","Warcry"],"picked":"Cleave","floor":1},{"not_picked":["True Grit","Anger"],"picked":"Spot Weakness","floor":4},{"not_picked":["True Grit","Shrug It Off"],"picked":"Reckless Charge","floor":5},{"not_picked":["Heavy Blade","Clash"],"picked":"Thunderclap","floor":6},{"not_picked":["Shrug It Off","Dropkick"],"picked":"Seeing Red","floor":7},{"not_picked":["Impervious","Searing Blow"],"picked":"Combust","floor":8},{"not_picked":["Pommel Strike","Clash"],"picked":"Flex","floor":10},{"not_picked":["Ghostly Armor","Iron Wave"],"picked":"Shrug It Off","floor":12},{"not_picked":["Battle Trance","Searing Blow"],"picked":"Blood for Blood","floor":13},{"not_picked":["Flex","Shrug It Off"],"picked":"Feed","floor":14},{"not_picked":["Feed","Impervious"],"picked":"Juggernaut","floor":16},{"not_picked":["Heavy Blade","Pommel Strike"],"picked":"Anger","floor":18},{"not_picked":["Entrench","Infernal Blade"],"picked":"Heavy Blade","floor":20},{"not_picked":["Sever Soul","Sword Boomerang"],"picked":"Iron Wave","floor":21},{"not_picked":["Sword Boomerang","Intimidate"],"picked":"Uppercut+1","floor":24},{"not_picked":["Reaper+1","Thunderclap+1"],"picked":"Anger+1","floor":29},{"not_picked":["Clothesline+1","Twin Strike+1"],"picked":"Rupture+1","floor":31},{"not_picked":["Limit Break","Offering"],"picked":"Brutality","floor":33},{"not_picked":["Feel No Pain+1","Second Wind+1"],"picked":"Rage+1","floor":35},{"not_picked":["Feel No Pain","Body Slam+1"],"picked":"Rampage+1","floor":37},{"not_picked":["Rage","Headbutt+1"],"picked":"Flex+1","floor":42},{"not_picked":["Cleave+1","Clothesline+1"],"picked":"Thunderclap+1","floor":45},{"not_picked":["Twin Strike+1","Fire Breathing"],"picked":"Perfected Strike+1","floor":48},{"not_picked":["Entrench+1","Anger+1"],"picked":"Combust+1","floor":54}],"player_experience":122322,"relics_obtained":[{"floor":6,"key":"Happy Flower"},{"floor":13,"key":"Bromod:ArcaneNullifier"},{"floor":24,"key":"InkBottle"},{"floor":26,"key":"Molten Egg 2"},{"floor":29,"key":"Bird Faced Urn"},{"floor":29,"key":"Meat on the Bone"},{"floor":42,"key":"Bromod:ArcaneUltimatum"},{"floor":43,"key":"Letter Opener"},{"floor":45,"key":"FossilizedHelix"},{"floor":46,"key":"Gremlin Horn"},{"floor":54,"key":"Vajra"}],"event_choices":[{"cards_removed":["Bash"],"damage_healed":0,"gold_gain":0,"player_choice":"Took Card","damage_taken":0,"max_hp_gain":0,"max_hp_loss":0,"event_name":"NoteForYourself","floor":2,"gold_loss":0,"cards_obtained":["Doubt"]},{"damage_healed":0,"gold_gain":0,"player_choice":"Ignored","damage_taken":0,"max_hp_gain":0,"max_hp_loss":0,"event_name":"Transmorgrifier","floor":19,"gold_loss":0},{"damage_healed":0,"gold_gain":0,"player_choice":"Ignored","damage_taken":0,"max_hp_gain":0,"max_hp_loss":0,"event_name":"Ghosts","floor":22,"gold_loss":0},{"damage_healed":0,"gold_gain":0,"player_choice":"Fight","damage_taken":0,"max_hp_gain":0,"max_hp_loss":0,"event_name":"Colosseum","floor":29,"gold_loss":0},{"damage_healed":0,"gold_gain":0,"player_choice":"Fought Nobs","damage_taken":0,"max_hp_gain":0,"max_hp_loss":0,"event_name":"Colosseum","floor":29,"gold_loss":0},{"damage_healed":0,"gold_gain":0,"player_choice":"Ignored","damage_taken":0,"max_hp_gain":0,"max_hp_loss":0,"event_name":"Transmorgrifier","floor":36,"gold_loss":0},{"damage_healed":25,"gold_gain":0,"player_choice":"Writhe","damage_taken":0,"max_hp_gain":0,"max_hp_loss":0,"event_name":"Winding Halls","floor":39,"gold_loss":0,"cards_obtained":["Writhe"]},{"cards_removed":["Shrug It Off"],"damage_healed":0,"gold_gain":0,"player_choice":"Removed Skill","damage_taken":0,"max_hp_gain":0,"max_hp_loss":0,"event_name":"Falling","floor":44,"gold_loss":0},{"damage_healed":0,"gold_gain":0,"player_choice":"Fight","damage_taken":0,"max_hp_gain":0,"max_hp_loss":0,"event_name":"Mysterious Sphere","floor":45,"gold_loss":0}],"is_beta":false,"boss_relics":[{"not_picked":["Ectoplasm","Empty Cage"],"picked":"Cursed Key"},{"not_picked":["Coffee Dripper","Black Star"],"picked":"Bromod:ArcaneGrace"}],"items_purged_floors":[3,28],"is_endless":false,"potions_floor_spawned":[1,4,6,13,14,16,21,27,33,35,45,48,54],"ascension_level":0}}