{"host":"jl3raagrljzztomj","time":1610503935,"event":{"mods":["BaseMod","BetterRewards","Colored Map","Colored Powertips","Custom Start","Hermit","Highlight Path","Minty Spire (QoL Compilation)","Permanent Neow","StSLib","SuperFastMode"],"gold_per_floor":[112,112,112,133,202,240,240,281,281,281,281],"floor_reached":10,"language":"ENG","playtime":434,"items_purged":[],"score":74,"play_id":"dcfc8ab4-e457-4e72-a25b-3decf7672fee","local_time":"20210112201215","is_ascension_mode":false,"campfire_choices":[{"data":"hermit:Cheat","floor":7,"key":"SMITH"}],"circlet_count":0,"master_deck":["hermit:Strike_Hermit","hermit:Strike_Hermit","hermit:Strike_Hermit","hermit:Strike_Hermit","hermit:Defend_Hermit","hermit:Defend_Hermit","hermit:Defend_Hermit","hermit:Defend_Hermit","hermit:Snapshot","hermit:Covet+1","hermit:Cheat+1","Injury","hermit:ShadowCloak","hermit:Spite"],"relics":["hermit:Momento","Golden Idol","Bottled Tornado","Bottled Lightning","Toxic Egg 2"],"acts_visited":["Exordium"],"potions_floor_usage":[6],"damage_taken":[{"damage":0,"enemies":"Small Slimes","floor":1,"turns":3},{"damage":0,"enemies":"2 Louse","floor":4,"turns":3},{"damage":25,"enemies":"Lagavulin","floor":6,"turns":8},{"damage":46,"enemies":"3 Sentries","floor":8,"turns":15},{"damage":10,"enemies":"Lagavulin","floor":10,"turns":2}],"seed_played":"125324380629202669","potions_obtained":[{"floor":1,"key":"SteroidPotion"}],"is_trial":false,"path_per_floor":["M","?","?","M","?","E","R","E","T","E"],"character_chosen":"HERMIT","items_purchased":[],"campfire_rested":0,"item_purchase_floors":[],"current_hp_per_floor":[75,75,75,75,75,50,50,4,4,0,0],"gold":281,"neow_bonus":"UPGRADE_CARD","is_daily":false,"chose_seed":false,"campfire_upgraded":1,"win_rate":0.0,"timestamp":1610503935,"path_taken":["M","?","?","M","?","E","R","E","T","E"],"items_purchased_type":[],"build_version":"2020-12-22","purchased_purges":0,"victory":false,"max_hp_per_floor":[75,75,75,75,75,75,75,75,75,75,75],"card_choices":[{"not_picked":["hermit:Enervate","hermit:HighCaliber"],"picked":"hermit:Cheat","floor":1},{"not_picked":["hermit:Enervate","hermit:DeadMansHand"],"picked":"hermit:ShadowCloak","floor":4},{"not_picked":["hermit:Coalescence","hermit:Headshot","hermit:TakeCover"],"picked":"SKIP","floor":6},{"not_picked":["hermit:WideOpen","hermit:DeadMansHand"],"picked":"hermit:Spite","floor":8}],"player_experience":913758,"relics_obtained":[{"floor":6,"key":"Bottled Tornado"},{"floor":8,"key":"Bottled Lightning"},{"floor":9,"key":"Toxic Egg 2"}],"event_choices":[{"damage_healed":0,"gold_gain":0,"player_choice":"Leave","damage_taken":0,"max_hp_gain":0,"max_hp_loss":0,"event_name":"The Cleric","floor":2,"gold_loss":0},{"damage_healed":0,"gold_gain":0,"player_choice":"Take Wound","damage_taken":0,"relics_obtained":["Golden Idol"],"max_hp_gain":0,"max_hp_loss":0,"event_name":"Golden Idol","floor":3,"gold_loss":0,"cards_obtained":["Injury"]},{"damage_healed":0,"gold_gain":69,"player_choice":"Gained Gold","damage_taken":0,"max_hp_gain":0,"max_hp_loss":0,"event_name":"Golden Wing","floor":5,"gold_loss":0}],"is_beta":false,"boss_relics":[],"items_purged_floors":[],"is_endless":false,"potions_floor_spawned":[1],"killed_by":"Lagavulin","ascension_level":0}}