{"host":"1u4zr9vl8my47i07","time":1610537061,"event":{"mods":["AchievementEnabler","BaseMod","DeckTracker","Highlight Path","Keyboard Shortcuts","Minty Spire (QoL Compilation)","Relic Stats","StSLib","SuperFastMode","Uncapped","Waifu the Spire","everything is the same but u backflip on backflip"],"gold_per_floor":[110,110,185,185,195,195,225,242,269,298,298,87,121,121,121,192,192,207,207,207],"floor_reached":19,"language":"KOR","playtime":533,"items_purged":[],"score":385,"play_id":"3ff407ca-f942-4cc1-8d78-d57429e61938","local_time":"20210113202421","is_ascension_mode":true,"campfire_choices":[{"data":"Body Slam","floor":6.0,"key":"SMITH"},{"data":"Rage","floor":11.0,"key":"SMITH"},{"data":"Bash","floor":15.0,"key":"SMITH"}],"circlet_count":0,"master_deck":["AscendersBane","Strike_R","Strike_R","Strike_R","Strike_R","Strike_R","Defend_R","Defend_R","Defend_R+1","Defend_R+1","Bash+1","Anger","Body Slam+1","Flex","Twin Strike","Rage+1","Carnage","Uppercut+1","Berserk"],"relics":["Burning Blood","NeowsBlessing","War Paint","Juzu Bracelet","WingedGreaves","Oddly Smooth Stone","Darkstone Periapt","Philosopher\u0027s Stone"],"acts_visited":["Exordium","TheCity"],"potions_floor_usage":[],"damage_taken":[{"damage":0.0,"enemies":"2 Louse","floor":1.0,"turns":1.0},{"damage":0.0,"enemies":"Small Slimes","floor":5.0,"turns":1.0},{"damage":0.0,"enemies":"Lagavulin","floor":7.0,"turns":1.0},{"damage":0.0,"enemies":"Cultist","floor":8.0,"turns":3.0},{"damage":30.0,"enemies":"Gremlin Nob","floor":10.0,"turns":4.0},{"damage":12.0,"enemies":"3 Sentries","floor":13.0,"turns":7.0},{"damage":21.0,"enemies":"The Guardian","floor":16.0,"turns":9.0},{"damage":43,"enemies":"3 Byrds","floor":18,"turns":6},{"damage":30,"enemies":"Masked Bandits","floor":19,"turns":3}],"seed_played":"-7215010936994076017","potions_obtained":[{"floor":7.0,"key":"CultistPotion"},{"floor":8.0,"key":"Ancient Potion"},{"floor":16.0,"key":"SpeedPotion"}],"is_trial":false,"path_per_floor":["M","?","?","?","M","R","E","M","T","E","R","$","E","?","R","B",null,"M","?"],"character_chosen":"IRONCLAD","items_purchased":["Oddly Smooth Stone","Carnage"],"campfire_rested":0,"item_purchase_floors":[12,12],"current_hp_per_floor":[74,74,63,68,74,74,80,80,80,56,56,56,50,50,50,35,69,32,2,2],"gold":207,"neow_bonus":"THREE_ENEMY_KILL","is_daily":false,"chose_seed":false,"campfire_upgraded":3,"win_rate":0.0,"timestamp":1610537061,"path_taken":["M","?","?","?","M","R","E","M","T","E","R","$","E","?","R","BOSS","M","?"],"items_purchased_type":["Relic","Card"],"build_version":"2020-12-22","purchased_purges":0,"victory":false,"max_hp_per_floor":[75,75,75,80,80,80,80,80,80,80,80,80,80,80,80,80,80,80,80,80],"relic_stats":{"Darkstone Periapt":0,"counters":[9,35],"Juzu Bracelet":1,"War Paint":["Defend_R","Defend_R"],"obtain_stats":[{"Darkstone Periapt":13,"NeowsBlessing":0,"Oddly Smooth Stone":12,"Philosopher\u0027s Stone":17,"WingedGreaves":10,"Juzu Bracelet":9,"War Paint":7,"Burning Blood":0},{"Darkstone Periapt":6,"NeowsBlessing":0,"Oddly Smooth Stone":5,"Philosopher\u0027s Stone":7,"WingedGreaves":5,"Juzu Bracelet":4,"War Paint":3,"Burning Blood":0},{"Darkstone Periapt":17,"NeowsBlessing":0,"Oddly Smooth Stone":10,"Philosopher\u0027s Stone":26,"WingedGreaves":10,"Juzu Bracelet":6,"War Paint":3,"Burning Blood":0}],"Burning Blood":42},"card_choices":[{"not_picked":["Heavy Blade","Rupture"],"picked":"Anger","floor":1.0},{"not_picked":["Heavy Blade","Bloodletting"],"picked":"Body Slam","floor":5.0},{"not_picked":["Anger","Combust"],"picked":"Flex","floor":7.0},{"not_picked":["Warcry","Hemokinesis"],"picked":"Twin Strike","floor":8.0},{"not_picked":["Twin Strike","Metallicize"],"picked":"Rage","floor":10.0},{"not_picked":["Hemokinesis","Iron Wave"],"picked":"Uppercut","floor":13.0},{"not_picked":["Brutality","Juggernaut"],"picked":"Berserk","floor":16.0},{"not_picked":["Thunderclap","Twin Strike","Wild Strike+1"],"picked":"SKIP","floor":18}],"player_experience":327127,"relics_obtained":[{"floor":7.0,"key":"War Paint"},{"floor":9.0,"key":"Juzu Bracelet"},{"floor":10.0,"key":"WingedGreaves"},{"floor":13.0,"key":"Darkstone Periapt"}],"event_choices":[{"damage_healed":0.0,"max_hp_gain":0.0,"max_hp_loss":0.0,"gold_gain":0.0,"event_name":"Liars Game","player_choice":"Ignored","floor":2.0,"gold_loss":0.0,"damage_taken":0.0},{"damage_healed":0.0,"max_hp_gain":0.0,"max_hp_loss":0.0,"gold_gain":75.0,"event_name":"World of Goop","player_choice":"Gather Gold","floor":3.0,"gold_loss":0.0,"damage_taken":11.0},{"damage_healed":0.0,"max_hp_gain":5.0,"max_hp_loss":0.0,"gold_gain":0.0,"event_name":"Big Fish","player_choice":"Donut","floor":4.0,"gold_loss":0.0,"damage_taken":0.0},{"damage_healed":0.0,"max_hp_gain":0.0,"max_hp_loss":0.0,"gold_gain":0.0,"event_name":"Upgrade Shrine","player_choice":"Upgraded","floor":14.0,"gold_loss":0.0,"damage_taken":0.0,"cards_upgraded":["Uppercut"]},{"damage_healed":0,"gold_gain":0,"player_choice":"Fought Bandits","damage_taken":0,"max_hp_gain":0,"max_hp_loss":0,"event_name":"Masked Bandits","floor":19,"gold_loss":0}],"is_beta":false,"boss_relics":[{"not_picked":["Busted Crown","Ectoplasm"],"picked":"Philosopher\u0027s Stone"}],"items_purged_floors":[],"is_endless":false,"potions_floor_spawned":[7,8,16,18],"killed_by":"Masked Bandits","ascension_level":17}}