{"host":"5x08nt64u3vxxcfi","time":1610537283,"event":{"mods":["BaseMod","Minty Spire (QoL Compilation)","StSLib","SuperFastMode"],"gold_per_floor":[110,185,204,56,72,72,97,97,97,97,107,118,130,145,145,145,145],"floor_reached":16,"language":"KOR","playtime":334,"items_purged":[],"score":182,"play_id":"7fe3fdbd-8dcf-4b20-9a4c-bc1209c906b5","local_time":"20210113202803","is_ascension_mode":true,"campfire_choices":[{"data":"Glass Knife","floor":6.0,"key":"SMITH"},{"data":"Footwork","floor":8.0,"key":"SMITH"},{"data":"Glass Knife","floor":15.0,"key":"SMITH"}],"circlet_count":0,"master_deck":["AscendersBane","Strike_G","Strike_G","Strike_G","Strike_G","Strike_G","Defend_G","Defend_G","Defend_G","Defend_G","Defend_G","Survivor","Neutralize","Glass Knife+1","Terror","Outmaneuver","Footwork+1","Prepared","Backflip","Tactician","Bouncing Flask","Acrobatics","Footwork","Blur","Glass Knife+1"],"relics":["Ring of the Snake","The Courier","Vajra"],"acts_visited":[],"potions_floor_usage":[16,16],"damage_taken":[{"damage":2.0,"enemies":"Small Slimes","floor":1.0,"turns":3.0},{"damage":2.0,"enemies":"Jaw Worm","floor":3.0,"turns":3.0},{"damage":0.0,"enemies":"Cultist","floor":5.0,"turns":3.0},{"damage":8.0,"enemies":"Lagavulin","floor":7.0,"turns":5.0},{"damage":14.0,"enemies":"Large Slime","floor":11.0,"turns":6.0},{"damage":11.0,"enemies":"Exordium Wildlife","floor":12.0,"turns":3.0},{"damage":3.0,"enemies":"Blue Slaver","floor":13.0,"turns":2.0},{"damage":0.0,"enemies":"Gremlin Gang","floor":14.0,"turns":8.0},{"damage":16,"enemies":"Slime Boss","floor":16,"turns":6}],"seed_played":"-6911616366008684337","potions_obtained":[{"floor":1.0,"key":"Poison Potion"},{"floor":3.0,"key":"Poison Potion"},{"floor":10.0,"key":"Poison Potion"},{"floor":10.0,"key":"Swift Potion"}],"is_trial":false,"path_per_floor":["M","?","M","$","M","R","E","R","T","?","M","M","M","M","R","B"],"character_chosen":"THE_SILENT","items_purchased":["Footwork","Prepared","Backflip"],"campfire_rested":0,"item_purchase_floors":[4,4,4],"current_hp_per_floor":[57,46,44,44,44,44,36,36,36,36,22,11,8,8,8,0,0],"gold":145,"neow_bonus":"ONE_RANDOM_RARE_CARD","is_daily":false,"chose_seed":false,"campfire_upgraded":3,"win_rate":0.0,"timestamp":1610537283,"path_taken":["M","?","M","$","M","R","E","R","T","?","?","M","M","M","R","BOSS"],"items_purchased_type":["Card","Card","Card"],"build_version":"2020-12-22","purchased_purges":0,"victory":false,"max_hp_per_floor":[66,66,66,66,66,66,66,66,66,66,66,66,66,66,66,66,66],"card_choices":[{"not_picked":["Outmaneuver","Deflect"],"picked":"Terror","floor":1.0},{"not_picked":["Deflect","Dash"],"picked":"Outmaneuver","floor":3.0},{"not_picked":["Outmaneuver","Acrobatics"],"picked":"Tactician","floor":5.0},{"not_picked":["Underhanded Strike","Sucker Punch"],"picked":"Bouncing Flask","floor":7.0},{"not_picked":["Dash","Deadly Poison"],"picked":"Acrobatics","floor":11.0},{"not_picked":["Prepared","Slice"],"picked":"Footwork","floor":12.0},{"not_picked":["Flying Knee","Sucker Punch"],"picked":"Blur","floor":13.0},{"not_picked":["Distraction","Backflip"],"picked":"Glass Knife","floor":14.0}],"player_experience":103094,"relics_obtained":[{"floor":7.0,"key":"The Courier"},{"floor":9.0,"key":"Vajra"}],"event_choices":[{"damage_healed":0.0,"max_hp_gain":0.0,"max_hp_loss":0.0,"gold_gain":75.0,"event_name":"World of Goop","player_choice":"Gather Gold","floor":2.0,"gold_loss":0.0,"damage_taken":11.0},{"damage_healed":0.0,"max_hp_gain":0.0,"max_hp_loss":0.0,"gold_gain":0.0,"event_name":"Lab","player_choice":"Got Potions","floor":10.0,"gold_loss":0.0,"damage_taken":0.0}],"is_beta":false,"boss_relics":[],"items_purged_floors":[],"is_endless":false,"potions_floor_spawned":[1,3],"killed_by":"Slime Boss","ascension_level":15}}