{"host":"e52c7hvho6xny3hd","time":1610507048,"event":{"mods":["AchievementEnabler","BaseMod","Colored Map","DeckTracker","Minty Spire (QoL Compilation)","Permanent Neow","StSLib"],"gold_per_floor":[119,129,146,156,42,42,72,72,95,95,95,95,109,135,135,235,235,247,247,261,42,59,87,87,105,105,133,133,148,163,262,262,360,360,379,379,393,412,121,121,137,137,137,137,59,70,86,106,106,106],"floor_reached":51,"language":"KOR","playtime":3682,"items_purged":["Prostrate"],"score":1089,"play_id":"b72b60cd-c7b7-4de1-9c0e-b285896cb9b6","local_time":"20210113120408","is_ascension_mode":true,"campfire_choices":[{"data":"Eruption","floor":6.0,"key":"SMITH"},{"data":"MentalFortress","floor":8.0,"key":"SMITH"},{"data":"ReachHeaven","floor":12.0,"key":"SMITH"},{"data":"Bandage Up","floor":15.0,"key":"SMITH"},{"data":"Wish","floor":24,"key":"SMITH"},{"data":"Wallop","floor":28,"key":"SMITH"},{"floor":32,"key":"REST"},{"data":"Vault","floor":40,"key":"SMITH"},{"data":"Vigilance","floor":42,"key":"SMITH"},{"data":"Protect","floor":44,"key":"SMITH"},{"data":"TalkToTheHand","floor":49,"key":"SMITH"}],"circlet_count":0,"master_deck":["AscendersBane","Eruption+1","Vigilance+1","MentalFortress+1","Consecrate+1","FearNoEvil","WheelKick","Bandage Up+1","FlurryOfBlows","ReachHeaven+1","EmptyBody","Wish+1","Wallop+1","FlurryOfBlows","SpiritShield","Consecrate","EmptyFist+1","Meditate+1","Iron Wave","Protect+1","Reprogram+1","Cloak And Dagger+1","Vault+1","TalkToTheHand+1","Pummel"],"relics":["HolyWater","Oddly Smooth Stone","Lantern","Happy Flower","Pandora\u0027s Box","PrismaticShard","Ice Cream","Kunai","Nunchaku","Whetstone","Yang"],"acts_visited":["Exordium","TheCity","TheBeyond"],"potions_floor_usage":[30,50,50,50],"damage_taken":[{"damage":0.0,"enemies":"Small Slimes","floor":1.0,"turns":4.0},{"damage":7.0,"enemies":"Jaw Worm","floor":2.0,"turns":4.0},{"damage":3.0,"enemies":"2 Louse","floor":3.0,"turns":2.0},{"damage":1.0,"enemies":"Red Slaver","floor":4.0,"turns":4.0},{"damage":0.0,"enemies":"Lagavulin","floor":7.0,"turns":4.0},{"damage":4.0,"enemies":"Exordium Thugs","floor":13.0,"turns":5.0},{"damage":24.0,"enemies":"Gremlin Nob","floor":14.0,"turns":4.0},{"damage":29.0,"enemies":"Hexaghost","floor":16.0,"turns":10.0},{"damage":0.0,"enemies":"Spheric Guardian","floor":18.0,"turns":2.0},{"damage":15.0,"enemies":"3 Byrds","floor":20.0,"turns":4.0},{"damage":0.0,"enemies":"3 Cultists","floor":22.0,"turns":2.0},{"damage":21,"enemies":"Gremlin Leader","floor":23,"turns":4},{"damage":10,"enemies":"Snecko","floor":25,"turns":4},{"damage":32,"enemies":"Slavers","floor":27,"turns":4},{"damage":18,"enemies":"Shelled Parasite and Fungi","floor":29,"turns":6},{"damage":9,"enemies":"Centurion and Healer","floor":30,"turns":3},{"damage":2,"enemies":"Automaton","floor":33,"turns":6},{"damage":22,"enemies":"3 Darklings","floor":35,"turns":5},{"damage":0,"enemies":"3 Shapes","floor":37,"turns":4},{"damage":0,"enemies":"Transient","floor":38,"turns":5},{"damage":5,"enemies":"Sphere and 2 Shapes","floor":41,"turns":4},{"damage":14,"enemies":"Jaw Worm Horde","floor":46,"turns":6},{"damage":0,"enemies":"Maw","floor":47,"turns":7},{"damage":9,"enemies":"Sphere and 2 Shapes","floor":48,"turns":4},{"damage":0,"enemies":"Donu and Deca","floor":50,"turns":7}],"seed_played":"-4899241531549965531","potions_obtained":[{"floor":1.0,"key":"SneckoOil"},{"floor":3.0,"key":"Dexterity Potion"},{"floor":14.0,"key":"LiquidBronze"},{"floor":16.0,"key":"SkillPotion"},{"floor":27,"key":"Regen Potion"},{"floor":29,"key":"Dexterity Potion"},{"floor":33,"key":"PowerPotion"},{"floor":38,"key":"Strength Potion"}],"is_trial":false,"path_per_floor":["M","M","M","M","$","R","E","R","T","?","?","R","M","E","R","B",null,"M","?","M","$","M","E","R","M","T","E","R","M","M","?","R","B",null,"M","?","M","M","$","R","M","R","T","R","$","M","M","M","R","B",null],"character_chosen":"WATCHER","items_purchased":["Bandage Up","FlurryOfBlows","PrismaticShard","Whetstone","Vault","TalkToTheHand"],"campfire_rested":1,"item_purchase_floors":[5,5,21,39,39,45],"current_hp_per_floor":[65,58,55,54,54,54,58,58,58,58,51,51,51,31,31,8,56,62,72,63,63,63,48,48,44,44,18,18,6,12,12,33,37,63,47,47,53,59,59,59,60,60,60,60,60,52,58,55,55,61],"gold":106,"neow_bonus":"THREE_CARDS","is_daily":false,"chose_seed":false,"campfire_upgraded":10,"win_rate":0.0,"timestamp":1610507048,"path_taken":["M","M","M","M","$","R","E","R","T","?","?","R","M","E","R","BOSS","M","?","M","$","?","E","R","M","T","E","R","M","M","?","R","BOSS","M","?","M","M","$","R","M","R","T","R","$","M","M","M","R","BOSS"],"items_purchased_type":["Card","Card","Relic","Relic","Card","Card"],"build_version":"2020-12-22","purchased_purges":1,"victory":true,"max_hp_per_floor":[72,72,72,72,72,72,72,72,72,72,72,72,72,72,72,72,72,72,72,72,72,72,72,72,72,72,72,72,72,72,72,72,72,72,72,72,72,72,72,72,72,72,72,72,72,72,72,72,72,72],"card_choices":[{"not_picked":["FlurryOfBlows","SashWhip"],"picked":"MentalFortress","floor":0.0},{"not_picked":["Sanctity","FlyingSleeves"],"picked":"Consecrate","floor":1.0},{"not_picked":["Collect","ClearTheMind"],"picked":"FearNoEvil","floor":2.0},{"not_picked":["CrushJoints","Crescendo","WindmillStrike"],"picked":"SKIP","floor":3.0},{"not_picked":["JustLucky","FollowUp"],"picked":"WheelKick","floor":4.0},{"not_picked":["Weave","Wireheading","Indignation"],"picked":"SKIP","floor":7.0},{"not_picked":["ClearTheMind","LikeWater"],"picked":"EmptyBody","floor":13.0},{"not_picked":["Worship","CrushJoints","Brilliance"],"picked":"SKIP","floor":14.0},{"not_picked":["Brilliance","DevaForm"],"picked":"Wish","floor":16.0},{"not_picked":["FollowUp","FlurryOfBlows"],"picked":"EmptyFist","floor":18.0},{"not_picked":["JustLucky","LikeWater"],"picked":"Meditate+1","floor":20.0},{"not_picked":["EmptyFist","Ball Lightning","Endless Agony"],"picked":"SKIP","floor":22.0},{"not_picked":["HandOfGreed","Outmaneuver","Juggernaut"],"picked":"SKIP","floor":23},{"not_picked":["Worship","Clash+1","Headbutt"],"picked":"SKIP","floor":25},{"not_picked":["Rampage","Body Slam"],"picked":"Iron Wave","floor":27},{"not_picked":["Masterful Stab+1","Rebound"],"picked":"Protect","floor":29},{"not_picked":["Turbo+1","Trip","EmptyFist"],"picked":"SKIP","floor":30},{"not_picked":["Rage+1","Heel Hook+1"],"picked":"Reprogram+1","floor":35},{"not_picked":["Recycle+1","Perfected Strike"],"picked":"Cloak And Dagger+1","floor":37},{"not_picked":["Reprogram","Headbutt+1","Worship"],"picked":"SKIP","floor":38},{"not_picked":["True Grit+1","Capacitor","LessonLearned"],"picked":"SKIP","floor":41},{"not_picked":["Gash+1","Thunderclap+1"],"picked":"Pummel","floor":46},{"not_picked":["Stack+1","Pommel Strike","Hemokinesis+1"],"picked":"SKIP","floor":47},{"not_picked":["Dagger Throw","Phantasmal Killer","Underhanded Strike+1"],"picked":"SKIP","floor":48}],"player_experience":658175,"relics_obtained":[{"floor":7.0,"key":"Oddly Smooth Stone"},{"floor":9.0,"key":"Lantern"},{"floor":14.0,"key":"Happy Flower"},{"floor":23,"key":"Ice Cream"},{"floor":26,"key":"Kunai"},{"floor":27,"key":"Nunchaku"},{"floor":43,"key":"Yang"}],"event_choices":[{"damage_healed":0.0,"max_hp_gain":0.0,"max_hp_loss":0.0,"gold_gain":0.0,"cards_transformed":["Strike_P"],"event_name":"Living Wall","player_choice":"Change","floor":10.0,"gold_loss":0.0,"damage_taken":0.0,"cards_obtained":["ReachHeaven"]},{"cards_removed":["Strike_P"],"damage_healed":0.0,"max_hp_gain":0.0,"max_hp_loss":0.0,"gold_gain":0.0,"event_name":"Golden Wing","player_choice":"Card Removal","floor":11.0,"gold_loss":0.0,"damage_taken":7.0},{"cards_removed":["Pray"],"damage_healed":10.0,"max_hp_gain":0.0,"max_hp_loss":0.0,"gold_gain":0.0,"event_name":"Bonfire Elementals","player_choice":"Offered Uncommon","floor":19.0,"gold_loss":0.0,"damage_taken":0.0},{"damage_healed":0,"gold_gain":99,"player_choice":"Stole From Cult","damage_taken":0,"max_hp_gain":0,"max_hp_loss":0,"event_name":"Nest","floor":31,"gold_loss":0},{"damage_healed":0,"gold_gain":0,"player_choice":"Ignored","damage_taken":0,"max_hp_gain":0,"max_hp_loss":0,"event_name":"Tomb of Lord Red Mask","floor":36,"gold_loss":0}],"is_beta":false,"boss_relics":[{"not_picked":["Black Star","SacredBark"],"picked":"Pandora\u0027s Box"},{"not_picked":["Runic Dome","Velvet Choker"],"picked":"HolyWater"}],"items_purged_floors":[21],"is_endless":false,"potions_floor_spawned":[1,3,14,16,23,27,29,33,38,41,46],"ascension_level":10}}