{"host":"vlqejv0notyktumz","time":1610579385,"event":{"mods":["AchievementEnabler","BaseMod","Googly Eyes","Minty Spire (QoL Compilation)"],"gold_per_floor":[117,8,22,22,22,22,22,39,39,39,59,73,37,61,61,163,163,178,26,41,41,41,57,57,57,57],"floor_reached":25,"language":"ENG","playtime":562,"items_purged":["Defend_B","Defend_B"],"score":258,"play_id":"f8967415-da8f-4f37-b21c-2844313dc3aa","local_time":"20210113170945","is_ascension_mode":true,"campfire_choices":[{"data":"Conserve Battery","floor":6,"key":"SMITH"},{"data":"Rip and Tear","floor":10,"key":"SMITH"},{"data":"Hologram","floor":15,"key":"SMITH"}],"circlet_count":0,"master_deck":["Strike_B","Strike_B","Strike_B","Defend_B","Defend_B","Zap+1","Dualcast","Conserve Battery+1","Rip and Tear+1","Lockon","FTL","Undo","Consume","Hologram+1","Buffer","Leap+1","Shame"],"relics":["Cracked Core","Ginger","Odd Mushroom","Busted Crown","Mummified Hand"],"acts_visited":["Exordium","TheCity"],"potions_floor_usage":[14,14,16,23,25],"damage_taken":[{"damage":1,"enemies":"Cultist","floor":1,"turns":3},{"damage":2,"enemies":"Jaw Worm","floor":3,"turns":3},{"damage":0,"enemies":"2 Louse","floor":8,"turns":2},{"damage":6,"enemies":"Looter","floor":11,"turns":3},{"damage":7,"enemies":"Gremlin Gang","floor":12,"turns":4},{"damage":1,"enemies":"The Mushroom Lair","floor":14,"turns":2},{"damage":33,"enemies":"Slime Boss","floor":16,"turns":6},{"damage":31,"enemies":"3 Byrds","floor":18,"turns":5},{"damage":0,"enemies":"Chosen","floor":20,"turns":5},{"damage":11,"enemies":"Centurion and Healer","floor":23,"turns":7},{"damage":25,"enemies":"Gremlin Leader","floor":25,"turns":2}],"seed_played":"-1671902211260674134","potions_obtained":[{"floor":8,"key":"AttackPotion"},{"floor":12,"key":"SkillPotion"},{"floor":14,"key":"FearPotion"},{"floor":16,"key":"FocusPotion"},{"floor":20,"key":"EssenceOfSteel"},{"floor":23,"key":"PotionOfCapacity"},{"floor":24,"key":"FearPotion"}],"is_trial":false,"path_per_floor":["M","$","M","$","?","R","$","M","T","R","M","M","$","?","R","B",null,"M","$","M","?","?","M","?","E"],"character_chosen":"DEFECT","items_purchased":["Rip and Tear","Consume","Block Potion"],"campfire_rested":0,"item_purchase_floors":[2,13,19],"current_hp_per_floor":[67,67,65,65,58,58,58,58,58,58,52,45,45,44,44,11,59,28,28,28,28,28,17,17,0,0],"gold":57,"neow_bonus":"UPGRADE_CARD","is_daily":false,"chose_seed":false,"campfire_upgraded":3,"win_rate":0.0,"timestamp":1610579385,"path_taken":["M","?","M","$","?","R","?","M","T","R","?","M","$","?","R","BOSS","M","$","M","?","?","M","?","E"],"items_purchased_type":["Card","Card","Potion"],"build_version":"2020-12-22","purchased_purges":2,"victory":false,"max_hp_per_floor":[75,75,75,75,75,75,75,75,75,75,75,75,75,75,75,75,75,75,75,75,75,75,75,75,75,75],"card_choices":[{"not_picked":["Sweeping Beam","Go for the Eyes"],"picked":"Conserve Battery","floor":1},{"not_picked":["Heatsinks","Leap"],"picked":"Lockon","floor":3},{"not_picked":["Doom and Gloom","Steam Power"],"picked":"FTL","floor":8},{"not_picked":["Stack","Static Discharge"],"picked":"Undo","floor":11},{"not_picked":["Heatsinks","Storm","Turbo"],"picked":"SKIP","floor":12},{"not_picked":["Force Field","Steam"],"picked":"Hologram","floor":14},{"not_picked":["All For One","Core Surge"],"picked":"Buffer","floor":16},{"not_picked":[],"picked":"Leap+1","floor":18},{"not_picked":["Cold Snap"],"picked":"SKIP","floor":20},{"not_picked":["Capacitor"],"picked":"SKIP","floor":23}],"player_experience":334263,"relics_obtained":[{"floor":9,"key":"Ginger"},{"floor":14,"key":"Odd Mushroom"}],"event_choices":[{"cards_removed":["Strike_B"],"damage_healed":0,"gold_gain":0,"player_choice":"Card Removal","damage_taken":7,"max_hp_gain":0,"max_hp_loss":0,"event_name":"Golden Wing","floor":5,"gold_loss":0},{"damage_healed":0,"gold_gain":0,"player_choice":"Fought Mushrooms","damage_taken":0,"max_hp_gain":0,"max_hp_loss":0,"event_name":"Mushrooms","floor":14,"gold_loss":0},{"damage_healed":0,"gold_gain":0,"player_choice":"Ignored","damage_taken":0,"max_hp_gain":0,"max_hp_loss":0,"event_name":"Ghosts","floor":21,"gold_loss":0},{"damage_healed":0,"gold_gain":0,"player_choice":"Stole Relic","damage_taken":0,"relics_obtained":["Mummified Hand"],"max_hp_gain":0,"max_hp_loss":0,"event_name":"Addict","floor":22,"gold_loss":0,"cards_obtained":["Shame"]},{"damage_healed":0,"gold_gain":0,"player_choice":"Got Potions","damage_taken":0,"max_hp_gain":0,"max_hp_loss":0,"event_name":"Lab","floor":24,"gold_loss":0}],"is_beta":false,"boss_relics":[{"not_picked":["Tiny House","Philosopher\u0027s Stone"],"picked":"Busted Crown"}],"items_purged_floors":[2,19],"is_endless":false,"potions_floor_spawned":[8,12,14,16,20,23],"killed_by":"Gremlin Leader","ascension_level":7}}