{"host":"91blwi3hgehj6ch9","time":1610557721,"event":{"mods":["2.2 Compatiblity","AchievementEnabler","BaseMod","Colored Map","DeckTracker","Keyboard Shortcuts","Minty Spire (QoL Compilation)","Permanent Neow","Quick Restart","StSLib","SuperFastMode"],"gold_per_floor":[117,42,42,42,42,73,73,84,84,103,103,21,35,52,52,148,148,129,129,29,40,56,86,86,105,105,133,133,133,8,26,26,125,125,136,136,136,148,166,193,205,205,232,252,252,278,328,16,16,16],"floor_reached":51,"language":"KOR","playtime":2536,"items_purged":["Defend_P","Defend_P","Strike_P","Strike_P"],"score":1514,"play_id":"645d0fbd-1d5d-45ff-a44f-463f5d8e6ad5","local_time":"20210114020841","is_ascension_mode":true,"campfire_choices":[{"data":"Vigilance","floor":7.0,"key":"SMITH"},{"data":"PathToVictory","floor":11.0,"key":"SMITH"},{"data":"Adaptation","floor":15.0,"key":"SMITH"},{"data":"InnerPeace","floor":24.0,"key":"SMITH"},{"floor":32.0,"key":"REST"},{"data":"Purity","floor":49,"key":"SMITH"}],"circlet_count":0,"master_deck":["AscendersBane","Defend_P+1","Defend_P","Eruption+1","Vigilance+1","MentalFortress+1","PathToVictory+1","Adaptation+1","EmptyFist","InnerPeace+1","EmptyMind+1","Tantrum","Purity+1"],"relics":["PureWater","NeowsBlessing","Singing Bowl","Mercury Hourglass","Empty Cage","Prayer Wheel","Turnip","HornCleat","Blue Candle","Busted Crown","Lizard Tail","FossilizedHelix","Lantern","Shovel"],"acts_visited":["Exordium","TheCity","TheBeyond"],"potions_floor_usage":[],"damage_taken":[{"damage":0.0,"enemies":"2 Louse","floor":1.0,"turns":2.0},{"damage":0.0,"enemies":"Lagavulin","floor":6.0,"turns":1.0},{"damage":0.0,"enemies":"Small Slimes","floor":8.0,"turns":1.0},{"damage":0.0,"enemies":"Cultist","floor":10.0,"turns":3.0},{"damage":2.0,"enemies":"Red Slaver","floor":13.0,"turns":4.0},{"damage":0.0,"enemies":"Exordium Wildlife","floor":14.0,"turns":3.0},{"damage":54.0,"enemies":"The Guardian","floor":16.0,"turns":11.0},{"damage":14.0,"enemies":"2 Thieves","floor":18.0,"turns":4.0},{"damage":0.0,"enemies":"Chosen","floor":21.0,"turns":3.0},{"damage":11.0,"enemies":"Snake Plant","floor":22.0,"turns":4.0},{"damage":4.0,"enemies":"Book of Stabbing","floor":23.0,"turns":6.0},{"damage":0.0,"enemies":"Shelled Parasite and Fungi","floor":25.0,"turns":5.0},{"damage":5.0,"enemies":"Gremlin Leader","floor":27.0,"turns":7.0},{"damage":7.0,"enemies":"Cultist and Chosen","floor":31.0,"turns":5.0},{"damage":37.0,"enemies":"Champ","floor":33.0,"turns":7.0},{"damage":10.0,"enemies":"3 Darklings","floor":35.0,"turns":3.0},{"damage":4.0,"enemies":"Orb Walker","floor":38.0,"turns":4.0},{"damage":0.0,"enemies":"3 Darklings","floor":39.0,"turns":2.0},{"damage":0.0,"enemies":"Giant Head","floor":40.0,"turns":3.0},{"damage":11.0,"enemies":"Jaw Worm Horde","floor":41.0,"turns":2.0},{"damage":0.0,"enemies":"Maw","floor":44.0,"turns":3.0},{"damage":0,"enemies":"Mind Bloom Boss Battle","floor":47,"turns":2},{"damage":0,"enemies":"Awakened One","floor":50,"turns":7}],"seed_played":"-426651141347163326","potions_obtained":[{"floor":1.0,"key":"ColorlessPotion"},{"floor":8.0,"key":"AttackPotion"},{"floor":16.0,"key":"LiquidMemories"},{"floor":18.0,"key":"Fire Potion"},{"floor":27.0,"key":"Regen Potion"},{"floor":35.0,"key":"Weak Potion"},{"floor":40.0,"key":"Strength Potion"},{"floor":41.0,"key":"SteroidPotion"}],"is_trial":false,"path_per_floor":["M","$","?","$","?","E","R","M","T","M","R","$","M","M","R","B",null,"M","?","$","M","M","E","R","M","T","E","?","?","$","M","R","B",null,"M","$","?","M","M","E","M","?","T","M","?","T","?","$","R","B",null],"character_chosen":"WATCHER","items_purchased":["Adaptation","Tantrum","Purity"],"campfire_rested":1,"item_purchase_floors":[12,48,48],"current_hp_per_floor":[65,65,51,51,51,53,53,55,55,55,55,55,55,57,57,5,63,49,49,49,49,42,40,40,44,44,41,41,22,22,19,49,29,86,80,80,80,80,84,86,79,81,81,85,85,85,87,87,87,87],"gold":16,"neow_bonus":"THREE_ENEMY_KILL","is_daily":false,"chose_seed":false,"campfire_upgraded":5,"win_rate":0.0,"timestamp":1610557721,"path_taken":["M","$","?","$","?","E","R","M","T","?","R","$","M","M","R","BOSS","M","?","$","?","M","E","R","M","T","E","?","?","$","M","R","BOSS","M","$","?","M","M","E","?","?","T","M","?","?","?","?","R","BOSS"],"items_purchased_type":["Card","Card","Card"],"build_version":"2020-12-22","purchased_purges":4,"victory":true,"max_hp_per_floor":[72,72,72,72,72,74,74,76,76,76,76,76,78,80,80,82,82,82,82,82,82,86,88,88,92,92,94,94,99,99,103,103,105,105,109,109,109,113,117,119,123,125,125,129,129,129,131,131,131,131],"card_choices":[{"not_picked":["EmptyBody","Evaluate"],"picked":"MentalFortress","floor":1.0},{"not_picked":["Wallop","Meditate","Crescendo"],"picked":"Singing Bowl","floor":6.0},{"not_picked":["Swivel","ThirdEye","Devotion"],"picked":"Singing Bowl","floor":8.0},{"not_picked":["FlyingSleeves","Study"],"picked":"PathToVictory","floor":10.0},{"not_picked":["FlyingSleeves","ClearTheMind","ThirdEye"],"picked":"Singing Bowl","floor":13.0},{"not_picked":["Halt","WaveOfTheHand","WindmillStrike"],"picked":"Singing Bowl","floor":14.0},{"not_picked":["MasterReality","Ragnarok","Establishment"],"picked":"Singing Bowl","floor":16.0},{"not_picked":["Weave","SandsOfTime"],"picked":"EmptyFist","floor":18.0},{"not_picked":["SandsOfTime","ReachHeaven"],"picked":"InnerPeace","floor":21.0},{"not_picked":["Prostrate","ReachHeaven"],"picked":"EmptyMind+1","floor":21.0},{"not_picked":["Prostrate","Wireheading","BowlingBash"],"picked":"Singing Bowl","floor":22.0},{"not_picked":["BattleHymn","CarveReality","Perseverance"],"picked":"Singing Bowl","floor":22.0},{"not_picked":["Pray","JustLucky+1","Evaluate"],"picked":"Singing Bowl","floor":23.0},{"not_picked":["Pray","PathToVictory","BattleHymn"],"picked":"Singing Bowl","floor":25.0},{"not_picked":["Prostrate","SpiritShield","Wireheading"],"picked":"Singing Bowl","floor":25.0},{"not_picked":["Protect","EmptyFist+1","Evaluate+1"],"picked":"Singing Bowl","floor":27.0},{"not_picked":["CrushJoints","CutThroughFate","PathToVictory"],"picked":"Singing Bowl","floor":31.0},{"not_picked":["CrushJoints","SashWhip","Protect"],"picked":"Singing Bowl","floor":31.0},{"not_picked":["Omniscience","ConjureBlade","Ragnarok"],"picked":"Singing Bowl","floor":33.0},{"not_picked":["SashWhip+1"],"picked":"Singing Bowl","floor":35.0},{"not_picked":["PathToVictory"],"picked":"Singing Bowl","floor":35.0},{"not_picked":["JustLucky"],"picked":"Singing Bowl","floor":38.0},{"not_picked":["ThirdEye"],"picked":"Singing Bowl","floor":38.0},{"not_picked":["SashWhip"],"picked":"Singing Bowl","floor":39.0},{"not_picked":["EmptyFist"],"picked":"Singing Bowl","floor":39.0},{"not_picked":["Blasphemy"],"picked":"Singing Bowl","floor":40.0},{"not_picked":["PathToVictory+1"],"picked":"Singing Bowl","floor":41.0},{"not_picked":["Halt"],"picked":"Singing Bowl","floor":41.0},{"not_picked":["Dramatic Entrance"],"picked":"Singing Bowl","floor":42.0},{"not_picked":["EmptyBody"],"picked":"Singing Bowl","floor":44.0},{"not_picked":["EmptyFist"],"picked":"Singing Bowl","floor":44.0},{"not_picked":["Crescendo"],"picked":"Singing Bowl","floor":47}],"player_experience":173886,"relics_obtained":[{"floor":6.0,"key":"Singing Bowl"},{"floor":9.0,"key":"Mercury Hourglass"},{"floor":19.0,"key":"Prayer Wheel"},{"floor":23.0,"key":"Turnip"},{"floor":26.0,"key":"HornCleat"},{"floor":27.0,"key":"Blue Candle"},{"floor":40.0,"key":"FossilizedHelix"},{"floor":46,"key":"Lantern"},{"floor":47,"key":"Shovel"}],"event_choices":[{"damage_healed":0.0,"max_hp_gain":0.0,"max_hp_loss":0.0,"gold_gain":0.0,"event_name":"Shining Light","player_choice":"Entered Light","floor":3.0,"gold_loss":0.0,"damage_taken":14.0,"cards_upgraded":["Defend_P","MentalFortress"]},{"damage_healed":0.0,"max_hp_gain":0.0,"max_hp_loss":0.0,"gold_gain":0.0,"event_name":"Upgrade Shrine","player_choice":"Upgraded","floor":5.0,"gold_loss":0.0,"damage_taken":0.0,"cards_upgraded":["Eruption"]},{"damage_healed":0.0,"max_hp_gain":0.0,"max_hp_loss":0.0,"gold_gain":0.0,"event_name":"Wheel of Change","player_choice":"Relic","floor":19.0,"gold_loss":0.0,"damage_taken":0.0},{"damage_healed":0.0,"max_hp_gain":0.0,"max_hp_loss":0.0,"gold_gain":0.0,"event_name":"Ghosts","player_choice":"Ignored","floor":28.0,"gold_loss":0.0,"damage_taken":0.0},{"damage_healed":0.0,"max_hp_gain":5.0,"max_hp_loss":0.0,"gold_gain":0.0,"event_name":"Forgotten Altar","player_choice":"Shed Blood","floor":29.0,"gold_loss":0.0,"damage_taken":24.0},{"damage_healed":0.0,"max_hp_gain":0.0,"max_hp_loss":0.0,"gold_gain":0.0,"event_name":"WeMeetAgain","player_choice":"Gave Potion","floor":37.0,"gold_loss":0.0,"damage_taken":0.0,"relics_obtained":["Lizard Tail"]},{"damage_healed":0.0,"max_hp_gain":0.0,"max_hp_loss":0.0,"gold_gain":0.0,"event_name":"SensoryStone","player_choice":"Memory 1","floor":42.0,"gold_loss":0.0,"damage_taken":0.0},{"damage_healed":0,"gold_gain":0,"player_choice":"Ignored","damage_taken":0,"max_hp_gain":0,"max_hp_loss":0,"event_name":"Mysterious Sphere","floor":45,"gold_loss":0},{"damage_healed":0,"gold_gain":0,"player_choice":"Fight","damage_taken":0,"max_hp_gain":0,"max_hp_loss":0,"event_name":"MindBloom","floor":47,"gold_loss":0}],"is_beta":false,"boss_relics":[{"not_picked":["Tiny House","VioletLotus"],"picked":"Empty Cage"},{"not_picked":["Calling Bell","Philosopher\u0027s Stone"],"picked":"Busted Crown"}],"items_purged_floors":[2,20,30,48],"is_endless":false,"potions_floor_spawned":[1,8,16,18,21,23,27,35,40,41],"ascension_level":12}}