{"host":"sxnl403xm2xmiyj1","time":1610528534,"event":{"mods":["AchievementEnabler","BaseMod","Colored Map","Keyboard Shortcuts","Minty Spire (QoL Compilation)","Quick Restart","StSLib","SuperFastMode"],"gold_per_floor":[109,127,144,144,164,164,181,212,237,260,284,310,322,354,366,378,378],"floor_reached":16,"language":"KOR","playtime":384,"items_purged":[],"score":211,"play_id":"075bd303-0f3c-4b98-9017-ccab14926c33","local_time":"20210113180214","is_ascension_mode":true,"campfire_choices":[{"floor":6.0,"key":"REST"},{"data":"Rainbow","floor":15,"key":"SMITH"}],"circlet_count":0,"master_deck":["AscendersBane","Strike_B","Strike_B","Strike_B","Defend_B","Defend_B","Defend_B","Defend_B","Zap","Dualcast","Rainbow+1","Conserve Battery","Sweeping Beam","BootSequence","Defragment","Force Field","Capacitor","Barrage","Cold Snap","Defragment"],"relics":["Cracked Core","Orichalcum","MawBank"],"acts_visited":["Exordium"],"potions_floor_usage":[14],"damage_taken":[{"damage":0.0,"enemies":"Cultist","floor":1.0,"turns":4.0},{"damage":7.0,"enemies":"Small Slimes","floor":2.0,"turns":3.0},{"damage":5.0,"enemies":"Jaw Worm","floor":3.0,"turns":4.0},{"damage":0.0,"enemies":"Looter","floor":5.0,"turns":3.0},{"damage":11.0,"enemies":"Large Slime","floor":7.0,"turns":7.0},{"damage":14.0,"enemies":"Gremlin Nob","floor":8.0,"turns":3.0},{"damage":10.0,"enemies":"Lots of Slimes","floor":10.0,"turns":3.0},{"damage":11.0,"enemies":"Blue Slaver","floor":11.0,"turns":6.0},{"damage":0.0,"enemies":"Exordium Thugs","floor":12.0,"turns":4.0},{"damage":0,"enemies":"2 Fungi Beasts","floor":14,"turns":3},{"damage":4,"enemies":"Hexaghost","floor":16,"turns":9}],"seed_played":"-6527474940660335688","potions_obtained":[{"floor":2.0,"key":"LiquidBronze"},{"floor":5.0,"key":"PowerPotion"},{"floor":7.0,"key":"FocusPotion"},{"floor":11.0,"key":"AttackPotion"},{"floor":12.0,"key":"CultistPotion"}],"is_trial":false,"path_per_floor":["M","M","M","?","M","R","M","E","T","M","M","M","?","M","R","B"],"character_chosen":"DEFECT","items_purchased":[],"campfire_rested":1,"item_purchase_floors":[],"current_hp_per_floor":[46,39,34,27,27,48,37,23,23,13,2,2,2,2,2,0,0],"gold":378,"neow_bonus":"THREE_RARE_CARDS","is_daily":false,"chose_seed":false,"campfire_upgraded":1,"win_rate":0.0,"timestamp":1610528534,"path_taken":["M","?","M","?","M","R","M","E","T","M","M","M","?","M","R","BOSS"],"items_purchased_type":[],"build_version":"2020-12-22","purchased_purges":0,"victory":false,"max_hp_per_floor":[71,71,71,71,71,71,71,71,71,71,71,71,71,71,71,71,71],"card_choices":[{"not_picked":["Seek","Biased Cognition"],"picked":"Rainbow","floor":0.0},{"not_picked":["Stack","Go for the Eyes"],"picked":"Conserve Battery","floor":1.0},{"not_picked":["Leap","Steam"],"picked":"Sweeping Beam","floor":2.0},{"not_picked":["Go for the Eyes","Cold Snap"],"picked":"BootSequence","floor":3.0},{"not_picked":["Blizzard","Ball Lightning"],"picked":"Defragment","floor":5.0},{"not_picked":["Gash","Static Discharge"],"picked":"Force Field","floor":7.0},{"not_picked":["Recycle","Sweeping Beam","Turbo"],"picked":"SKIP","floor":8.0},{"not_picked":["Core Surge","Coolheaded"],"picked":"Capacitor","floor":10.0},{"not_picked":["Steam","Melter"],"picked":"Barrage","floor":11.0},{"not_picked":["Chaos","Sweeping Beam"],"picked":"Cold Snap","floor":12.0},{"not_picked":["Redo","Conserve Battery"],"picked":"Defragment","floor":14}],"player_experience":163330,"relics_obtained":[{"floor":8.0,"key":"Orichalcum"},{"floor":9.0,"key":"MawBank"}],"event_choices":[{"cards_removed":["Strike_B"],"damage_healed":0.0,"max_hp_gain":0.0,"max_hp_loss":0.0,"gold_gain":0.0,"event_name":"Golden Wing","player_choice":"Card Removal","floor":4.0,"gold_loss":0.0,"damage_taken":7.0},{"damage_healed":0.0,"max_hp_gain":0.0,"max_hp_loss":0.0,"gold_gain":0.0,"event_name":"Scrap Ooze","player_choice":"Fled","floor":13.0,"gold_loss":0.0,"damage_taken":0.0}],"is_beta":false,"boss_relics":[],"items_purged_floors":[],"is_endless":false,"potions_floor_spawned":[2,5,7,11,12],"killed_by":"Hexaghost","ascension_level":19}}