{"host":"yuoancq4cku3x8wq","time":1610539453,"event":{"mods":["AchievementEnabler","BaseMod","Minty Spire (QoL Compilation)","Quick Restart","StSLib","SuperFastMode"],"gold_per_floor":[116,266,105,121,121,165,177,177,256,298,298,321,356,390,390,498,498,532,532,553,574,592,642,642,673,696,721,721,461,461,28,28,118,118,131,140,164,180,194,194,275,325,325,367,382,395,429,444,444,444,444,444],"floor_reached":51,"language":"ZHS","playtime":1481,"items_purged":["Doubt","Strike_P","Strike_P"],"score":1773,"play_id":"b0431d92-d654-46ea-a891-46654daf5c17","local_time":"20210113200413","is_ascension_mode":true,"campfire_choices":[{"data":"Eruption","floor":8.0,"key":"SMITH"},{"data":"Wallop","floor":15.0,"key":"SMITH"},{"data":"Brilliance","floor":24.0,"key":"SMITH"},{"floor":32.0,"key":"REST"},{"data":"Adaptation","floor":40.0,"key":"SMITH"},{"floor":49.0,"key":"RECALL"}],"circlet_count":0,"master_deck":["AscendersBane","Strike_P+1","Defend_P","Defend_P","Eruption+1","Vigilance+1","Wallop+1","BowlingBash","WheelKick+1","FlurryOfBlows","Brilliance+1","Crescendo","Vault+1","Meditate+1","Adaptation+1","Vault+1","Vault","TalkToTheHand"],"relics":["PureWater","NeowsBlessing","CeramicFish","The Courier","Lizard Tail","Golden Idol","Anchor","Empty Cage","Bag of Marbles","Art of War","Incense Burner","Whetstone","Enchiridion","War Paint","Bottled Tornado","Runic Dome","Kunai","Akabeko","StrikeDummy","Orichalcum","White Beast Statue"],"acts_visited":["Exordium","TheCity","TheBeyond"],"potions_floor_usage":[51],"damage_taken":[{"damage":0.0,"enemies":"Jaw Worm","floor":1.0,"turns":1.0},{"damage":0.0,"enemies":"2 Louse","floor":4.0,"turns":2.0},{"damage":0.0,"enemies":"Gremlin Nob","floor":6.0,"turns":1.0},{"damage":0.0,"enemies":"Cultist","floor":7.0,"turns":3.0},{"damage":15.0,"enemies":"Lagavulin","floor":10.0,"turns":7.0},{"damage":4.0,"enemies":"Looter","floor":12.0,"turns":5.0},{"damage":4.0,"enemies":"3 Sentries","floor":13.0,"turns":5.0},{"damage":0.0,"enemies":"3 Louse","floor":14.0,"turns":2.0},{"damage":33.0,"enemies":"The Guardian","floor":16.0,"turns":9.0},{"damage":7.0,"enemies":"2 Thieves","floor":18.0,"turns":2.0},{"damage":3.0,"enemies":"Shell Parasite","floor":20.0,"turns":2.0},{"damage":0.0,"enemies":"Chosen and Byrds","floor":21.0,"turns":5.0},{"damage":7.0,"enemies":"Cultist and Chosen","floor":22.0,"turns":4.0},{"damage":38.0,"enemies":"Book of Stabbing","floor":23.0,"turns":2.0},{"damage":1.0,"enemies":"Gremlin Leader","floor":25.0,"turns":6.0},{"damage":0.0,"enemies":"3 Cultists","floor":27.0,"turns":3.0},{"damage":0.0,"enemies":"Collector","floor":33.0,"turns":6.0},{"damage":0.0,"enemies":"3 Shapes","floor":35.0,"turns":2.0},{"damage":0.0,"enemies":"3 Darklings","floor":37.0,"turns":3.0},{"damage":0.0,"enemies":"Spire Growth","floor":38.0,"turns":2.0},{"damage":1.0,"enemies":"Sphere and 2 Shapes","floor":39.0,"turns":4.0},{"damage":0.0,"enemies":"Giant Head","floor":42.0,"turns":6.0},{"damage":0.0,"enemies":"Reptomancer","floor":44.0,"turns":3.0},{"damage":0.0,"enemies":"3 Darklings","floor":45.0,"turns":4.0},{"damage":0.0,"enemies":"Maw","floor":46.0,"turns":6.0},{"damage":15.0,"enemies":"Nemesis","floor":47.0,"turns":8.0},{"damage":0.0,"enemies":"4 Shapes","floor":48.0,"turns":3.0},{"damage":27.0,"enemies":"Donu and Deca","floor":50.0,"turns":9.0},{"damage":12,"enemies":"Time Eater","floor":51,"turns":4}],"seed_played":"-4042356250725450298","potions_obtained":[{"floor":4.0,"key":"BlessingOfTheForge"},{"floor":7.0,"key":"Ancient Potion"},{"floor":16.0,"key":"FearPotion"},{"floor":21.0,"key":"Energy Potion"},{"floor":22.0,"key":"LiquidMemories"},{"floor":33.0,"key":"Dexterity Potion"},{"floor":35.0,"key":"Energy Potion"},{"floor":44.0,"key":"Block Potion"}],"is_trial":false,"path_per_floor":["M","?","$","M","?","E","M","R","T","E","?","M","E","M","R","B",null,"M","?","M","M","M","E","R","E","T","M","?","$","?","$","R","B",null,"M","?","M","M","M","R","T","E","T","E","M","M","E","M","R","B","B"],"character_chosen":"WATCHER","items_purchased":["Wallop","PowerPotion","Whetstone","War Paint","Bottled Tornado"],"campfire_rested":1,"item_purchase_floors":[3,29,29,31,31],"current_hp_per_floor":[61,61,61,61,61,61,61,61,61,46,46,42,38,38,38,5,48,41,41,38,38,31,31,31,30,30,30,30,30,9,9,27,27,53,53,53,53,53,52,52,52,52,52,52,52,52,37,37,37,10,0,0],"gold":444,"neow_bonus":"THREE_ENEMY_KILL","is_daily":false,"chose_seed":false,"campfire_upgraded":4,"win_rate":0.0,"timestamp":1610539453,"path_taken":["M","?","$","M","?","E","M","R","T","E","?","M","E","M","R","BOSS","M","?","M","?","M","E","R","E","T","M","?","$","?","$","R","BOSS","M","?","M","M","?","R","?","E","T","E","M","M","E","M","R","BOSS","BOSS"],"items_purchased_type":["Card","Potion","Relic","Relic","Relic"],"build_version":"2020-12-22","purchased_purges":3,"victory":false,"max_hp_per_floor":[68,68,68,68,68,68,68,68,68,68,62,62,62,62,62,62,62,62,62,62,62,62,62,62,62,62,62,62,62,62,62,62,62,62,62,62,62,62,62,62,62,62,62,62,62,62,62,62,62,62,62,62],"card_choices":[{"not_picked":["CrushJoints","WaveOfTheHand","ThirdEye"],"picked":"SKIP","floor":1.0},{"not_picked":["Pray","FlurryOfBlows"],"picked":"BowlingBash","floor":4.0},{"not_picked":["BowlingBash","EmptyBody"],"picked":"WheelKick","floor":6.0},{"not_picked":["WheelKick","Pray","CrushJoints"],"picked":"SKIP","floor":7.0},{"not_picked":["Evaluate","WindmillStrike"],"picked":"FlurryOfBlows","floor":10.0},{"not_picked":["Evaluate","EmptyFist"],"picked":"Brilliance","floor":12.0},{"not_picked":["Consecrate","CarveReality","ThirdEye"],"picked":"SKIP","floor":13.0},{"not_picked":["Omniscience","FlyingSleeves"],"picked":"Crescendo","floor":14.0},{"not_picked":["Judgement","MasterReality"],"picked":"Vault","floor":16.0},{"not_picked":["EmptyFist","Vengeance+1"],"picked":"Meditate+1","floor":18.0},{"not_picked":["EmptyBody","Nirvana+1","FlurryOfBlows"],"picked":"SKIP","floor":20.0},{"not_picked":["JustLucky","Vengeance","CutThroughFate"],"picked":"SKIP","floor":21.0},{"not_picked":["WreathOfFlame","Perseverance","EmptyFist"],"picked":"SKIP","floor":22.0},{"not_picked":["Fasting2","Judgement"],"picked":"Adaptation","floor":23.0},{"not_picked":["PathToVictory","BowlingBash","FlyingSleeves"],"picked":"SKIP","floor":25.0},{"not_picked":["Halt","FlurryOfBlows","Evaluate"],"picked":"SKIP","floor":27.0},{"not_picked":["Sanctity","SashWhip","Prostrate"],"picked":"SKIP","floor":35.0},{"not_picked":["Evaluate","CutThroughFate","FlyingSleeves+1"],"picked":"SKIP","floor":37.0},{"not_picked":["BattleHymn","SashWhip","Collect"],"picked":"SKIP","floor":38.0},{"not_picked":["Study+1","Protect","WheelKick+1"],"picked":"SKIP","floor":39.0},{"not_picked":["CrushJoints","CutThroughFate+1"],"picked":"Vault","floor":42.0},{"not_picked":["DeceiveReality","PathToVictory+1"],"picked":"TalkToTheHand","floor":44.0},{"not_picked":["JustLucky","FlurryOfBlows+1","Weave+1"],"picked":"SKIP","floor":45.0},{"not_picked":["SashWhip","FlurryOfBlows","Nirvana"],"picked":"SKIP","floor":46.0},{"not_picked":["Alpha","PathToVictory","Collect"],"picked":"SKIP","floor":47.0},{"not_picked":["Worship","Halt","Consecrate+1"],"picked":"SKIP","floor":48.0}],"player_experience":272296,"relics_obtained":[{"floor":6.0,"key":"CeramicFish"},{"floor":9.0,"key":"The Courier"},{"floor":10.0,"key":"Lizard Tail"},{"floor":13.0,"key":"Anchor"},{"floor":19.0,"key":"Bag of Marbles"},{"floor":23.0,"key":"Art of War"},{"floor":25.0,"key":"Incense Burner"},{"floor":30.0,"key":"Enchiridion"},{"floor":41.0,"key":"Kunai"},{"floor":42.0,"key":"Akabeko"},{"floor":43.0,"key":"StrikeDummy"},{"floor":44.0,"key":"Orichalcum"},{"floor":47.0,"key":"White Beast Statue"}],"event_choices":[{"damage_healed":0.0,"max_hp_gain":0.0,"max_hp_loss":0.0,"gold_gain":150.0,"event_name":"Liars Game","player_choice":"AGREE","floor":2.0,"gold_loss":0.0,"damage_taken":0.0,"cards_obtained":["Doubt"]},{"damage_healed":0.0,"max_hp_gain":0.0,"max_hp_loss":0.0,"gold_gain":0.0,"event_name":"Scrap Ooze","player_choice":"Fled","floor":5.0,"gold_loss":0.0,"damage_taken":0.0},{"damage_healed":0.0,"max_hp_gain":0.0,"max_hp_loss":6.0,"gold_gain":0.0,"event_name":"Golden Idol","player_choice":"Lose Max HP","floor":11.0,"gold_loss":0.0,"damage_taken":0.0,"relics_obtained":["Golden Idol"]},{"damage_healed":0.0,"max_hp_gain":0.0,"max_hp_loss":0.0,"gold_gain":0.0,"event_name":"Wheel of Change","player_choice":"Relic","floor":19.0,"gold_loss":0.0,"damage_taken":0.0},{"cards_removed":["Strike_P"],"damage_healed":0.0,"max_hp_gain":0.0,"max_hp_loss":0.0,"gold_gain":0.0,"event_name":"Back to Basics","player_choice":"Elegance","floor":28.0,"gold_loss":0.0,"damage_taken":0.0},{"damage_healed":0.0,"max_hp_gain":0.0,"max_hp_loss":0.0,"gold_gain":0.0,"event_name":"Cursed Tome","player_choice":"Obtained Book","floor":30.0,"gold_loss":0.0,"damage_taken":21.0},{"damage_healed":0.0,"max_hp_gain":0.0,"max_hp_loss":0.0,"gold_gain":0.0,"event_name":"Duplicator","player_choice":"Copied","floor":36.0,"gold_loss":0.0,"damage_taken":0.0,"cards_obtained":["Vault"]}],"is_beta":false,"boss_relics":[{"not_picked":["Tiny House","SacredBark"],"picked":"Empty Cage"},{"not_picked":["Velvet Choker","SlaversCollar"],"picked":"Runic Dome"}],"items_purged_floors":[3,29,31],"is_endless":false,"potions_floor_spawned":[4,7,10,16,21,22,33,35,39,44,47,48],"killed_by":"Time Eater","ascension_level":20}}