{"host":"g01l53quoe6lrer0","time":1610560952,"event":{"mods":["2.2 Compatiblity","AchievementEnabler","BaseMod","Colored Map","Highlight Path","Keyboard Shortcuts","Minty Spire (QoL Compilation)","Permanent Neow","StSLib","SuperFastMode","everything is the same but u backflip on backflip"],"gold_per_floor":[365,148,166,183,258,286,286,301,301,328,73,73,73,83,83,160,160,172,24,24,37,51,94,94,138,138,138,147,77,103,130,130,214,214,240,249,25,51,75,75,75,75,102,129,129,129,153,173,173,173],"floor_reached":51,"language":"KOR","playtime":1426,"items_purged":["Strike_B","Strike_B","Strike_B"],"score":1222,"play_id":"7a930a33-65f2-4545-aa8b-667bfdbf98f9","local_time":"20210114030232","is_ascension_mode":true,"campfire_choices":[{"data":"Zap","floor":7.0,"key":"SMITH"},{"floor":13.0,"key":"REST"},{"data":"Dualcast","floor":15.0,"key":"SMITH"},{"data":"Hologram","floor":24.0,"key":"SMITH"},{"floor":27.0,"key":"REST"},{"floor":32.0,"key":"REST"},{"floor":40,"key":"REST"},{"data":"Thunder Strike","floor":42,"key":"SMITH"},{"floor":49,"key":"REST"}],"circlet_count":0,"master_deck":["AscendersBane","Strike_B","Defend_B","Defend_B","Defend_B+1","Zap+1","Dualcast+1","Chill+1","Loop","Ball Lightning","Conserve Battery","Hologram+1","Melter","Thunder Strike+1","Double Energy","Capacitor","Rebound","Leap","Biased Cognition","Barrage","Turbo","Shame","Sunder+1","Coolheaded","Stack","Stack","Glacier","Stack","Core Surge","Coolheaded","Panacea","Blizzard","Skim","Leap+1","Blizzard+1","Glacier","Redo+1"],"relics":["Cracked Core","Pen Nib","Anchor","Bag of Preparation","Runic Capacitor","SlaversCollar","Mercury Hourglass","CeramicFish","Oddly Smooth Stone","Thread and Needle","Vajra","Velvet Choker","War Paint"],"acts_visited":["Exordium","TheCity","TheBeyond"],"potions_floor_usage":[50],"damage_taken":[{"damage":3.0,"enemies":"2 Louse","floor":1.0,"turns":2.0},{"damage":0.0,"enemies":"Jaw Worm","floor":3.0,"turns":3.0},{"damage":5.0,"enemies":"Small Slimes","floor":4.0,"turns":3.0},{"damage":12.0,"enemies":"3 Sentries","floor":6.0,"turns":6.0},{"damage":11.0,"enemies":"Exordium Thugs","floor":8.0,"turns":5.0},{"damage":0.0,"enemies":"2 Fungi Beasts","floor":14.0,"turns":2.0},{"damage":25.0,"enemies":"Slime Boss","floor":16.0,"turns":9.0},{"damage":7.0,"enemies":"Shell Parasite","floor":18.0,"turns":4.0},{"damage":0.0,"enemies":"Chosen","floor":21.0,"turns":3.0},{"damage":3.0,"enemies":"3 Cultists","floor":22.0,"turns":4.0},{"damage":5.0,"enemies":"Gremlin Leader","floor":23.0,"turns":5.0},{"damage":23.0,"enemies":"Slavers","floor":25.0,"turns":4.0},{"damage":0.0,"enemies":"Chosen and Byrds","floor":31.0,"turns":4.0},{"damage":25,"enemies":"Collector","floor":33,"turns":10},{"damage":20,"enemies":"3 Darklings","floor":35,"turns":7},{"damage":0,"enemies":"3 Shapes","floor":38,"turns":5},{"damage":0,"enemies":"Sphere and 2 Shapes","floor":39,"turns":3},{"damage":10,"enemies":"3 Darklings","floor":44,"turns":6},{"damage":21,"enemies":"Transient","floor":47,"turns":5},{"damage":0,"enemies":"Jaw Worm Horde","floor":48,"turns":7},{"damage":5,"enemies":"Awakened One","floor":50,"turns":16}],"seed_played":"-6622527001770348292","potions_obtained":[{"floor":1.0,"key":"Fire Potion"},{"floor":3.0,"key":"Block Potion"},{"floor":6.0,"key":"SkillPotion"},{"floor":8.0,"key":"FocusPotion"},{"floor":18.0,"key":"BlessingOfTheForge"},{"floor":21.0,"key":"Swift Potion"},{"floor":23.0,"key":"GamblersBrew"},{"floor":38,"key":"EntropicBrew"}],"is_trial":false,"path_per_floor":["M","$","M","M","?","E","R","M","T","T","$","?","R","M","R","B",null,"M","$","?","M","M","E","R","E","T","R","?","$","T","M","R","B",null,"M","?","$","M","M","R","?","R","T","M","?","?","M","M","R","B",null],"character_chosen":"DEFECT","items_purchased":["Loop","Ball Lightning","Conserve Battery","Runic Capacitor","Capacitor","Rebound","Turbo","Glacier","Blizzard","Skim"],"campfire_rested":5,"item_purchase_floors":[2,2,2,11,11,11,19,29,37,37],"current_hp_per_floor":[61,61,61,56,45,33,33,22,22,22,22,15,34,34,34,9,50,43,43,43,43,40,35,35,12,12,31,31,31,31,31,50,25,54,34,34,34,34,34,53,53,53,53,43,43,43,22,22,40,35],"gold":173,"neow_bonus":"TWO_FIFTY_GOLD","is_daily":false,"chose_seed":false,"campfire_upgraded":4,"win_rate":0.0,"timestamp":1610560952,"path_taken":["M","$","M","M","?","E","R","M","T","?","$","?","R","M","R","BOSS","M","$","?","M","M","E","R","E","T","R","?","$","?","M","R","BOSS","M","?","$","M","M","R","?","R","T","M","?","?","M","M","R","BOSS"],"items_purchased_type":["Card","Card","Card","Relic","Card","Card","Card","Card","Card","Card"],"build_version":"2020-12-22","purchased_purges":3,"victory":true,"max_hp_per_floor":[64,64,64,64,64,64,64,64,64,64,64,64,64,64,64,64,64,64,64,64,64,64,64,64,64,64,64,64,64,64,64,64,64,64,64,64,64,64,64,64,61,61,61,61,61,61,61,61,61,61],"card_choices":[{"not_picked":["Static Discharge","Leap"],"picked":"Chill","floor":1.0},{"not_picked":["Conserve Battery","Undo"],"picked":"Hologram","floor":3.0},{"not_picked":["Redo","Hello World"],"picked":"Melter","floor":4.0},{"not_picked":["Tempest","Gash"],"picked":"Thunder Strike","floor":6.0},{"not_picked":["Consume","Streamline"],"picked":"Double Energy","floor":8.0},{"not_picked":["Redo","Gash"],"picked":"Leap","floor":14.0},{"not_picked":["Rainbow","Creative AI"],"picked":"Biased Cognition","floor":16.0},{"not_picked":["Conserve Battery","Gash"],"picked":"Barrage","floor":18.0},{"not_picked":["Force Field","Rebound"],"picked":"Sunder+1","floor":21.0},{"not_picked":["Compile Driver","Rebound","Force Field"],"picked":"SKIP","floor":22.0},{"not_picked":["Sweeping Beam","Stack"],"picked":"Coolheaded","floor":23.0},{"not_picked":["Cold Snap","White Noise"],"picked":"Stack","floor":25.0},{"not_picked":["Redo","Recycle"],"picked":"Stack","floor":31.0},{"not_picked":["Electrodynamics","Reboot"],"picked":"Core Surge","floor":33},{"not_picked":["Go for the Eyes","Hello World+1"],"picked":"Coolheaded","floor":35},{"not_picked":["Flash of Steel","Purity"],"picked":"Panacea","floor":36},{"not_picked":["FTL","Redo"],"picked":"Leap+1","floor":38},{"not_picked":["Turbo","FTL"],"picked":"Skim+1","floor":39},{"not_picked":["Barrage","Streamline"],"picked":"Blizzard+1","floor":44},{"not_picked":["Rip and Tear","Seek"],"picked":"Glacier","floor":47},{"not_picked":["Genetic Algorithm","Rebound"],"picked":"Redo+1","floor":48}],"player_experience":182638,"relics_obtained":[{"floor":6.0,"key":"Pen Nib"},{"floor":9.0,"key":"Anchor"},{"floor":10.0,"key":"Bag of Preparation"},{"floor":23.0,"key":"CeramicFish"},{"floor":25.0,"key":"Oddly Smooth Stone"},{"floor":26.0,"key":"Thread and Needle"},{"floor":30.0,"key":"Vajra"},{"floor":43,"key":"War Paint"}],"event_choices":[{"damage_healed":0.0,"max_hp_gain":0.0,"max_hp_loss":0.0,"gold_gain":75.0,"event_name":"World of Goop","player_choice":"Gather Gold","floor":5.0,"gold_loss":0.0,"damage_taken":11.0},{"cards_removed":["Defend_B"],"damage_healed":0.0,"max_hp_gain":0.0,"max_hp_loss":0.0,"gold_gain":0.0,"event_name":"Golden Wing","player_choice":"Card Removal","floor":12.0,"gold_loss":0.0,"damage_taken":7.0},{"damage_healed":0.0,"max_hp_gain":0.0,"max_hp_loss":0.0,"gold_gain":0.0,"event_name":"Addict","player_choice":"Stole Relic","floor":20.0,"gold_loss":0.0,"damage_taken":0.0,"relics_obtained":["Mercury Hourglass"],"cards_obtained":["Shame"]},{"damage_healed":0.0,"max_hp_gain":0.0,"max_hp_loss":0.0,"gold_gain":0.0,"event_name":"Duplicator","player_choice":"Copied","floor":28.0,"gold_loss":0.0,"damage_taken":0.0,"cards_obtained":["Stack"]},{"damage_healed":0,"gold_gain":0,"player_choice":"Memory 1","damage_taken":0,"max_hp_gain":0,"max_hp_loss":0,"event_name":"SensoryStone","floor":36,"gold_loss":0},{"damage_healed":0,"gold_gain":0,"player_choice":"Max HP","damage_taken":0,"max_hp_gain":0,"max_hp_loss":3,"event_name":"Winding Halls","floor":41,"gold_loss":0},{"damage_healed":0,"gold_gain":0,"player_choice":"Ignored","damage_taken":0,"max_hp_gain":0,"max_hp_loss":0,"event_name":"Mysterious Sphere","floor":45,"gold_loss":0},{"cards_removed":["Skim"],"damage_healed":0,"gold_gain":0,"player_choice":"Removed Skill","damage_taken":0,"max_hp_gain":0,"max_hp_loss":0,"event_name":"Falling","floor":46,"gold_loss":0}],"is_beta":false,"boss_relics":[{"not_picked":["Runic Dome","Fusion Hammer"],"picked":"SlaversCollar"},{"not_picked":["Tiny House","Snecko Eye"],"picked":"Velvet Choker"}],"items_purged_floors":[2,19,37],"is_endless":false,"potions_floor_spawned":[1,3,6,8,18,21,23,38],"ascension_level":14}}