{"host":"7t8rqoeeopyy0nh0","time":1610573110,"event":{"mods":["AchievementEnabler","Aspiration","Bard","BaseMod","Better Third Choice","BetterRewards","Colored Map","Colored Powertips","Conspire","Downfall","Hermit","Hubris","Infinite Spire","Koishi","Minty Spire (QoL Compilation)","Permanent Neow","Quick Restart","Rare Cards Sparkle","Reimu??????","Remilia??????","Replay The Spire","Shop Mod","StSLib","Td1madao Mod","The Administrix","The Blackbeard","The Bug Knight","The Gatherer","The Hayseed","The Jungle","The Marked","The Senshi","The Servant 0.9.4","The Wild Card","TheBandit"],"gold_per_floor":[369,399,50,80,106,106,135,135,135,135,135,135,154,201,201,326,426,468,482,482],"floor_reached":19,"language":"ENG","playtime":1269,"items_purged":[],"score":213,"play_id":"3623a573-5e4b-4752-8d6a-840a6030cc99","local_time":"20210113162510","is_ascension_mode":false,"campfire_choices":[{"data":"BloodyHallows","floor":6,"key":"SMITH"},{"floor":11,"key":"REST"},{"floor":15,"key":"REST"}],"circlet_count":0,"master_deck":["Strike_RM","Strike_RM","Strike_RM","Strike_RM","Defend_RM","Defend_RM","Defend_RM","Defend_RM","RedMoon","ScarletShoot","FavorOfDestiny","BloodyHallows+1","MastersStateliness","ScarletDevil","GlobalNightmare","UnstableMagic","ScarletImprint","QueenOfMidnight","DiffusionOfMisfortune+1"],"relics":["ScarletHat","CeramicFish","Garlic","hubris:EvacipatedBox","Replay:Wanted Poster"],"acts_visited":["Exordium","TheCity"],"potions_floor_usage":[7,16],"damage_taken":[{"damage":0,"enemies":"Small Slimes","floor":1,"turns":3},{"damage":0,"enemies":"Cultist","floor":2,"turns":8},{"damage":12,"enemies":"conspire:RoseBush","floor":4,"turns":2},{"damage":6,"enemies":"Exordium Wildlife","floor":5,"turns":5},{"damage":32,"enemies":"Gremlin Gang","floor":7,"turns":5},{"damage":0,"enemies":"Blue Slaver","floor":13,"turns":8},{"damage":0,"enemies":"conspire:2 RoseBushes","floor":14,"turns":9},{"damage":28,"enemies":"Slime Boss","floor":16,"turns":11},{"damage":8,"enemies":"3 Byrds","floor":18,"turns":6},{"damage":8,"enemies":"conspire:FuzzyDice","floor":19,"turns":10}],"seed_played":"4335687495157530814","potions_obtained":[{"floor":1,"key":"ZuzhouPotion:ReiMu"},{"floor":5,"key":"Strength Potion"},{"floor":7,"key":"Energy Potion"},{"floor":13,"key":"BlessingOfTheForge"},{"floor":16,"key":"ColorlessPotion"},{"floor":19,"key":"PowerPotion"}],"is_trial":false,"path_per_floor":["M","M","$","M","M","R","M","?","T","$","R","$","M","M","R","B",null,"M","M"],"character_chosen":"REMILIA","items_purchased":["BloodyHallows","MastersStateliness","CeramicFish","ScarletDevil","hubris:EvacipatedBox"],"campfire_rested":2,"item_purchase_floors":[3,3,3,3,12],"current_hp_per_floor":[54,59,59,47,43,43,15,15,15,15,37,18,23,25,47,32,75,75,75,75],"gold":482,"neow_bonus":"TWO_FIFTY_GOLD","is_daily":false,"chose_seed":false,"campfire_upgraded":1,"win_rate":0.0,"timestamp":1610573110,"path_taken":["M","M","$","M","M","R","M","?","T","?","R","?","M","M","R","BOSS","M","?"],"items_purchased_type":["Card","Card","Relic","Card","Relic"],"build_version":"2020-12-22","purchased_purges":0,"victory":false,"max_hp_per_floor":[75,75,75,75,75,75,75,75,75,75,75,75,75,75,75,75,75,75,75,75],"card_choices":[{"not_picked":["BombardNight","ScarletDevil"],"picked":"FavorOfDestiny","floor":1},{"not_picked":["RedRainbow","BloodAndWine","CharismaGuard"],"picked":"SKIP","floor":2},{"not_picked":["MillenniumVampire","BadLadyScramble","NightDance"],"picked":"SKIP","floor":4},{"not_picked":["FavorOfDestiny","VampireKiss"],"picked":"GlobalNightmare","floor":5},{"not_picked":["BlasphemousPunishment","StarOfDavid"],"picked":"UnstableMagic","floor":7},{"not_picked":["NightDance","EndlessAdversity","BloodyTrap"],"picked":"SKIP","floor":13},{"not_picked":["BloodyHallows","BadLadyScramble"],"picked":"ScarletImprint","floor":14},{"not_picked":["HellCatastrophe","BloodRain"],"picked":"QueenOfMidnight","floor":16},{"not_picked":["EndlessAdversity","BlasphemousPunishment"],"picked":"DiffusionOfMisfortune+1","floor":18},{"not_picked":["NightDance+1","UnstableMagic+1","BloodyTrap+1"],"picked":"SKIP","floor":19}],"player_experience":406370,"relics_obtained":[{"floor":9,"key":"Garlic"}],"event_choices":[{"damage_healed":0,"gold_gain":0,"player_choice":"Bought 0 Potions","damage_taken":0,"max_hp_gain":0,"max_hp_loss":0,"event_name":"The Woman in Blue","floor":8,"gold_loss":0}],"is_beta":false,"boss_relics":[{"not_picked":["RedLine:ReiMu","aspiration:FutureDiary","hubris:Stopwatch"],"picked":"Replay:Wanted Poster"}],"items_purged_floors":[],"is_endless":false,"potions_floor_spawned":[1,13,14],"killed_by":"conspire:FuzzyDice","ascension_level":0}}