{"host":"lcnwkjlokfwcnxxu","time":1610530830,"event":{"mods":["BaseMod","Colored Map","Downfall","GifTheSpireLib","Minty Spire (QoL Compilation)","Quick Restart","Replay The Spire","StSLib","The Disciple","The Mystic","The Servant 0.9.4"],"gold_per_floor":[119,71,21,33,43,43,43,71,95,95,115,134,134,134,134,236,236,256,144,164,181,181,181,206,106,106,54,54,70,70,99,99,203,203,216,91,104,114,131,162,162,182,182,199,199,199,199,199,49,63,63,63],"floor_reached":53,"language":"ENG","playtime":4426,"items_purged":["Strike_S","Rearm","Strike_S","Parasite"],"score":852,"play_id":"822f67e8-2dd0-4182-94d8-29b81ef91f8c","local_time":"20210113014030","is_ascension_mode":false,"campfire_choices":[{"data":"Potential","floor":6,"key":"SMITH"},{"data":"Exchange","floor":10,"key":"SMITH"},{"data":"Moonlight","floor":13,"key":"SMITH"},{"data":"InstantArmor","floor":15,"key":"SMITH"},{"data":"Comet","floor":23,"key":"SMITH"},{"data":"PendulumOfEternity","floor":28,"key":"SMITH"},{"data":"WasteNot","floor":32,"key":"SMITH"}],"circlet_count":0,"master_deck":["Strike_S","Defend_S","Defend_S","KidneyShot","Exchange+1","InstantArmor+1","Potential+1","Moonlight+1","TimeWarp","Comet+1","Advance","PendulumOfEternity+1","WasteNot+1","Rearm","TimeWarp+1","BottledTime","Dilation+1","Alleviate+1","BottledTime"],"relics":["Uniform","Oddly Smooth Stone","Boot","StoneMask","Replay:Wax Seal","Ornamental Fan","Chameleon Ring","Painkiller Herb","War Paint","Quantum Egg"],"acts_visited":["Exordium","TheCity","TheBeyond"],"potions_floor_usage":[12,18,24,29,31,33,35,40,40,50,52,52,52],"damage_taken":[{"damage":0,"enemies":"Jaw Worm","floor":1,"turns":6},{"damage":0,"enemies":"Small Slimes","floor":4,"turns":3},{"damage":0,"enemies":"Cultist","floor":5,"turns":3},{"damage":0,"enemies":"Gremlin Nob","floor":8,"turns":3},{"damage":0,"enemies":"Large Slime","floor":11,"turns":3},{"damage":0,"enemies":"Lots of Slimes","floor":12,"turns":3},{"damage":0,"enemies":"Slime Boss","floor":16,"turns":4},{"damage":0,"enemies":"3 Byrds","floor":18,"turns":3},{"damage":0,"enemies":"Spheric Guardian","floor":20,"turns":3},{"damage":0,"enemies":"3 Cultists","floor":21,"turns":5},{"damage":24,"enemies":"Gremlin Leader","floor":24,"turns":7},{"damage":0,"enemies":"Cultist and Chosen","floor":29,"turns":6},{"damage":0,"enemies":"Book of Stabbing","floor":31,"turns":3},{"damage":25,"enemies":"Automaton","floor":33,"turns":8},{"damage":3,"enemies":"3 Shapes","floor":35,"turns":5},{"damage":0,"enemies":"Orb Walker","floor":37,"turns":3},{"damage":8,"enemies":"Writhing Mass","floor":38,"turns":5},{"damage":0,"enemies":"Maw","floor":39,"turns":7},{"damage":0,"enemies":"Reptomancer","floor":40,"turns":6},{"damage":24,"enemies":"4 Shapes","floor":42,"turns":5},{"damage":2,"enemies":"Spire Growth","floor":44,"turns":5},{"damage":0,"enemies":"Jaw Worm Horde","floor":50,"turns":3},{"damage":70,"enemies":"Donu and Deca","floor":52,"turns":12}],"seed_played":"-2616560824690629875","potions_obtained":[{"floor":1,"key":"Weak Potion"},{"floor":5,"key":"Adrenaline Potion"},{"floor":14,"key":"champ:CounterPotion"},{"floor":14,"key":"Toxic Potion"},{"floor":20,"key":"Milkshake"},{"floor":21,"key":"PowerPotion"},{"floor":31,"key":"LifebloodPotion"},{"floor":33,"key":"Flashbang"},{"floor":38,"key":"DistilledChaos"},{"floor":40,"key":"Dexterity Potion"},{"floor":41,"key":"Cursed Concoction"},{"floor":41,"key":"Dexterity Potion"},{"floor":44,"key":"SpeedPotion"},{"floor":51,"key":"LiquidMemories"},{"floor":51,"key":"DuplicationPotion"}],"is_trial":false,"path_per_floor":["M","$","?","M","M","R","?","E","T","R","M","M","R","?","R","B",null,"M","$","M","M","?","R","E","$","T","$","R","M","$","E","R","B",null,"?","T","?","?","?","E","T","?","T","?","PTL","PTL","?","?","T","?","T","B",null],"character_chosen":"THE_SERVANT","items_purchased":["Potential","Rearm","SpeedPotion"],"campfire_rested":0,"item_purchase_floors":[2,19,27],"current_hp_per_floor":[71,71,71,71,71,71,71,71,71,71,71,71,71,71,71,71,71,74,74,75,78,71,71,50,50,50,50,50,56,56,59,59,37,83,83,83,86,81,84,87,87,74,74,75,75,75,75,75,75,84,84,20],"gold":63,"neow_bonus":"TEN_PERCENT_HP_BONUS","is_daily":false,"chose_seed":false,"campfire_upgraded":7,"win_rate":0.0,"timestamp":1610530830,"path_taken":["M","$","?","M","M","R","?","E","T","R","M","?","R","?","R","BOSS","M","$","?","M","?","R","E","$","T","$","R","M","?","E","R","BOSS","?","T","?","?","?","E","T","?","T","?","PTL","PTL","?","?","T","?","T","BOSS"],"items_purchased_type":["Card","Card","Potion"],"build_version":"2020-12-22","purchased_purges":4,"victory":true,"max_hp_per_floor":[71,71,71,71,71,71,71,71,71,71,71,71,71,71,71,71,71,74,74,75,78,78,78,79,79,79,79,79,81,81,82,82,83,83,86,86,87,88,89,90,90,94,94,95,95,95,95,95,92,95,95,97],"card_choices":[{"not_picked":["Revamp","ReturningBlade"],"picked":"InstantArmor","floor":1},{"not_picked":["Spin","Revamp"],"picked":"Moonlight","floor":4},{"not_picked":["Potential","Shuttle"],"picked":"TimeWarp","floor":5},{"not_picked":["Read","FastForward"],"picked":"Comet","floor":8},{"not_picked":["Ricochet","Starlight"],"picked":"Advance","floor":11},{"not_picked":["Unruled","Barrier","FanOfKnives"],"picked":"SKIP","floor":12},{"not_picked":["ForgedInTime","Duplication"],"picked":"PendulumOfEternity","floor":16},{"not_picked":["Sabotage+1","Unruled"],"picked":"WasteNot","floor":18},{"not_picked":["Potential","Sabotage"],"picked":"TimeWarp+1","floor":20},{"not_picked":["Unruled+1","SpecialFormula"],"picked":"BottledTime","floor":21},{"not_picked":["Shuttle","SoulSculpture","WasteNot"],"picked":"SKIP","floor":24},{"not_picked":["Contraction","Alleviate","Replace"],"picked":"SKIP","floor":29},{"not_picked":["SilverBlades","DualDimension","Unruled"],"picked":"SKIP","floor":31},{"not_picked":["SoulSculpture","FloweringNight"],"picked":"Dilation","floor":33},{"not_picked":["Comet","Foresight","InstantArmor+1"],"picked":"SKIP","floor":35},{"not_picked":["Starlight","FastForward"],"picked":"Alleviate+1","floor":37},{"not_picked":["TimeWarp","SpecialFormula","RealityMarble"],"picked":"SKIP","floor":38},{"not_picked":["Alleviate+1","TimeWarp"],"picked":"BottledTime","floor":39},{"not_picked":["Defy","SilverBlades+1","FastForward+1"],"picked":"SKIP","floor":40},{"not_picked":["Collapse","Revamp+1","StarChef+1"],"picked":"SKIP","floor":42},{"not_picked":["Unruled+1","TimeWarp+1","Ricochet"],"picked":"SKIP","floor":44},{"not_picked":["FastForward+1","TimeWarp","SilverBlades+1"],"picked":"SKIP","floor":50}],"player_experience":55209,"relics_obtained":[{"floor":8,"key":"Oddly Smooth Stone"},{"floor":9,"key":"Boot"},{"floor":24,"key":"Replay:Wax Seal"},{"floor":26,"key":"Ornamental Fan"},{"floor":31,"key":"Chameleon Ring"},{"floor":40,"key":"War Paint"},{"floor":43,"key":"Quantum Egg"}],"event_choices":[{"cards_removed":["Strike_S"],"damage_healed":0,"gold_gain":0,"player_choice":"Card Removal","damage_taken":0,"max_hp_gain":0,"max_hp_loss":0,"event_name":"The Cleric","floor":3,"gold_loss":50},{"cards_removed":["Defend_S"],"damage_healed":0,"gold_gain":0,"player_choice":"Purged","damage_taken":0,"max_hp_gain":0,"max_hp_loss":0,"event_name":"Purifier","floor":7,"gold_loss":0},{"damage_healed":0,"gold_gain":0,"player_choice":"Got Potions","damage_taken":0,"max_hp_gain":0,"max_hp_loss":0,"event_name":"Lab","floor":14,"gold_loss":0},{"damage_healed":0,"gold_gain":0,"player_choice":"Damaged","damage_taken":7,"max_hp_gain":0,"max_hp_loss":0,"event_name":"Wheel of Change","floor":22,"gold_loss":0},{"cards_removed":["Defend_S"],"damage_healed":0,"gold_gain":0,"player_choice":"Removed Skill","damage_taken":0,"max_hp_gain":0,"max_hp_loss":0,"event_name":"Falling","floor":48,"gold_loss":0}],"is_beta":false,"boss_relics":[{"not_picked":["Calling Bell","Replay:Drink Me"],"picked":"StoneMask"},{"not_picked":["Sozu","Replay:Bronze Core"],"picked":"Painkiller Herb"}],"items_purged_floors":[19,25,36,49],"is_endless":false,"potions_floor_spawned":[1,5,16,20,21,31,33,38,40,44],"ascension_level":0}}