{"host":"25beq07qjecnigqh","time":1610531375,"event":{"mods":["BaseMod","Minty Spire (QoL Compilation)"],"gold_per_floor":[109,109,123,123,138,138,165,165,192,38,55,74,88,114,114,114,114],"floor_reached":16,"language":"ZHS","playtime":909,"items_purged":[],"score":112,"play_id":"68dac7a9-a986-4400-ae02-57fe89765cd9","local_time":"20210113174935","is_ascension_mode":false,"campfire_choices":[{"data":"Vigilance","floor":6,"key":"SMITH"},{"floor":8,"key":"REST"},{"floor":15,"key":"REST"}],"circlet_count":0,"master_deck":["Strike_P","Strike_P","Strike_P","Strike_P","Defend_P","Defend_P","Defend_P","Defend_P","Eruption+1","Vigilance+1","InnerPeace","Vengeance","FlurryOfBlows","TalkToTheHand"],"relics":["PureWater","NeowsBlessing","Happy Flower","Toxic Egg 2","Damaru","Frozen Eye","Blood Vial"],"acts_visited":["Exordium"],"potions_floor_usage":[7,16,16,16],"damage_taken":[{"damage":0,"enemies":"Jaw Worm","floor":1,"turns":1},{"damage":0,"enemies":"Small Slimes","floor":3,"turns":1},{"damage":0,"enemies":"Cultist","floor":5,"turns":2},{"damage":18,"enemies":"3 Sentries","floor":7,"turns":6},{"damage":16,"enemies":"Gremlin Gang","floor":11,"turns":5},{"damage":5,"enemies":"Looter","floor":12,"turns":3},{"damage":3,"enemies":"2 Fungi Beasts","floor":13,"turns":3},{"damage":38,"enemies":"Gremlin Nob","floor":14,"turns":4},{"damage":52,"enemies":"Slime Boss","floor":16,"turns":3}],"seed_played":"7503956990519136656","potions_obtained":[{"floor":5,"key":"DistilledChaos"},{"floor":7,"key":"LiquidMemories"},{"floor":11,"key":"LiquidMemories"},{"floor":13,"key":"BlessingOfTheForge"}],"is_trial":false,"path_per_floor":["M","?","M","?","M","R","E","R","T","$","M","M","M","E","R","B"],"character_chosen":"WATCHER","items_purchased":["Frozen Eye"],"campfire_rested":2,"item_purchase_floors":[10],"current_hp_per_floor":[72,60,60,60,60,60,42,63,63,63,47,42,39,1,22,0,0],"gold":114,"neow_bonus":"THREE_ENEMY_KILL","is_daily":false,"chose_seed":false,"campfire_upgraded":1,"win_rate":0.0,"timestamp":1610531375,"path_taken":["M","?","M","?","?","R","E","R","T","$","M","M","M","E","R","BOSS"],"items_purchased_type":["Relic"],"build_version":"2020-12-22","purchased_purges":0,"victory":false,"max_hp_per_floor":[72,72,72,72,72,72,72,72,72,72,72,72,72,72,72,72,72],"card_choices":[{"not_picked":["BowlingBash","WreathOfFlame"],"picked":"InnerPeace","floor":1},{"not_picked":["PathToVictory","BowlingBash","Crescendo"],"picked":"SKIP","floor":3},{"not_picked":["Crescendo","FlyingSleeves"],"picked":"Vengeance","floor":5},{"not_picked":["PathToVictory+1","CutThroughFate","ThirdEye+1"],"picked":"SKIP","floor":7},{"not_picked":["ThirdEye+1","CutThroughFate","Evaluate+1"],"picked":"SKIP","floor":11},{"not_picked":["Vengeance+1","EmptyFist"],"picked":"FlurryOfBlows","floor":12},{"not_picked":["InnerPeace+1","FlyingSleeves","ClearTheMind+1"],"picked":"SKIP","floor":13},{"not_picked":["WindmillStrike","ThirdEye+1"],"picked":"TalkToTheHand","floor":14}],"player_experience":53919,"relics_obtained":[{"floor":7,"key":"Toxic Egg 2"},{"floor":9,"key":"Damaru"},{"floor":14,"key":"Blood Vial"}],"event_choices":[{"damage_healed":0,"gold_gain":0,"player_choice":"Success","damage_taken":12,"relics_obtained":["Happy Flower"],"max_hp_gain":0,"max_hp_loss":0,"event_name":"Scrap Ooze","floor":2,"gold_loss":0},{"damage_healed":0,"gold_gain":0,"player_choice":"Upgraded","damage_taken":0,"max_hp_gain":0,"max_hp_loss":0,"event_name":"Upgrade Shrine","floor":4,"gold_loss":0,"cards_upgraded":["Eruption"]}],"is_beta":false,"boss_relics":[],"items_purged_floors":[],"is_endless":false,"potions_floor_spawned":[5,7,11,13],"killed_by":"Slime Boss","ascension_level":0}}