{"host":"tnsigirk6wurdark","time":1610519790,"event":{"mods":["BaseMod","Colored Map","Colored Powertips","Highlight Path","Minty Spire (QoL Compilation)","Quick Restart","Relic Sorter","StSLib","Synergy Search"],"gold_per_floor":[112,112,37,50,61,86,86,7,7,7,7,18,18,18],"floor_reached":13,"language":"ENG","playtime":462,"items_purged":[],"score":145,"play_id":"1ba984dd-3337-4092-8b7c-de429ac0598d","local_time":"20210113063630","is_ascension_mode":true,"campfire_choices":[{"data":"Deadly Poison","floor":7,"key":"SMITH"},{"data":"Sucker Punch","floor":11,"key":"SMITH"}],"circlet_count":0,"master_deck":["AscendersBane","Strike_G","Strike_G","Strike_G","Strike_G","Defend_G","Defend_G","Defend_G","Defend_G","Defend_G","Survivor","Neutralize","Sucker Punch+1","PiercingWail","Slice","Deadly Poison+1","Caltrops","Finisher"],"relics":["Ring of the Snake","NeowsBlessing","Art of War","Toxic Egg 2"],"acts_visited":["Exordium"],"potions_floor_usage":[6,13,13],"damage_taken":[{"damage":0,"enemies":"2 Louse","floor":1,"turns":1},{"damage":0,"enemies":"Jaw Worm","floor":4,"turns":1},{"damage":0,"enemies":"Small Slimes","floor":5,"turns":1},{"damage":24,"enemies":"3 Sentries","floor":6,"turns":13},{"damage":25,"enemies":"Exordium Wildlife","floor":12,"turns":7},{"damage":10,"enemies":"Lagavulin","floor":13,"turns":3}],"seed_played":"-8035140428533511422","potions_obtained":[{"floor":4,"key":"Poison Potion"},{"floor":6,"key":"CultistPotion"},{"floor":12,"key":"Poison Potion"}],"is_trial":false,"path_per_floor":["M","?","?","M","M","E","R","$","T","?","R","M","E"],"character_chosen":"THE_SILENT","items_purchased":["Caltrops"],"campfire_rested":0,"item_purchase_floors":[8],"current_hp_per_floor":[59,59,59,59,59,35,35,35,35,35,35,10,0,0],"gold":18,"neow_bonus":"THREE_ENEMY_KILL","is_daily":false,"chose_seed":false,"campfire_upgraded":2,"win_rate":0.0,"timestamp":1610519790,"path_taken":["M","?","?","M","M","E","R","?","T","?","R","M","E"],"items_purchased_type":["Card"],"build_version":"2020-12-22","purchased_purges":0,"victory":false,"max_hp_per_floor":[66,66,66,66,66,66,66,66,66,66,66,66,66,66],"card_choices":[{"not_picked":["Dodge and Roll","Underhanded Strike"],"picked":"Sucker Punch","floor":1},{"not_picked":["Noxious Fumes","Blur"],"picked":"PiercingWail","floor":4},{"not_picked":["Bane","Flechettes"],"picked":"Slice","floor":5},{"not_picked":["Dagger Throw","Choke"],"picked":"Deadly Poison","floor":6},{"not_picked":["Acrobatics+1","Die Die Die"],"picked":"Finisher","floor":12}],"player_experience":701309,"relics_obtained":[{"floor":6,"key":"Art of War"},{"floor":9,"key":"Toxic Egg 2"}],"event_choices":[{"damage_healed":0,"gold_gain":0,"player_choice":"Ignored","damage_taken":0,"max_hp_gain":0,"max_hp_loss":0,"event_name":"Liars Game","floor":2,"gold_loss":0},{"cards_removed":["Strike_G"],"damage_healed":0,"gold_gain":0,"player_choice":"Card Removal","damage_taken":0,"max_hp_gain":0,"max_hp_loss":0,"event_name":"The Cleric","floor":3,"gold_loss":75},{"damage_healed":0,"gold_gain":0,"player_choice":"Ignored","damage_taken":0,"max_hp_gain":0,"max_hp_loss":0,"event_name":"Golden Wing","floor":10,"gold_loss":0}],"is_beta":false,"boss_relics":[],"items_purged_floors":[],"is_endless":false,"potions_floor_spawned":[4,6,12],"killed_by":"Lagavulin","ascension_level":15}}