{"host":"c59zqhrgluvxuu0k","time":1610510799,"event":{"mods":["100% Spire Juice","Arknights The Spire","BaseMod","Better Altar","Better Third Choice","BetterRewards","Colored Map","Colored Powertips","Curses Come First","Downfall","Friendly Minions","Hermit","Minty Spire (QoL Compilation)","Replay The Spire","Shop Mod","Spicy Shops","StSLib","The Blackbeard","The Cursed","The Death Knight","The Druid","The Jungle","The Runesmith","The Wild Card"],"gold_per_floor":[109,109,109,128,148,148,183,115,115,140,140,155,187,198,198,299,299,316,231,231,247,247,247,282,299,299,299,331,331,331,341,376,391,391,489,489,500,40,58,74,124,124,124,153,234,45,80,98,68,81,81,81,81,143,16,50,50,50],"floor_reached":57,"language":"ENG","playtime":5764,"items_purged":[],"score":930,"play_id":"7908b8d0-7453-4483-856e-928333c5c875","local_time":"20210112210639","is_ascension_mode":true,"campfire_choices":[{"data":"ats:Emotion Absorption","floor":6,"key":"SMITH"},{"data":"ats:Healing Strengthening","floor":15,"key":"SMITH"},{"floor":23,"key":"RECALL"},{"floor":27,"key":"DIG"},{"data":"hexamod:Haunted","floor":34,"key":"PURGE"},{"data":"ats:Part Time Job","floor":42,"key":"SMITH"},{"floor":51,"key":"DIG"}],"circlet_count":0,"master_deck":["ats:Strike C","ats:Strike G","ats:Strike S","ats:Strike V","ats:Armor Crushing Shot","ats:Defend","ats:Defend","ats:Defend","ats:Emotion Absorption+1","ats:Shell Defense+1","ats:Flexible Camouflage","ats:Healing Drone","ats:Composite Medical Shells+1","ats:Blood Oath","ats:Nebulous Foxfire","ats:Overload","ats:Healing Strengthening+1","ats:Calcification","AbeCurse","ats:Explosion Area Strengthen+1","ats:Powerful Strike","Necronomicurse","ats:Automatic Cover+1","ats:Part Time Job+1","ats:Apocalypse+1","ats:Revitalization","ats:Calcification","ats:Ignite+1","ats:Charging Defense+1","ats:Revitalization","Madness","Madness","ats:Shell Defense+1","ats:Healing Drone","ats:Closed Bolt Burst Fire","ats:Demon Strength","ats:Part Time Job","ats:Part Time Job","ats:Healing Drone+1","ats:Thorns"],"relics":["ats:Sanity","NeowsBlessing","ReplayTheSpireMod:Ring of Exchange","ats:Originium","Replay:Multitool","Thread and Needle","Orichalcum","Potion Belt","Abe\u0027s Treasure","PreservedInsect","Necronomicon","hexamod:BolsterEngine","Bird Faced Urn","Gambling Chip","Question Card","ats:Military Tradition","Coffee Dripper","Replay:Wax Seal","Shuriken","Ornamental Fan","Pocketwatch","ReplayTheSpireMod:Lightbulb","ats:Lavender","Membership Card","Simple Rune","Oddly Smooth Stone","ats:Hidden Killer","Replay:Rubber Ducky"],"acts_visited":["Exordium","TheCity","TheBeyond","TheEnding"],"potions_floor_usage":[7,12,14,35,39,48,52,56,57,57],"damage_taken":[{"damage":0,"enemies":"2 Louse","floor":1,"turns":1},{"damage":0,"enemies":"Small Slimes","floor":4,"turns":2},{"damage":0,"enemies":"Jaw Worm","floor":5,"turns":1},{"damage":46,"enemies":"Gremlin Nob","floor":7,"turns":6},{"damage":36,"enemies":"3 Sentries","floor":10,"turns":13},{"damage":0,"enemies":"Looter","floor":12,"turns":3},{"damage":14,"enemies":"Gremlin Nob","floor":13,"turns":6},{"damage":0,"enemies":"3 Louse","floor":14,"turns":2},{"damage":55,"enemies":"Hexaghost","floor":16,"turns":12},{"damage":10,"enemies":"3 Byrds","floor":18,"turns":6},{"damage":3,"enemies":"Spheric Guardian","floor":21,"turns":4},{"damage":32,"enemies":"Replay:Snechameleon","floor":24,"turns":6},{"damage":17,"enemies":"Cultist and Chosen","floor":25,"turns":5},{"damage":14,"enemies":"Book of Stabbing","floor":28,"turns":4},{"damage":18,"enemies":"Snake Plant","floor":31,"turns":5},{"damage":0,"enemies":"Gremlin Leader","floor":32,"turns":5},{"damage":1,"enemies":"Snecko","floor":33,"turns":4},{"damage":54,"enemies":"Automaton","floor":35,"turns":10},{"damage":9,"enemies":"3 Shapes","floor":37,"turns":5},{"damage":13,"enemies":"3 Darklings","floor":39,"turns":4},{"damage":13,"enemies":"Transient","floor":40,"turns":5},{"damage":1,"enemies":"Mind Bloom Boss Battle","floor":41,"turns":8},{"damage":15,"enemies":"R_Hoarder","floor":44,"turns":8},{"damage":7,"enemies":"Reptomancer","floor":47,"turns":6},{"damage":17,"enemies":"Writhing Mass","floor":48,"turns":6},{"damage":7,"enemies":"Maw","floor":50,"turns":7},{"damage":104,"enemies":"Time Eater","floor":52,"turns":11},{"damage":111,"enemies":"Shield and Spear","floor":56,"turns":7},{"damage":142,"enemies":"The Heart","floor":57,"turns":6}],"seed_played":"-7920226688004067373","potions_obtained":[{"floor":1,"key":"BlessingOfTheForge"},{"floor":10,"key":"Explosive Potion"},{"floor":12,"key":"Fruit Juice"},{"floor":25,"key":"Doom Potion"},{"floor":28,"key":"SpeedPotion"},{"floor":31,"key":"Guardian:BlockOnCardUsePotion"},{"floor":33,"key":"Death Potion"},{"floor":35,"key":"Energy Potion"},{"floor":48,"key":"SkillPotion"},{"floor":50,"key":"SteroidPotion"}],"is_trial":false,"path_per_floor":["M","?","?","M","M","R","E","$","T","E","R","M","E","M","R","B",null,"M","?","?","M","?","R","E","M","T","R","E","PTL","PTL","M","E","M","R_BF","B",null,"M","$","M","M","?","R","?","E","T","$","E","M","$","M","R","B",null,"R","$","E","B"],"character_chosen":"DOCTOR_CLASS","items_purchased":["Thread and Needle","Replay:Wax Seal","Shuriken","Ornamental Fan","Membership Card","ats:Healing Drone","ats:Part Time Job","ats:Hidden Killer","ColorlessPotion","Dexterity Potion"],"campfire_rested":0,"item_purchase_floors":[8,38,38,38,46,46,49,55,55,55],"current_hp_per_floor":[72,58,58,58,58,58,20,20,20,11,32,48,46,51,51,77,77,77,77,77,77,61,61,60,65,65,65,70,70,70,77,77,77,77,77,77,73,73,75,64,77,77,67,77,77,77,77,77,77,77,77,77,77,77,77,77,0,0],"gold":50,"neow_bonus":"THREE_ENEMY_KILL","is_daily":false,"chose_seed":false,"campfire_upgraded":3,"win_rate":0.0,"timestamp":1610510799,"path_taken":["M","?","?","?","M","R","E","$","T","E","R","M","E","M","R","BOSS","M","?","?","M","?","R","E","M","T","R","E","PTL","PTL","?","E","M","R_BF","BOSS","M","$","?","M","?","R","?","E","T","$","E","M","$","M","R","BOSS","R","$","E","BOSS"],"items_purchased_type":["Relic","Relic","Relic","Relic","Relic","Card","Card","Relic","Potion","Potion"],"build_version":"2020-12-22","purchased_purges":0,"victory":false,"max_hp_per_floor":[72,72,72,72,72,72,72,72,72,72,72,77,77,77,77,77,77,77,77,77,77,77,77,77,77,77,77,77,77,77,77,77,77,77,77,77,77,77,77,77,77,77,77,77,77,77,77,77,77,77,77,77,77,77,77,77,77,77],"card_choices":[{"not_picked":["ats:Guardian Obelisk","ats:Explosion Area Strengthen"],"picked":"ats:Shell Defense","floor":1},{"not_picked":["ats:Cat Scratch","ats:Demon Strength"],"picked":"ats:Flexible Camouflage","floor":4},{"not_picked":["ats:Curse Doll","ats:Hammer On"],"picked":"ats:Healing Drone","floor":5},{"not_picked":["ats:Assault Order","ats:Cat Scratch"],"picked":"ats:Composite Medical Shells","floor":7},{"not_picked":["ats:Childhood Dance","ats:Assault Order"],"picked":"ats:Blood Oath","floor":10},{"not_picked":["ats:Powerful Strike","ats:Spore Proliferation"],"picked":"ats:Nebulous Foxfire","floor":12},{"not_picked":["ats:Leaping Hammer","ats:Encircling Forest"],"picked":"ats:Overload","floor":13},{"not_picked":["ats:Mental Burst","ats:Curse Doll"],"picked":"ats:Healing Strengthening","floor":14},{"not_picked":["ats:Durian","ats:Nebulous Foxfire"],"picked":"ats:Calcification","floor":16},{"not_picked":["ats:Leaping Hammer","ats:Assault Order+1"],"picked":"ats:Explosion Area Strengthen+1","floor":18},{"not_picked":["ats:Overload","ats:Explosion Area Strengthen+1","ats:Curse Doll"],"picked":"SKIP","floor":21},{"not_picked":["ats:Cat Scratch","ats:Flexible Camouflage","ats:Childhood Dance"],"picked":"SKIP","floor":24},{"not_picked":["ats:Flexible Camouflage+1","ats:Mental Burst"],"picked":"ats:Automatic Cover+1","floor":25},{"not_picked":["ats:Song Of Battle","ats:Ambush"],"picked":"ats:Part Time Job","floor":28},{"not_picked":["ats:Leaping Hammer+1","ats:Counter Healing Mode+1","ats:Overload"],"picked":"ats:Apocalypse+1","floor":31},{"not_picked":["ats:Explosion Area Strengthen","ats:Flexible Camouflage","ats:Closed Bolt Burst Fire"],"picked":"ats:Revitalization","floor":32},{"not_picked":["ats:Shell Defense","ats:Ignite","ats:Childhood Dance","ats:Explosion Area Strengthen"],"picked":"SKIP","floor":33},{"not_picked":["ats:Roar Of Ursus","ats:Fractured Body","ats:Echo Reverb"],"picked":"ats:Calcification","floor":35},{"not_picked":["ats:Leaping Hammer+1","ats:Apocalypse","ats:Guardian Obelisk+1","ats:Childhood Dance+1"],"picked":"SKIP","floor":37},{"not_picked":["ats:Rapid Magazine+1","ats:Guardian Obelisk+1","ats:Flexible Camouflage"],"picked":"ats:Ignite+1","floor":39},{"not_picked":["ats:Cat Scratch","ats:Explosion Area Strengthen","ats:Childhood Dance"],"picked":"ats:Charging Defense+1","floor":40},{"not_picked":["ats:Ignite","ats:LN2 Cannon","ats:Guardian Obelisk+1"],"picked":"ats:Revitalization","floor":41},{"not_picked":["ats:Assault Order","ats:Ignite+1","ats:Red Shift"],"picked":"ats:Shell Defense+1","floor":44},{"not_picked":["ats:Ambush","ats:Poison Spread+1","ats:Leaping Hammer+1"],"picked":"ats:Closed Bolt Burst Fire","floor":47},{"not_picked":["ats:Flexible Camouflage","ats:Apocalypse","ats:Encircling Forest"],"picked":"ats:Demon Strength","floor":48},{"not_picked":["ats:Apocalypse","ats:Ignite","ats:Steam Pump+1"],"picked":"ats:Healing Drone+1","floor":50},{"not_picked":["ats:Red Shift","ats:Demon Strength+1","ats:Directed Diagnosis+1"],"picked":"ats:Thorns","floor":56}],"player_experience":2192332,"relics_obtained":[{"floor":3,"key":"ReplayTheSpireMod:Ring of Exchange"},{"floor":7,"key":"ats:Originium"},{"floor":7,"key":"Replay:Multitool"},{"floor":10,"key":"ats:Originium"},{"floor":10,"key":"Orichalcum"},{"floor":13,"key":"ats:Originium"},{"floor":13,"key":"Potion Belt"},{"floor":22,"key":"Necronomicon"},{"floor":24,"key":"hexamod:BolsterEngine"},{"floor":26,"key":"Bird Faced Urn"},{"floor":27,"key":"Gambling Chip"},{"floor":28,"key":"Question Card"},{"floor":32,"key":"ats:Military Tradition"},{"floor":41,"key":"Pocketwatch"},{"floor":44,"key":"ReplayTheSpireMod:Lightbulb"},{"floor":45,"key":"ats:Lavender"},{"floor":47,"key":"Simple Rune"},{"floor":51,"key":"Oddly Smooth Stone"},{"floor":56,"key":"Replay:Rubber Ducky"}],"event_choices":[{"damage_healed":72,"gold_gain":0,"player_choice":"Upgrade","damage_taken":14,"max_hp_gain":0,"max_hp_loss":72,"event_name":"betterThird:BetterShining","floor":2,"gold_loss":0,"cards_upgraded":["ats:Strike V","ats:Shell Defense"]},{"damage_healed":0,"gold_gain":0,"player_choice":"Obtained Relic","damage_taken":0,"relics_obtained":["PreservedInsect"],"max_hp_gain":0,"max_hp_loss":0,"event_name":"Addict","floor":19,"gold_loss":85},{"damage_healed":0,"gold_gain":0,"cards_transformed":["CommonCold","ats:Defend"],"player_choice":"Became Test Subject","damage_taken":0,"max_hp_gain":0,"max_hp_loss":0,"event_name":"Drug Dealer","floor":20,"gold_loss":0,"cards_obtained":["hexamod:Haunted","ats:Powerful Strike"]},{"damage_healed":0,"gold_gain":0,"player_choice":"Obtained Book","damage_taken":16,"max_hp_gain":0,"max_hp_loss":0,"event_name":"Cursed Tome","floor":22,"gold_loss":0},{"damage_healed":0,"gold_gain":0,"player_choice":"Fight","damage_taken":0,"max_hp_gain":0,"max_hp_loss":0,"event_name":"MindBloom","floor":41,"gold_loss":0},{"damage_healed":0,"gold_gain":0,"player_choice":"Embrace Madness","damage_taken":10,"max_hp_gain":0,"max_hp_loss":0,"event_name":"Winding Halls","floor":43,"gold_loss":0,"cards_obtained":["Madness","Madness"]}],"is_beta":false,"boss_relics":[{"not_picked":["ats:Defend","Fusion Hammer"],"picked":"Abe\u0027s Treasure"},{"not_picked":["ClockworkSouvenir","Frozen Eye"],"picked":"Coffee Dripper"}],"items_purged_floors":[],"is_endless":false,"potions_floor_spawned":[1,10,12,25,28,31,33,35,37,48,50],"killed_by":"The Heart","ascension_level":1}}