{"host":"fuszjwm6fqgjjp4d","time":1610553018,"event":{"mods":["BaseMod","Bestiary","Colored Map","DeckTracker","Minty Spire (QoL Compilation)","Permanent Neow","Relic Sorter","Relic Stats","StSLib"],"gold_per_floor":[113,93,103,153,172,172,203,168,168,168,168],"floor_reached":10,"language":"ENG","playtime":269,"items_purged":[],"score":132,"play_id":"d0473711-dd50-4545-b4a6-157186b7b90c","local_time":"20210113095018","is_ascension_mode":true,"campfire_choices":[{"data":"Deadly Poison","floor":6,"key":"SMITH"}],"circlet_count":0,"master_deck":["AscendersBane","Strike_G","Strike_G","Strike_G","Strike_G","Strike_G","Defend_G","Defend_G","Defend_G","Defend_G","Defend_G","Survivor","Neutralize","Dodge and Roll","Caltrops","Deadly Poison+1","Poisoned Stab"],"relics":["Ring of the Snake","NeowsBlessing","Bottled Tornado","MealTicket"],"acts_visited":["Exordium"],"potions_floor_usage":[7,7],"damage_taken":[{"damage":0,"enemies":"2 Louse","floor":1,"turns":1},{"damage":0,"enemies":"Cultist","floor":3,"turns":1},{"damage":0,"enemies":"Small Slimes","floor":5,"turns":1},{"damage":24,"enemies":"3 Sentries","floor":7,"turns":12},{"damage":53,"enemies":"Gremlin Nob","floor":10,"turns":4}],"seed_played":"-5435414467368819419","potions_obtained":[{"floor":2,"key":"Poison Potion"},{"floor":3,"key":"SpeedPotion"},{"floor":5,"key":"Fire Potion"}],"is_trial":false,"path_per_floor":["M","?","M","?","M","R","E","?","T","E"],"character_chosen":"THE_SILENT","items_purchased":[],"campfire_rested":0,"item_purchase_floors":[],"current_hp_per_floor":[59,59,59,59,59,59,35,51,51,0,0],"gold":168,"neow_bonus":"THREE_ENEMY_KILL","is_daily":false,"chose_seed":false,"campfire_upgraded":1,"win_rate":0.0,"timestamp":1610553018,"path_taken":["M","?","?","?","?","R","E","?","T","E"],"items_purchased_type":[],"build_version":"2020-12-22","purchased_purges":0,"victory":false,"max_hp_per_floor":[66,66,66,66,66,66,66,66,66,66,66],"relic_stats":{"counters":[5,19],"MealTicket":0,"obtain_stats":[{"NeowsBlessing":0,"MealTicket":9,"Bottled Tornado":7,"Ring of the Snake":0},{"NeowsBlessing":0,"MealTicket":4,"Bottled Tornado":4,"Ring of the Snake":0},{"NeowsBlessing":0,"MealTicket":15,"Bottled Tornado":15,"Ring of the Snake":0}],"Ring of the Snake":[10]},"card_choices":[{"not_picked":["Underhanded Strike","Concentrate"],"picked":"Dodge and Roll","floor":1},{"not_picked":["Accuracy","Acrobatics"],"picked":"Caltrops","floor":3},{"not_picked":["Masterful Stab","Escape Plan"],"picked":"Deadly Poison","floor":5},{"not_picked":["Underhanded Strike","Backflip"],"picked":"Poisoned Stab","floor":7}],"player_experience":1288039,"relics_obtained":[{"floor":7,"key":"Bottled Tornado"},{"floor":9,"key":"MealTicket"}],"event_choices":[{"damage_healed":0,"gold_gain":0,"player_choice":"Bought 1 Potion","damage_taken":0,"max_hp_gain":0,"max_hp_loss":0,"event_name":"The Woman in Blue","floor":2,"gold_loss":0},{"damage_healed":0,"gold_gain":50,"player_choice":"Pray","damage_taken":0,"max_hp_gain":0,"max_hp_loss":0,"event_name":"Golden Shrine","floor":4,"gold_loss":0},{"damage_healed":16,"gold_gain":0,"player_choice":"Healed","damage_taken":0,"max_hp_gain":0,"max_hp_loss":0,"event_name":"The Cleric","floor":8,"gold_loss":35}],"is_beta":false,"boss_relics":[],"items_purged_floors":[],"is_endless":false,"potions_floor_spawned":[3,5],"killed_by":"Gremlin Nob","ascension_level":20}}