{"host":"znwtfp2fwalt5xpb","time":1610558580,"event":{"mods":["ATMod(°¢èªMod)","BaseMod","Hero for Fun","Infinite Spire","Minty Spire (QoL Compilation)","Quick Restart","Replay The Spire","Spicy Shops","StSLib","¡¾ÒÅÎï¿¨ÅÆ¡¿REMEMod","óô»ðÖ¸ÄÏ"],"gold_per_floor":[111,286,286,286,298,18,49,49,49,69,69,79,79,99,99,200,200,217,217,12,22,32,32,32,32,32,32,5,19,39,39,39,136,236,254,328,328,348,1347,540,540,540,540,550,584,584,584,602,602,602,602,114,64,94,94],"floor_reached":56,"language":"ZHS","playtime":3045,"items_purged":["Doubt","Defend_B","Strike_B","Injury","Normality","Normality","Zap"],"score":1573,"play_id":"6be1f401-e51f-40b0-9715-ec1f5babbff3","local_time":"20210114012300","is_ascension_mode":false,"campfire_choices":[{"floor":8,"key":"REST"},{"data":"White Noise","floor":15,"key":"SMITH"},{"floor":23,"key":"REST"},{"floor":32,"key":"REST"},{"floor":46,"key":"REST"},{"floor":49,"key":"RECALL"}],"circlet_count":0,"master_deck":["Strike_B","Defend_B+1","CurseOfTheBell","White Noise+1","Gash","FTL","Go for the Eyes","Melter","Scrape","Echo Form","REME_SelfUpgrade+1","Rebound+1","Steam+1","Beam Cell","Gash","FTL","FTL","Go for the Eyes+1","infinitespire:Gouge","Sweeping Beam","AT_StudyProgram","Echo Form","Beam Cell","Go for the Eyes+1","REME_DataAnalysis","AT_EMC2+1","AT_HeatAcrobatics+1","FTL","Go for the Eyes"],"relics":["AT_ATBox","REME_ComplimentaryCards","Calling Bell","Replay:Mystery Machine","infinitespire:SolderingIron","Unceasing Top","AT_BellDemon","infinitespire:Lucky Rock","Replay:Bottled Flurry","Replay:Bottled Steam","infinitespire:Cubic Diamond","Astrolabe","Replay:Blank Codex","Calipers","infinitespire:Freezer","ReplayTheSpireMod:CursedCoin","infinitespire:EmpoweringShard","Replay:Wanted Poster","MealTicket","Matryoshka","Carrot","Orichalcum","Sundial","Potion Belt","infinitespire:Broken Mirror","War Paint","Vajra","infinitespire:Magic Flask"],"acts_visited":["Exordium","TheCity","TheBeyond","TheEnding"],"potions_floor_usage":[16,18,22,22,29,45,50,50,54,54,55],"damage_taken":[{"damage":8.0,"enemies":"2 Louse","floor":1.0,"turns":2.0},{"damage":0.0,"enemies":"Jaw Worm","floor":5.0,"turns":5.0},{"damage":34,"enemies":"Lagavulin","floor":7,"turns":8},{"damage":1,"enemies":"Cultist","floor":10,"turns":4},{"damage":9,"enemies":"3 Louse","floor":12,"turns":3},{"damage":0,"enemies":"Looter","floor":14,"turns":2},{"damage":40,"enemies":"Hexaghost","floor":16,"turns":8},{"damage":8,"enemies":"3 Byrds","floor":18,"turns":5},{"damage":0,"enemies":"Spheric Guardian","floor":21,"turns":2},{"damage":21,"enemies":"Snake Plant","floor":22,"turns":3},{"damage":8,"enemies":"Sentry and Sphere","floor":29,"turns":3},{"damage":0,"enemies":"Centurion and Healer","floor":30,"turns":4},{"damage":44,"enemies":"Pondfish","floor":33,"turns":9},{"damage":9,"enemies":"Orb Walker","floor":35,"turns":2},{"damage":7,"enemies":"3 Darklings","floor":38,"turns":3},{"damage":4,"enemies":"Maw","floor":44,"turns":5},{"damage":26,"enemies":"Reptomancer","floor":45,"turns":7},{"damage":2,"enemies":"Spire Growth","floor":48,"turns":4},{"damage":35,"enemies":"infinitespire:MassOfShapes","floor":50,"turns":3},{"damage":5,"enemies":"Shield and Spear","floor":54,"turns":3},{"damage":35,"enemies":"The Heart","floor":55,"turns":5}],"seed_played":"5598186667933887664","potions_obtained":[{"floor":5.0,"key":"Energy Potion"},{"floor":12,"key":"PowerPotion"},{"floor":16,"key":"LifebloodPotion"},{"floor":18,"key":"DistilledChaos"},{"floor":22,"key":"BlessingOfTheForge"},{"floor":30,"key":"Regen Potion"},{"floor":35,"key":"Adrenaline Potion"},{"floor":36,"key":"Toxic Potion"},{"floor":44,"key":"Dexterity Potion"},{"floor":48,"key":"LifebloodPotion"},{"floor":54,"key":"SkillPotion"}],"is_trial":false,"path_per_floor":["M","?","?","T","M","R","E","R","T","M","?","M","?","M","R","B",null,"M","?","$","M","M","R","?","?","T","AVR","$","M","M","T","R","B",null,"M","?","?","M","?","R","?","$","T","M","E","R","T","M","R","B",null,"R","$","E","B",null],"character_chosen":"DEFECT","items_purchased":["Gash","infinitespire:Lucky Rock","Gash","FTL","ReplayTheSpireMod:CursedCoin","Sweeping Beam","Matryoshka","Carrot","War Paint","Vajra","Adrenaline Potion"],"campfire_rested":4,"item_purchase_floors":[6,6,20,20,28,28,40,40,52,52,53],"current_hp_per_floor":[67,67,67,67,67,67,33,55,55,54,54,45,45,45,45,5,75,67,51,51,51,30,52,52,52,52,52,52,44,44,44,66,22,75,66,66,66,59,59,59,59,74,74,70,44,66,66,64,64,29,75,75,75,70,35],"gold":94,"neow_bonus":"BOSS_RELIC","is_daily":false,"chose_seed":false,"campfire_upgraded":1,"win_rate":0.0,"timestamp":1610558580,"path_taken":["M","?","?","?","M","R","E","R","T","?","?","M","?","?","R","BOSS","M","?","$","M","M","R","?","?","T","AVR","?","M","?","?","R","BOSS","M","?","?","M","?","R","?","$","T","M","E","R","?","?","R","BOSS","R","$","E","BOSS"],"items_purchased_type":["Card","Relic","Card","Card","Relic","Card","Relic","Relic","Relic","Relic","Potion"],"build_version":"2020-12-22","purchased_purges":7,"victory":true,"max_hp_per_floor":[75,75,75,75,75,75,75,75,75,75,75,75,75,75,75,75,75,75,75,75,75,75,75,75,75,75,75,75,75,75,75,75,75,75,75,75,75,75,75,75,75,75,75,75,75,75,75,75,75,75,75,75,75,75,75],"card_choices":[{"not_picked":["Defragment","Rebound"],"picked":"White Noise","floor":1.0},{"not_picked":["Panic Button","Redo","Leap"],"picked":"SKIP","floor":5.0},{"not_picked":["Fission","Go for the Eyes"],"picked":"FTL","floor":7},{"not_picked":["Sunder","Glacier"],"picked":"Go for the Eyes","floor":10},{"not_picked":["Panic Button","ReplayTheSpireMod:Reroute Power"],"picked":"Melter","floor":12},{"not_picked":["Ball Lightning","Force Field"],"picked":"Scrape","floor":14},{"not_picked":["Reboot","AT_WaterDrop"],"picked":"Echo Form","floor":16},{"not_picked":["Rebound","AT_HeatAcrobatics+1","Panic Button","Time Bomb","Compile Driver","Capacitor"],"picked":"Beam Cell","floor":18},{"not_picked":["Melter","Coolheaded","ReplayTheSpireMod:Calculation Training+1","ReplaySort","Cold Snap"],"picked":"SKIP","floor":21},{"not_picked":["Leap","Fission","Streamline","Conserve Battery+1"],"picked":"Go for the Eyes+1","floor":22},{"not_picked":["Sweeping Beam","Hologram","Redo"],"picked":"SKIP","floor":29},{"not_picked":["Coolheaded","FIFO Queue+1","Multi-Cast","Cold Snap+1"],"picked":"AT_StudyProgram","floor":30},{"not_picked":["Mirror Shield","Thunder Strike","Core Surge","Hyperbeam"],"picked":"Echo Form","floor":33},{"not_picked":["Time Bomb","Cold Snap"],"picked":"Beam Cell","floor":35},{"not_picked":["ReplayTheSpireMod:Repulse","Ball Lightning+1"],"picked":"Go for the Eyes+1","floor":36},{"not_picked":["Coolheaded","Hologram","Capacitor","BootSequence+1"],"picked":"REME_DataAnalysis","floor":38},{"not_picked":["REME_SelfUpgrade+1","ReplayGash","Redo+1","Consume","Rebound+1"],"picked":"AT_EMC2+1","floor":44},{"not_picked":["ReplayTheSpireMod:Repulse+1","Steam+1","Heatsinks+1","Sweeping Beam+1"],"picked":"AT_HeatAcrobatics+1","floor":45},{"not_picked":["Beam Cell","Compile Driver+1","Hologram+1","Static Discharge"],"picked":"FTL","floor":48},{"not_picked":["Hologram","Compile Driver+1","Redo","Sunder"],"picked":"Go for the Eyes","floor":54}],"player_experience":244893,"relics_obtained":[{"floor":0.0,"key":"Replay:Mystery Machine"},{"floor":0.0,"key":"infinitespire:SolderingIron"},{"floor":0.0,"key":"Unceasing Top"},{"floor":4.0,"key":"AT_BellDemon"},{"floor":7,"key":"Replay:Bottled Flurry"},{"floor":9,"key":"Replay:Bottled Steam"},{"floor":19,"key":"Replay:Blank Codex"},{"floor":26,"key":"Calipers"},{"floor":31,"key":"infinitespire:EmpoweringShard"},{"floor":36,"key":"MealTicket"},{"floor":43,"key":"Orichalcum"},{"floor":43,"key":"Sundial"},{"floor":45,"key":"Potion Belt"},{"floor":47,"key":"infinitespire:Broken Mirror"},{"floor":54,"key":"infinitespire:Magic Flask"}],"event_choices":[{"damage_healed":0.0,"max_hp_gain":0.0,"max_hp_loss":0.0,"gold_gain":175.0,"event_name":"Liars Game","player_choice":"AGREE","floor":2.0,"gold_loss":0.0,"damage_taken":0.0,"cards_obtained":["Doubt"]},{"cards_removed":["Defend_B"],"damage_healed":0,"gold_gain":0,"player_choice":"Took Card","damage_taken":0,"max_hp_gain":0,"max_hp_loss":0,"event_name":"NoteForYourself","floor":13,"gold_loss":0,"cards_obtained":["Dualcast"]},{"damage_healed":0,"gold_gain":0,"player_choice":"Obtained Book","damage_taken":16,"max_hp_gain":0,"max_hp_loss":0,"event_name":"Cursed Tome","floor":19,"gold_loss":0},{"damage_healed":0,"gold_gain":0,"player_choice":"Ignored","damage_taken":0,"max_hp_gain":0,"max_hp_loss":0,"event_name":"Vampires","floor":24,"gold_loss":0},{"cards_removed":["Dualcast"],"damage_healed":0,"gold_gain":0,"player_choice":"Elegance","damage_taken":0,"max_hp_gain":0,"max_hp_loss":0,"event_name":"Back to Basics","floor":25,"gold_loss":0},{"damage_healed":0,"gold_gain":999,"player_choice":"Gold","damage_taken":0,"max_hp_gain":0,"max_hp_loss":0,"event_name":"MindBloom","floor":39,"gold_loss":0,"cards_obtained":["Normality","Normality"]},{"damage_healed":0,"gold_gain":0,"player_choice":"Memory 1","damage_taken":0,"max_hp_gain":0,"max_hp_loss":0,"event_name":"SensoryStone","floor":41,"gold_loss":0}],"is_beta":false,"boss_relics":[{"not_picked":["ChewingGum","REME_DemonsWealth"],"picked":"Astrolabe"},{"not_picked":["ReplayTheSpireMod:DimensionalGlitch","SacredBark"],"picked":"Replay:Wanted Poster"}],"items_purged_floors":[6,20,27,28,40,40,52],"is_endless":false,"potions_floor_spawned":[5,12,16,18,22,30,35,44,48,54],"ascension_level":0}}