{"host":"03a85bwj0a5skoit","time":1610535754,"event":{"mods":["BaseMod","Block Reminder","Minty Spire (QoL Compilation)","Relic Stats","StSLib"],"gold_per_floor":[113,130,130,140,160,160,160],"floor_reached":6,"language":"ENG","playtime":170,"items_purged":[],"score":76,"play_id":"18c05d62-2bdf-425b-b8c6-e46d0a5ff6dd","local_time":"20210113213234","is_ascension_mode":true,"campfire_choices":[],"circlet_count":0,"master_deck":["AscendersBane","Strike_P","Strike_P","Strike_P","Defend_P","Defend_P","Defend_P","Defend_P","Eruption","Vigilance","EmptyMind","Adaptation","ClearTheMind","BowlingBash","EmptyBody"],"relics":["Fusion Hammer"],"acts_visited":["Exordium"],"potions_floor_usage":[6],"damage_taken":[{"damage":0,"enemies":"2 Louse","floor":1,"turns":3},{"damage":7,"enemies":"Cultist","floor":2,"turns":3},{"damage":14,"enemies":"Small Slimes","floor":4,"turns":3},{"damage":9,"enemies":"2 Fungi Beasts","floor":5,"turns":4},{"damage":36,"enemies":"Gremlin Nob","floor":6,"turns":3}],"seed_played":"2971793350906681369","potions_obtained":[{"floor":4,"key":"Swift Potion"},{"floor":5,"key":"Regen Potion"}],"is_trial":false,"path_per_floor":["M","M","?","M","M","E"],"character_chosen":"WATCHER","items_purchased":[],"campfire_rested":0,"item_purchase_floors":[],"current_hp_per_floor":[61,54,54,40,31,0,0],"gold":160,"neow_bonus":"BOSS_RELIC","is_daily":false,"chose_seed":false,"campfire_upgraded":0,"win_rate":0.0,"timestamp":1610535754,"path_taken":["M","M","?","M","?","E"],"items_purchased_type":[],"build_version":"2020-12-22","purchased_purges":0,"victory":false,"max_hp_per_floor":[68,68,68,68,68,68,68],"relic_stats":{"counters":[5,16],"obtain_stats":[{"Fusion Hammer":0,"PureWater":0},{"Fusion Hammer":0,"PureWater":0},{"Fusion Hammer":0,"PureWater":0}]},"card_choices":[{"not_picked":["ThirdEye","Study"],"picked":"EmptyMind","floor":1},{"not_picked":["CutThroughFate","ThirdEye"],"picked":"Adaptation","floor":2},{"not_picked":["Evaluate","FollowUp"],"picked":"BowlingBash","floor":4},{"not_picked":["Protect","FlyingSleeves"],"picked":"EmptyBody","floor":5}],"player_experience":2332642,"relics_obtained":[],"event_choices":[{"damage_healed":0,"gold_gain":0,"cards_transformed":["Strike_P"],"player_choice":"Transformed","damage_taken":0,"max_hp_gain":0,"max_hp_loss":0,"event_name":"Transmorgrifier","floor":3,"gold_loss":0,"cards_obtained":["ClearTheMind"]}],"is_beta":false,"boss_relics":[],"items_purged_floors":[],"is_endless":false,"potions_floor_spawned":[4,5],"killed_by":"Gremlin Nob","ascension_level":20}}