{"host":"j8owc6rmw39yguw6","time":1610513558,"event":{"mods":["AchievementEnabler","BaseMod","BetterRewards","Colored Map","Colored Powertips","Curses Come First","Highlight Path","Minty Spire (QoL Compilation)","Rare Cards Sparkle","Relic Stats","Shop Mod","StSLib","The Bug Knight"],"gold_per_floor":[113,288,300,315,315,347,347,367,392,392,96,21,21,33,33,135,135,146,326,337,353,56,56,72,72,123,123,123,156,191,46,46,46,46],"floor_reached":33,"language":"ENG","playtime":3015,"items_purged":["HollowMod:NailStrikeStart","Doubt"],"score":313,"play_id":"1a32446d-c2b1-4267-8a3c-4c7ca33dee2c","local_time":"20210112215238","is_ascension_mode":false,"campfire_choices":[{"data":"HollowMod:InfectedCysts","floor":7,"key":"SMITH"},{"data":"HollowMod:FocusHealStart","floor":10,"key":"SMITH"},{"data":"HollowMod:InfectionAssault","floor":13,"key":"SMITH"},{"data":"HollowMod:DashSlash","floor":15,"key":"SMITH"},{"data":"HollowMod:InfectedAttack","floor":23,"key":"SMITH"},{"data":"HollowMod:DashSlash","floor":25,"key":"SMITH"},{"data":"HollowMod:SoulSplash","floor":27,"key":"SMITH"},{"data":"Bite","floor":32,"key":"SMITH"}],"circlet_count":0,"master_deck":["HollowMod:QuickDashStart","HollowMod:QuickDashStart","HollowMod:QuickDashStart","HollowMod:QuickDashStart","HollowMod:FocusHealStart+1","HollowMod:PogoStrike","HollowMod:SoulSplash+1","HollowMod:SharpenedNail","HollowMod:InfectedCysts+1","HollowMod:InfectionAssault+1","HollowMod:CloakDash","HollowMod:MothsMistake","HollowMod:DashSlash+1","HollowMod:NewInfectedGuardian","HollowMod:HeavyBlow","HollowMod:DoubleDash+1","HollowMod:ChannelNail+1","HollowMod:InfectedAttack+1","HollowMod:DashSlash+1","Bite","Bite","Bite","Bite","Bite+1","HollowMod:CoiledNail+1","HollowMod:TaintedHusks"],"relics":["HollowMod:VesselMask","MealTicket","Lantern","Vajra","Coffee Dripper","TheAbacus","Toy Ornithopter","Omamori","HollowMod:GreatKnightMask","Membership Card"],"acts_visited":["Exordium","TheCity"],"potions_floor_usage":[6,16,16,20,33,33],"damage_taken":[{"damage":2,"enemies":"2 Louse","floor":1,"turns":2},{"damage":2,"enemies":"Small Slimes","floor":3,"turns":3},{"damage":0,"enemies":"Cultist","floor":4,"turns":3},{"damage":38,"enemies":"Lagavulin","floor":6,"turns":6},{"damage":13,"enemies":"Blue Slaver","floor":8,"turns":2},{"damage":2,"enemies":"3 Louse","floor":14,"turns":2},{"damage":34,"enemies":"Slime Boss","floor":16,"turns":9},{"damage":5,"enemies":"Chosen","floor":18,"turns":4},{"damage":32,"enemies":"Spheric Guardian","floor":20,"turns":4},{"damage":23,"enemies":"Cultist and Chosen","floor":21,"turns":5},{"damage":11,"enemies":"Centurion and Healer","floor":24,"turns":4},{"damage":21,"enemies":"Book of Stabbing","floor":29,"turns":5},{"damage":3,"enemies":"HollowMod:Zote","floor":30,"turns":2},{"damage":90,"enemies":"Collector","floor":33,"turns":6}],"seed_played":"8145464075750364509","potions_obtained":[{"floor":3,"key":"Block Potion"},{"floor":6,"key":"Dexterity Potion"},{"floor":8,"key":"SteroidPotion"},{"floor":14,"key":"Weak Potion"},{"floor":18,"key":"LiquidMemories"},{"floor":30,"key":"SpeedPotion"}],"is_trial":false,"path_per_floor":["M","?","M","M","?","E","R","M","T","R","$","?","R","M","R","B",null,"M","?","M","M","$","R","M","R","T","R","?","E","?","$","R","B"],"character_chosen":"THE_BUGKNIGHT","items_purchased":["HollowMod:MothsMistake","Vajra","HollowMod:InfectedAttack","TheAbacus","Membership Card"],"campfire_rested":0,"item_purchase_floors":[11,11,22,22,31],"current_hp_per_floor":[80,80,78,78,83,55,55,48,48,48,63,68,68,72,72,50,92,87,68,36,23,38,38,33,33,33,33,33,30,33,48,48,0,0],"gold":46,"neow_bonus":"TEN_PERCENT_HP_BONUS","is_daily":false,"chose_seed":false,"campfire_upgraded":8,"win_rate":0.0,"timestamp":1610513558,"path_taken":["M","?","M","M","?","E","R","M","T","R","$","?","R","M","R","BOSS","M","?","M","M","?","R","M","R","T","R","?","E","?","$","R","BOSS"],"items_purchased_type":["Card","Relic","Card","Relic","Relic"],"build_version":"2020-12-22","purchased_purges":2,"victory":false,"max_hp_per_floor":[82,82,82,82,87,87,87,87,87,87,87,92,92,92,92,92,92,92,92,92,92,92,92,92,92,92,92,64,64,64,64,64,64,64],"relic_stats":{"TheAbacus":[18],"counters":[14,57],"MealTicket":45,"obtain_stats":[{"Lantern":9,"TheAbacus":22,"Vajra":11,"HollowMod:VesselMask":0,"MealTicket":6,"HollowMod:GreatKnightMask":30,"Coffee Dripper":17,"Omamori":29,"Membership Card":31,"Toy Ornithopter":26},{"Lantern":5,"TheAbacus":10,"Vajra":5,"HollowMod:VesselMask":0,"MealTicket":4,"HollowMod:GreatKnightMask":13,"Coffee Dripper":7,"Omamori":12,"Membership Card":13,"Toy Ornithopter":11},{"Lantern":16,"TheAbacus":40,"Vajra":16,"HollowMod:VesselMask":0,"MealTicket":14,"HollowMod:GreatKnightMask":51,"Coffee Dripper":27,"Omamori":49,"Membership Card":51,"Toy Ornithopter":44}],"Toy Ornithopter":10},"card_choices":[{"not_picked":["HollowMod:MantisMark","HollowMod:InfectedAttack"],"picked":"HollowMod:SoulSplash","floor":1},{"not_picked":["HollowMod:GrimmsGift","HollowMod:HeavyBlow"],"picked":"HollowMod:SharpenedNail","floor":3},{"not_picked":["HollowMod:ChannelNail","HollowMod:PerfectDash"],"picked":"HollowMod:InfectedCysts","floor":4},{"not_picked":["HollowMod:MawleksShell","HollowMod:NewJinnsSoul"],"picked":"HollowMod:InfectionAssault","floor":6},{"not_picked":["HollowMod:CornifersMapStart","HollowMod:LifebloodCocoon"],"picked":"HollowMod:CloakDash","floor":8},{"not_picked":["HollowMod:RecoilStrike","HollowMod:SoulVessel"],"picked":"HollowMod:DashSlash","floor":14},{"not_picked":["HollowMod:ElderbugsWisdom","HollowMod:theNailsmith"],"picked":"HollowMod:NewInfectedGuardian","floor":16},{"not_picked":["HollowMod:SoulStrike","HollowMod:CornifersMapStart"],"picked":"HollowMod:HeavyBlow","floor":18},{"not_picked":["HollowMod:DesolateDive","HollowMod:MawleksShell"],"picked":"HollowMod:DoubleDash+1","floor":20},{"not_picked":["HollowMod:DescendingDark","HollowMod:CloakDash"],"picked":"HollowMod:ChannelNail+1","floor":21},{"not_picked":["HollowMod:VengefulVoid","HollowMod:SoulStrike"],"picked":"HollowMod:DashSlash","floor":24},{"not_picked":["HollowMod:CornifersMapStart","HollowMod:HornetsHelp"],"picked":"HollowMod:CoiledNail+1","floor":29},{"not_picked":["HollowMod:LifebloodCocoon","HollowMod:SharpenedNail"],"picked":"HollowMod:TaintedHusks","floor":30}],"player_experience":24665,"relics_obtained":[{"floor":6,"key":"MealTicket"},{"floor":9,"key":"Lantern"},{"floor":26,"key":"Toy Ornithopter"},{"floor":29,"key":"Omamori"},{"floor":30,"key":"HollowMod:GreatKnightMask"}],"event_choices":[{"damage_healed":0,"gold_gain":175,"player_choice":"AGREE","damage_taken":0,"max_hp_gain":0,"max_hp_loss":0,"event_name":"Liars Game","floor":2,"gold_loss":0,"cards_obtained":["Doubt"]},{"damage_healed":0,"gold_gain":0,"player_choice":"Donut","damage_taken":0,"max_hp_gain":5,"max_hp_loss":0,"event_name":"Big Fish","floor":5,"gold_loss":0},{"damage_healed":0,"gold_gain":180,"player_choice":"GOLD GOLD ","damage_taken":19,"max_hp_gain":0,"max_hp_loss":0,"event_name":"Knowing Skull","floor":19,"potions_obtained":[],"gold_loss":0,"cards_obtained":[]},{"damage_healed":0,"gold_gain":0,"player_choice":"Became a vampire","damage_taken":0,"max_hp_gain":0,"max_hp_loss":28,"event_name":"Vampires","floor":28,"gold_loss":0,"cards_obtained":["Bite","Bite","Bite","Bite","Bite"]}],"is_beta":false,"boss_relics":[{"not_picked":["Velvet Choker","Runic Dome"],"picked":"Coffee Dripper"}],"items_purged_floors":[11,22],"is_endless":false,"potions_floor_spawned":[3,6,8,14,18,30],"killed_by":"Collector","ascension_level":0}}