{"host":"2se5dq1do2gp0x9k","time":1610513786,"event":{"mods":["AchievementEnabler","BaseMod","Block Reminder","Colored Map","Colored Powertips","Minty Spire (QoL Compilation)","Relic Stats","StSLib","SuperFastMode"],"gold_per_floor":[117,117,192,192,64,102,102,116,116,116,141,141,141,185,185,185,185],"floor_reached":16,"language":"ENG","playtime":335,"items_purged":["Pain"],"score":289,"play_id":"953c807f-a09d-46a3-840e-419433644b94","local_time":"20210112205626","is_ascension_mode":true,"campfire_choices":[{"floor":7.0,"key":"REST"},{"data":"TalkToTheHand","floor":10.0,"key":"SMITH"},{"data":"Tantrum","floor":13.0,"key":"SMITH"},{"data":"FlurryOfBlows","floor":15.0,"key":"SMITH"}],"circlet_count":0,"master_deck":["AscendersBane","Strike_P","Strike_P","Strike_P","Strike_P","Defend_P","Defend_P","Defend_P","Defend_P","Eruption","Vigilance","FollowUp","BowlingBash","FollowUp","TalkToTheHand+1","Tantrum+1","FlurryOfBlows+1"],"relics":["PureWater","Turnip","Golden Idol","WarpedTongs","Ornamental Fan","Lantern","Nunchaku"],"acts_visited":["Exordium"],"potions_floor_usage":[16],"damage_taken":[{"damage":9.0,"enemies":"Jaw Worm","floor":1.0,"turns":6.0},{"damage":20.0,"enemies":"Gremlin Nob","floor":6.0,"turns":3.0},{"damage":0.0,"enemies":"2 Louse","floor":8.0,"turns":2.0},{"damage":0.0,"enemies":"Cultist","floor":11.0,"turns":2.0},{"damage":15.0,"enemies":"3 Sentries","floor":14.0,"turns":6.0},{"damage":29,"enemies":"The Guardian","floor":16,"turns":4}],"seed_played":"-1064123232015575976","potions_obtained":[{"floor":14.0,"key":"BlessingOfTheForge"}],"is_trial":false,"path_per_floor":["M","?","?","?","$","E","R","M","T","R","M","?","R","E","R","B"],"character_chosen":"WATCHER","items_purchased":["BowlingBash"],"campfire_rested":1,"item_purchase_floors":[5],"current_hp_per_floor":[34,34,23,23,23,3,21,21,21,21,21,41,41,26,26,0,0],"gold":185,"neow_bonus":"ONE_RARE_RELIC","is_daily":false,"chose_seed":false,"campfire_upgraded":3,"win_rate":0.0,"timestamp":1610513786,"path_taken":["M","?","?","?","$","E","R","?","T","R","M","?","R","E","R","BOSS"],"items_purchased_type":["Card"],"build_version":"2020-12-22","purchased_purges":1,"victory":false,"max_hp_per_floor":[68,62,62,62,62,62,62,62,62,62,62,62,62,62,62,62,62],"relic_stats":{"Nunchaku":[0],"counters":[6,23],"Golden Idol":25,"Ornamental Fan":[24],"Turnip":[0],"obtain_stats":[{"Lantern":9,"Nunchaku":14,"Golden Idol":2,"Ornamental Fan":6,"Turnip":0,"PureWater":0,"WarpedTongs":4},{"Lantern":3,"Nunchaku":5,"Golden Idol":1,"Ornamental Fan":2,"Turnip":0,"PureWater":0,"WarpedTongs":1},{"Lantern":11,"Nunchaku":19,"Golden Idol":6,"Ornamental Fan":9,"Turnip":0,"PureWater":0,"WarpedTongs":6}],"WarpedTongs":[17]},"card_choices":[{"not_picked":["Crescendo","EmptyBody"],"picked":"FollowUp","floor":1.0},{"not_picked":["Crescendo","Worship"],"picked":"FollowUp","floor":6.0},{"not_picked":["LikeWater","CarveReality"],"picked":"TalkToTheHand","floor":8.0},{"not_picked":["SandsOfTime","FollowUp"],"picked":"Tantrum","floor":11.0},{"not_picked":["Study","Protect"],"picked":"FlurryOfBlows","floor":14.0}],"player_experience":3851799,"relics_obtained":[{"floor":6.0,"key":"Ornamental Fan"},{"floor":9.0,"key":"Lantern"},{"floor":14.0,"key":"Nunchaku"}],"event_choices":[{"damage_healed":0.0,"max_hp_gain":0.0,"max_hp_loss":6.0,"gold_gain":0.0,"event_name":"Golden Idol","player_choice":"Lose Max HP","floor":2.0,"gold_loss":0.0,"damage_taken":0.0,"relics_obtained":["Golden Idol"]},{"damage_healed":0.0,"max_hp_gain":0.0,"max_hp_loss":0.0,"gold_gain":75.0,"event_name":"World of Goop","player_choice":"Gather Gold","floor":3.0,"gold_loss":0.0,"damage_taken":11.0},{"damage_healed":0.0,"max_hp_gain":0.0,"max_hp_loss":0.0,"gold_gain":0.0,"event_name":"Accursed Blacksmith","player_choice":"Rummage","floor":4.0,"gold_loss":0.0,"damage_taken":0.0,"relics_obtained":["WarpedTongs"],"cards_obtained":["Pain"]},{"damage_healed":20.0,"max_hp_gain":0.0,"max_hp_loss":0.0,"gold_gain":0.0,"event_name":"Big Fish","player_choice":"Banana","floor":12.0,"gold_loss":0.0,"damage_taken":0.0}],"is_beta":false,"boss_relics":[],"items_purged_floors":[5],"is_endless":false,"potions_floor_spawned":[14],"killed_by":"The Guardian","ascension_level":17}}