{"host":"b0hh64pqctf46s8m","time":1610573159,"event":{"mods":["100% Spire Juice","Act Like it!","Aspiration","BaseMod","Bestiary","Better Third Choice","CCEM","CapriCore","ChefMod","Conspire","Curses Come First","Displayed Cursed Tome","Dota2Spire","Downfall","Ekko","Elementarium","Evolution","Fireblade Mod","Fox Events","Halation","Hallownest","Hermit","Hubris","Infinite Spire","Jess\u0027s Bottle","JesterMod","Jorbs\u0027s Wanderer Trilogy","Koishi","Kratos Character Expansion","Lobotomy","Luminous","Mari Mod (Legacy)","Mari\u0027s V1 Patch","Menagerie","Mimic Mod","Minty Spire (QoL Compilation)","Pale of the Ancients","Permanent Neow","Pikachu Mod","QueenMod","Random Character Button","Relic Sorter","Relic Stats","Replay The Spire","Robot Space Explorer","Shade Mod","StSLib","The Blue Laboratory","The Bug Knight","The Dragon Tamer","The Hayseed","The Immortal","The Marked","TheLocksmith","TheSwordswoman","TheVacant","TheWitcher","Treasure Hunter","UnlockEverythingMod","Wandering Minibosses","vexMod","??????REMEMod"],"gold_per_floor":[125,155,155,85,99,99,54,76,109,120,138,138,138],"floor_reached":12,"language":"ENG","playtime":726,"items_purged":[],"score":72,"play_id":"bb5f4299-a937-424a-a11e-c1c94873d624","local_time":"20210113132559","is_ascension_mode":false,"campfire_choices":[{"data":"SnafuTest:PowerCounterAttack","floor":6,"key":"SMITH"}],"circlet_count":0,"master_deck":["SnafuTest:DefaultCommonAttack","SnafuTest:BountyHunt","SnafuTest:DefaultCommonSkill","SnafuTest:DefaultCommonSkill","SnafuTest:DefaultCommonSkill","SnafuTest:SignQuen","Luminous:Arcane_Rage_Luminous","BeautyBeast","Menagerie:CrumblingSanctuary","Menagerie:MirarisWake","Menagerie:WallOfBlossoms","SnafuTest:BombNorthernWind","SnafuTest:SmashingSlash","SnafuTest:Shooting","SnafuTest:SpellHellfire","SnafuTest:Meditation"],"relics":["SnafuTest:UnstableMutagenRelic","REME_ComplimentaryCards","EVO:Axolotl","CogitoBucket","halation:AfternoonTea","HellTrain"],"acts_visited":["Menagerie:Menagerie"],"potions_floor_usage":[10,10,11],"damage_taken":[{"damage":3,"enemies":"Menagerie:2_RABBITS","floor":1,"turns":4},{"damage":4,"enemies":"Menagerie:MonstrousExperiment","floor":2,"turns":4},{"damage":0,"enemies":"Menagerie:StygianBoar","floor":5,"turns":5},{"damage":9,"enemies":"Menagerie:3_RABBITS","floor":8,"turns":5},{"damage":0,"enemies":"Menagerie:BEAST_MAGE_AND_PROWLING_AMALGAM","floor":9,"turns":9},{"damage":24,"enemies":"Menagerie:BEAST_MAGE_AND_PROWLING_AMALGAM","floor":10,"turns":4},{"damage":0,"enemies":"Menagerie:MeltingSalamander","floor":11,"turns":5}],"seed_played":"-6922676704861190903","potions_obtained":[{"floor":1,"key":"Energy Potion"},{"floor":5,"key":"EssenceOfSteel"},{"floor":8,"key":"Adrenaline Potion"}],"is_trial":false,"path_per_floor":["M","M","?","?","M","R","$","M","MIM","M","M","E"],"character_chosen":"THE_WITCHER","items_purchased":["SnafuTest:SmashingSlash"],"campfire_rested":0,"item_purchase_floors":[7],"current_hp_per_floor":[72,68,68,68,68,68,68,59,59,35,35,0,0],"gold":138,"neow_bonus":"","is_daily":false,"chose_seed":false,"campfire_upgraded":1,"win_rate":0.0,"timestamp":1610573159,"path_taken":["M","M","?","?","M","R","$","M","MIM","M","M","E"],"items_purchased_type":["Card"],"build_version":"2020-12-22","purchased_purges":0,"victory":false,"max_hp_per_floor":[75,75,75,75,75,75,75,75,75,75,75,75,75],"relic_stats":{"counters":[9,42],"obtain_stats":[{"CogitoBucket":0,"SnafuTest:UnstableMutagenRelic":0,"EVO:Axolotl":0,"halation:AfternoonTea":9,"HellTrain":10,"REME_ComplimentaryCards":0},{"CogitoBucket":0,"SnafuTest:UnstableMutagenRelic":0,"EVO:Axolotl":0,"halation:AfternoonTea":5,"HellTrain":7,"REME_ComplimentaryCards":0},{"CogitoBucket":0,"SnafuTest:UnstableMutagenRelic":0,"EVO:Axolotl":0,"halation:AfternoonTea":27,"HellTrain":32,"REME_ComplimentaryCards":0}]},"card_choices":[{"not_picked":["SpiderBud","SingingMachine"],"picked":"BeautyBeast","floor":1},{"not_picked":["SnafuTest:SignIgni","SnafuTest:PowerFireDamnation","SnafuTest:PowerMartialMagical"],"picked":"SKIP","floor":1},{"not_picked":["SnafuTest:PowerFireDamnation","SnafuTest:BlueWhale"],"picked":"SnafuTest:PowerCounterAttack","floor":2},{"not_picked":["Menagerie:Skullclamp","Menagerie:CrumblingSanctuary"],"picked":"Menagerie:MirarisWake","floor":4},{"not_picked":["Menagerie:MirarisWake","Menagerie:Skullclamp"],"picked":"Menagerie:WallOfBlossoms","floor":4},{"not_picked":["SnafuTest:MCPlayGwent","SnafuTest:MCFeignDeath"],"picked":"SnafuTest:BombNorthernWind","floor":5},{"not_picked":["SnafuTest:UndefeatedNarcissism","SnafuTest:ScholarsIntrigue"],"picked":"SnafuTest:Shooting","floor":8},{"not_picked":["SnafuTest:DecisiveOpportunity","SnafuTest:Siege"],"picked":"SnafuTest:SpellHellfire","floor":10},{"not_picked":["SnafuTest:ShoulderSlam","SnafuTest:PowerFireDamnation"],"picked":"SnafuTest:Meditation","floor":11}],"player_experience":1554188,"relics_obtained":[{"floor":9,"key":"halation:AfternoonTea"}],"event_choices":[{"damage_healed":0,"gold_gain":0,"cards_transformed":["SnafuTest:DefaultCommonAttack"],"player_choice":"Grasp","damage_taken":0,"max_hp_gain":0,"max_hp_loss":0,"event_name":"Menagerie:MagesHand","floor":3,"gold_loss":0,"cards_obtained":["Menagerie:CrumblingSanctuary"]},{"damage_healed":0,"gold_gain":0,"player_choice":"Spells","damage_taken":0,"max_hp_gain":0,"max_hp_loss":0,"event_name":"Menagerie:MagicPeddler","floor":4,"gold_loss":70}],"is_beta":false,"boss_relics":[],"items_purged_floors":[],"is_endless":false,"potions_floor_spawned":[1,5,8],"killed_by":"Menagerie:Hydra","ascension_level":0}}