{"host":"fmwbmnqnrup981we","time":1610574343,"event":{"mods":["AchievementEnabler","Act Like it!","BaseMod","Better Match","Better Note","Better Skull","Better Synergies","Better Third Choice","Better Vampires","Block Reminder","Curses Come First","Downfall","Duelist Mod","Elementarium","GungeonMod","HexUI Lib","HornydragonMod","Marked Mod","Minty Spire (QoL Compilation)","Pikachu Mod","Quick Restart","Relic Stats","SIMod","StSLib","The Bug Knight","The Death Knight","The Forsaken","The Marked","The Necromancer","The Runesmith","The Servant 0.9.4","The Wild Card","TheHero","TheVacant","TheVelvet","Transform Curses","Waifu the Spire","Yuri Mod","everything is the same but u backflip on backflip"],"gold_per_floor":[115,129,129,31,31,62,80,118,145,145,145,185,185,209,209,339,339,362,277,277,293,218,218,218,257,284,302,322,322,322],"floor_reached":29,"language":"ENG","playtime":978,"items_purged":["Strike_P"],"score":300,"play_id":"af1f96c2-6da9-435a-89ee-e1dac1abe439","local_time":"20210113214543","is_ascension_mode":true,"campfire_choices":[{"floor":13,"key":"REST"},{"floor":15,"key":"REST"},{"floor":23,"key":"REST"},{"floor":24,"key":"REST"}],"circlet_count":0,"master_deck":["Strike_P","Strike_P","Defend_P","Defend_P","Defend_P","Defend_P","Eruption","Vigilance","MentalFortress","TalkToTheHand","EmptyFist","Injury","Consecrate","TalkToTheHand","Evaluate","theWildCard:Arsene","Regret","FollowUp","ConjureBlade","ConjureBlade","Consecrate","CMC+1","DeusExMachina+1","SashWhip","Consecrate"],"relics":["PureWater","NeowsBlessing","Golden Idol","WingedGreaves","DemoMod:PartiallyEatenCheese","Yang","Potion Belt","SacredBark","Darkstone Periapt","betterThird:NestCultRelic","Art of War","Bag of Marbles","DemoMod:GlassGuonStoneRelic"],"acts_visited":["Exordium","TheCity"],"potions_floor_usage":[8,16,16,16,21],"damage_taken":[{"damage":0,"enemies":"Cultist","floor":1,"turns":1},{"damage":0,"enemies":"Jaw Worm","floor":2,"turns":1},{"damage":0,"enemies":"Lagavulin","floor":6,"turns":1},{"damage":0,"enemies":"2 Louse","floor":7,"turns":2},{"damage":9,"enemies":"HollowMod:MossKnight","floor":8,"turns":7},{"damage":44,"enemies":"Gremlin Nob","floor":12,"turns":6},{"damage":11,"enemies":"Exordium Wildlife","floor":14,"turns":4},{"damage":22,"enemies":"Hexaghost","floor":16,"turns":6},{"damage":20,"enemies":"3 Byrds","floor":18,"turns":8},{"damage":46,"enemies":"Chosen","floor":21,"turns":9},{"damage":7,"enemies":"theDuelist:KaibaA2","floor":25,"turns":6},{"damage":20,"enemies":"Centurion and Healer","floor":27,"turns":6},{"damage":12,"enemies":"Snake Plant","floor":28,"turns":5}],"seed_played":"9192985593893834381","potions_obtained":[{"floor":1,"key":"FearPotion"},{"floor":6,"key":"Regen Potion"},{"floor":8,"key":"BlessingOfTheForge"},{"floor":12,"key":"BottledMiracle"},{"floor":18,"key":"AttackPotion"},{"floor":25,"key":"ColorlessPotion"}],"is_trial":false,"path_per_floor":["M","M","?","$","?","E","M","E","T","?","?","E","R","M","R","B",null,"M","?","?","M","?","R","R","E","T","M","M","?"],"character_chosen":"WATCHER","items_purchased":["EmptyFist"],"campfire_rested":4,"item_purchase_floors":[4],"current_hp_per_floor":[72,72,65,65,65,65,65,56,56,56,56,12,33,22,43,35,72,52,52,52,6,6,27,48,41,41,21,9,0,0],"gold":322,"neow_bonus":"THREE_ENEMY_KILL","is_daily":false,"chose_seed":false,"campfire_upgraded":0,"win_rate":0.0,"timestamp":1610574343,"path_taken":["M","M","?","$","?","E","M","E","T","?","?","E","R","?","R","BOSS","M","?","?","M","?","R","R","E","T","M","?","?"],"items_purchased_type":["Card"],"build_version":"2020-12-22","purchased_purges":1,"victory":false,"max_hp_per_floor":[72,72,72,72,72,72,72,72,72,72,72,72,72,72,72,72,72,72,72,72,72,72,72,72,72,72,72,72,72,72],"relic_stats":{"Darkstone Periapt":0,"counters":[13,62],"Golden Idol":81,"Yang":[91],"Art of War":[2],"obtain_stats":[{"Potion Belt":12,"Darkstone Periapt":19,"NeowsBlessing":0,"Golden Idol":5,"SacredBark":17,"DemoMod:PartiallyEatenCheese":8,"Yang":11,"DemoMod:GlassGuonStoneRelic":1,"betterThird:NestCultRelic":20,"WingedGreaves":6,"Art of War":25,"Bag of Marbles":26,"PureWater":0},{"Potion Belt":6,"Darkstone Periapt":9,"NeowsBlessing":0,"Golden Idol":2,"SacredBark":8,"DemoMod:PartiallyEatenCheese":5,"Yang":5,"DemoMod:GlassGuonStoneRelic":1,"betterThird:NestCultRelic":9,"WingedGreaves":3,"Art of War":11,"Bag of Marbles":11,"PureWater":0},{"Potion Belt":18,"Darkstone Periapt":36,"NeowsBlessing":0,"Golden Idol":2,"SacredBark":28,"DemoMod:PartiallyEatenCheese":12,"Yang":12,"DemoMod:GlassGuonStoneRelic":1,"betterThird:NestCultRelic":36,"WingedGreaves":3,"Art of War":51,"Bag of Marbles":51,"PureWater":0}]},"card_choices":[{"not_picked":["Crescendo","SignatureMove"],"picked":"MentalFortress","floor":1},{"not_picked":["WaveOfTheHand","CutThroughFate"],"picked":"TalkToTheHand","floor":2},{"not_picked":["Evaluate","WreathOfFlame"],"picked":"Consecrate","floor":6},{"not_picked":["BowlingBash","MarkedMod:PinPointDefense"],"picked":"TalkToTheHand","floor":7},{"not_picked":["Ragnarok","FlyingSleeves"],"picked":"Evaluate","floor":8},{"not_picked":["EmptyBody","Weave"],"picked":"FollowUp","floor":12},{"not_picked":["FlyingSleeves","Crescendo"],"picked":"ConjureBlade","floor":14},{"not_picked":["Brilliance","Judgement"],"picked":"ConjureBlade","floor":16},{"not_picked":["Perseverance","MarkedMod:Acupuncture"],"picked":"Consecrate","floor":18},{"not_picked":["CrushJoints+1","MarkedMod:GentlePulse+1","Wallop"],"picked":"SKIP","floor":21},{"not_picked":["GreatAndPowerful+1","Thinking Ahead+1"],"picked":"CMC+1","floor":22},{"not_picked":["MarkedMod:SlowDance+1","Brilliance+1"],"picked":"DeusExMachina+1","floor":22},{"not_picked":["LikeWater","ForeignInfluence"],"picked":"SashWhip","floor":25},{"not_picked":["CrushJoints","FearNoEvil"],"picked":"Consecrate","floor":27},{"not_picked":["Tantrum","CrushJoints","MarkedMod:OneThousandNeedles"],"picked":"SKIP","floor":28}],"player_experience":441805,"relics_obtained":[{"floor":6,"key":"WingedGreaves"},{"floor":8,"key":"DemoMod:PartiallyEatenCheese"},{"floor":12,"key":"Potion Belt"},{"floor":25,"key":"Art of War"},{"floor":26,"key":"Bag of Marbles"}],"event_choices":[{"cards_removed":["Strike_P"],"damage_healed":0,"gold_gain":0,"player_choice":"Card Removal","damage_taken":7,"max_hp_gain":0,"max_hp_loss":0,"event_name":"Golden Wing","floor":3,"gold_loss":0},{"damage_healed":0,"gold_gain":0,"player_choice":"Take Wound","damage_taken":0,"relics_obtained":["Golden Idol"],"max_hp_gain":0,"max_hp_loss":0,"event_name":"Golden Idol","floor":5,"gold_loss":0,"cards_obtained":["Injury"]},{"damage_healed":0,"gold_gain":0,"player_choice":"Box","damage_taken":0,"relics_obtained":["Yang"],"max_hp_gain":0,"max_hp_loss":0,"event_name":"Big Fish","floor":11,"gold_loss":0,"cards_obtained":["Regret"]},{"damage_healed":0,"gold_gain":0,"player_choice":"Obtained Relic","damage_taken":0,"relics_obtained":["Darkstone Periapt"],"max_hp_gain":0,"max_hp_loss":0,"event_name":"Addict","floor":19,"gold_loss":85},{"damage_healed":0,"gold_gain":0,"player_choice":"Madness","damage_taken":0,"relics_obtained":["betterThird:NestCultRelic"],"max_hp_gain":0,"max_hp_loss":0,"event_name":"betterThird:BetterNest","floor":20,"gold_loss":0},{"damage_healed":0,"gold_gain":0,"player_choice":"2","damage_taken":0,"max_hp_gain":0,"max_hp_loss":0,"event_name":"betterMatch:BetterMatch","floor":22,"gold_loss":0,"cards_obtained":["betterMatch:ColorlessRareCard","betterMatch:RareCard"]}],"is_beta":false,"boss_relics":[{"not_picked":["Pandora\u0027s Box","Runic Pyramid"],"picked":"SacredBark"}],"items_purged_floors":[4],"is_endless":false,"potions_floor_spawned":[1,6,8,12,18,25],"ascension_level":1}}