{"host":"52lujqhsyicpcskq","time":1610558709,"event":{"mods":["BaseMod","Colored Map","DeckTracker","Minty Spire (QoL Compilation)","Permanent Neow","StSLib","SuperFastMode","everything is the same but u backflip on backflip"],"gold_per_floor":[110,128,147,160,173,207,207,236,307,307,342,342,342,23,23,124,124,139,173,113,113,113,113,113,113,113,113,146,165,178,198,198,293,293,312,312,170,170,70,99,112,112,180,55,55,75,88,100,100,100,100],"floor_reached":50,"language":"KOR","playtime":2361,"items_purged":["Strike_G","Defend_G","Strike_G"],"score":870,"play_id":"5efe1f28-f2ff-4775-896b-e0f2a5cccc21","local_time":"20210114022509","is_ascension_mode":true,"campfire_choices":[{"floor":7,"key":"REST"},{"floor":10,"key":"REST"},{"data":"Deadly Poison","floor":13,"key":"SMITH"},{"data":"Poisoned Stab","floor":15,"key":"SMITH"},{"floor":23,"key":"REST"},{"data":"Malaise","floor":27,"key":"SMITH"},{"floor":32,"key":"REST"},{"floor":42,"key":"REST"},{"data":"Footwork","floor":45,"key":"SMITH"},{"floor":49,"key":"REST"}],"circlet_count":0,"master_deck":["AscendersBane","Strike_G","Strike_G","Strike_G","Defend_G","Defend_G+1","Defend_G","Defend_G","Survivor","Neutralize+1","Deadly Poison+1","Dagger Spray","PiercingWail+1","Backflip","Glass Knife","Leg Sweep","Poisoned Stab+1","Well Laid Plans","Noxious Fumes","Crippling Poison","Backstab","Malaise+1","CurseOfTheBell","Dash","Slice","Bane","Bouncing Flask","Blur+1","PiercingWail","Deadly Poison","Venomology+1","Footwork+1","Escape Plan+1","Endless Agony","Deadly Poison"],"relics":["Ring of the Serpent","Eternal Feather","The Courier","Shuriken","Tingsha","Bronze Scales","Calling Bell","Pantograph","CaptainsWheel","Dream Catcher","Red Mask","MutagenicStrength","Sundial","HornCleat","Lantern","Bag of Preparation","Matryoshka","Bag of Marbles","Darkstone Periapt","War Paint"],"acts_visited":["Exordium","TheCity","TheBeyond"],"potions_floor_usage":[4,6,16,25,30,40,40,46,47,48,50,50],"damage_taken":[{"damage":0,"enemies":"Cultist","floor":1,"turns":4},{"damage":10,"enemies":"Small Slimes","floor":2,"turns":3},{"damage":0,"enemies":"Jaw Worm","floor":3,"turns":4},{"damage":10,"enemies":"3 Louse","floor":4,"turns":4},{"damage":0,"enemies":"Looter","floor":5,"turns":4},{"damage":28,"enemies":"Gremlin Nob","floor":6,"turns":5},{"damage":32,"enemies":"3 Sentries","floor":8,"turns":10},{"damage":13,"enemies":"Lagavulin","floor":11,"turns":8},{"damage":25,"enemies":"Hexaghost","floor":16,"turns":8},{"damage":0,"enemies":"Shell Parasite","floor":18,"turns":5},{"damage":45,"enemies":"Masked Bandits","floor":19,"turns":6},{"damage":12,"enemies":"Gremlin Leader","floor":25,"turns":6},{"damage":4,"enemies":"Book of Stabbing","floor":28,"turns":6},{"damage":3,"enemies":"2 Thieves","floor":29,"turns":3},{"damage":7,"enemies":"Cultist and Chosen","floor":30,"turns":6},{"damage":0,"enemies":"Snake Plant","floor":31,"turns":3},{"damage":73,"enemies":"Automaton","floor":33,"turns":10},{"damage":2,"enemies":"Orb Walker","floor":35,"turns":4},{"damage":69,"enemies":"Reptomancer","floor":40,"turns":8},{"damage":0,"enemies":"3 Shapes","floor":41,"turns":6},{"damage":2,"enemies":"Maw","floor":46,"turns":7},{"damage":4,"enemies":"4 Shapes","floor":47,"turns":4},{"damage":46,"enemies":"Transient","floor":48,"turns":5},{"damage":97,"enemies":"Awakened One","floor":50,"turns":20}],"seed_played":"-6929272740331900506","potions_obtained":[{"floor":3,"key":"Dexterity Potion"},{"floor":5,"key":"Energy Potion"},{"floor":8,"key":"SmokeBomb"},{"floor":11,"key":"DuplicationPotion"},{"floor":29,"key":"Block Potion"},{"floor":33,"key":"LiquidMemories"},{"floor":35,"key":"FairyPotion"},{"floor":41,"key":"FairyPotion"}],"is_trial":false,"path_per_floor":["M","M","M","M","M","E","R","E","T","R","E","?","R","$","R","B",null,"M","?","$","?","?","R","T","E","T","R","E","M","M","M","R","B",null,"M","?","$","T","$","E","M","R","T","$","R","M","M","M","R","B"],"character_chosen":"THE_SILENT","items_purchased":["Well Laid Plans","Noxious Fumes","Bronze Scales","Crippling Poison","Backstab","Footwork","War Paint"],"campfire_rested":6,"item_purchase_floors":[14,14,14,14,14,37,44],"current_hp_per_floor":[63,53,53,43,43,15,45,13,13,43,30,30,42,42,54,29,60,60,15,15,15,2,39,39,27,27,42,38,35,28,28,68,2,57,55,55,55,55,55,18,18,58,58,58,75,73,69,23,66,0,0],"gold":100,"neow_bonus":"UPGRADE_CARD","is_daily":false,"chose_seed":false,"campfire_upgraded":4,"win_rate":0.0,"timestamp":1610558709,"path_taken":["M","M","M","M","?","E","R","E","T","R","E","?","R","?","R","BOSS","M","?","$","?","?","R","?","E","T","R","E","M","M","?","R","BOSS","M","?","$","?","$","E","M","R","T","?","R","M","?","M","R","BOSS"],"items_purchased_type":["Card","Card","Relic","Card","Card","Card","Relic"],"build_version":"2020-12-22","purchased_purges":3,"victory":false,"max_hp_per_floor":[70,70,70,70,70,70,70,70,70,70,70,70,70,70,70,70,70,70,70,70,70,75,75,75,75,75,75,75,75,75,75,75,75,75,75,75,75,75,75,75,75,75,75,75,75,75,75,75,75,75,75],"card_choices":[{"not_picked":["Concentrate","Deflect"],"picked":"Deadly Poison","floor":1},{"not_picked":["Eviscerate","Infinite Blades"],"picked":"Dagger Spray","floor":2},{"not_picked":["Outmaneuver","Reflex"],"picked":"PiercingWail","floor":3},{"not_picked":["Underhanded Strike","Dagger Throw"],"picked":"Backflip","floor":4},{"not_picked":["Blade Dance","Deadly Poison"],"picked":"Glass Knife","floor":5},{"not_picked":["Flying Knee","Blade Dance","Prepared"],"picked":"SKIP","floor":6},{"not_picked":["Well Laid Plans","Glass Knife"],"picked":"Leg Sweep","floor":8},{"not_picked":["Flying Knee","Deadly Poison"],"picked":"Poisoned Stab","floor":11},{"not_picked":["Unload","Glass Knife"],"picked":"Malaise","floor":16},{"not_picked":["Distraction","Deadly Poison"],"picked":"Dash","floor":18},{"not_picked":["Acrobatics+1","Endless Agony"],"picked":"Slice","floor":19},{"not_picked":["Eviscerate+1","Riddle With Holes"],"picked":"Bane","floor":28},{"not_picked":["Doppelganger","Acrobatics"],"picked":"Bouncing Flask","floor":29},{"not_picked":["Choke","Endless Agony"],"picked":"Blur+1","floor":30},{"not_picked":["Flying Knee","Prepared"],"picked":"PiercingWail","floor":31},{"not_picked":["Infinite Blades","Flying Knee"],"picked":"Deadly Poison","floor":32},{"not_picked":["Unload","Doppelganger"],"picked":"Venomology","floor":33},{"not_picked":["Calculated Gamble","Deadly Poison","Deflect"],"picked":"SKIP","floor":35},{"not_picked":["Caltrops","Flechettes","Poisoned Stab"],"picked":"SKIP","floor":40},{"not_picked":["Quick Slash+1","Setup"],"picked":"Escape Plan+1","floor":41},{"not_picked":["Cloak And Dagger","Expertise"],"picked":"Endless Agony","floor":46},{"not_picked":["Deadly Poison","Eviscerate","Finisher+1"],"picked":"SKIP","floor":47},{"not_picked":["Finisher","Leg Sweep"],"picked":"Deadly Poison","floor":48}],"player_experience":694693,"relics_obtained":[{"floor":6,"key":"Eternal Feather"},{"floor":8,"key":"The Courier"},{"floor":9,"key":"Shuriken"},{"floor":11,"key":"Tingsha"},{"floor":17,"key":"Pantograph"},{"floor":17,"key":"CaptainsWheel"},{"floor":17,"key":"Dream Catcher"},{"floor":19,"key":"Red Mask"},{"floor":24,"key":"Sundial"},{"floor":26,"key":"HornCleat"},{"floor":28,"key":"Lantern"},{"floor":38,"key":"Bag of Preparation"},{"floor":40,"key":"Matryoshka"},{"floor":43,"key":"Bag of Marbles"},{"floor":43,"key":"Darkstone Periapt"}],"event_choices":[{"damage_healed":0,"gold_gain":0,"player_choice":"Ignored","damage_taken":0,"max_hp_gain":0,"max_hp_loss":0,"event_name":"Golden Idol","floor":12,"gold_loss":0},{"damage_healed":0,"gold_gain":0,"player_choice":"Fought Bandits","damage_taken":0,"max_hp_gain":0,"max_hp_loss":0,"event_name":"Masked Bandits","floor":19,"gold_loss":0},{"damage_healed":0,"gold_gain":0,"player_choice":"Inject Mutagens","damage_taken":0,"relics_obtained":["MutagenicStrength"],"max_hp_gain":0,"max_hp_loss":0,"event_name":"Drug Dealer","floor":21,"gold_loss":0},{"damage_healed":0,"gold_gain":0,"player_choice":"Shed Blood","damage_taken":18,"max_hp_gain":5,"max_hp_loss":0,"event_name":"Forgotten Altar","floor":22,"gold_loss":0},{"damage_healed":0,"gold_gain":0,"player_choice":"Upgraded","damage_taken":0,"max_hp_gain":0,"max_hp_loss":0,"event_name":"Upgrade Shrine","floor":36,"gold_loss":0,"cards_upgraded":["Venomology"]}],"is_beta":false,"boss_relics":[{"not_picked":["SlaversCollar","Busted Crown"],"picked":"Calling Bell"},{"not_picked":["Astrolabe","Tiny House"],"picked":"Ring of the Serpent"}],"items_purged_floors":[20,37,39],"is_endless":false,"potions_floor_spawned":[3,5,8,11,25,29,33,35,41,46,47],"killed_by":"Awakened One","ascension_level":12}}