{"host":"7555f9q63b5ef0om","time":1610497332,"event":{"mods":["AchievementEnabler","Act Like it!","Arknights The Spire","Bard","BaseMod","CapriCore","ChefMod","Colored Map","Conspire","Downfall","Elementarium","Energized Spire","Gensokyo","GungeonMod","Hallownest","Hermit","Hubris","Infinite Spire","Luminous","Marisa????????","Minty Spire (QoL Compilation)","Reimu??????","Remilia??????","Replay The Spire","Robot Space Explorer","Shade Mod","Shop Mod","StSLib","The Animator","The Bug Knight","The Cursed","The Dragon Tamer","The Factory","The Hierophant","The Immortal","The Jungle","The Marked","The Necromancer","The Servant 0.9.4","TheSwordswoman","TheWitcher","Waifu the Spire","Yakumo Yukari mod","vexMod"],"gold_per_floor":[118,193,193,209,109,134,134,134,134],"floor_reached":8,"language":"ENG","playtime":281,"items_purged":[],"score":79,"play_id":"a5525e65-d1cf-4047-8702-26665219a242","local_time":"20210113002212","is_ascension_mode":false,"campfire_choices":[{"data":"Ghostly","floor":7,"key":"SMITH"}],"circlet_count":0,"master_deck":["blazmod:Strike","blazmod:Strike","blazmod:Strike","blazmod:Strike","blazmod:Defend","blazmod:Defend","blazmod:Defend","blazmod:Defend","blazmod:ButterflyEffect","blazmod:Kyokasuigetsu+1","blazmod:Valiance","blazmod:MindsEye","Ghostly+1","blazmod:FortifiedVigor"],"relics":["blazmod:Venustas","NeowsBlessing","Happy Flower"],"acts_visited":["Exordium"],"potions_floor_usage":[],"damage_taken":[{"damage":0,"enemies":"Small Slimes","floor":1,"turns":2},{"damage":0,"enemies":"Jaw Worm","floor":4,"turns":1},{"damage":0,"enemies":"Lagavulin","floor":6,"turns":2},{"damage":2,"enemies":"3 Sentries","floor":8,"turns":2}],"seed_played":"-7485839773665258016","potions_obtained":[{"floor":4,"key":"ZuzhouPotion:ReiMu"}],"is_trial":false,"path_per_floor":["M","?","?","M","?","E","R","E"],"character_chosen":"THE_SWORDSWOMAN","items_purchased":[],"campfire_rested":0,"item_purchase_floors":[],"current_hp_per_floor":[40,29,29,29,29,29,29,27,27],"gold":134,"neow_bonus":"THREE_ENEMY_KILL","is_daily":false,"chose_seed":false,"campfire_upgraded":1,"win_rate":0.0,"timestamp":1610497332,"path_taken":["M","?","?","M","?","E","R","E"],"items_purchased_type":[],"build_version":"2020-12-22","purchased_purges":0,"victory":false,"max_hp_per_floor":[40,40,40,40,40,40,40,40,40],"card_choices":[{"not_picked":["blazmod:Crosscut","blazmod:Lockswords"],"picked":"blazmod:Valiance","floor":1},{"not_picked":["blazmod:FocusThroughFalls","blazmod:StanceChange"],"picked":"blazmod:MindsEye","floor":4},{"not_picked":["blazmod:MyEverything","blazmod:HoumatsuMugenKochouji"],"picked":"blazmod:FortifiedVigor","floor":6}],"player_experience":26892,"relics_obtained":[{"floor":6,"key":"Happy Flower"}],"event_choices":[{"damage_healed":0,"gold_gain":75,"player_choice":"Gather Gold","damage_taken":11,"max_hp_gain":0,"max_hp_loss":0,"event_name":"World of Goop","floor":2,"gold_loss":0},{"damage_healed":0,"gold_gain":0,"player_choice":"Argue","damage_taken":0,"max_hp_gain":0,"max_hp_loss":0,"event_name":"conspire:LoneGhost","floor":5,"gold_loss":0}],"is_beta":false,"boss_relics":[],"items_purged_floors":[],"is_endless":false,"potions_floor_spawned":[4],"killed_by":"3 Sentries","ascension_level":0}}