{"host":"y3h3n3f7seyagppx","time":1610559061,"event":{"mods":["AlwaysNeverKeys","BaseMod","Better Vampires","Colored Powertips","DeckTracker","Emptier Cage","Minty Spire (QoL Compilation)","Permanent Neow","Quick Restart","Rare Cards Sparkle","Relic Sorter","Relic Stats","StSLib","Transform Curses"],"gold_per_floor":[116,191,191,204,46,46,80,80,80,112,112,144,156,183,183,255,255,270,298,308,308,105,105,130,130,130,160,160,173,184,202,202,277,277,294,306,356,133,146,180,180,208,208,208,117,117,142,153,153,153,153,153,153,18,44,44],"floor_reached":57,"language":"ENG","playtime":5838,"items_purged":["Writhe","Zap","Ball Lightning"],"score":3258,"play_id":"345e5c3f-df8f-4645-afd0-93eb33c5d2bd","local_time":"20210113123101","is_ascension_mode":true,"campfire_choices":[{"data":"Rebound","floor":6.0,"key":"SMITH"},{"floor":8.0,"key":"REST"},{"floor":11.0,"key":"DIG"},{"floor":15.0,"key":"DIG"},{"floor":23.0,"key":"DIG"},{"floor":25.0,"key":"DIG"},{"data":"Loop","floor":32.0,"key":"SMITH"},{"data":"Buffer","floor":41,"key":"SMITH"},{"floor":44,"key":"DIG"},{"floor":46,"key":"DIG"},{"floor":49,"key":"DIG"},{"floor":53,"key":"DIG"}],"circlet_count":0,"master_deck":["AscendersBane","Strike_B","Strike_B","Strike_B","Strike_B","Defend_B","Defend_B+1","Defend_B","Defend_B","Dualcast","Rebound+1","Glacier+1","Cold Snap","Echo Form","Coolheaded","BootSequence","Go for the Eyes","Loop+1","Doom and Gloom","Echo Form","Buffer+1","Reprogram+1","Go for the Eyes+1","Hologram+1","Loop","Compile Driver","Beam Cell","Defragment"],"relics":["Cracked Core","Turnip","HornCleat","Toy Ornithopter","Vajra","Kunai","Centennial Puzzle","Shovel","Singing Bowl","StrikeDummy","Pocketwatch","Happy Flower","Smiling Mask","Eternal Feather","Coffee Dripper","Red Mask","MawBank","TheAbacus","Mummified Hand","DataDisk","Ornamental Fan","Shuriken","Bottled Lightning","Philosopher\u0027s Stone","OrangePellets","Bottled Tornado","Girya","War Paint","Bag of Marbles","Letter Opener","Blue Candle"],"acts_visited":["Exordium","TheCity","TheBeyond","TheEnding"],"potions_floor_usage":[40,56],"damage_taken":[{"damage":3.0,"enemies":"Small Slimes","floor":1.0,"turns":3.0},{"damage":4.0,"enemies":"Jaw Worm","floor":4.0,"turns":3.0},{"damage":28.0,"enemies":"Lagavulin","floor":7.0,"turns":9.0},{"damage":9.0,"enemies":"Gremlin Nob","floor":10.0,"turns":3.0},{"damage":7.0,"enemies":"Lagavulin","floor":12.0,"turns":8.0},{"damage":0.0,"enemies":"Cultist","floor":13.0,"turns":2.0},{"damage":3.0,"enemies":"3 Sentries","floor":14.0,"turns":6.0},{"damage":0.0,"enemies":"The Guardian","floor":16.0,"turns":13.0},{"damage":7.0,"enemies":"3 Byrds","floor":18.0,"turns":5.0},{"damage":6.0,"enemies":"Masked Bandits","floor":19.0,"turns":3.0},{"damage":0.0,"enemies":"Spheric Guardian","floor":20.0,"turns":4.0},{"damage":9.0,"enemies":"Slavers","floor":24.0,"turns":6.0},{"damage":37.0,"enemies":"Gremlin Leader","floor":27.0,"turns":7.0},{"damage":8.0,"enemies":"3 Cultists","floor":29.0,"turns":5.0},{"damage":0.0,"enemies":"Snake Plant","floor":30.0,"turns":4.0},{"damage":8.0,"enemies":"Snecko","floor":31.0,"turns":4.0},{"damage":15.0,"enemies":"Automaton","floor":33.0,"turns":10.0},{"damage":17,"enemies":"3 Darklings","floor":35,"turns":4},{"damage":0,"enemies":"Orb Walker","floor":36,"turns":3},{"damage":0,"enemies":"Spire Growth","floor":39,"turns":6},{"damage":2,"enemies":"Reptomancer","floor":40,"turns":6},{"damage":0,"enemies":"Nemesis","floor":42,"turns":7},{"damage":0,"enemies":"Giant Head","floor":47,"turns":6},{"damage":5,"enemies":"Jaw Worm Horde","floor":48,"turns":3},{"damage":0,"enemies":"Donu and Deca","floor":50,"turns":8},{"damage":0,"enemies":"Time Eater","floor":51,"turns":12},{"damage":29,"enemies":"Shield and Spear","floor":55,"turns":9},{"damage":91,"enemies":"The Heart","floor":56,"turns":11}],"seed_played":"7873889655837650396","potions_obtained":[{"floor":4.0,"key":"SneckoOil"},{"floor":12.0,"key":"Block Potion"},{"floor":19.0,"key":"SkillPotion"},{"floor":27.0,"key":"Regen Potion"},{"floor":31.0,"key":"DistilledChaos"},{"floor":36,"key":"Explosive Potion"},{"floor":47,"key":"SmokeBomb"},{"floor":48,"key":"FocusPotion"}],"is_trial":false,"path_per_floor":["M","?","T","M","$","R","E","R","T","E","R","E","M","E","R","B",null,"M","?","M","?","$","R","E","R","T","E","?","M","M","M","R","B",null,"M","M","?","$","M","E","R","E","T","R","$","R","E","M","R","B","B",null,"R","$","E","B",null],"character_chosen":"DEFECT","items_purchased":["Centennial Puzzle","TheAbacus","OrangePellets","Loop","FairyPotion","Beam Cell"],"campfire_rested":1,"item_purchase_floors":[5,22,38,45,54,54],"current_hp_per_floor":[61,50,50,46,46,46,18,39,39,32,32,27,29,26,26,26,64,59,53,53,53,53,62,55,64,64,27,27,33,33,25,37,22,66,51,51,51,51,51,51,63,63,63,78,78,85,87,82,87,87,87,87,87,87,58,4],"gold":44,"neow_bonus":"RANDOM_COMMON_RELIC","is_daily":false,"chose_seed":false,"campfire_upgraded":3,"win_rate":0.0,"timestamp":1610559061,"path_taken":["M","?","?","?","$","R","E","R","T","E","R","E","M","E","R","BOSS","M","?","M","?","$","R","E","R","T","E","?","M","M","?","R","BOSS","M","M","?","?","M","E","R","E","T","R","$","R","E","M","R","BOSS","BOSS","R","$","E","BOSS"],"items_purchased_type":["Relic","Relic","Relic","Card","Potion","Card"],"build_version":"2020-12-22","purchased_purges":3,"victory":true,"max_hp_per_floor":[71,71,71,71,71,71,71,71,71,73,73,75,77,77,77,77,77,79,79,79,79,79,79,81,81,81,81,81,81,81,81,81,81,81,83,83,83,83,83,85,85,85,85,85,85,85,87,87,87,87,87,87,87,87,87,87],"relic_stats":{"Singing Bowl":16,"Happy Flower":[48],"counters":[28,170],"Blue Candle":[0],"Eternal Feather":69,"Letter Opener":[35],"War Paint":["Glacier","Defend_B"],"Smiling Mask":150,"MawBank":12,"OrangePellets":[10],"Centennial Puzzle":[48],"Shovel":8,"TheAbacus":[144],"Mummified Hand":[86],"Ornamental Fan":[276],"Shuriken":[69],"Turnip":[4],"Kunai":[86],"obtain_stats":[{"Singing Bowl":9,"Vajra":0,"Bottled Tornado":40,"Smiling Mask":14,"Centennial Puzzle":5,"Shovel":7,"TheAbacus":22,"HornCleat":43,"Mummified Hand":23,"Philosopher\u0027s Stone":34,"Red Mask":19,"Kunai":3,"Cracked Core":0,"Girya":44,"Happy Flower":12,"Blue Candle":55,"Eternal Feather":15,"Letter Opener":53,"War Paint":47,"MawBank":21,"OrangePellets":38,"DataDisk":24,"Ornamental Fan":25,"Shuriken":26,"Turnip":42,"Coffee Dripper":17,"Bag of Marbles":49,"Bottled Lightning":27,"StrikeDummy":10,"Toy Ornithopter":46,"Pocketwatch":11},{"Singing Bowl":3,"Vajra":0,"Bottled Tornado":21,"Smiling Mask":7,"Centennial Puzzle":2,"Shovel":3,"TheAbacus":11,"HornCleat":22,"Mummified Hand":11,"Philosopher\u0027s Stone":17,"Red Mask":10,"Kunai":1,"Cracked Core":0,"Girya":22,"Happy Flower":5,"Blue Candle":27,"Eternal Feather":7,"Letter Opener":26,"War Paint":23,"MawBank":11,"OrangePellets":19,"DataDisk":12,"Ornamental Fan":12,"Shuriken":12,"Turnip":22,"Coffee Dripper":8,"Bag of Marbles":24,"Bottled Lightning":13,"StrikeDummy":4,"Toy Ornithopter":22,"Pocketwatch":4},{"Singing Bowl":15,"Vajra":0,"Bottled Tornado":114,"Smiling Mask":34,"Centennial Puzzle":6,"Shovel":15,"TheAbacus":59,"HornCleat":121,"Mummified Hand":59,"Philosopher\u0027s Stone":95,"Red Mask":55,"Kunai":3,"Cracked Core":0,"Girya":121,"Happy Flower":26,"Blue Candle":159,"Eternal Feather":34,"Letter Opener":150,"War Paint":127,"MawBank":59,"OrangePellets":102,"DataDisk":65,"Ornamental Fan":65,"Shuriken":65,"Turnip":121,"Coffee Dripper":47,"Bag of Marbles":130,"Bottled Lightning":72,"StrikeDummy":18,"Toy Ornithopter":121,"Pocketwatch":18}],"Toy Ornithopter":5,"Pocketwatch":[135]},"card_choices":[{"not_picked":["Steam","Hologram"],"picked":"Rebound","floor":1.0},{"not_picked":["Static Discharge","Gash"],"picked":"Glacier","floor":4.0},{"not_picked":["Beam Cell","Conserve Battery"],"picked":"Cold Snap","floor":7.0},{"not_picked":["Thunder Strike","Machine Learning","Redo"],"picked":"Singing Bowl","floor":10.0},{"not_picked":["Chaos","Barrage","Turbo"],"picked":"Singing Bowl","floor":12.0},{"not_picked":["Tempest","Streamline","Beam Cell"],"picked":"Singing Bowl","floor":13.0},{"not_picked":["Consume","Gash"],"picked":"Ball Lightning","floor":14.0},{"not_picked":["Fission","All For One"],"picked":"Echo Form","floor":16.0},{"not_picked":["Turbo","Aggregate","Compile Driver"],"picked":"Singing Bowl","floor":18.0},{"not_picked":["Sunder","Cold Snap"],"picked":"Coolheaded","floor":19.0},{"not_picked":["Conserve Battery","Darkness"],"picked":"BootSequence","floor":20.0},{"not_picked":["Blizzard","Gash+1","BootSequence"],"picked":"Singing Bowl","floor":24.0},{"not_picked":["Storm","Force Field"],"picked":"Go for the Eyes","floor":27.0},{"not_picked":["Ball Lightning","Reprogram"],"picked":"Loop","floor":29.0},{"not_picked":["Hologram","Turbo"],"picked":"Doom and Gloom","floor":30.0},{"not_picked":["Barrage","Beam Cell"],"picked":"Echo Form","floor":31.0},{"not_picked":["Electrodynamics","All For One"],"picked":"Buffer","floor":33.0},{"not_picked":["Beam Cell","Steam","Streamline"],"picked":"Singing Bowl","floor":35},{"not_picked":["Sweeping Beam+1","Rebound"],"picked":"Reprogram+1","floor":36},{"not_picked":["Steam+1","Ball Lightning+1"],"picked":"Go for the Eyes+1","floor":39},{"not_picked":["Sweeping Beam","Redo","Fission"],"picked":"Singing Bowl","floor":40},{"not_picked":["Tempest+1","Coolheaded+1"],"picked":"Hologram+1","floor":42},{"not_picked":["Reprogram","Electrodynamics","Sweeping Beam"],"picked":"Singing Bowl","floor":47},{"not_picked":["Cold Snap","Conserve Battery"],"picked":"Compile Driver","floor":48},{"not_picked":["Conserve Battery","Rebound"],"picked":"Defragment","floor":55}],"player_experience":20787722,"relics_obtained":[{"floor":3.0,"key":"Kunai"},{"floor":7.0,"key":"Shovel"},{"floor":9.0,"key":"Singing Bowl"},{"floor":10.0,"key":"StrikeDummy"},{"floor":11.0,"key":"Pocketwatch"},{"floor":12.0,"key":"Happy Flower"},{"floor":14.0,"key":"Smiling Mask"},{"floor":15.0,"key":"Eternal Feather"},{"floor":19.0,"key":"Red Mask"},{"floor":23.0,"key":"Mummified Hand"},{"floor":24.0,"key":"DataDisk"},{"floor":25.0,"key":"Ornamental Fan"},{"floor":26.0,"key":"Shuriken"},{"floor":27.0,"key":"Bottled Lightning"},{"floor":40,"key":"Bottled Tornado"},{"floor":42,"key":"Turnip"},{"floor":43,"key":"HornCleat"},{"floor":44,"key":"Girya"},{"floor":46,"key":"Toy Ornithopter"},{"floor":47,"key":"War Paint"},{"floor":49,"key":"Bag of Marbles"},{"floor":53,"key":"Letter Opener"},{"floor":55,"key":"Blue Candle"}],"event_choices":[{"damage_healed":0.0,"max_hp_gain":0.0,"max_hp_loss":0.0,"gold_gain":75.0,"event_name":"World of Goop","player_choice":"Gather Gold","floor":2.0,"gold_loss":0.0,"damage_taken":11.0},{"damage_healed":0.0,"max_hp_gain":0.0,"max_hp_loss":0.0,"gold_gain":0.0,"event_name":"Masked Bandits","player_choice":"Fought Bandits","floor":19.0,"gold_loss":0.0,"damage_taken":0.0},{"damage_healed":0.0,"max_hp_gain":0.0,"max_hp_loss":0.0,"gold_gain":0.0,"event_name":"The Mausoleum","player_choice":"Opened","floor":21.0,"gold_loss":0.0,"damage_taken":0.0,"relics_obtained":["MawBank"],"cards_obtained":["Writhe"]},{"damage_healed":0.0,"max_hp_gain":0.0,"max_hp_loss":0.0,"gold_gain":0.0,"event_name":"FaceTrader","player_choice":"Leave","floor":28.0,"gold_loss":0.0,"damage_taken":0.0},{"damage_healed":0,"gold_gain":50,"player_choice":"Pray","damage_taken":0,"max_hp_gain":0,"max_hp_loss":0,"event_name":"Golden Shrine","floor":37,"gold_loss":0}],"is_beta":false,"boss_relics":[{"not_picked":["Ectoplasm","Runic Dome"],"picked":"Coffee Dripper"},{"not_picked":["Calling Bell","Empty Cage"],"picked":"Philosopher\u0027s Stone"}],"items_purged_floors":[22,38,45],"is_endless":false,"potions_floor_spawned":[4,12,16,19,27,31,36,47,48],"ascension_level":20}}