{"host":"5x08nt64u3vxxcfi","time":1610526109,"event":{"mods":["BaseMod","Minty Spire (QoL Compilation)","StSLib","SuperFastMode"],"gold_per_floor":[115,115,135,155,10,36,36,56,56,131,56,56,56],"floor_reached":12,"language":"KOR","playtime":212,"items_purged":["Strike_G"],"score":129,"play_id":"21e9f3d5-7626-462e-8b90-ca97162d0693","local_time":"20210113172149","is_ascension_mode":true,"campfire_choices":[{"floor":7,"key":"REST"}],"circlet_count":0,"master_deck":["AscendersBane","Strike_G","Strike_G","Defend_G+1","Defend_G","Defend_G","Defend_G+1","Defend_G","Survivor","Neutralize","Blade Dance","Terror","Blade Dance","Die Die Die","Dagger Spray","Sucker Punch"],"relics":["Ring of the Snake","Pear","Calipers"],"acts_visited":["Exordium"],"potions_floor_usage":[],"damage_taken":[{"damage":7,"enemies":"Jaw Worm","floor":1,"turns":7},{"damage":0,"enemies":"2 Louse","floor":3,"turns":4},{"damage":4,"enemies":"Small Slimes","floor":4,"turns":3},{"damage":37,"enemies":"Lagavulin","floor":6,"turns":6},{"damage":5,"enemies":"Blue Slaver","floor":8,"turns":3},{"damage":17,"enemies":"Gremlin Nob","floor":12,"turns":4}],"seed_played":"-450100657112782800","potions_obtained":[{"floor":6,"key":"GamblersBrew"},{"floor":8,"key":"SpeedPotion"}],"is_trial":false,"path_per_floor":["M","?","M","M","$","E","R","M","T","?","$","E"],"character_chosen":"THE_SILENT","items_purchased":["Die Die Die"],"campfire_rested":1,"item_purchase_floors":[5],"current_hp_per_floor":[56,43,43,39,39,12,33,28,28,17,17,0,0],"gold":56,"neow_bonus":"REMOVE_TWO","is_daily":false,"chose_seed":false,"campfire_upgraded":0,"win_rate":0.0,"timestamp":1610526109,"path_taken":["M","?","M","M","$","E","R","M","T","?","$","E"],"items_purchased_type":["Card"],"build_version":"2020-12-22","purchased_purges":1,"victory":false,"max_hp_per_floor":[63,63,63,63,63,73,73,73,73,73,73,73,73],"card_choices":[{"not_picked":["Flying Knee","Prepared"],"picked":"Blade Dance","floor":1},{"not_picked":["Bane","Outmaneuver"],"picked":"Terror","floor":3},{"not_picked":["Deflect","Dagger Throw"],"picked":"Blade Dance","floor":4},{"not_picked":["Flying Knee","Bane"],"picked":"Dagger Spray","floor":6},{"not_picked":["Concentrate","Flying Knee"],"picked":"Sucker Punch","floor":8}],"player_experience":97431,"relics_obtained":[{"floor":6,"key":"Pear"},{"floor":9,"key":"Calipers"}],"event_choices":[{"damage_healed":0,"gold_gain":0,"player_choice":"Entered Light","damage_taken":13,"max_hp_gain":0,"max_hp_loss":0,"event_name":"Shining Light","floor":2,"gold_loss":0,"cards_upgraded":["Defend_G","Defend_G"]},{"damage_healed":0,"gold_gain":75,"player_choice":"Gather Gold","damage_taken":11,"max_hp_gain":0,"max_hp_loss":0,"event_name":"World of Goop","floor":10,"gold_loss":0}],"is_beta":false,"boss_relics":[],"items_purged_floors":[11],"is_endless":false,"potions_floor_spawned":[6,8],"killed_by":"Gremlin Nob","ascension_level":13}}