{"host":"uflv0e3ja7hvnij7","time":1610508554,"event":{"mods":["BaseMod","Better Altar","Better Match","Better Note","Better Sensory Stone","Better Skull","Better Third Choice","Marisa????????","Minty Spire (QoL Compilation)","Permanent Neow","Replay The Spire","StSLib"],"gold_per_floor":[114,39,39,67,67,99,117,117,117,17,30,30,52,62,62,169,169,189,64,84,94,108,108,108,108],"floor_reached":24,"language":"ENG","playtime":1367,"items_purged":["Defend_MRS","Strike_MRS","Defend_MRS"],"score":259,"play_id":"423fd0c0-7d8d-4cc9-a52c-cd274a96fd97","local_time":"20210112222914","is_ascension_mode":true,"campfire_choices":[{"floor":12,"key":"REST"},{"data":"MasterSpark","floor":15,"key":"SMITH"},{"data":"TreasureHunter","floor":23,"key":"SMITH"}],"circlet_count":0,"master_deck":["Strike_MRS","Strike_MRS","Strike_MRS","Defend_MRS","MasterSpark+1","UpSweep","GalacticHalo+1","SporeBomb","GalacticHalo+1","TreasureHunter+1","EnergyRecoil"],"relics":["MiniHakkero","Happy Flower","Ancient Tea Set","CeramicFish","Toy Ornithopter","Replay:Bottled Eggs","Sozu"],"acts_visited":["Exordium","TheCity"],"potions_floor_usage":[6],"damage_taken":[{"damage":2,"enemies":"Jaw Worm","floor":1,"turns":3},{"damage":0,"enemies":"2 Louse","floor":4,"turns":2},{"damage":6,"enemies":"Gremlin Nob","floor":6,"turns":3},{"damage":0,"enemies":"Small Slimes","floor":7,"turns":2},{"damage":6,"enemies":"Looter","floor":11,"turns":3},{"damage":5,"enemies":"Gremlin Gang","floor":13,"turns":4},{"damage":3,"enemies":"Blue Slaver","floor":14,"turns":3},{"damage":12,"enemies":"The Guardian","floor":16,"turns":9},{"damage":4,"enemies":"3 Byrds","floor":18,"turns":6},{"damage":0,"enemies":"Spheric Guardian","floor":20,"turns":3},{"damage":7,"enemies":"Cultist and Chosen","floor":21,"turns":6},{"damage":22,"enemies":"Snecko","floor":22,"turns":4},{"damage":29,"enemies":"Gremlin Leader","floor":24,"turns":6}],"seed_played":"6039174273386517836","potions_obtained":[{"floor":4,"key":"Strength Potion"},{"floor":11,"key":"FearPotion"},{"floor":16,"key":"SpeedPotion"}],"is_trial":false,"path_per_floor":["M","$","?","M","?","E","M","?","T","$","M","R","M","M","R","B",null,"M","$","M","M","M","R","E"],"character_chosen":"MARISA","items_purchased":[],"campfire_rested":1,"item_purchase_floors":[],"current_hp_per_floor":[73,73,57,57,50,44,44,44,44,44,38,60,55,52,52,40,75,71,71,71,64,42,42,13,13],"gold":108,"neow_bonus":"RANDOM_COMMON_RELIC","is_daily":false,"chose_seed":false,"campfire_upgraded":2,"win_rate":0.0,"timestamp":1610508554,"path_taken":["M","$","?","M","?","E","M","?","T","$","M","R","M","M","R","BOSS","M","$","M","M","M","R","E"],"items_purchased_type":[],"build_version":"2020-12-22","purchased_purges":3,"victory":false,"max_hp_per_floor":[75,75,75,75,75,75,75,75,75,75,75,75,75,75,75,75,75,75,75,75,75,75,75,75,75],"card_choices":[{"not_picked":["Acceleration","LuminesStrike"],"picked":"GalacticHalo","floor":1},{"not_picked":["EarthLightRay","WitchLeyline"],"picked":"SporeBomb","floor":4},{"not_picked":["NonDirectionalLaser","WitchLeyline","Orbital"],"picked":"SKIP","floor":6},{"not_picked":["BlazeAway","DC","DeepEcoloBomb"],"picked":"SKIP","floor":7},{"not_picked":["DoubleSpark","ShootingEcho","GravityBeat"],"picked":"SKIP","floor":11},{"not_picked":["MeteoricShower","DeepEcoloBomb"],"picked":"GalacticHalo","floor":13},{"not_picked":["ManaConvection","GalacticHalo","ManaRampage"],"picked":"SKIP","floor":14},{"not_picked":["BlazingStar","CollectingQuirk"],"picked":"TreasureHunter","floor":16},{"not_picked":["Singularity+1","MagicAbsorber"],"picked":"EnergyRecoil","floor":18},{"not_picked":["GravityBeat+1","MilkyWay+1","LuminesStrike"],"picked":"SKIP","floor":20},{"not_picked":["LuminesStrike","DC","MilkyWay+1"],"picked":"SKIP","floor":21},{"not_picked":["DeepEcoloBomb","LuminesStrike","MysteriousBeam+1"],"picked":"SKIP","floor":22}],"player_experience":571229,"relics_obtained":[{"floor":6,"key":"Toy Ornithopter"},{"floor":9,"key":"Replay:Bottled Eggs"}],"event_choices":[{"damage_healed":0,"gold_gain":1,"player_choice":"Relic Relic ","damage_taken":16,"max_hp_gain":0,"max_hp_loss":0,"event_name":"betterThird:BetterScrap","floor":3,"gold_loss":0,"cards_obtained":["Dual Wield"]},{"cards_removed":["Defend_MRS"],"damage_healed":0,"gold_gain":0,"player_choice":"Card Removal","damage_taken":7,"max_hp_gain":0,"max_hp_loss":0,"event_name":"Golden Wing","floor":5,"gold_loss":0},{"damage_healed":0,"gold_gain":0,"player_choice":"Ignored","damage_taken":0,"max_hp_gain":0,"max_hp_loss":0,"event_name":"Golden Idol","floor":8,"gold_loss":0}],"is_beta":false,"boss_relics":[{"not_picked":["SlaversCollar","Kintsugi"],"picked":"Sozu"}],"items_purged_floors":[2,10,19],"is_endless":false,"potions_floor_spawned":[4,11,16,22],"killed_by":"Gremlin Leader","ascension_level":3}}