{"host":"zke3fwiit0h580fo","time":1610557674,"event":{"mods":["AchievementEnabler","BaseMod","Colored Map","Colored Powertips","Hubris","Minty Spire (QoL Compilation)","Quick Restart","Relic Stats","Replay The Spire","StSLib","SuperFastMode"],"gold_per_floor":[118,134,150,162,162,187,287,316,316,344,0,19,19,19,19,120,120,137,150,28,43,57,57,57,89,116,116,116,66,66,66,66,167,167,185,199,215,215,227,227,277,26,49,59,59,59,9,24,24,24],"floor_reached":51,"language":"ENG","playtime":1899,"items_purged":["Voices","hubris:Despair","Parasite","Strike_B","Strike_B"],"score":819,"play_id":"cb66117a-0466-4795-923d-d913fe5e7f52","local_time":"20210113180754","is_ascension_mode":true,"campfire_choices":[{"floor":13,"key":"DIG"},{"floor":15,"key":"DIG"},{"floor":23,"key":"DIG"},{"floor":28,"key":"DIG"},{"floor":30,"key":"DIG"},{"floor":32,"key":"DIG"},{"floor":40,"key":"DIG"},{"floor":45,"key":"DIG"},{"floor":49,"key":"DIG"}],"circlet_count":0,"master_deck":["Strike_B","Strike_B","Defend_B","Defend_B","Defend_B+1","Defend_B","Zap+1","Dualcast","Redo","Time Bomb","Tempest","hubris:DuctTapeCard+2","Echo Form","Steam","Chill","Multi-Cast","Rip and Tear","Lockon","Static Discharge","Turbo+1","Conserve Battery+1","Self Repair","Necronomicurse","Thunder Strike","Glacier+1","Cold Snap+1","Darkness","Loop+1","Consume+1","Turbo+1"],"relics":["Cracked Core","Ring of Misfortune","ReplayTheSpireMod:Ring of Addiction","Chameleon Ring","SacredBark","Smiling Mask","Prayer Wheel","StoneCalendar","hubris:DuctTape","hubris:ToyBattleship","Shovel","Juzu Bracelet","Garlic","Painkiller Herb","Snack Pack","Ice Cream","War Paint","Prayer Wheel","Vajra","Necronomicon","Omamori","Calling Bell","Replay:Baseball","Question Card","hubris:GlazedTorus","hubris:Towel","Bird Faced Urn","Replay:Kaleidoscope","Chemical X","ReplayTheSpireMod:TigerMarble","Lantern","hubris:Icosahedron","Blood Vial"],"acts_visited":["Exordium","TheCity","TheBeyond"],"potions_floor_usage":[6,8,10,12,16,16,18,25,33,36,44,50],"damage_taken":[{"damage":0,"enemies":"Cultist","floor":1,"turns":2},{"damage":0,"enemies":"2 Louse","floor":2,"turns":1},{"damage":6,"enemies":"Jaw Worm","floor":3,"turns":2},{"damage":13,"enemies":"3 Louse","floor":4,"turns":2},{"damage":7,"enemies":"Gremlin Nob","floor":6,"turns":3},{"damage":24,"enemies":"Replay:BlueRogue","floor":8,"turns":4},{"damage":0,"enemies":"Gremlin Nob","floor":10,"turns":2},{"damage":5,"enemies":"Looter","floor":12,"turns":2},{"damage":23,"enemies":"The Guardian","floor":16,"turns":7},{"damage":12,"enemies":"Shell Parasite","floor":18,"turns":4},{"damage":0,"enemies":"Spheric Guardian","floor":19,"turns":3},{"damage":0,"enemies":"Chosen and Byrds","floor":21,"turns":4},{"damage":12,"enemies":"Snake Plant","floor":22,"turns":3},{"damage":0,"enemies":"Gremlin Leader","floor":25,"turns":5},{"damage":35,"enemies":"hubris:MusketHawk","floor":33,"turns":8},{"damage":0,"enemies":"Orb Walker","floor":35,"turns":2},{"damage":14,"enemies":"3 Darklings","floor":36,"turns":3},{"damage":12,"enemies":"Transient","floor":37,"turns":5},{"damage":9,"enemies":"Maw","floor":39,"turns":6},{"damage":0,"enemies":"Mind Bloom Boss Battle","floor":41,"turns":5},{"damage":9,"enemies":"Writhing Mass","floor":44,"turns":3},{"damage":0,"enemies":"3 Darklings","floor":48,"turns":2},{"damage":32,"enemies":"Time Eater","floor":50,"turns":6}],"seed_played":"6641897093835065438","potions_obtained":[{"floor":5,"key":"SneckoOil"},{"floor":5,"key":"Adrenaline Potion"},{"floor":5,"key":"Explosive Potion"},{"floor":6,"key":"LiquidBronze"},{"floor":8,"key":"SkillPotion"},{"floor":12,"key":"ColorlessPotion"},{"floor":16,"key":"Venom Potion"},{"floor":19,"key":"SkillPotion"},{"floor":22,"key":"Weak Potion"},{"floor":33,"key":"Dexterity Potion"},{"floor":35,"key":"Energy Potion"},{"floor":39,"key":"SpeedPotion"},{"floor":48,"key":"Dexterity Potion"}],"is_trial":false,"path_per_floor":["M","M","M","M","?","E","?","E","T","E","$","M","R","?","R","B",null,"?","?","T","?","?","T","?","E","T","?","T","T","T","?","T","B",null,"?","?","?","?","?","T","?","T","T","?","T","?","T","?","T","B",null],"character_chosen":"DEFECT","items_purchased":["Shovel","Static Discharge","Chemical X","Block Potion"],"campfire_rested":0,"item_purchase_floors":[11,20,42,42],"current_hp_per_floor":[75,75,69,56,56,49,49,25,25,25,25,20,20,38,38,15,73,61,61,61,61,49,49,49,51,51,51,51,51,51,35,35,11,62,62,48,43,43,45,45,53,53,53,53,53,53,53,56,56,30],"gold":24,"neow_bonus":"THREE_RARE_CARDS","is_daily":false,"chose_seed":false,"campfire_upgraded":0,"win_rate":0.0,"timestamp":1610557674,"path_taken":["M","?","?","M","?","E","?","E","T","E","$","?","R","?","R","BOSS","?","?","T","?","?","T","?","E","T","?","T","T","T","?","T","BOSS","?","?","?","?","?","T","?","T","T","?","T","?","T","?","T","BOSS"],"items_purchased_type":["Relic","Card","Relic","Potion"],"build_version":"2020-12-22","purchased_purges":5,"victory":true,"max_hp_per_floor":[75,75,75,75,75,75,75,75,75,75,75,75,75,75,75,73,73,73,73,73,73,71,71,71,69,69,69,69,64,64,64,62,62,62,62,62,62,62,62,60,60,60,58,58,58,58,58,56,56,56],"relic_stats":{"counters":[23,84],"StoneCalendar":[52],"Juzu Bracelet":1,"War Paint":["Defend_B","Zap"],"Smiling Mask":375,"Question Card":32,"Blood Vial":0,"Shovel":9,"Bird Faced Urn":[10],"Prayer Wheel":14,"Necronomicon":[11],"Chemical X":[5],"obtain_stats":[{"Ice Cream":25,"Lantern":45,"SacredBark":5,"Vajra":30,"StoneCalendar":8,"Painkiller Herb":17,"Juzu Bracelet":13,"Smiling Mask":6,"Blood Vial":49,"Chameleon Ring":5,"Shovel":11,"hubris:Icosahedron":46,"Prayer Wheel":8,"Necronomicon":31,"Chemical X":42,"Cracked Core":0,"hubris:GlazedTorus":34,"hubris:DuctTape":9,"ReplayTheSpireMod:Ring of Addiction":5,"Omamori":32,"Replay:Kaleidoscope":41,"War Paint":26,"hubris:Towel":38,"Question Card":34,"Calling Bell":34,"Replay:Baseball":34,"Ring of Misfortune":5,"Bird Faced Urn":40,"hubris:ToyBattleship":10,"Garlic":15,"Snack Pack":23,"ReplayTheSpireMod:TigerMarble":43},{"Ice Cream":14,"Lantern":21,"SacredBark":4,"Vajra":14,"StoneCalendar":6,"Painkiller Herb":9,"Juzu Bracelet":8,"Smiling Mask":5,"Blood Vial":22,"Chameleon Ring":4,"Shovel":7,"hubris:Icosahedron":21,"Prayer Wheel":6,"Necronomicon":14,"Chemical X":20,"Cracked Core":0,"hubris:GlazedTorus":15,"hubris:DuctTape":6,"ReplayTheSpireMod:Ring of Addiction":4,"Omamori":14,"Replay:Kaleidoscope":20,"War Paint":14,"hubris:Towel":18,"Question Card":15,"Calling Bell":15,"Replay:Baseball":15,"Ring of Misfortune":4,"Bird Faced Urn":19,"hubris:ToyBattleship":7,"Garlic":8,"Snack Pack":13,"ReplayTheSpireMod:TigerMarble":20},{"Ice Cream":44,"Lantern":76,"SacredBark":7,"Vajra":44,"StoneCalendar":14,"Painkiller Herb":25,"Juzu Bracelet":18,"Smiling Mask":10,"Blood Vial":78,"Chameleon Ring":7,"Shovel":16,"hubris:Icosahedron":76,"Prayer Wheel":12,"Necronomicon":44,"Chemical X":73,"Cracked Core":0,"hubris:GlazedTorus":52,"hubris:DuctTape":14,"ReplayTheSpireMod:Ring of Addiction":7,"Omamori":44,"Replay:Kaleidoscope":73,"War Paint":44,"hubris:Towel":62,"Question Card":52,"Calling Bell":52,"Replay:Baseball":52,"Ring of Misfortune":7,"Bird Faced Urn":68,"hubris:ToyBattleship":16,"Garlic":18,"Snack Pack":39,"ReplayTheSpireMod:TigerMarble":73}]},"card_choices":[{"not_picked":["hubris:DoWhile","Fission"],"picked":"ReplayTheSpireMod:Omega Cannon","floor":0},{"not_picked":["Hologram","FTL"],"picked":"Redo","floor":1},{"not_picked":["ReplaySort","Go for the Eyes"],"picked":"Time Bomb","floor":2},{"not_picked":["Redo","Steam Power"],"picked":"Tempest","floor":3},{"not_picked":["Go for the Eyes","ReplayTheSpireMod:Repulse"],"picked":"ReplayTheSpireMod:Fabricate Wheel","floor":4},{"not_picked":["Hello World","Beam Cell"],"picked":"Conserve Battery","floor":6},{"not_picked":["Stack","Panic Button","Scrape"],"picked":"SKIP","floor":8},{"not_picked":["Leap","Redo"],"picked":"Echo Form","floor":10},{"not_picked":["Sweeping Beam","Leap"],"picked":"Steam","floor":12},{"not_picked":["Conserve Battery","Leap"],"picked":"Chill","floor":12},{"not_picked":["Amplify","hubris:SpecializedCircuitry"],"picked":"Multi-Cast","floor":16},{"not_picked":["Redo+1","Gash","Panic Button"],"picked":"SKIP","floor":18},{"not_picked":["Conserve Battery","BasicCrystalCard","Hologram"],"picked":"SKIP","floor":18},{"not_picked":["Conserve Battery","Scrape"],"picked":"Rip and Tear","floor":19},{"not_picked":["Stack","Genetic Algorithm+1"],"picked":"Lockon","floor":19},{"not_picked":["Go for the Eyes","BootSequence"],"picked":"Turbo+1","floor":21},{"not_picked":["Heatsinks+1","Gash","Streamline+1"],"picked":"SKIP","floor":21},{"not_picked":["Hologram+1","Turbo+1"],"picked":"Conserve Battery+1","floor":22},{"not_picked":["Melter","Ball Lightning","Hologram"],"picked":"SKIP","floor":22},{"not_picked":["Barrage","Aggregate+1"],"picked":"Self Repair","floor":25},{"not_picked":["ReplayTheSpireMod:Omega Cannon","Fission"],"picked":"Thunder Strike","floor":33},{"not_picked":["Rebound+1","FTL","Darkness"],"picked":"Glacier+1","floor":35},{"not_picked":["Compile Driver","Static Discharge","Barrage+1"],"picked":"Cold Snap+1","floor":35},{"not_picked":["Steam+1","FTL+1","Redo+1","ReplayTheSpireMod:Omega Cannon"],"picked":"SKIP","floor":35},{"not_picked":["ReplayGash+1","Coolheaded","Chaos"],"picked":"Darkness","floor":36},{"not_picked":["Auto Shields","FIFO Queue","Leap+1","Gash"],"picked":"SKIP","floor":36},{"not_picked":["Conserve Battery","Streamline","BasicCrystalCard+1","Steam"],"picked":"SKIP","floor":36},{"not_picked":["Panic Button","Redo+1","Coolheaded+1"],"picked":"Loop+1","floor":37},{"not_picked":["Conserve Battery+1","Sweeping Beam","ReplayTheSpireMod:Omega Cannon","ReplayTheSpireMod:GoodbyeWorld+1"],"picked":"SKIP","floor":37},{"not_picked":["Compile Driver+1","Rebound+1","ReplayTheSpireMod:System Scan+1","BasicCrystalCard"],"picked":"SKIP","floor":37},{"not_picked":["Self Repair","ReplaySolidLightProjector+1","Storm"],"picked":"Consume+1","floor":39},{"not_picked":["Force Field","Panic Button","Stack"],"picked":"Turbo+1","floor":39},{"not_picked":["Steam+1","Turbo","Leap+1","Beam Cell"],"picked":"SKIP","floor":39},{"not_picked":["FIFO Queue","BasicCrystalCard+1","Consume+1","Barrage"],"picked":"SKIP","floor":44},{"not_picked":["Compile Driver+1","Capacitor","Gash+1","Glacier+1"],"picked":"SKIP","floor":44},{"not_picked":["FTL","Leap+1","Gash+1","Barrage+1"],"picked":"SKIP","floor":44},{"not_picked":["Barrage","Stack","White Noise","Leap+1"],"picked":"SKIP","floor":48},{"not_picked":["ReplayTheSpireMod:System Scan+1","Melter+1","FTL+1","BootSequence+1"],"picked":"SKIP","floor":48},{"not_picked":["Steam","Cold Snap","Stack+1","Barrage"],"picked":"SKIP","floor":48}],"player_experience":45806,"relics_obtained":[{"floor":5,"key":"Ring of Misfortune"},{"floor":5,"key":"ReplayTheSpireMod:Ring of Addiction"},{"floor":5,"key":"Chameleon Ring"},{"floor":5,"key":"SacredBark"},{"floor":6,"key":"Smiling Mask"},{"floor":8,"key":"StoneCalendar"},{"floor":9,"key":"hubris:DuctTape"},{"floor":10,"key":"hubris:ToyBattleship"},{"floor":13,"key":"Juzu Bracelet"},{"floor":15,"key":"Garlic"},{"floor":23,"key":"Snack Pack"},{"floor":25,"key":"Ice Cream"},{"floor":26,"key":"War Paint"},{"floor":28,"key":"Prayer Wheel"},{"floor":30,"key":"Vajra"},{"floor":31,"key":"Necronomicon"},{"floor":32,"key":"Omamori"},{"floor":34,"key":"Replay:Baseball"},{"floor":34,"key":"Question Card"},{"floor":34,"key":"hubris:GlazedTorus"},{"floor":40,"key":"Bird Faced Urn"},{"floor":41,"key":"Replay:Kaleidoscope"},{"floor":43,"key":"ReplayTheSpireMod:TigerMarble"},{"floor":45,"key":"Lantern"},{"floor":49,"key":"Blood Vial"}],"event_choices":[{"damage_healed":0,"gold_gain":100,"player_choice":"Pray","damage_taken":0,"max_hp_gain":0,"max_hp_loss":0,"event_name":"Golden Shrine","floor":7,"gold_loss":0},{"damage_healed":18,"gold_gain":0,"player_choice":"Healed and dodged fight","damage_taken":0,"max_hp_gain":0,"max_hp_loss":0,"event_name":"Mushrooms","floor":14,"gold_loss":0,"cards_obtained":["Parasite"]},{"damage_healed":0,"gold_gain":0,"player_choice":"Obtained Book","damage_taken":16,"max_hp_gain":0,"max_hp_loss":0,"event_name":"Cursed Tome","floor":31,"gold_loss":0},{"damage_healed":0,"gold_gain":0,"player_choice":"Fight","damage_taken":0,"max_hp_gain":0,"max_hp_loss":0,"event_name":"MindBloom","floor":41,"gold_loss":0}],"is_beta":false,"boss_relics":[{"not_picked":["Replay:Wanted Poster","Astrolabe"],"picked":"Painkiller Herb"},{"not_picked":["FrozenCore","Snecko Eye"],"picked":"Calling Bell"}],"items_purged_floors":[11,20,29,42,47],"is_endless":false,"potions_floor_spawned":[6,8,12,16,19,22,33,35,39,48],"ascension_level":1}}