{"host":"h9d5il8g1iqie9ys","time":1610535305,"event":{"mods":["BaseMod","Colored Powertips","Decade(???)","Hero for Fun","Luminous","Marisa????????","Minty Spire (QoL Compilation)","StSLib","The Administrix","The Animator","The Bug Knight","The Cursed","The Death Knight","The Exalted","The Necromancer","The Poker Player","The Saiyan","The Servant 0.9.4","The Showman","The Wild Card"],"gold_per_floor":[114,124,124,137,150,150,185,197,209,242,279,291,324,511,523,678,690,691,703,715,727,727,727],"floor_reached":21,"language":"ENG","playtime":815,"items_purged":[],"score":179,"play_id":"f8b33d34-e189-4b4d-a28c-ab11407a8cb1","local_time":"20210113175505","is_ascension_mode":false,"metric_token":1298,"campfire_choices":[{"floor":6,"key":"REST"},{"floor":12,"key":"RECALL"},{"data":"PokerPlayerMod:GamblerForm","floor":15,"key":"SMITH"}],"circlet_count":0,"master_deck":["PokerPlayerMod:Diamond1","PokerPlayerMod:Diamond2","PokerPlayerMod:Diamond3","PokerPlayerMod:Diamond4","PokerPlayerMod:Diamond5","PokerPlayerMod:Spade1","PokerPlayerMod:Spade2","PokerPlayerMod:Spade3","PokerPlayerMod:Spade4","PokerPlayerMod:Club1","PokerPlayerMod:Club2","PokerPlayerMod:Heart2","PokerPlayerMod:TrumpStrike","PokerPlayerMod:BadJoker","PokerPlayerMod:Mulligan","PokerPlayerMod:GamblerForm+1","PokerPlayerMod:CloakAndDiamond","PokerPlayerMod:Configure","PokerPlayerMod:PoorCopy","PokerPlayerMod:RiskyBet","PokerPlayerMod:Promotion","Injury","PokerPlayerMod:Diamond5","PokerPlayerMod:DiamondStrike","Doubt","PokerPlayerMod:GamblerForm","PokerPlayerMod:Diamond3"],"relics":["PokerPlayerMod:DeckCase","MawBank","Golden Idol","Juzu Bracelet","Sozu"],"acts_visited":["Exordium","TheCity"],"potions_floor_usage":[16],"damage_taken":[{"damage":6,"enemies":"2 Louse","floor":1,"turns":2},{"damage":9,"enemies":"Jaw Worm","floor":2,"turns":4},{"damage":1,"enemies":"Cultist","floor":4,"turns":3},{"damage":0,"enemies":"Exordium Wildlife","floor":5,"turns":3},{"damage":17,"enemies":"Gremlin Nob","floor":7,"turns":4},{"damage":0,"enemies":"Large Slime","floor":10,"turns":6},{"damage":1,"enemies":"Lots of Slimes","floor":13,"turns":2},{"damage":38,"enemies":"Hexaghost","floor":16,"turns":9},{"damage":38,"enemies":"2 Thieves","floor":18,"turns":4},{"damage":4,"enemies":"Chosen","floor":21,"turns":2}],"seed_played":"6281615718889864545","potions_obtained":[{"floor":1,"key":"ColorlessPotion"},{"floor":5,"key":"Regen Potion"},{"floor":10,"key":"SkillPotion"}],"is_trial":false,"path_per_floor":["M","M","?","M","M","R","E","?","T","M","T","R","M","?","R","B",null,"M","?","?","M"],"character_chosen":"THE_POKER_PLAYER","items_purchased":[],"campfire_rested":1,"item_purchase_floors":[],"current_hp_per_floor":[33,26,26,35,37,52,35,35,35,38,38,38,41,41,41,5,52,14,31,31,27,27,27],"gold":727,"neow_bonus":"THREE_RARE_CARDS","is_daily":false,"chose_seed":false,"campfire_upgraded":1,"win_rate":0.0,"timestamp":1610535305,"path_taken":["M","M","?","M","M","R","E","?","T","M","?","R","M","?","R","BOSS","M","?","?","M"],"items_purchased_type":[],"build_version":"2020-12-22","purchased_purges":0,"victory":false,"max_hp_per_floor":[52,52,52,52,52,52,52,52,52,52,52,52,52,52,52,52,52,52,52,52,52,52,52],"card_choices":[{"not_picked":["PokerPlayerMod:SecretDealer","PokerPlayerMod:RoyalStrike"],"picked":"PokerPlayerMod:GamblerForm","floor":0},{"not_picked":["PokerPlayerMod:Diamond2","PokerPlayerMod:SpadeStrike"],"picked":"PokerPlayerMod:CloakAndDiamond","floor":1},{"not_picked":["PokerPlayerMod:Diamond1","PokerPlayerMod:Heart2"],"picked":"PokerPlayerMod:Configure","floor":2},{"not_picked":["PokerPlayerMod:HotShotCut","PokerPlayerMod:CardBurn"],"picked":"PokerPlayerMod:PoorCopy","floor":4},{"not_picked":["PokerPlayerMod:DartThrow","PokerPlayerMod:Raise"],"picked":"PokerPlayerMod:RiskyBet","floor":5},{"not_picked":["PokerPlayerMod:CloakAndDiamond","PokerPlayerMod:ClubsClub"],"picked":"PokerPlayerMod:Promotion","floor":7},{"not_picked":["PokerPlayerMod:Trickery","PokerPlayerMod:CardBurn"],"picked":"PokerPlayerMod:Diamond5","floor":10},{"not_picked":["PokerPlayerMod:Diamond4","PokerPlayerMod:Club2"],"picked":"PokerPlayerMod:DiamondStrike","floor":13},{"not_picked":["PokerPlayerMod:Club9","PokerPlayerMod:Diamond9"],"picked":"PokerPlayerMod:GamblerForm","floor":16},{"not_picked":["PokerPlayerMod:Spade2","PokerPlayerMod:Diamond2"],"picked":"PokerPlayerMod:Diamond3","floor":18}],"player_experience":202110,"relics_obtained":[{"floor":7,"key":"MawBank"},{"floor":11,"key":"Juzu Bracelet"}],"event_choices":[{"damage_healed":0,"gold_gain":0,"player_choice":"Ignored","damage_taken":0,"max_hp_gain":0,"max_hp_loss":0,"event_name":"Golden Wing","floor":3,"gold_loss":0},{"damage_healed":0,"gold_gain":0,"player_choice":"Take Wound","damage_taken":0,"relics_obtained":["Golden Idol"],"max_hp_gain":0,"max_hp_loss":0,"event_name":"Golden Idol","floor":8,"gold_loss":0,"cards_obtained":["Injury"]},{"damage_healed":0,"gold_gain":175,"player_choice":"AGREE","damage_taken":0,"max_hp_gain":0,"max_hp_loss":0,"event_name":"Liars Game","floor":14,"gold_loss":0,"cards_obtained":["Doubt"]},{"damage_healed":17,"gold_gain":0,"player_choice":"Heal","damage_taken":0,"max_hp_gain":0,"max_hp_loss":0,"event_name":"The Library","floor":19,"gold_loss":0},{"damage_healed":0,"gold_gain":0,"player_choice":"Got Potions","damage_taken":0,"max_hp_gain":0,"max_hp_loss":0,"event_name":"Lab","floor":20,"gold_loss":0}],"is_beta":false,"boss_relics":[{"not_picked":["Runic Dome","Ectoplasm"],"picked":"Sozu"}],"items_purged_floors":[],"is_endless":false,"potions_floor_spawned":[1,5,10],"killed_by":"Chosen","ascension_level":0}}