{"host":"natui9yr7uuq78xo","time":1610502837,"event":{"mods":["BaseMod","Better Third Choice","BetterRewards","Gremlin Mod","Minty Spire (QoL Compilation)","StSLib"],"gold_per_floor":[115,135,135,151,169,169,184,203,281,291,291,152,180,193,193,293,293,308,308,325,325,325,351,351,366,366,396,425,437,461,398,410,527,539,568,580,0,12,51,63,94,119,131,143,169,181,242,62,62,62],"floor_reached":51,"language":"ENG","playtime":2708,"items_purged":["Gremlin:Strike"],"score":739,"play_id":"f8c2975d-204d-4661-a367-f0b371f06906","local_time":"20210112155357","is_ascension_mode":false,"campfire_choices":[{"data":"Gremlin:DaggerDance","floor":6,"key":"SMITH"},{"data":"Gremlin:RageBreak","floor":11,"key":"SMITH"},{"data":"Gremlin:Rhythm","floor":15,"key":"SMITH"},{"data":"Gremlin:ArmsTheft","floor":29,"key":"SMITH"},{"floor":32,"key":"REST"},{"data":"Gremlin:DaggerDance","floor":40,"key":"SMITH"}],"circlet_count":0,"master_deck":["Gremlin:Defend","Gremlin:Defend","Gremlin:Defend","Gremlin:TagTeam","Gremlin:ProperTools","Gremlin:Revel","Gremlin:DaggerDance+1","Gremlin:RageBreak+1","Gremlin:GremlinMeal","Gremlin:ShadowShiv","Gremlin:Rhythm+1","Gremlin:CongaLine","CurseOfTheBell","Bite","Bite","Bite","Bite","Bite","Gremlin:ArmsTheft+1","Gremlin:DaggerDance+1","Gremlin:MakeshiftArmor+1","Gremlin:Erupt","Violence"],"relics":["Gremlin:GremlinKnob","NeowsBlessing","GremlinMask","The Courier","Blue Candle","Calling Bell","Smiling Mask","Singing Bowl","Thread and Needle","Enchiridion","CaptainsWheel","Juzu Bracelet","Omamori","MawBank","SacredBark","Red Mask","Bronze Scales","Ice Cream","Pear"],"acts_visited":["Exordium","TheCity","TheBeyond"],"potions_floor_usage":[12,13,25,42,50],"damage_taken":[{"damage":0,"enemies":"2 Louse","floor":1,"turns":1},{"damage":0,"enemies":"Cultist","floor":2,"turns":1},{"damage":0,"enemies":"Jaw Worm","floor":4,"turns":1},{"damage":11,"enemies":"Large Slime","floor":5,"turns":2},{"damage":3,"enemies":"3 Louse","floor":7,"turns":3},{"damage":0,"enemies":"Lots of Slimes","floor":8,"turns":1},{"damage":0,"enemies":"Large Slime","floor":10,"turns":1},{"damage":0,"enemies":"Lagavulin","floor":13,"turns":4},{"damage":5,"enemies":"Looter","floor":14,"turns":3},{"damage":14,"enemies":"Hexaghost","floor":16,"turns":8},{"damage":9,"enemies":"3 Byrds","floor":18,"turns":5},{"damage":2,"enemies":"Shell Parasite","floor":20,"turns":4},{"damage":12,"enemies":"Book of Stabbing","floor":23,"turns":5},{"damage":6,"enemies":"Shelled Parasite and Fungi","floor":25,"turns":6},{"damage":0,"enemies":"Slavers","floor":27,"turns":5},{"damage":31,"enemies":"Sentry and Sphere","floor":28,"turns":9},{"damage":1,"enemies":"Snake Plant","floor":30,"turns":5},{"damage":4,"enemies":"Automaton","floor":33,"turns":6},{"damage":35,"enemies":"3 Shapes","floor":35,"turns":5},{"damage":9,"enemies":"3 Darklings","floor":41,"turns":4},{"damage":18,"enemies":"Writhing Mass","floor":42,"turns":5},{"damage":56,"enemies":"Transient","floor":45,"turns":5},{"damage":37,"enemies":"2 Orb Walkers","floor":47,"turns":5},{"damage":49,"enemies":"Donu and Deca","floor":50,"turns":5}],"seed_played":"-659809855890001088","potions_obtained":[{"floor":1,"key":"AttackPotion"},{"floor":4,"key":"DuplicationPotion"},{"floor":5,"key":"FearPotion"},{"floor":16,"key":"Swift Potion"},{"floor":18,"key":"FairyPotion"},{"floor":25,"key":"Fire Potion"},{"floor":45,"key":"Strength Potion"},{"floor":47,"key":"DistilledChaos"}],"is_trial":false,"path_per_floor":["M","M","?","M","M","R","M","M","T","M","R","$","E","M","R","B",null,"M","?","M","?","?","E","?","M","T","E","M","R","M","?","R","B",null,"M","?","?","?","T","R","M","M","T","$","M","?","?","$","R","B",null],"character_chosen":"GREMLIN","items_purchased":["Fruit Juice","Pear"],"campfire_rested":1,"item_purchase_floors":[12,48],"current_hp_per_floor":[20,20,20,20,9,9,20,9,9,9,9,10,21,17,17,6,21,22,14,21,21,21,9,14,21,21,17,23,23,9,9,15,23,23,14,14,14,14,14,14,7,11,11,11,22,22,3,5,5,8],"gold":62,"neow_bonus":"THREE_ENEMY_KILL","is_daily":false,"chose_seed":false,"campfire_upgraded":5,"win_rate":0.0,"timestamp":1610502837,"path_taken":["M","M","?","?","M","R","M","M","T","M","R","$","E","M","R","BOSS","M","?","M","?","?","E","?","M","T","E","M","R","M","?","R","BOSS","M","?","?","?","?","R","M","M","T","?","M","?","?","$","R","BOSS"],"items_purchased_type":["Potion","Relic"],"build_version":"2020-12-22","purchased_purges":1,"victory":true,"max_hp_per_floor":[20,20,20,20,20,20,20,20,20,20,20,21,21,21,21,21,21,22,22,23,23,21,21,21,21,21,22,23,23,23,23,23,23,23,24,24,24,24,24,24,25,26,26,26,27,26,27,29,28,28],"card_choices":[{"not_picked":["Gremlin:FollowThrough","Gremlin:Patsy"],"picked":"Gremlin:ProperTools","floor":1},{"not_picked":["Gremlin:PourSalt","Gremlin:ShankStone"],"picked":"Gremlin:Revel","floor":2},{"not_picked":["Gremlin:GlitterGuard","Gremlin:Jeer"],"picked":"Gremlin:DaggerDance","floor":4},{"not_picked":["Gremlin:FollowThrough","Gremlin:Pretaliation","Gremlin:Whiz"],"picked":"SKIP","floor":5},{"not_picked":["Gremlin:BulkUp","Gremlin:GremlinMeal"],"picked":"Gremlin:RageBreak","floor":7},{"not_picked":["Gremlin:PartyStick","Gremlin:Jeer"],"picked":"Gremlin:GremlinMeal","floor":8},{"not_picked":["Gremlin:Jeer","Gremlin:CatScratch"],"picked":"Gremlin:ShadowShiv","floor":10},{"not_picked":["Gremlin:Changeo","Gremlin:GremlinOffensive"],"picked":"Gremlin:Rhythm","floor":13},{"not_picked":["Gremlin:Dazzle","Gremlin:ToeStub"],"picked":"Gremlin:TwistTheKnife","floor":14},{"not_picked":["Gremlin:ShowStopper","Gremlin:FlipOut"],"picked":"Gremlin:CongaLine","floor":16},{"not_picked":["Gremlin:FanOfKnives","Gremlin:GlitterGuard","Gremlin:Glimmer"],"picked":"Singing Bowl","floor":18},{"not_picked":["Gremlin:DaggerDance","Gremlin:FlipOut","Gremlin:Whiz"],"picked":"Singing Bowl","floor":20},{"not_picked":["Gremlin:GremlinArms","Gremlin:Irritability+1"],"picked":"Gremlin:ArmsTheft","floor":23},{"not_picked":["Gremlin:Changeo","Gremlin:Irritability+1"],"picked":"Gremlin:DaggerDance","floor":25},{"not_picked":["Gremlin:Changeo","Gremlin:TargetWeakness","Gremlin:Astound"],"picked":"Singing Bowl","floor":27},{"not_picked":["Gremlin:TwistTheKnife","Gremlin:PourSalt","Gremlin:GlitterGuard"],"picked":"Singing Bowl","floor":28},{"not_picked":["Gremlin:Mockery","Gremlin:Pinprick"],"picked":"Gremlin:MakeshiftArmor+1","floor":30},{"not_picked":["Gremlin:Exacerbate","Gremlin:Duplicate"],"picked":"Gremlin:Erupt","floor":33},{"not_picked":["Gremlin:GremlinMeal+1","Gremlin:Pretaliation","Gremlin:ToeStub"],"picked":"Singing Bowl","floor":35},{"not_picked":["Deep Breath","Impatience"],"picked":"Violence","floor":36},{"not_picked":["Gremlin:Patsy+1","Gremlin:Raid","Gremlin:Scatter"],"picked":"Singing Bowl","floor":41},{"not_picked":["Gremlin:ToeStub+1","Gremlin:Glimmer","Gremlin:Pretaliation+1"],"picked":"Singing Bowl","floor":42},{"not_picked":["Gremlin:Flurry+1","Gremlin:Jeer","Gremlin:Patsy"],"picked":"Singing Bowl","floor":45},{"not_picked":["Gremlin:PinNeedle+1","Gremlin:FanOfKnives","Gremlin:Presto+1"],"picked":"Singing Bowl","floor":47}],"player_experience":323319,"relics_obtained":[{"floor":9,"key":"The Courier"},{"floor":13,"key":"Blue Candle"},{"floor":17,"key":"Smiling Mask"},{"floor":17,"key":"Singing Bowl"},{"floor":17,"key":"Thread and Needle"},{"floor":19,"key":"Enchiridion"},{"floor":23,"key":"Juzu Bracelet"},{"floor":26,"key":"Omamori"},{"floor":27,"key":"MawBank"},{"floor":39,"key":"Bronze Scales"},{"floor":47,"key":"Ice Cream"}],"event_choices":[{"damage_healed":0,"gold_gain":0,"player_choice":"Trade","damage_taken":0,"relics_obtained":["GremlinMask"],"max_hp_gain":0,"max_hp_loss":0,"event_name":"FaceTrader","floor":3,"gold_loss":0},{"damage_healed":0,"gold_gain":0,"player_choice":"Obtained Book","damage_taken":8,"max_hp_gain":0,"max_hp_loss":0,"event_name":"Cursed Tome","floor":19,"gold_loss":0},{"damage_healed":0,"gold_gain":0,"player_choice":"Opened","damage_taken":0,"relics_obtained":["CaptainsWheel"],"max_hp_gain":0,"max_hp_loss":0,"event_name":"The Mausoleum","floor":21,"gold_loss":0},{"damage_healed":0,"gold_gain":0,"player_choice":"Became a vampire","damage_taken":0,"max_hp_gain":0,"max_hp_loss":7,"event_name":"Vampires","floor":22,"gold_loss":0,"cards_obtained":["Bite","Bite","Bite","Bite","Bite"]},{"cards_removed":["Gremlin:TwistTheKnife"],"damage_healed":5,"gold_gain":0,"player_choice":"Offered Common","damage_taken":0,"max_hp_gain":0,"max_hp_loss":0,"event_name":"Bonfire Elementals","floor":24,"gold_loss":0},{"cards_removed":["Gremlin:TwistTheKnife"],"damage_healed":5,"gold_gain":0,"player_choice":"Offered Special","damage_taken":0,"max_hp_gain":0,"max_hp_loss":0,"event_name":"Bonfire Elementals","floor":24,"gold_loss":0},{"cards_removed":["Gremlin:Defend"],"damage_healed":0,"gold_gain":0,"player_choice":"Gave Gold","damage_taken":0,"max_hp_gain":0,"max_hp_loss":0,"event_name":"Beggar","floor":31,"gold_loss":75},{"damage_healed":0,"gold_gain":0,"player_choice":"Memory 1","damage_taken":0,"max_hp_gain":0,"max_hp_loss":0,"event_name":"SensoryStone","floor":36,"gold_loss":0},{"damage_healed":0,"gold_gain":0,"player_choice":"Paid","damage_taken":0,"relics_obtained":["Red Mask"],"max_hp_gain":0,"max_hp_loss":0,"event_name":"Tomb of Lord Red Mask","floor":37,"gold_loss":592},{"cards_removed":["Gremlin:GremlinDance"],"damage_healed":0,"gold_gain":0,"player_choice":"Removed Attack","damage_taken":0,"max_hp_gain":0,"max_hp_loss":0,"event_name":"Falling","floor":38,"gold_loss":0},{"damage_healed":0,"gold_gain":0,"player_choice":"Max HP","damage_taken":0,"max_hp_gain":0,"max_hp_loss":1,"event_name":"Winding Halls","floor":46,"gold_loss":0},{"damage_healed":0,"gold_gain":0,"player_choice":"Fight","damage_taken":0,"max_hp_gain":0,"max_hp_loss":0,"event_name":"Mysterious Sphere","floor":47,"gold_loss":0}],"is_beta":false,"boss_relics":[{"not_picked":["Snecko Eye","Runic Dome"],"picked":"Calling Bell"},{"not_picked":["Velvet Choker","Gremlin:GremlinBomb"],"picked":"SacredBark"}],"items_purged_floors":[12],"is_endless":false,"potions_floor_spawned":[1,4,5,7,16,18,25,33,41,45,47],"ascension_level":0}}