{"host":"mdbnki27vzqujy5q","time":1610512847,"event":{"mods":["BaseMod","Better Note","Better Skull","Colored Map","Colored Powertips","DeckTracker","Highlight Path","Minty Spire (QoL Compilation)","Quick Restart","Rare Cards Sparkle","StSLib"],"gold_per_floor":[113,113,0,20,20,20,35,70,70,96,108,120,144,171,183,299,311,336,348,373,385,414,426,438,462,474,486,486],"floor_reached":27,"language":"ENG","playtime":946,"items_purged":["Defend_G"],"score":270,"play_id":"73615312-6de1-40c2-b537-560f0b755403","local_time":"20210112204047","is_ascension_mode":true,"campfire_choices":[{"data":"Dagger Spray","floor":6.0,"key":"SMITH"},{"floor":12.0,"key":"REST"},{"floor":15.0,"key":"REST"},{"floor":23,"key":"REST"}],"circlet_count":0,"master_deck":["Strike_G","Strike_G","Strike_G","Strike_G","Strike_G","Defend_G","Defend_G","Defend_G","Defend_G","Survivor","Neutralize","Bane","Catalyst","Dagger Spray+1","Caltrops","Burst","Quick Slash","Poisoned Stab","A Thousand Cuts","After Image","Caltrops+1","RitualDagger","Poisoned Stab","Blade Dance+1"],"relics":["Ring of the Snake","The Specimen","Thread and Needle","Shuriken","MawBank","Fusion Hammer","Frozen Egg 2","Gambling Chip"],"acts_visited":["Exordium","TheCity"],"potions_floor_usage":[22,25],"damage_taken":[{"damage":4.0,"enemies":"Small Slimes","floor":1.0,"turns":4.0},{"damage":0.0,"enemies":"Cultist","floor":4.0,"turns":3.0},{"damage":0.0,"enemies":"2 Louse","floor":7.0,"turns":1.0},{"damage":36.0,"enemies":"Gremlin Nob","floor":8.0,"turns":5.0},{"damage":26.0,"enemies":"3 Sentries","floor":10.0,"turns":10.0},{"damage":2.0,"enemies":"Red Slaver","floor":13.0,"turns":4.0},{"damage":0.0,"enemies":"Lots of Slimes","floor":14.0,"turns":1.0},{"damage":40.0,"enemies":"Slime Boss","floor":16.0,"turns":7.0},{"damage":16.0,"enemies":"Chosen","floor":18.0,"turns":5.0},{"damage":17.0,"enemies":"Spheric Guardian","floor":20.0,"turns":4.0},{"damage":16,"enemies":"Centurion and Healer","floor":22,"turns":5},{"damage":23,"enemies":"Sentry and Sphere","floor":25,"turns":4},{"damage":11,"enemies":"Snake Plant","floor":27,"turns":2}],"seed_played":"-7181049926726871765","potions_obtained":[{"floor":4.0,"key":"DuplicationPotion"},{"floor":7.0,"key":"Ancient Potion"},{"floor":14.0,"key":"Explosive Potion"},{"floor":16.0,"key":"DistilledChaos"},{"floor":18.0,"key":"Poison Potion"},{"floor":22,"key":"Strength Potion"}],"is_trial":false,"path_per_floor":["M","?","$","M","?","R","M","E","T","E","$","R","M","M","R","B",null,"M","T","M","?","M","R","?","M","T","M"],"character_chosen":"THE_SILENT","items_purchased":["Catalyst"],"campfire_rested":3,"item_purchase_floors":[3],"current_hp_per_floor":[45,45,45,45,80,80,80,44,44,18,18,42,40,40,64,24,80,64,64,47,41,25,49,34,11,11,0,0],"gold":486,"neow_bonus":"ONE_RARE_RELIC","is_daily":false,"chose_seed":false,"campfire_upgraded":1,"win_rate":0.0,"timestamp":1610512847,"path_taken":["M","?","$","?","?","R","M","E","T","E","$","R","M","M","R","BOSS","M","?","?","?","M","R","?","M","T","?"],"items_purchased_type":["Card"],"build_version":"2020-12-22","purchased_purges":1,"victory":false,"max_hp_per_floor":[70,70,70,70,80,80,80,80,80,80,80,80,80,80,80,80,80,80,80,80,80,80,80,85,85,85,85,85],"card_choices":[{"not_picked":["Blade Dance","Underhanded Strike"],"picked":"Bane","floor":1.0},{"not_picked":["Prepared","Blade Dance"],"picked":"Dagger Spray","floor":4.0},{"not_picked":["Slice","Distraction"],"picked":"Caltrops","floor":7.0},{"not_picked":["Outmaneuver","Predator"],"picked":"Burst","floor":8.0},{"not_picked":["All Out Attack","Die Die Die"],"picked":"Quick Slash","floor":10.0},{"not_picked":["Quick Slash","Sucker Punch"],"picked":"Poisoned Stab","floor":13.0},{"not_picked":["Deflect","Dagger Throw"],"picked":"A Thousand Cuts","floor":14.0},{"not_picked":["Glass Knife","Doppelganger"],"picked":"After Image","floor":16.0},{"not_picked":["Dagger Spray","Quick Slash","PiercingWail"],"picked":"SKIP","floor":18.0},{"not_picked":["Endless Agony","Underhanded Strike"],"picked":"Caltrops+1","floor":20.0},{"not_picked":["Acrobatics","Backflip"],"picked":"Poisoned Stab","floor":22},{"not_picked":["Noxious Fumes+1","Finisher+1"],"picked":"Blade Dance+1","floor":25}],"player_experience":71440,"relics_obtained":[{"floor":8.0,"key":"Thread and Needle"},{"floor":9.0,"key":"Shuriken"},{"floor":10.0,"key":"MawBank"},{"floor":19.0,"key":"Frozen Egg 2"},{"floor":26,"key":"Gambling Chip"}],"event_choices":[{"cards_removed":["Neutralize"],"damage_healed":0.0,"max_hp_gain":0.0,"max_hp_loss":0.0,"gold_gain":0.0,"event_name":"betterNote:BetterNote","player_choice":"Take \u0026 Give","floor":2.0,"gold_loss":0.0,"damage_taken":0.0,"cards_obtained":["DevaForm"]},{"cards_removed":["DevaForm"],"damage_healed":25.0,"max_hp_gain":10.0,"max_hp_loss":0.0,"gold_gain":0.0,"event_name":"Bonfire Elementals","player_choice":"Offered Rare","floor":5.0,"gold_loss":0.0,"damage_taken":0.0},{"damage_healed":0.0,"max_hp_gain":0.0,"max_hp_loss":0.0,"gold_gain":0.0,"event_name":"Nest","player_choice":"Joined the Cult","floor":21.0,"gold_loss":0.0,"damage_taken":6.0,"cards_obtained":["RitualDagger"]},{"damage_healed":0,"gold_gain":0,"player_choice":"Shed Blood","damage_taken":20,"max_hp_gain":5,"max_hp_loss":0,"event_name":"Forgotten Altar","floor":24,"gold_loss":0}],"is_beta":false,"boss_relics":[{"not_picked":["Coffee Dripper","Ectoplasm"],"picked":"Fusion Hammer"}],"items_purged_floors":[3],"is_endless":false,"potions_floor_spawned":[4,7,14,16,18,22],"killed_by":"Snake Plant","ascension_level":2}}