{"host":"sum4dy402bbv9y4o","time":1610557266,"event":{"mods":["Aspiration","BaseMod","Conspire","Highlight Path","Minty Spire (QoL Compilation)","StSLib"],"gold_per_floor":[115,131,23,23,43,71,81,81,108,108,127,127,137,164,164,238,238,253,253,273,154,174,174,201,201,276,290,290,290,290,306,306,306,306],"floor_reached":33,"language":"ENG","playtime":1483,"items_purged":["Strike_G"],"score":554,"play_id":"7c4a059f-0403-4706-9048-732860b495ef","local_time":"20210113200106","is_ascension_mode":true,"campfire_choices":[{"data":"Dash","floor":8,"key":"SMITH"},{"data":"Neutralize","floor":10,"key":"SMITH"},{"floor":12,"key":"REST"},{"data":"Glass Knife","floor":15,"key":"SMITH"},{"floor":23,"key":"REST"},{"floor":25,"key":"REST"},{"floor":30,"key":"REST"},{"floor":32,"key":"REST"}],"circlet_count":0,"master_deck":["AscendersBane","Strike_G","Strike_G","Strike_G","Defend_G","Defend_G","Defend_G","Defend_G","Survivor","Neutralize+1","Adrenaline","Dagger Throw","Dodge and Roll","Bane","Dash+1","Quick Slash","Flying Knee","Dodge and Roll","Glass Knife+1","Envenom","Poisoned Stab","Endless Agony+1","Steam","All Out Attack","Panacea","Flash of Steel","Armaments","EmptyFist+1"],"relics":["Ring of the Snake","aspiration:ChemicalBlood","Bronze Scales","Letter Opener","PrismaticShard","aspiration:VileToxins","conspire:Flyswatter"],"acts_visited":["Exordium","TheCity"],"potions_floor_usage":[5,14,14,16,24,24,24,27,27,33,33,33,33],"damage_taken":[{"damage":1,"enemies":"Jaw Worm","floor":1,"turns":2},{"damage":2,"enemies":"conspire:RoseBush","floor":2,"turns":5},{"damage":0,"enemies":"Small Slimes","floor":5,"turns":4},{"damage":14,"enemies":"3 Sentries","floor":6,"turns":10},{"damage":0,"enemies":"2 Fungi Beasts","floor":7,"turns":3},{"damage":3,"enemies":"Looter","floor":11,"turns":3},{"damage":0,"enemies":"Exordium Wildlife","floor":13,"turns":2},{"damage":6,"enemies":"Gremlin Nob","floor":14,"turns":3},{"damage":14,"enemies":"The Guardian","floor":16,"turns":11},{"damage":21,"enemies":"Shell Parasite","floor":18,"turns":4},{"damage":0,"enemies":"conspire:FuzzyDice","floor":20,"turns":6},{"damage":9,"enemies":"Centurion and Healer","floor":22,"turns":8},{"damage":58,"enemies":"Book of Stabbing","floor":24,"turns":5},{"damage":23,"enemies":"Shelled Parasite and Fungi","floor":27,"turns":4},{"damage":0,"enemies":"Snecko","floor":31,"turns":2},{"damage":65,"enemies":"Champ","floor":33,"turns":8}],"seed_played":"-944888359789990863","potions_obtained":[{"floor":5,"key":"Fruit Juice"},{"floor":6,"key":"SkillPotion"},{"floor":7,"key":"Poison Potion"},{"floor":14,"key":"Dexterity Potion"},{"floor":20,"key":"Strength Potion"},{"floor":24,"key":"PowerPotion"},{"floor":24,"key":"SpeedPotion"}],"is_trial":false,"path_per_floor":["M","M","$","?","M","E","M","R","T","R","M","R","M","E","R","B",null,"M","?","M","$","M","R","E","R","T","M","?","?","R","M","R","B"],"character_chosen":"THE_SILENT","items_purchased":["Dash","Quick Slash","All Out Attack"],"campfire_rested":5,"item_purchase_floors":[3,3,21],"current_hp_per_floor":[43,41,41,41,46,32,32,32,32,32,29,50,50,44,44,30,61,40,28,28,28,19,40,7,28,28,5,5,5,26,26,47,0,0],"gold":306,"neow_bonus":"TRANSFORM_TWO_CARDS","is_daily":false,"chose_seed":false,"campfire_upgraded":3,"win_rate":0.0,"timestamp":1610557266,"path_taken":["M","M","$","?","M","E","M","R","T","R","M","R","M","E","R","BOSS","M","?","M","$","M","R","E","R","T","M","?","?","R","M","R","BOSS"],"items_purchased_type":["Card","Card","Card"],"build_version":"2020-12-22","purchased_purges":1,"victory":false,"max_hp_per_floor":[66,66,66,66,71,71,71,71,71,71,71,71,71,71,71,71,71,71,71,71,71,71,71,71,71,71,71,71,71,71,71,71,71,71],"card_choices":[{"not_picked":["Underhanded Strike","Crippling Poison"],"picked":"Dodge and Roll","floor":1},{"not_picked":["Deadly Poison","Cloak And Dagger"],"picked":"Bane","floor":2},{"not_picked":["Choke","Blade Dance"],"picked":"Flying Knee","floor":5},{"not_picked":["Terror","Unload"],"picked":"Dodge and Roll","floor":6},{"not_picked":["Backflip","PiercingWail","Finisher"],"picked":"SKIP","floor":7},{"not_picked":["Prepared","Accuracy","Dagger Throw"],"picked":"SKIP","floor":11},{"not_picked":["Dagger Throw","Heel Hook","Crippling Poison"],"picked":"SKIP","floor":13},{"not_picked":["Concentrate","Sucker Punch"],"picked":"Glass Knife","floor":14},{"not_picked":["aspiration:Lunge","Unload"],"picked":"Envenom","floor":16},{"not_picked":["Dagger Throw","Eviscerate"],"picked":"Poisoned Stab","floor":18},{"not_picked":["Flying Knee+1","A Thousand Cuts"],"picked":"Endless Agony+1","floor":19},{"not_picked":["Deep Breath","Turbo"],"picked":"Steam","floor":20},{"not_picked":["SignatureMove","Deadly Poison"],"picked":"Panacea","floor":22},{"not_picked":["FearNoEvil","Footwork"],"picked":"Flash of Steel","floor":24},{"not_picked":["Stack","conspire:Rain"],"picked":"Armaments","floor":27},{"not_picked":["Carnage","Chrysalis"],"picked":"EmptyFist+1","floor":31}],"player_experience":2930871,"relics_obtained":[{"floor":6,"key":"aspiration:ChemicalBlood"},{"floor":9,"key":"Bronze Scales"},{"floor":14,"key":"Letter Opener"},{"floor":19,"key":"PrismaticShard"},{"floor":24,"key":"aspiration:VileToxins"},{"floor":26,"key":"conspire:Flyswatter"}],"event_choices":[{"damage_healed":0,"gold_gain":0,"player_choice":"Fled","damage_taken":0,"max_hp_gain":0,"max_hp_loss":0,"event_name":"Scrap Ooze","floor":4,"gold_loss":0},{"damage_healed":0,"gold_gain":0,"player_choice":"Ignored","damage_taken":0,"max_hp_gain":0,"max_hp_loss":0,"event_name":"Cursed Tome","floor":28,"gold_loss":0}],"is_beta":false,"boss_relics":[{"not_picked":["Fusion Hammer","conspire:SlowCooker","aspiration:PoetsPen"]}],"items_purged_floors":[21],"is_endless":false,"potions_floor_spawned":[5,6,7,11,13,14,20,22,24,31],"killed_by":"Champ","ascension_level":20}}