{"host":"yn5u65xaxuhqfd3k","time":1610574396,"event":{"mods":["BaseMod","Minty Spire (QoL Compilation)","Relic Stats","StSLib","The Marked"],"gold_per_floor":[116,291,308,20,20,53,79,91,182,204,12,12,0,12,12,114,114,124,142,142,96,96,96],"floor_reached":22,"language":"ENG","playtime":1743,"items_purged":["Doubt","theMarked:Strike"],"score":184,"play_id":"3d7a406d-f5a8-42b4-84e9-a77f3b288a1e","local_time":"20210113164636","is_ascension_mode":false,"campfire_choices":[{"data":"theMarked:MysticalArsenal","floor":8,"key":"SMITH"},{"floor":12,"key":"REST"},{"data":"theMarked:BanishingWave","floor":15,"key":"SMITH"}],"circlet_count":0,"master_deck":["theMarked:Strike","theMarked:Strike","theMarked:Strike","theMarked:Strike","theMarked:Defend","theMarked:Defend","theMarked:Defend","theMarked:Defend","theMarked:SoldierOfQuellstein","theMarked:HeritageOfTheMarked","theMarked:WardOff","theMarked:Frustration","theMarked:RogueSparks","theMarked:MysticalArsenal+1","theMarked:BanishingWave+1","theMarked:GodGivenPower","theMarked:HeritageOfTheMarked","theMarked:Reabsorb","theMarked:Aftermath","theMarked:EternalStudent","theMarked:SwordAndMagic","theMarked:Frustration","Enlightenment","theMarked:Frustration"],"relics":["theMarked:BronzeBlade","MawBank","Pantograph"],"acts_visited":["Exordium","TheCity"],"potions_floor_usage":[3,6,14,22],"damage_taken":[{"damage":2,"enemies":"Small Slimes","floor":1,"turns":4},{"damage":6,"enemies":"Jaw Worm","floor":3,"turns":3},{"damage":28,"enemies":"Gremlin Nob","floor":6,"turns":5},{"damage":12,"enemies":"2 Louse","floor":7,"turns":3},{"damage":9,"enemies":"2 Fungi Beasts","floor":10,"turns":3},{"damage":11,"enemies":"Red Slaver","floor":14,"turns":3},{"damage":65,"enemies":"Hexaghost","floor":16,"turns":9},{"damage":25,"enemies":"2 Thieves","floor":18,"turns":3},{"damage":10,"enemies":"Chosen","floor":19,"turns":3},{"damage":39,"enemies":"Shelled Parasite and Fungi","floor":22,"turns":3}],"seed_played":"-231718977534095273","potions_obtained":[{"floor":1,"key":"ColorlessPotion"},{"floor":10,"key":"Energy Potion"},{"floor":14,"key":"BlessingOfTheForge"},{"floor":16,"key":"LiquidBronze"},{"floor":18,"key":"Fire Potion"}],"is_trial":false,"path_per_floor":["M","?","M","$","?","E","M","R","T","M","$","R","?","M","R","B",null,"M","M","?","$","M"],"character_chosen":"THE_DEFAULT","items_purchased":["theMarked:Frustration","Regen Potion","theMarked:RogueSparks","theMarked:HeritageOfTheMarked","theMarked:Reabsorb","theMarked:Frustration"],"campfire_rested":1,"item_purchase_floors":[4,4,4,11,11,21],"current_hp_per_floor":[75,75,69,69,74,59,47,47,47,38,38,62,62,51,51,11,82,57,47,35,35,0,0],"gold":96,"neow_bonus":"TEN_PERCENT_HP_BONUS","is_daily":false,"chose_seed":false,"campfire_upgraded":2,"win_rate":0.0,"timestamp":1610574396,"path_taken":["M","?","M","$","?","E","M","R","T","M","?","R","?","M","R","BOSS","M","M","?","$","M"],"items_purchased_type":["Card","Potion","Card","Card","Card","Card"],"build_version":"2020-12-22","purchased_purges":2,"victory":false,"max_hp_per_floor":[77,77,77,77,82,82,82,82,82,82,82,82,82,82,82,82,82,82,82,82,82,82,82],"relic_stats":{"counters":[10,38],"Pantograph":25,"MawBank":60,"obtain_stats":[{"theMarked:ArtifactOfAir":0,"Pantograph":9,"theMarked:BronzeBlade":17,"MawBank":6},{"theMarked:ArtifactOfAir":0,"Pantograph":4,"theMarked:BronzeBlade":7,"MawBank":3},{"theMarked:ArtifactOfAir":0,"Pantograph":14,"theMarked:BronzeBlade":29,"MawBank":11}]},"card_choices":[{"not_picked":["theMarked:Generate","theMarked:Static"],"picked":"theMarked:HeritageOfTheMarked","floor":1},{"not_picked":["theMarked:Standoff","theMarked:SwordAndMagic"],"picked":"theMarked:WardOff","floor":3},{"not_picked":["theMarked:HeightenedSenses","theMarked:Reabsorb"],"picked":"theMarked:MysticalArsenal","floor":6},{"not_picked":["theMarked:WastefulDefense","theMarked:TakeOffHeels"],"picked":"theMarked:BanishingWave","floor":7},{"not_picked":["theMarked:Opportunist","theMarked:Electrify"],"picked":"theMarked:GodGivenPower","floor":10},{"not_picked":["theMarked:ElectricStrings","theMarked:ParalyzingBlade"],"picked":"theMarked:Aftermath","floor":14},{"not_picked":["theMarked:FavorableWinds","theMarked:MagicAdept"],"picked":"theMarked:EternalStudent","floor":16},{"not_picked":["theMarked:ElectricStrings","theMarked:Electrocute"],"picked":"theMarked:SwordAndMagic","floor":18},{"not_picked":["theMarked:WastefulDefense","theMarked:StartUp+1"],"picked":"theMarked:Frustration","floor":19}],"player_experience":1021330,"relics_obtained":[{"floor":6,"key":"MawBank"},{"floor":9,"key":"Pantograph"}],"event_choices":[{"damage_healed":0,"gold_gain":175,"player_choice":"AGREE","damage_taken":0,"max_hp_gain":0,"max_hp_loss":0,"event_name":"Liars Game","floor":2,"gold_loss":0,"cards_obtained":["Doubt"]},{"damage_healed":0,"gold_gain":0,"player_choice":"Donut","damage_taken":0,"max_hp_gain":5,"max_hp_loss":0,"event_name":"Big Fish","floor":5,"gold_loss":0},{"damage_healed":0,"gold_gain":0,"player_choice":"Left Gold","damage_taken":0,"max_hp_gain":0,"max_hp_loss":0,"event_name":"World of Goop","floor":13,"gold_loss":12},{"damage_healed":0,"gold_gain":0,"player_choice":"CARD ","damage_taken":12,"max_hp_gain":0,"max_hp_loss":0,"event_name":"Knowing Skull","floor":20,"potions_obtained":[],"gold_loss":0,"cards_obtained":["Enlightenment"]}],"is_beta":false,"boss_relics":[{"not_picked":["Runic Pyramid","theMarked:Eyepatch"],"picked":"theMarked:BronzeBlade"}],"items_purged_floors":[4,11],"is_endless":false,"potions_floor_spawned":[1,10,14,16,18,19],"killed_by":"Shelled Parasite and Fungi","ascension_level":0}}