{"host":"l84l8xigz5v5foa2","time":1610518839,"event":{"mods":["2.2 Compatiblity","AchievementEnabler","BaseMod","Better Note","Better Vampires","Card Filter","Colored Map","DeckTracker","Downfall","Gremlin Skip","Highlight Path","Keyboard Shortcuts","Minty Spire (QoL Compilation)","Permanent Neow","Quick Restart","Relic Filter","Relic Stats","StSLib","SuperFastMode","Transform Curses","Unknown Chances"],"gold_per_floor":[99,119,139,139,239,250,250,134,134,234,234,244,169,204,223,299,299,299,318,77,93,78,97,97,97,97,109,109,209,239,255,273,349,349,274,287,306,323,323,323,346,357,357,262,275,200,200,232,245,245,245,273,4,4,4],"floor_reached":56,"language":"ENG","playtime":4384,"items_purged":["Slimebound:Icky","Guardian:Strike_Guardian","Guardian:Defend_Guardian"],"score":2373,"play_id":"fd2078d9-16c3-4e5d-9093-b52f900ec9bf","local_time":"20210113152039","is_ascension_mode":true,"campfire_choices":[{"data":"Guardian:TwinSlam","floor":1.0,"key":"SMITH"},{"data":"Guardian:CurlUp","floor":9.0,"key":"SMITH"},{"floor":11.0,"key":"RECALL"},{"data":"Guardian:SentryBeam","floor":13.0,"key":"SMITH"},{"data":"Guardian:ExploitGems","floor":18.0,"key":"SMITH"},{"data":"Guardian:Clone","floor":26.0,"key":"SMITH"},{"data":"Guardian:TemporalShield","floor":28.0,"key":"SMITH"},{"data":"Guardian:FastForward","floor":35.0,"key":"SMITH"},{"data":"Guardian:Recover","floor":40.0,"key":"SMITH"},{"data":"Guardian:Recover","floor":46.0,"key":"SMITH"},{"data":"Guardian:PolyBeam","floor":54.0,"key":"SMITH"}],"circlet_count":0,"master_deck":["AscendersBane","Guardian:Defend_Guardian","Guardian:CurlUp+1","Guardian:TwinSlam+1","Guardian:Recover+1","Guardian:ShieldCharger","Guardian:PrimingBeam","Guardian:SentryBeam+1","Guardian:TemporalShield+1","Guardian:ExploitGems+1","Guardian:Clone+1","Guardian:PrismaticBarrier","Guardian:BronzeOrb","Guardian:TimeCapacitor+1","Guardian:SpikerProtocol+1","Guardian:Recover+1","Guardian:Incinerate","Guardian:FastForward+1","Guardian:FloatingOrbs+1","Guardian:ShieldSpikes+1","Guardian:MultiBeam+1","Guardian:Suspension+1","Guardian:PrimingBeam","expansioncontent:CaCaw+1","expansioncontent:DefensiveStance+1","Guardian:FloatingOrbs+1","Guardian:EvasiveProtocol+1","Guardian:PolyBeam+1","Guardian:FierceBash"],"relics":["Guardian:ModeShifter","Frozen Egg 2","White Beast Statue","downfall:HeartBlessingRed","Ancient Tea Set","sneckomod:SneckoTalon","Question Card","Eternal Feather","Shuriken","Astrolabe","downfall:HeartBlessingGreen","Guardian:StasisCodex","Membership Card","Gambling Chip","downfall:HeartBlessingBlue","hexamod:BolsterEngine","Mummified Hand","Calipers","Guardian:BottledAnomaly"],"acts_visited":["Exordium","TheCity","TheBeyond","TheEnding"],"potions_floor_usage":[55],"damage_taken":[{"damage":1.0,"enemies":"2 Louse","floor":2.0,"turns":3.0},{"damage":2.0,"enemies":"Small Slimes","floor":3.0,"turns":4.0},{"damage":0.0,"enemies":"Cultist","floor":6.0,"turns":3.0},{"damage":0.0,"enemies":"downfall:FleeingMerchant","floor":8.0,"turns":4.0},{"damage":28.0,"enemies":"downfall:LadyInBlue","floor":10.0,"turns":14.0},{"damage":0.0,"enemies":"Exordium Thugs","floor":12.0,"turns":4.0},{"damage":0.0,"enemies":"Lagavulin","floor":14.0,"turns":5.0},{"damage":0.0,"enemies":"2 Fungi Beasts","floor":15.0,"turns":3.0},{"damage":6.0,"enemies":"downfall:Silent","floor":16.0,"turns":10.0},{"damage":0.0,"enemies":"Spheric Guardian","floor":19.0,"turns":4.0},{"damage":0.0,"enemies":"downfall:FleeingMerchant","floor":20.0,"turns":4.0},{"damage":1.0,"enemies":"Chosen and Byrds","floor":21.0,"turns":6.0},{"damage":0.0,"enemies":"downfall:FleeingMerchant","floor":22.0,"turns":4.0},{"damage":6.0,"enemies":"Snake Plant","floor":23.0,"turns":4.0},{"damage":0.0,"enemies":"3 Cultists","floor":27.0,"turns":4.0},{"damage":0.0,"enemies":"downfall:FaceTrader","floor":29.0,"turns":6.0},{"damage":3.0,"enemies":"Book of Stabbing","floor":30.0,"turns":5.0},{"damage":30.0,"enemies":"Snecko","floor":31.0,"turns":5.0},{"damage":0.0,"enemies":"Snake Plant","floor":32.0,"turns":3.0},{"damage":0.0,"enemies":"downfall:Ironclad","floor":33.0,"turns":10.0},{"damage":0.0,"enemies":"3 Darklings","floor":36.0,"turns":5.0},{"damage":8.0,"enemies":"Orb Walker","floor":37.0,"turns":4.0},{"damage":8.0,"enemies":"Spire Growth","floor":38.0,"turns":4.0},{"damage":0.0,"enemies":"3 Darklings","floor":42.0,"turns":5.0},{"damage":0.0,"enemies":"downfall:FleeingMerchant","floor":44.0,"turns":4.0},{"damage":0.0,"enemies":"4 Shapes","floor":45.0,"turns":5.0},{"damage":0.0,"enemies":"Giant Head","floor":48.0,"turns":6.0},{"damage":0.0,"enemies":"Maw","floor":49.0,"turns":5.0},{"damage":27.0,"enemies":"downfall:Defect","floor":50.0,"turns":8.0},{"damage":0.0,"enemies":"downfall:CharBossMerchant","floor":52.0,"turns":7.0},{"damage":0,"enemies":"downfall:NeowBoss","floor":55,"turns":12}],"seed_played":"-3433663878224254935","potions_obtained":[{"floor":10.0,"key":"Regen Potion"},{"floor":10.0,"key":"Weak Potion"},{"floor":12.0,"key":"Fire Potion"},{"floor":14.0,"key":"GamblersBrew"},{"floor":15.0,"key":"SkillPotion"},{"floor":16.0,"key":"PowerPotion"},{"floor":20.0,"key":"Fire Potion"},{"floor":21.0,"key":"EntropicBrew"},{"floor":22.0,"key":"SteroidPotion"},{"floor":27.0,"key":"SteroidPotion"},{"floor":29.0,"key":"LiquidMemories"},{"floor":31.0,"key":"Swift Potion"},{"floor":32.0,"key":"BlessingOfTheForge"},{"floor":33.0,"key":"Guardian:StasisDiscoveryPotion"},{"floor":36.0,"key":"GamblersBrew"},{"floor":38.0,"key":"champ:CounterPotion"},{"floor":42.0,"key":"Fruit Juice"},{"floor":44.0,"key":"SpeedPotion"},{"floor":45.0,"key":"AttackPotion"},{"floor":52.0,"key":"Dexterity Potion"}],"is_trial":false,"path_per_floor":["R","M","M","?","?","M","T","$","R","?","R","M","R","E","M","B",null,"R","M","$","M","$","M","T","T","R","M","R","?","E","M","M","B",null,"R","M","M","M","?","R","T","M","T","$","M","R","?","E","M","B",null,"E","$","R","B",null],"character_chosen":"GUARDIAN","items_purchased":["Guardian:Gem_Red","Guardian:BronzeOrb","Guardian:TimeCapacitor+1","Membership Card","Gambling Chip","Guardian:EvasiveProtocol+1","Calipers","Guardian:BottledAnomaly","Guardian:Gem_Red"],"campfire_rested":0,"item_purchase_floors":[8,20,20,44,44,44,53,53,53],"current_hp_per_floor":[65,64,62,62,62,62,62,62,62,34,34,46,46,46,46,40,64,64,64,64,63,63,57,57,57,69,69,72,72,69,39,39,39,64,72,72,64,56,46,61,61,66,66,66,66,87,87,87,87,60,80,80,80,87,87],"gold":4,"neow_bonus":"ONE_RANDOM_RARE_CARD","is_daily":false,"chose_seed":false,"campfire_upgraded":10,"win_rate":0.0,"timestamp":1610518839,"path_taken":["R","M","M","?","?","M","T","$","R","?","R","M","R","E","M","BOSS","R","M","?","M","$","M","T","?","R","M","R","?","E","M","M","BOSS","R","M","M","?","?","R","T","M","?","$","M","R","?","E","M","BOSS","E","$","R","BOSS"],"items_purchased_type":["Card","Card","Card","Relic","Relic","Card","Relic","Relic","Card"],"build_version":"2020-12-22","purchased_purges":3,"victory":true,"max_hp_per_floor":[72,72,72,72,72,72,72,72,72,72,72,72,72,72,72,72,72,72,72,72,72,72,72,72,72,72,72,72,72,72,72,72,72,72,72,72,72,72,72,72,72,77,77,77,77,87,87,87,87,87,87,87,87,87,87],"relic_stats":{"counters":[31,170],"Shuriken":[69],"Mummified Hand":[8],"Astrolabe":["Guardian:FloatingOrbs","Guardian:ShieldSpikes","Guardian:MultiBeam"],"Gambling Chip":[8],"Eternal Feather":56,"Question Card":21,"obtain_stats":[{"Calipers":53,"downfall:HeartBlessingRed":13,"Astrolabe":34,"Guardian:ModeShifter":0,"Eternal Feather":25,"downfall:HeartBlessingGreen":35,"Guardian:StasisCodex":43,"Frozen Egg 2":7,"Ancient Tea Set":14,"sneckomod:SneckoTalon":17,"Question Card":24,"White Beast Statue":10,"Shuriken":30,"downfall:HeartBlessingBlue":46,"Mummified Hand":52,"Gambling Chip":44,"Membership Card":44,"hexamod:BolsterEngine":48,"Guardian:BottledAnomaly":53},{"Calipers":30,"downfall:HeartBlessingRed":6,"Astrolabe":20,"Guardian:ModeShifter":0,"Eternal Feather":14,"downfall:HeartBlessingGreen":20,"Guardian:StasisCodex":24,"Frozen Egg 2":3,"Ancient Tea Set":7,"sneckomod:SneckoTalon":9,"Question Card":14,"White Beast Statue":5,"Shuriken":17,"downfall:HeartBlessingBlue":26,"Mummified Hand":30,"Gambling Chip":25,"Membership Card":25,"hexamod:BolsterEngine":27,"Guardian:BottledAnomaly":30},{"Calipers":158,"downfall:HeartBlessingRed":32,"Astrolabe":105,"Guardian:ModeShifter":0,"Eternal Feather":72,"downfall:HeartBlessingGreen":105,"Guardian:StasisCodex":123,"Frozen Egg 2":10,"Ancient Tea Set":37,"sneckomod:SneckoTalon":50,"Question Card":72,"White Beast Statue":28,"Shuriken":87,"downfall:HeartBlessingBlue":132,"Mummified Hand":158,"Gambling Chip":127,"Membership Card":127,"hexamod:BolsterEngine":138,"Guardian:BottledAnomaly":158}]},"card_choices":[{"not_picked":["Guardian:TemporalStrike","Guardian:TemporalShield","Guardian:PrimingBeam"],"picked":"SKIP","floor":2.0},{"not_picked":["Guardian:VentSteam","Guardian:CrystalBeam"],"picked":"Guardian:Recover","floor":3.0},{"not_picked":["Guardian:TemporalStrike","Guardian:Gem_Yellow"],"picked":"Guardian:Gem_White","floor":6.0},{"not_picked":["Guardian:ChargeCore","Guardian:TemporalStrike"],"picked":"Guardian:ShieldCharger","floor":8.0},{"not_picked":["Guardian:Incinerate","Guardian:Planning"],"picked":"Guardian:PrimingBeam","floor":10.0},{"not_picked":["Guardian:Gem_Cyan","Guardian:Preprogram"],"picked":"Guardian:SentryBeam","floor":12.0},{"not_picked":["Guardian:GuardianWhirl","Guardian:Emergency"],"picked":"Guardian:Gem_Blue","floor":14.0},{"not_picked":["Guardian:Gem_Green","Guardian:ShieldCharger"],"picked":"Guardian:TemporalShield","floor":15.0},{"not_picked":["Guardian:ConstructionForm+1","Guardian:GatlingBeam"],"picked":"Guardian:ExploitGems","floor":16.0},{"not_picked":["Guardian:TimeBomb","Guardian:ShieldCharger"],"picked":"Guardian:Clone","floor":19.0},{"not_picked":["Guardian:ChargeCore+1","Guardian:PiercingHide"],"picked":"Guardian:PrismaticBarrier","floor":20.0},{"not_picked":["Guardian:VentSteam","Guardian:TemporalStrike"],"picked":"Guardian:SpikerProtocol+1","floor":21.0},{"not_picked":["Guardian:VentSteam","Guardian:ArmoredProtocol+1"],"picked":"Guardian:Gem_Green","floor":22.0},{"not_picked":["Guardian:PiercingHide","Guardian:WalkerClaw"],"picked":"Guardian:Recover","floor":23.0},{"not_picked":["Guardian:FierceBash","Guardian:Recover","Guardian:Planning"],"picked":"Guardian:Incinerate","floor":27.0},{"not_picked":["Guardian:ChargeCore","Guardian:BaubleBeam","Guardian:ShieldCharger"],"picked":"Guardian:Gem_Green","floor":29.0},{"not_picked":["Guardian:TemporalStrike","Guardian:BronzeOrb","Guardian:SentryBeam"],"picked":"Guardian:Gem_Cyan","floor":30.0},{"not_picked":["Guardian:TimeBomb","Guardian:PrimingBeam","Guardian:Gem_Green"],"picked":"Guardian:Gem_Yellow","floor":31.0},{"not_picked":["Guardian:Clone","Guardian:Gem_Green","Guardian:RollAttack","Guardian:TemporalStrike"],"picked":"SKIP","floor":32.0},{"not_picked":["Guardian:ConstructionForm+1","Guardian:SphericShield","Guardian:GatlingBeam"],"picked":"Guardian:FastForward","floor":33.0},{"not_picked":["Guardian:Planning","Guardian:PiercingHide+1","Guardian:PrimingBeam"],"picked":"Guardian:Suspension+1","floor":36.0},{"not_picked":["Guardian:Gem_Blue","Guardian:Incinerate","Guardian:ShieldCharger"],"picked":"Guardian:PrimingBeam","floor":37.0},{"not_picked":["Guardian:Recover","Guardian:Gem_Green","Guardian:ChargeUp","Guardian:TemporalShield"],"picked":"SKIP","floor":38.0},{"not_picked":["expansioncontent:TimeRipple","expansioncontent:PrepareCrush","expansioncontent:BronzeBeam"],"picked":"expansioncontent:CaCaw+1","floor":39.0},{"not_picked":["expansioncontent:HyperBeam","expansioncontent:Torchfire","expansioncontent:YouAreMine"],"picked":"expansioncontent:DefensiveStance+1","floor":39.0},{"not_picked":["Guardian:Planning","Guardian:Reroute","Guardian:VentSteam+1"],"picked":"Guardian:Gem_White","floor":42.0},{"not_picked":["Guardian:Incinerate","Guardian:VentSteam","Guardian:TemporalStrike"],"picked":"Guardian:FloatingOrbs+1","floor":44.0},{"not_picked":["Guardian:VentSteam","Guardian:TemporalShield","Guardian:WalkerClaw","Guardian:Recover"],"picked":"SKIP","floor":45.0},{"not_picked":["Guardian:VentSteam","Guardian:TemporalShield","Guardian:WalkerClaw","Guardian:Recover"],"picked":"SKIP","floor":45.0},{"not_picked":["Guardian:ShieldCharger","Guardian:SentryBeam","Guardian:GemFinder+1"],"picked":"Guardian:PolyBeam","floor":48.0},{"not_picked":["Guardian:Planning","Guardian:CrystalBeam","Guardian:PiercingHide+1","Guardian:ShieldSpikes+1"],"picked":"SKIP","floor":49.0},{"not_picked":["Guardian:Incinerate","Guardian:TimeCapacitor+1","Guardian:Gem_Cyan"],"picked":"Guardian:FierceBash","floor":52.0}],"player_experience":3142749,"relics_obtained":[{"floor":7.0,"key":"Frozen Egg 2"},{"floor":10.0,"key":"White Beast Statue"},{"floor":14.0,"key":"Ancient Tea Set"},{"floor":24.0,"key":"Question Card"},{"floor":25.0,"key":"Eternal Feather"},{"floor":30.0,"key":"Shuriken"},{"floor":43.0,"key":"Guardian:StasisCodex"},{"floor":48.0,"key":"hexamod:BolsterEngine"},{"floor":52.0,"key":"Mummified Hand"}],"event_choices":[{"cards_removed":["Guardian:Defend_Guardian"],"damage_healed":0.0,"max_hp_gain":0.0,"max_hp_loss":0.0,"gold_gain":0.0,"event_name":"The Cleric","player_choice":"Card Removal","floor":4.0,"gold_loss":0.0,"damage_taken":0.0}],"is_beta":false,"boss_relics":[{"not_picked":["Coffee Dripper","SlaversCollar"],"picked":"sneckomod:SneckoTalon"},{"not_picked":["Calling Bell","Busted Crown"],"picked":"Astrolabe"}],"items_purged_floors":[8,20,44],"is_endless":false,"potions_floor_spawned":[10,12,14,15,16,19,20,21,22,23,27,29,30,31,32,33,36,37,38,42,44,45,48,49,52],"ascension_level":20}}