{"host":"l7l2v2zs4hqku4vk","time":1610537296,"event":{"mods":["Act Like it!","BaseMod","Colored Powertips","Highlight Path","Minty Spire (QoL Compilation)","Replay The Spire","RumiaBox-露米娅的神秘盒子","StSLib","TestMod","The Servant 0.9.4","篝火指南"],"gold_per_floor":[116,116,116,61,61,61,79,97,97,97,22,40,40,74,74,185,185,205,70,91,91,91,96,96],"floor_reached":23,"language":"ZHS","playtime":739,"items_purged":["Looming Evil"],"score":212,"play_id":"069811f1-4d5e-49fc-a43a-c5b05acc75e6","local_time":"20210113192816","daily_mods":["Cursed Run","Vintage","Lethality"],"is_ascension_mode":false,"campfire_choices":[{"data":"Vigilance","floor":6,"key":"SMITH"},{"data":"Eruption","floor":10,"key":"SMITH"},{"data":"Prostrate","floor":15,"key":"SMITH"}],"circlet_count":0,"master_deck":["Strike_P","Strike_P","Strike_P","Defend_P","Defend_P","Defend_P","Defend_P","Eruption+1","Vigilance+1","LikeWater+1","Prostrate+1","ReplayTheSpireMod:Faulty Equipment","Ragnarok","Adaptation+1"],"relics":["Cursed Key","Darkstone Periapt","Du-Vu Doll","testmod-TestBox","testmod-Acrobat","ZombieArmy","Replay:Baseball","Ancient Tea Set","ReplayTheSpireMod:Lightbulb","Kunai","Replay:Bottled Steam","Ornamental Fan","Tiny Chest","testmod-Prudence","ReplayTheSpireMod:Ninjato","Boot"],"acts_visited":["Exordium","TheCity"],"potions_floor_usage":[14,18,18],"damage_taken":[{"damage":0,"enemies":"Cultist","floor":1,"turns":3},{"damage":4,"enemies":"Jaw Worm","floor":7,"turns":3},{"damage":0,"enemies":"2 Louse","floor":8,"turns":3},{"damage":11,"enemies":"Exordium Thugs","floor":12,"turns":2},{"damage":2,"enemies":"Replay:BlueRogue","floor":14,"turns":4},{"damage":25,"enemies":"Hexaghost","floor":16,"turns":6},{"damage":21,"enemies":"2 Thieves","floor":18,"turns":3},{"damage":29,"enemies":"3 Byrds","floor":20,"turns":4},{"damage":41,"enemies":"Book of Stabbing","floor":23,"turns":4}],"seed_played":"-4624312993155624390","potions_obtained":[{"floor":7,"key":"SteroidPotion"},{"floor":12,"key":"DuplicationPotion"},{"floor":16,"key":"Adrenaline Potion"}],"is_trial":false,"path_per_floor":["M","?","?","$","$","R","M","M","T","R","$","M","T","E","R","B",null,"M","$","M","$","?","E"],"character_chosen":"WATCHER","items_purchased":["LikeWater+1","testmod-SpacePotion","Adaptation+1"],"campfire_rested":0,"item_purchase_floors":[4,11,19],"current_hp_per_floor":[72,65,65,65,65,65,61,61,67,67,67,56,62,60,60,41,90,69,69,40,40,40,0,0],"gold":96,"neow_bonus":"","is_daily":true,"chose_seed":false,"campfire_upgraded":3,"win_rate":0.0,"timestamp":1610537296,"path_taken":["M","?","?","?","$","R","M","M","T","R","$","M","?","E","R","BOSS","M","$","M","$","?","E"],"items_purchased_type":["Card","Potion","Card"],"build_version":"2020-12-22","purchased_purges":1,"victory":false,"max_hp_per_floor":[72,72,72,72,72,72,72,72,78,78,78,78,84,84,84,90,90,90,90,90,90,90,90,90],"card_choices":[{"not_picked":["Protect","Sanctity"],"picked":"Prostrate","floor":14},{"not_picked":["Replay:AllIn","Judgement"],"picked":"Ragnarok","floor":16}],"player_experience":1695594,"relics_obtained":[{"floor":1,"key":"ZombieArmy"},{"floor":7,"key":"Ancient Tea Set"},{"floor":8,"key":"ReplayTheSpireMod:Lightbulb"},{"floor":9,"key":"Kunai"},{"floor":12,"key":"Replay:Bottled Steam"},{"floor":13,"key":"Ornamental Fan"},{"floor":14,"key":"Tiny Chest"},{"floor":18,"key":"ReplayTheSpireMod:Ninjato"},{"floor":20,"key":"Boot"}],"event_choices":[{"damage_healed":0,"gold_gain":0,"player_choice":"Success","damage_taken":7,"relics_obtained":["Replay:Baseball"],"max_hp_gain":0,"max_hp_loss":0,"event_name":"Scrap Ooze","floor":2,"gold_loss":0},{"cards_removed":["Strike_P"],"damage_healed":0,"gold_gain":0,"player_choice":"Forget","damage_taken":0,"max_hp_gain":0,"max_hp_loss":0,"event_name":"Living Wall","floor":3,"gold_loss":0},{"cards_removed":["ReplayTheSpireMod:Faulty Equipment","Clumsy"],"damage_healed":0,"gold_gain":0,"player_choice":"Removed Curses","damage_taken":0,"max_hp_gain":0,"max_hp_loss":0,"event_name":"Fountain of Cleansing","floor":22,"gold_loss":0}],"is_beta":false,"boss_relics":[{"not_picked":["testmod-StringDisintegrator","testmod-IncinerationGenerator"],"picked":"testmod-Prudence"}],"items_purged_floors":[19],"is_endless":false,"potions_floor_spawned":[7,12,16],"killed_by":"Book of Stabbing","ascension_level":0}}