{"host":"ft2xazkv7v30fddt","time":1610555182,"event":{"mods":["AchievementEnabler","Act Like it!","Aspiration","Astrologer","Bard","BaseMod","Better Altar","Better Match","Better Note","Better Sensory Stone","Better Skull","CapriCore","Chen","Colored Powertips","Downfall","Energized Spire","Gensokyo","GifTheSpireLib","Gremlin Mod","Hermit","Hubris","Infinite Spire","KinomotoSakuraMod(????)","Koishi","Marisa????????","Minty Spire (QoL Compilation)","Pale of the Ancients","Permanent Neow","Potionbrewer","Prisma Mod","Replay The Spire","StSLib","Stuff the Spire","The Blackbeard","The Bladedancer","The Construct","The Cursed","The Forsaken","The Gatherer","The Hayseed","The Immortal","The Runesmith","The Servant 0.9.4","The Showman","The Vixen","TheArtist","TheSwordswoman","Wandering Minibosses","thorton","vexMod"],"gold_per_floor":[118,133,63,90,90,90,103,103,130,130,130,130,130,55,55,55,55],"floor_reached":16,"language":"ENG","playtime":676,"items_purged":[],"score":112,"play_id":"affcca76-9d66-43c5-bc36-d7c55197ea9e","local_time":"20210114002622","is_ascension_mode":true,"campfire_choices":[{"data":"astrologer:TheFool","floor":6,"key":"SMITH"},{"data":"astrologer:Confirmation","floor":8,"key":"SMITH"},{"data":"astrologer:TheStar","floor":10,"key":"SMITH"},{"data":"astrologer:Death","floor":12,"key":"SMITH"},{"floor":15,"key":"REST"}],"circlet_count":0,"master_deck":["astrologer:Strike+1","astrologer:Strike","astrologer:Strike","astrologer:Strike","astrologer:Defend","astrologer:Defend","astrologer:Defend","astrologer:Defend","astrologer:NorthStar+1","astrologer:TheFool+1","astrologer:Death+1","astrologer:Confirmation+1","astrologer:TheStar+1","infinitespire:Menacing","astrologer:TheSun","astrologer:SolarFlare+1"],"relics":["astrologer:SkyMirror","theForsaken:Gavel","Gensokyo:Justice","StuffTheSpire:Barrel"],"acts_visited":["Gensokyo:Gensokyo"],"potions_floor_usage":[7],"damage_taken":[{"damage":0,"enemies":"Gensokyo:2_Kodama","floor":1,"turns":4},{"damage":9,"enemies":"Gensokyo:Gryphon","floor":2,"turns":4},{"damage":7,"enemies":"Gensokyo:Python","floor":7,"turns":3},{"damage":15,"enemies":"Gensokyo:5_Fairies","floor":13,"turns":6},{"damage":42,"enemies":"Gensokyo:Kokoro","floor":16,"turns":6}],"seed_played":"3589666618840840023","potions_obtained":[{"floor":1,"key":"Swift Potion"},{"floor":2,"key":"potionbrewer:AcidPotion"}],"is_trial":false,"path_per_floor":["M","M","?","T","?","R","M","R","T","R","?","R","M","?","R","B"],"character_chosen":"ASTROLOGER","items_purchased":[],"campfire_rested":1,"item_purchase_floors":[],"current_hp_per_floor":[63,54,54,54,54,54,47,47,47,47,31,31,16,16,37,0,0],"gold":55,"neow_bonus":"ONE_RANDOM_RARE_CARD","is_daily":false,"chose_seed":false,"campfire_upgraded":4,"win_rate":0.0,"timestamp":1610555182,"path_taken":["M","M","?","?","?","R","M","R","T","R","?","R","M","?","R","BOSS"],"items_purchased_type":[],"build_version":"2020-12-22","purchased_purges":0,"victory":false,"max_hp_per_floor":[70,70,70,70,70,70,70,70,70,70,70,70,70,70,70,70,70],"card_choices":[{"not_picked":["astrologer:Stardust","astrologer:Still"],"picked":"astrologer:Confirmation","floor":1},{"not_picked":["astrologer:Radiance","astrologer:ReadTheStars"],"picked":"astrologer:FrozenStar","floor":2},{"not_picked":["astrologer:TheStar","astrologer:Eclipse","astrologer:Radiance"],"picked":"SKIP","floor":7},{"not_picked":["astrologer:Eclipse","astrologer:Radiance"],"picked":"astrologer:TheStar","floor":7},{"not_picked":["infinitespire:DeathsTouch","infinitespire:Execution"],"picked":"infinitespire:Menacing","floor":11},{"not_picked":["astrologer:Moonlight","astrologer:SolarFlare"],"picked":"astrologer:TheSun","floor":13},{"not_picked":["astrologer:Moonlight+1","astrologer:SpaceDust+1"],"picked":"astrologer:SolarFlare+1","floor":14}],"player_experience":1679465,"relics_obtained":[{"floor":4,"key":"theForsaken:Gavel"},{"floor":9,"key":"StuffTheSpire:Barrel"}],"event_choices":[{"damage_healed":0,"gold_gain":0,"player_choice":"2","damage_taken":0,"max_hp_gain":0,"max_hp_loss":0,"event_name":"betterMatch:BetterMatch","floor":14,"gold_loss":0,"cards_obtained":["betterMatch:CommonCard"]}],"is_beta":false,"boss_relics":[],"items_purged_floors":[],"is_endless":false,"potions_floor_spawned":[1,2],"killed_by":"Gensokyo:Kokoro","ascension_level":6}}