{"host":"03a85bwj0a5skoit","time":1610539921,"event":{"mods":["BaseMod","Block Reminder","Minty Spire (QoL Compilation)","Relic Stats","StSLib"],"gold_per_floor":[109,123,123,22,122,122,137,137,162,175,175,175,191,218,218,289,289,306,306,73,73,73,73,73,73,73],"floor_reached":25,"language":"ENG","playtime":654,"items_purged":["CutThroughFate"],"score":394,"play_id":"d9d14b34-7e24-417f-914d-20362e82c180","local_time":"20210113224201","is_ascension_mode":true,"campfire_choices":[{"data":"CutThroughFate","floor":6,"key":"SMITH"},{"data":"Wireheading","floor":8,"key":"SMITH"},{"data":"Adaptation","floor":11,"key":"SMITH"},{"data":"LikeWater","floor":15,"key":"SMITH"},{"floor":23,"key":"REST"}],"circlet_count":0,"master_deck":["AscendersBane","Eruption+1","Vigilance","LikeWater+1","CutThroughFate+1","CarveReality+1","Wireheading+1","Adaptation+1","DeusExMachina","InnerPeace","LessonLearned","Devotion","Brilliance","Consecrate","ConjureBlade","WaveOfTheHand","Scrawl","Pray","Halt","Writhe","Shame"],"relics":["PureWater","NeowsBlessing","Whetstone","Blood Vial","Pandora\u0027s Box","Membership Card","Toxic Egg 2","Art of War"],"acts_visited":["Exordium","TheCity"],"potions_floor_usage":[16,25,25,25,25],"damage_taken":[{"damage":0,"enemies":"2 Louse","floor":1,"turns":2},{"damage":0,"enemies":"Small Slimes","floor":2,"turns":1},{"damage":0,"enemies":"Cultist","floor":7,"turns":1},{"damage":11,"enemies":"3 Louse","floor":10,"turns":4},{"damage":0,"enemies":"2 Fungi Beasts","floor":13,"turns":2},{"damage":8,"enemies":"Gremlin Nob","floor":14,"turns":3},{"damage":35,"enemies":"Hexaghost","floor":16,"turns":7},{"damage":46,"enemies":"3 Byrds","floor":18,"turns":7},{"damage":52,"enemies":"Slavers","floor":25,"turns":3}],"seed_played":"-140551315998766183","potions_obtained":[{"floor":7,"key":"AttackPotion"},{"floor":18,"key":"EntropicBrew"}],"is_trial":false,"path_per_floor":["M","M","?","$","?","R","M","R","T","M","R","?","M","E","R","B",null,"M","?","$","?","?","R","?","E"],"character_chosen":"WATCHER","items_purchased":["SkillPotion","CarveReality","Membership Card","Halt"],"campfire_rested":1,"item_purchase_floors":[4,4,20,20],"current_hp_per_floor":[61,61,61,61,61,61,61,61,61,50,50,50,50,42,42,9,53,9,23,23,23,23,43,43,0,0],"gold":73,"neow_bonus":"THREE_ENEMY_KILL","is_daily":false,"chose_seed":false,"campfire_upgraded":4,"win_rate":0.0,"timestamp":1610539921,"path_taken":["M","M","?","$","?","R","?","R","T","M","R","?","M","E","R","BOSS","M","?","$","?","?","R","?","E"],"items_purchased_type":["Potion","Card","Relic","Card"],"build_version":"2020-12-22","purchased_purges":1,"victory":false,"max_hp_per_floor":[68,68,68,68,68,68,68,68,68,68,68,68,68,68,68,68,68,68,68,68,68,68,68,68,68,68],"relic_stats":{"Blood Vial":6,"counters":[9,30],"Pandora\u0027s Box":["SashWhip","Devotion","Brilliance","Consecrate","CutThroughFate","ConjureBlade","WaveOfTheHand","Scrawl"],"Art of War":[0],"Whetstone":["Strike_P","Strike_P"],"obtain_stats":[{"Blood Vial":14,"NeowsBlessing":0,"Pandora\u0027s Box":17,"Art of War":24,"Whetstone":9,"Membership Card":20,"PureWater":0,"Toxic Egg 2":22},{"Blood Vial":6,"NeowsBlessing":0,"Pandora\u0027s Box":7,"Art of War":8,"Whetstone":3,"Membership Card":8,"PureWater":0,"Toxic Egg 2":8},{"Blood Vial":13,"NeowsBlessing":0,"Pandora\u0027s Box":20,"Art of War":27,"Whetstone":4,"Membership Card":27,"PureWater":0,"Toxic Egg 2":27}]},"card_choices":[{"not_picked":["EmptyBody","ThirdEye"],"picked":"LikeWater","floor":1},{"not_picked":["Prostrate","FlurryOfBlows"],"picked":"CutThroughFate","floor":2},{"not_picked":["EmptyBody","EmptyFist"],"picked":"Wireheading","floor":7},{"not_picked":["EmptyMind","FollowUp"],"picked":"Adaptation","floor":10},{"not_picked":["PathToVictory","JustLucky"],"picked":"DeusExMachina","floor":13},{"not_picked":["Protect","Consecrate"],"picked":"InnerPeace","floor":14},{"not_picked":["DeusExMachina","Brilliance"],"picked":"LessonLearned","floor":16},{"not_picked":["PathToVictory","ClearTheMind"],"picked":"Pray","floor":18}],"player_experience":2335777,"relics_obtained":[{"floor":9,"key":"Whetstone"},{"floor":14,"key":"Blood Vial"}],"event_choices":[{"damage_healed":0,"gold_gain":0,"player_choice":"Grow","damage_taken":0,"max_hp_gain":0,"max_hp_loss":0,"event_name":"Living Wall","floor":3,"gold_loss":0,"cards_upgraded":["Eruption"]},{"damage_healed":0,"gold_gain":100,"player_choice":"Gold","damage_taken":0,"max_hp_gain":0,"max_hp_loss":0,"event_name":"Wheel of Change","floor":5,"gold_loss":0},{"damage_healed":0,"gold_gain":0,"player_choice":"Ignored","damage_taken":0,"max_hp_gain":0,"max_hp_loss":0,"event_name":"Shining Light","floor":12,"gold_loss":0},{"damage_healed":14,"gold_gain":0,"player_choice":"Heal","damage_taken":0,"max_hp_gain":0,"max_hp_loss":0,"event_name":"The Library","floor":19,"gold_loss":0},{"cards_removed":["SashWhip"],"damage_healed":0,"gold_gain":0,"player_choice":"Elegance","damage_taken":0,"max_hp_gain":0,"max_hp_loss":0,"event_name":"Back to Basics","floor":21,"gold_loss":0},{"damage_healed":0,"gold_gain":0,"player_choice":"Opened","damage_taken":0,"relics_obtained":["Toxic Egg 2"],"max_hp_gain":0,"max_hp_loss":0,"event_name":"The Mausoleum","floor":22,"gold_loss":0,"cards_obtained":["Writhe"]},{"damage_healed":0,"gold_gain":0,"player_choice":"Stole Relic","damage_taken":0,"relics_obtained":["Art of War"],"max_hp_gain":0,"max_hp_loss":0,"event_name":"Addict","floor":24,"gold_loss":0,"cards_obtained":["Shame"]}],"is_beta":false,"boss_relics":[{"not_picked":["Calling Bell","Empty Cage"],"picked":"Pandora\u0027s Box"}],"items_purged_floors":[20],"is_endless":false,"potions_floor_spawned":[7,14,18],"killed_by":"Slavers","ascension_level":20}}