{"host":"k85tjwrh7mjrrc9a","time":1610566441,"event":{"mods":["AchievementEnabler","BaseMod","Colored Powertips","Highlight Path","Minty Spire (QoL Compilation)","Rare Cards Sparkle","StSLib"],"gold_per_floor":[113,132,132,145,157,157,173,348,348,360,377,377,394,394,394,519,519,543,561,58,58,83,83,124,145,145,181,81,94,94,113,113,113,113],"floor_reached":33,"language":"ENG","playtime":2834,"items_purged":["Doubt","Defend_P"],"score":348,"play_id":"b6a7a92a-f6e6-46c3-8072-43d3a5bb4f0b","local_time":"20210113143401","is_ascension_mode":true,"campfire_choices":[{"data":"Eruption","floor":6,"key":"SMITH"},{"data":"Collect","floor":15,"key":"SMITH"},{"data":"Ragnarok","floor":23,"key":"SMITH"},{"floor":32,"key":"REST"}],"circlet_count":0,"master_deck":["Strike_P+1","Defend_P","Defend_P","Eruption+1","Vigilance","ClearTheMind+1","BattleHymn+1","JustLucky+1","EmptyBody","EmptyBody","WheelKick+1","Swivel","LikeWater","Collect+1","Ragnarok+1","Apotheosis+1","Indignation+1"],"relics":["Astrolabe","Blue Candle","Golden Idol","Busted Crown","Bottled Lightning","Whetstone","Bag of Preparation","Pear"],"acts_visited":["Exordium","TheCity"],"potions_floor_usage":[24,27,27],"damage_taken":[{"damage":1,"enemies":"Jaw Worm","floor":1,"turns":4},{"damage":0,"enemies":"Cultist","floor":2,"turns":3},{"damage":0,"enemies":"Small Slimes","floor":4,"turns":4},{"damage":0,"enemies":"Exordium Wildlife","floor":5,"turns":3},{"damage":3,"enemies":"3 Louse","floor":7,"turns":3},{"damage":2,"enemies":"Exordium Thugs","floor":10,"turns":6},{"damage":9,"enemies":"Gremlin Gang","floor":11,"turns":4},{"damage":0,"enemies":"Large Slime","floor":13,"turns":3},{"damage":31,"enemies":"Hexaghost","floor":16,"turns":13},{"damage":2,"enemies":"Shell Parasite","floor":18,"turns":5},{"damage":0,"enemies":"Spheric Guardian","floor":19,"turns":3},{"damage":1,"enemies":"Centurion and Healer","floor":22,"turns":3},{"damage":35,"enemies":"Slavers","floor":24,"turns":7},{"damage":4,"enemies":"Cultist and Chosen","floor":25,"turns":7},{"damage":0,"enemies":"Book of Stabbing","floor":27,"turns":3},{"damage":10,"enemies":"Snake Plant","floor":29,"turns":4},{"damage":2,"enemies":"Chosen and Byrds","floor":31,"turns":4},{"damage":61,"enemies":"Champ","floor":33,"turns":8}],"seed_played":"-4174958864213229719","potions_obtained":[{"floor":4,"key":"Swift Potion"},{"floor":5,"key":"LiquidMemories"},{"floor":7,"key":"BlessingOfTheForge"},{"floor":22,"key":"LiquidBronze"}],"is_trial":false,"path_per_floor":["M","M","?","M","M","R","M","?","T","M","M","?","M","?","R","B",null,"M","M","$","?","M","R","E","M","T","E","$","M","?","M","R","B"],"character_chosen":"WATCHER","items_purchased":["Apotheosis","Bottled Lightning"],"campfire_rested":1,"item_purchase_floors":[20,20],"current_hp_per_floor":[71,71,71,71,71,71,68,68,68,66,57,62,62,43,43,12,77,75,75,75,75,74,74,39,35,35,45,45,35,35,33,59,0,0],"gold":113,"neow_bonus":"BOSS_RELIC","is_daily":false,"chose_seed":false,"campfire_upgraded":3,"win_rate":0.0,"timestamp":1610566441,"path_taken":["M","M","?","M","?","R","M","?","T","M","M","?","?","?","R","BOSS","M","M","$","?","M","R","E","M","T","E","$","?","?","?","R","BOSS"],"items_purchased_type":["Card","Relic"],"build_version":"2020-12-22","purchased_purges":2,"victory":false,"max_hp_per_floor":[72,72,72,72,72,72,72,72,72,72,72,77,77,77,77,77,77,77,77,77,77,77,77,77,77,77,87,87,87,87,87,87,87,87],"card_choices":[{"not_picked":["Halt","ThirdEye"],"picked":"EmptyBody","floor":1},{"not_picked":["FlyingSleeves","BattleHymn"],"picked":"EmptyBody","floor":2},{"not_picked":["Vengeance","PathToVictory"],"picked":"Swivel","floor":4},{"not_picked":["Prostrate","PathToVictory","EmptyBody"],"picked":"SKIP","floor":5},{"not_picked":["CutThroughFate","Indignation"],"picked":"LikeWater","floor":7},{"not_picked":["Prostrate","PathToVictory","Fasting2"],"picked":"SKIP","floor":10},{"not_picked":["Prostrate","EmptyBody","WheelKick"],"picked":"SKIP","floor":11},{"not_picked":["BowlingBash","CrushJoints"],"picked":"Collect","floor":13},{"not_picked":["Brilliance","Scrawl"],"picked":"Ragnarok","floor":16},{"not_picked":["Protect"],"picked":"SKIP","floor":18},{"not_picked":["ThirdEye"],"picked":"SKIP","floor":19},{"not_picked":["CrushJoints+1"],"picked":"SKIP","floor":22},{"not_picked":[],"picked":"Indignation+1","floor":24},{"not_picked":["Study"],"picked":"SKIP","floor":25},{"not_picked":["MasterReality"],"picked":"SKIP","floor":27},{"not_picked":["Pray"],"picked":"SKIP","floor":29},{"not_picked":["Pray"],"picked":"SKIP","floor":31}],"player_experience":188897,"relics_obtained":[{"floor":9,"key":"Blue Candle"},{"floor":24,"key":"Whetstone"},{"floor":26,"key":"Bag of Preparation"},{"floor":27,"key":"Pear"}],"event_choices":[{"damage_healed":0,"gold_gain":0,"player_choice":"1 cards matched","damage_taken":0,"max_hp_gain":0,"max_hp_loss":0,"event_name":"Match and Keep!","floor":3,"gold_loss":0,"cards_obtained":["WheelKick"]},{"damage_healed":0,"gold_gain":175,"player_choice":"AGREE","damage_taken":0,"max_hp_gain":0,"max_hp_loss":0,"event_name":"Liars Game","floor":8,"gold_loss":0,"cards_obtained":["Doubt"]},{"damage_healed":0,"gold_gain":0,"player_choice":"Donut","damage_taken":0,"max_hp_gain":5,"max_hp_loss":0,"event_name":"Big Fish","floor":12,"gold_loss":0},{"damage_healed":0,"gold_gain":0,"player_choice":"Take Damage","damage_taken":19,"relics_obtained":["Golden Idol"],"max_hp_gain":0,"max_hp_loss":0,"event_name":"Golden Idol","floor":14,"gold_loss":0},{"damage_healed":0,"gold_gain":0,"player_choice":"Forge","damage_taken":0,"max_hp_gain":0,"max_hp_loss":0,"event_name":"Accursed Blacksmith","floor":21,"gold_loss":0,"cards_upgraded":["Apotheosis"]},{"cards_removed":["Defend_P"],"damage_healed":0,"gold_gain":0,"player_choice":"Purged","damage_taken":0,"max_hp_gain":0,"max_hp_loss":0,"event_name":"Purifier","floor":30,"gold_loss":0}],"is_beta":false,"boss_relics":[{"not_picked":["Snecko Eye","Cursed Key"],"picked":"Busted Crown"}],"items_purged_floors":[20,28],"is_endless":false,"potions_floor_spawned":[4,5,7,16,18,19,22],"killed_by":"Champ","ascension_level":1}}