{"host":"wha9hktbkslqvblg","time":1610513707,"event":{"mods":["BaseMod","Colored Map","Minty Spire (QoL Compilation)","Relic Stats","SuperFastMode","everything is the same but u backflip on backflip"],"gold_per_floor":[118,193,193,30,53,100,100,100,100],"floor_reached":8,"language":"KOR","playtime":197,"items_purged":[],"score":158,"play_id":"bb167a87-c98c-4ee2-bf8f-932a9767ca53","local_time":"20210113135507","is_ascension_mode":true,"campfire_choices":[{"data":"Aggregate","floor":7,"key":"SMITH"}],"circlet_count":0,"master_deck":["AscendersBane","Strike_B","Strike_B","Strike_B","Strike_B","Defend_B","Defend_B","Defend_B","Defend_B","Zap","Dualcast","Capacitor","Barrage","Echo Form","Compile Driver","Aggregate+1","Undo"],"relics":["Cracked Core","NeowsBlessing","Golden Idol","Orrery","CeramicFish"],"acts_visited":["Exordium"],"potions_floor_usage":[8],"damage_taken":[{"damage":0,"enemies":"Small Slimes","floor":1,"turns":1},{"damage":0,"enemies":"2 Louse","floor":5,"turns":1},{"damage":0,"enemies":"Lagavulin","floor":6,"turns":1},{"damage":39,"enemies":"Gremlin Nob","floor":8,"turns":4}],"seed_played":"-2631492211266051157","potions_obtained":[{"floor":1,"key":"SteroidPotion"},{"floor":6,"key":"LiquidMemories"}],"is_trial":false,"path_per_floor":["M","?","?","$","M","E","R","E"],"character_chosen":"DEFECT","items_purchased":["Orrery"],"campfire_rested":0,"item_purchase_floors":[4],"current_hp_per_floor":[64,53,53,53,53,53,53,14,14],"gold":100,"neow_bonus":"THREE_ENEMY_KILL","is_daily":false,"chose_seed":false,"campfire_upgraded":1,"win_rate":0.0,"timestamp":1610513707,"path_taken":["M","?","?","$","M","E","R","E"],"items_purchased_type":["Relic"],"build_version":"2020-12-22","purchased_purges":0,"victory":false,"max_hp_per_floor":[71,71,64,64,64,64,64,64,64],"relic_stats":{"counters":[4,7],"Golden Idol":13,"CeramicFish":9,"obtain_stats":[{"NeowsBlessing":0,"Golden Idol":3,"CeramicFish":6,"Orrery":4,"Cracked Core":0},{"NeowsBlessing":0,"Golden Idol":1,"CeramicFish":3,"Orrery":1,"Cracked Core":0},{"NeowsBlessing":0,"Golden Idol":1,"CeramicFish":3,"Orrery":1,"Cracked Core":0}]},"card_choices":[{"not_picked":["Hello World","Go for the Eyes","Rebound"],"picked":"SKIP","floor":1},{"not_picked":["Steam","Hyperbeam"],"picked":"Capacitor","floor":4},{"not_picked":["Genetic Algorithm","Compile Driver"],"picked":"Barrage","floor":4},{"not_picked":["Stack","Barrage"],"picked":"Echo Form","floor":4},{"not_picked":["Steam","Go for the Eyes"],"picked":"Compile Driver","floor":4},{"not_picked":["Beam Cell","Redo"],"picked":"Aggregate","floor":4},{"not_picked":["Gash","Self Repair","Barrage"],"picked":"SKIP","floor":5},{"not_picked":["Beam Cell","FTL"],"picked":"Undo","floor":6}],"player_experience":968295,"relics_obtained":[{"floor":6,"key":"CeramicFish"}],"event_choices":[{"damage_healed":0,"gold_gain":75,"player_choice":"Gather Gold","damage_taken":11,"max_hp_gain":0,"max_hp_loss":0,"event_name":"World of Goop","floor":2,"gold_loss":0},{"damage_healed":0,"gold_gain":0,"player_choice":"Lose Max HP","damage_taken":0,"relics_obtained":["Golden Idol"],"max_hp_gain":0,"max_hp_loss":7,"event_name":"Golden Idol","floor":3,"gold_loss":0}],"is_beta":false,"boss_relics":[],"items_purged_floors":[],"is_endless":false,"potions_floor_spawned":[1,6],"killed_by":"Gremlin Nob","ascension_level":20}}