{"host":"c97twqu0op5dg8i4","time":1610528449,"event":{"mods":["AchievementEnabler","BaseMod","Colored Map","Minty Spire (QoL Compilation)","Permanent Neow"],"gold_per_floor":[117,128,128,138,138,138,138,153,153,169,169,169,184,204,204,127,156,156,261,261,275,0,12,29,40,40,40,71,71,95,137,166,178,216,244,256,268,383,395,427,439,467,230,246,246,272,285,285,285],"floor_reached":48,"language":"ENG","playtime":2626,"items_purged":["Strike_G","Prepared"],"score":718,"play_id":"88cf91f9-a35f-4800-bada-bd9d24549af4","local_time":"20210113040049","is_ascension_mode":true,"campfire_choices":[{"data":"Neutralize","floor":7,"key":"SMITH"},{"data":"Footwork","floor":9,"key":"SMITH"},{"floor":12,"key":"REST"},{"data":"Glass Knife","floor":18,"key":"SMITH"},{"data":"Corpse Explosion","floor":27,"key":"SMITH"},{"data":"Bane","floor":29,"key":"SMITH"},{"floor":33,"key":"REST"},{"floor":36,"key":"REST"},{"data":"Footwork","floor":37,"key":"SMITH"},{"data":"Deflect","floor":45,"key":"SMITH"}],"circlet_count":0,"master_deck":["Strike_G","Strike_G","Strike_G","Defend_G","Defend_G","Defend_G","Survivor+1","Neutralize+1","Acrobatics+1","Footwork+1","Dodge and Roll","Glass Knife+1","Backflip","Backstab","Corpse Explosion+1","CurseOfTheBell","Footwork+1","Bane+1","Deadly Poison+1","Bane","Deflect+1","Crippling Poison+1","Escape Plan","Calculated Gamble+1","Phantasmal Killer+1","Envenom+1","Deadly Poison+1","Dodge and Roll+1","Dodge and Roll+1"],"relics":["Velvet Choker","The Specimen","Nunchaku","Bottled Lightning","Calling Bell","Happy Flower","Sundial","WingedGreaves","Blood Vial","Dead Branch","MawBank","Lantern","Shovel","Astrolabe","DollysMirror","Dream Catcher"],"acts_visited":["Exordium","TheCity","TheBeyond"],"potions_floor_usage":[28,38,44,46,48],"damage_taken":[{"damage":0,"enemies":"2 Louse","floor":1,"turns":3},{"damage":4,"enemies":"Small Slimes","floor":2,"turns":3},{"damage":0,"enemies":"Cultist","floor":4,"turns":5},{"damage":13,"enemies":"Exordium Wildlife","floor":8,"turns":10},{"damage":2,"enemies":"Lots of Slimes","floor":10,"turns":9},{"damage":1,"enemies":"3 Louse","floor":13,"turns":6},{"damage":6,"enemies":"Red Slaver","floor":14,"turns":3},{"damage":2,"enemies":"Lagavulin","floor":17,"turns":8},{"damage":2,"enemies":"The Guardian","floor":19,"turns":20},{"damage":0,"enemies":"3 Byrds","floor":21,"turns":2},{"damage":0,"enemies":"Shell Parasite","floor":23,"turns":6},{"damage":13,"enemies":"Centurion and Healer","floor":24,"turns":5},{"damage":10,"enemies":"Snecko","floor":25,"turns":7},{"damage":0,"enemies":"Gremlin Leader","floor":28,"turns":6},{"damage":14,"enemies":"Book of Stabbing","floor":31,"turns":7},{"damage":6,"enemies":"Sentry and Sphere","floor":32,"turns":9},{"damage":12,"enemies":"Gremlin Leader","floor":34,"turns":6},{"damage":4,"enemies":"Chosen and Byrds","floor":35,"turns":4},{"damage":32,"enemies":"Collector","floor":38,"turns":8},{"damage":0,"enemies":"Orb Walker","floor":40,"turns":3},{"damage":11,"enemies":"3 Shapes","floor":42,"turns":3},{"damage":10,"enemies":"3 Darklings","floor":44,"turns":3},{"damage":36,"enemies":"Giant Head","floor":46,"turns":11},{"damage":22,"enemies":"Jaw Worm Horde","floor":47,"turns":3},{"damage":25,"enemies":"Writhing Mass","floor":48,"turns":2}],"seed_played":"-4061171872326202203","potions_obtained":[{"floor":2,"key":"Energy Potion"},{"floor":13,"key":"FairyPotion"},{"floor":24,"key":"SkillPotion"},{"floor":32,"key":"BlessingOfTheForge"},{"floor":35,"key":"CultistPotion"},{"floor":38,"key":"SkillPotion"},{"floor":44,"key":"Swift Potion"},{"floor":47,"key":"CunningPotion"}],"is_trial":false,"path_per_floor":["M","M","?","M","?","?","R","M","R","M","T","R","M","M","T","$","E","R","B",null,"M","$","M","M","M","$","R","E","R","T","E","M","R","E","M","R","R","B",null,"M","?","M","$","M","R","E","M","M"],"character_chosen":"THE_SILENT","items_purchased":["Backstab","Bane","Blood Vial","DollysMirror"],"campfire_rested":3,"item_purchase_floors":[16,22,22,43],"current_hp_per_floor":[70,66,71,71,71,56,56,43,43,41,41,63,62,56,56,56,54,54,52,69,69,69,71,60,52,52,52,54,54,54,42,38,60,50,48,70,70,40,66,68,68,59,59,51,51,17,22,0,0],"gold":285,"neow_bonus":"BOSS_RELIC","is_daily":false,"chose_seed":false,"campfire_upgraded":7,"win_rate":0.0,"timestamp":1610528449,"path_taken":["M","M","?","M","?","?","R","M","R","M","T","R","M","M","?","$","E","R","BOSS","M","$","M","M","M","$","R","E","R","T","E","?","R","E","M","R","R","BOSS","M","?","M","$","?","R","E","M","M"],"items_purchased_type":["Card","Card","Relic","Relic"],"build_version":"2020-12-22","purchased_purges":2,"victory":false,"max_hp_per_floor":[70,70,75,75,75,75,75,75,75,75,75,75,75,75,75,75,75,75,75,75,75,75,75,75,75,75,75,75,75,75,75,75,75,75,75,75,75,75,75,75,75,75,75,75,75,75,75,75,75],"card_choices":[{"not_picked":["Prepared","Underhanded Strike"],"picked":"Acrobatics","floor":1},{"not_picked":["Endless Agony","Expertise"],"picked":"Footwork","floor":2},{"not_picked":["Prepared","Underhanded Strike"],"picked":"Dodge and Roll","floor":4},{"not_picked":["Finisher","Flying Knee"],"picked":"Cloak And Dagger","floor":8},{"not_picked":["Acrobatics","Dagger Throw","Expertise"],"picked":"SKIP","floor":10},{"not_picked":["Prepared","Flying Knee"],"picked":"Glass Knife","floor":13},{"not_picked":["Cloak And Dagger","Dodge and Roll"],"picked":"Backflip","floor":14},{"not_picked":["Tactician","Poisoned Stab","Dagger Spray"],"picked":"SKIP","floor":17},{"not_picked":["Glass Knife","Malaise"],"picked":"Corpse Explosion","floor":19},{"not_picked":["Outmaneuver","Heel Hook"],"picked":"Footwork","floor":21},{"not_picked":["Footwork+1","All Out Attack+1"],"picked":"Prepared","floor":23},{"not_picked":["Dagger Spray","Blade Dance+1"],"picked":"Deadly Poison+1","floor":24},{"not_picked":["Reflex","Heel Hook+1","Dagger Spray"],"picked":"SKIP","floor":25},{"not_picked":["Cloak And Dagger","Acrobatics"],"picked":"Bane","floor":28},{"not_picked":["Endless Agony","Dagger Throw"],"picked":"Deflect","floor":31},{"not_picked":["Outmaneuver","Deflect"],"picked":"Crippling Poison+1","floor":32},{"not_picked":["Deflect","Bane"],"picked":"Escape Plan","floor":34},{"not_picked":["Backflip+1","Blade Dance","Dagger Spray"],"picked":"SKIP","floor":35},{"not_picked":["Backstab+1","Acrobatics+1","PiercingWail+1"],"picked":"SKIP","floor":40},{"not_picked":["Blade Dance","Finisher","Dodge and Roll"],"picked":"SKIP","floor":42},{"not_picked":["Endless Agony","Sucker Punch+1","Flying Knee+1"],"picked":"SKIP","floor":44},{"not_picked":["Deflect","Slice+1"],"picked":"Dodge and Roll+1","floor":46},{"not_picked":["Reflex","Flying Knee"],"picked":"Dodge and Roll+1","floor":47}],"player_experience":244997,"relics_obtained":[{"floor":11,"key":"The Specimen"},{"floor":15,"key":"Nunchaku"},{"floor":17,"key":"Bottled Lightning"},{"floor":20,"key":"Happy Flower"},{"floor":20,"key":"Sundial"},{"floor":20,"key":"WingedGreaves"},{"floor":28,"key":"Dead Branch"},{"floor":30,"key":"MawBank"},{"floor":31,"key":"Lantern"},{"floor":34,"key":"Shovel"},{"floor":46,"key":"Dream Catcher"}],"event_choices":[{"damage_healed":0,"gold_gain":0,"player_choice":"Donut","damage_taken":0,"max_hp_gain":5,"max_hp_loss":0,"event_name":"Big Fish","floor":3,"gold_loss":0},{"damage_healed":0,"gold_gain":0,"player_choice":"Leave","damage_taken":0,"max_hp_gain":0,"max_hp_loss":0,"event_name":"The Cleric","floor":5,"gold_loss":0},{"damage_healed":0,"gold_gain":0,"player_choice":"Entered Light","damage_taken":15,"max_hp_gain":0,"max_hp_loss":0,"event_name":"Shining Light","floor":6,"gold_loss":0,"cards_upgraded":["Survivor","Acrobatics"]},{"cards_removed":["Cloak And Dagger"],"damage_healed":0,"gold_gain":0,"player_choice":"Purged","damage_taken":0,"max_hp_gain":0,"max_hp_loss":0,"event_name":"Purifier","floor":41,"gold_loss":0}],"is_beta":false,"boss_relics":[{"not_picked":["Snecko Eye","WristBlade"],"picked":"Calling Bell"},{"not_picked":["Fusion Hammer","HoveringKite"],"picked":"Astrolabe"}],"items_purged_floors":[22,43],"is_endless":false,"potions_floor_spawned":[2,13,24,32,35,38,42,44,47],"killed_by":"Writhing Mass","ascension_level":5}}