{"host":"d1za9dvx43o9v494","time":1610536378,"event":{"mods":["2.2 Compatiblity","BaseMod","Better-Laid Plans","Colored Map","Downfall","Emptier Cage","Minty Spire (QoL Compilation)","Permanent Neow","StSLib"],"gold_per_floor":[99,115,125,125,35,64,64,49,65,142,42,42,27,39,51,149,149,149,162,162,174,174,190,190,190,209,9,21,50,50,68,86,185,185,185,198,218,463,463,491,491,541,541,570,570,588,604,167,186,186,186,216,79,79,79,79],"floor_reached":57,"language":"ENG","playtime":6044,"items_purged":["champ:Strike","champ:Strike","champ:Strike","champ:Defend"],"score":1317,"play_id":"a565ea7b-2b30-481c-bea9-d4c83ca96c4a","local_time":"20210113141258","is_ascension_mode":true,"campfire_choices":[{"floor":1,"key":"RECALL"},{"data":"champ:Taunt","floor":11,"key":"SMITH"},{"data":"champ:SwordThrow","floor":18,"key":"SMITH"},{"data":"champ:GladiatorForm","floor":27,"key":"SMITH"},{"data":"champ:SwordThrow","floor":30,"key":"SMITH"},{"data":"champ:GladiatorForm","floor":35,"key":"SMITH"},{"data":"champ:Improvising","floor":43,"key":"SMITH"},{"data":"champ:Improvising","floor":54,"key":"SMITH"}],"circlet_count":0,"master_deck":["champ:Defend","champ:Defend","champ:Defend","champ:Execute+1","champ:Taunt+1","champ:Encircle","champ:VampiricStrike","champ:FanOfKnives","champ:RageSigil","champ:SwordThrow+1","champ:GladiatorForm+1","champ:SwordThrow+1","champ:DeathBlow","champ:VampiricStrike","champ:StanceDance+1","champ:Endure","champ:GladiatorForm+1","champ:Improvising+1","champ:RapidStrikes+1","champ:FaceSlap+1","champ:Improvising+1","champ:Duel+1","expansioncontent:AwakenDeath"],"relics":["champ:ChampionCrown","Blue Candle","hexamod:BolsterEngine","Bag of Marbles","downfall:HeartBlessingRed","sneckomod:SneckoTalon","Question Card","downfall:HeartBlessingBlue","downfall:HeartBlessingGreen","InkBottle","champ:PowerArmor","Smiling Mask","Gremlin Horn","Molten Egg 2","Gambling Chip","Dream Catcher","Centennial Puzzle","OrangePellets","Pear","hexamod:CandleOfCauterizing"],"acts_visited":["Exordium","TheCity","TheBeyond","TheEnding"],"potions_floor_usage":[6,13,16,23,29,33,36,38,56,56,56],"damage_taken":[{"damage":13,"enemies":"Jaw Worm","floor":2,"turns":3},{"damage":16,"enemies":"2 Louse","floor":3,"turns":2},{"damage":20,"enemies":"downfall:FleeingMerchant","floor":5,"turns":4},{"damage":38,"enemies":"Gremlin Nob","floor":6,"turns":4},{"damage":25,"enemies":"downfall:FleeingMerchant","floor":8,"turns":4},{"damage":12,"enemies":"Small Slimes","floor":9,"turns":3},{"damage":56,"enemies":"Lagavulin","floor":10,"turns":8},{"damage":30,"enemies":"downfall:FleeingMerchant","floor":13,"turns":4},{"damage":12,"enemies":"Exordium Thugs","floor":14,"turns":3},{"damage":15,"enemies":"Large Slime","floor":15,"turns":3},{"damage":91,"enemies":"downfall:Silent","floor":16,"turns":8},{"damage":10,"enemies":"Chosen","floor":19,"turns":3},{"damage":16,"enemies":"Centurion and Healer","floor":21,"turns":4},{"damage":24,"enemies":"Sentry and Sphere","floor":23,"turns":4},{"damage":31,"enemies":"Snake Plant","floor":26,"turns":4},{"damage":10,"enemies":"Centurion and Healer","floor":28,"turns":3},{"damage":34,"enemies":"Book of Stabbing","floor":29,"turns":4},{"damage":10,"enemies":"Chosen and Byrds","floor":31,"turns":3},{"damage":23,"enemies":"Sentry and Sphere","floor":32,"turns":3},{"damage":73,"enemies":"downfall:Defect","floor":33,"turns":7},{"damage":25,"enemies":"3 Darklings","floor":36,"turns":4},{"damage":20,"enemies":"Orb Walker","floor":37,"turns":3},{"damage":34,"enemies":"downfall:FleeingMerchant","floor":38,"turns":3},{"damage":85,"enemies":"Nemesis","floor":40,"turns":5},{"damage":54,"enemies":"Nemesis","floor":42,"turns":6},{"damage":28,"enemies":"Reptomancer","floor":44,"turns":3},{"damage":10,"enemies":"Jaw Worm Horde","floor":46,"turns":1},{"damage":55,"enemies":"Maw","floor":47,"turns":5},{"damage":20,"enemies":"Sphere and 2 Shapes","floor":49,"turns":2},{"damage":55,"enemies":"downfall:Watcher","floor":50,"turns":4},{"damage":110,"enemies":"downfall:CharBossMerchant","floor":52,"turns":8},{"damage":80,"enemies":"downfall:NeowBoss","floor":55,"turns":11},{"damage":52,"enemies":"downfall:NeowBossFinal","floor":56,"turns":5}],"seed_played":"3515176274120070260","potions_obtained":[{"floor":2,"key":"champ:OpenerPotion"},{"floor":10,"key":"champ:CounterPotion"},{"floor":15,"key":"AttackPotion"},{"floor":16,"key":"PowerPotion"},{"floor":26,"key":"ColorlessPotion"},{"floor":29,"key":"EssenceOfSteel"},{"floor":32,"key":"SpeedPotion"},{"floor":33,"key":"GamblersBrew"},{"floor":42,"key":"BlessingOfTheForge"},{"floor":44,"key":"SpeedPotion"},{"floor":47,"key":"PowerPotion"},{"floor":49,"key":"PowerPotion"}],"is_trial":false,"path_per_floor":["R","M","M","?","$","E","T","$","M","E","R","?","$","M","M","B",null,"R","M","?","M","?","M","T","?","M","R","M","E","R","M","M","B",null,"R","M","M","$","?","E","T","?","R","E","T","M","M","$","M","B",null,"E","$","R","B","B",null],"character_chosen":"THE_CHAMP","items_purchased":["OrangePellets","Pear","expansioncontent:AwakenDeath"],"campfire_rested":0,"item_purchase_floors":[48,48,53],"current_hp_per_floor":[90,87,81,81,81,63,63,58,56,35,35,40,35,28,28,7,95,95,95,95,94,66,52,52,52,41,51,51,42,42,42,39,11,105,105,100,100,86,86,76,76,62,62,54,54,54,34,44,44,49,115,35,35,35,30,28],"gold":79,"neow_bonus":"UPGRADE_CARD","is_daily":false,"chose_seed":false,"campfire_upgraded":7,"win_rate":0.0,"timestamp":1610536378,"path_taken":["R","M","M","?","$","E","T","$","M","E","R","?","?","M","M","BOSS","R","M","?","M","?","?","T","?","M","R","M","E","R","M","M","BOSS","R","M","M","$","?","E","T","?","R","E","?","?","M","?","M","BOSS","E","$","R","BOSS","BOSS"],"items_purchased_type":["Relic","Relic","Card"],"build_version":"2020-12-22","purchased_purges":4,"victory":true,"max_hp_per_floor":[90,90,90,90,90,90,90,90,90,90,90,95,95,95,95,95,95,95,95,95,95,95,95,95,95,95,105,105,105,105,105,105,105,105,105,105,105,105,105,105,105,105,105,105,105,105,105,115,115,115,115,115,115,115,115,115],"card_choices":[{"not_picked":["champ:Backstep","champ:FlashCut"],"picked":"champ:Encircle","floor":2},{"not_picked":["champ:Circumvent","champ:PerfectedStrike","champ:RecklessLeap"],"picked":"SKIP","floor":3},{"not_picked":["champ:SetATrap","champ:FocusedDefense"],"picked":"champ:VampiricStrike","floor":5},{"not_picked":["champ:AdrenalArmor","champ:Lariat"],"picked":"champ:FanOfKnives","floor":6},{"not_picked":["champ:SwordSigil","champ:Shatter","champ:StanceDance"],"picked":"SKIP","floor":8},{"not_picked":["champ:PerfectedStrike","champ:DefensiveShout"],"picked":"champ:RageSigil","floor":9},{"not_picked":["champ:Lariat","champ:FanOfKnives"],"picked":"champ:SwordThrow","floor":10},{"not_picked":["champ:FancyFootwork","champ:Haymaker","champ:PerfectedStrike"],"picked":"SKIP","floor":13},{"not_picked":["champ:Backstep","champ:GladiatorStyle","champ:TornadoPunch"],"picked":"SKIP","floor":14},{"not_picked":["champ:ShieldWall","champ:BerserkersShout"],"picked":"champ:GladiatorForm","floor":15},{"not_picked":["champ:Devastate","champ:HoldFirm"],"picked":"champ:SwordThrow","floor":16},{"not_picked":["champ:BringItOn","champ:Haymaker"],"picked":"champ:DeathBlow","floor":19},{"not_picked":["champ:Backstep","champ:Encircle"],"picked":"champ:VampiricStrike","floor":21},{"not_picked":["champ:BringItOn","champ:BerserkersShout"],"picked":"champ:StanceDance+1","floor":23},{"not_picked":["champ:ShieldSigil","champ:Circumvent","champ:CalledShot","champ:BerserkersShout"],"picked":"SKIP","floor":26},{"not_picked":["champ:GutPunch","champ:Haymaker+1","champ:BerserkersShout","champ:IronFortress"],"picked":"SKIP","floor":28},{"not_picked":["champ:BerserkersShout","champ:EnGarde","champ:PreciseThrust","champ:Haymaker"],"picked":"SKIP","floor":29},{"not_picked":["champ:Shatter","champ:Circumvent","champ:PreciseThrust"],"picked":"champ:Endure","floor":31},{"not_picked":["champ:FlashCut","champ:PerfectedStrike","champ:BladeFlurry"],"picked":"champ:GladiatorForm","floor":32},{"not_picked":["champ:SwordThrow","champ:DancingMaster","champ:ShieldThrow"],"picked":"champ:Improvising","floor":33},{"not_picked":["champ:ShieldSigil","champ:Duel","champ:GutPunch+1","champ:Circumvent+1"],"picked":"SKIP","floor":36},{"not_picked":["champ:PerfectedStrike","champ:EnGarde","champ:HeartStrike+1","champ:ArenaPreparation"],"picked":"SKIP","floor":37},{"not_picked":["champ:CrownThrow+1","champ:HeartStrike+1","champ:Circumvent"],"picked":"champ:RapidStrikes+1","floor":38},{"not_picked":["champ:StanceDance+1","champ:Parry+1","champ:ShieldWall","champ:Duel+1"],"picked":"SKIP","floor":40},{"not_picked":["champ:PreemptiveStrike+1","champ:Parry+1","champ:ShieldSlam"],"picked":"champ:FaceSlap+1","floor":42},{"not_picked":["champ:BerserkerStyle+1","champ:BerserkersShout","champ:ShieldThrow+1"],"picked":"champ:Improvising","floor":44},{"not_picked":["champ:TornadoPunch+1","champ:Haymaker+1","champ:RisingSlash+1"],"picked":"champ:Duel+1","floor":46},{"not_picked":["champ:BerserkerStyle+1","champ:DeathBlow+1","champ:Parry","champ:CrownThrow+1"],"picked":"SKIP","floor":47},{"not_picked":["champ:BerserkersShout","champ:CalledShot+1","champ:StanceDance","champ:Haymaker+1"],"picked":"SKIP","floor":49},{"not_picked":["champ:PreemptiveStrike+1","champ:Endure+1","champ:FlashCut+1","champ:Duel+1"],"picked":"SKIP","floor":52}],"player_experience":697248,"relics_obtained":[{"floor":6,"key":"Blue Candle"},{"floor":7,"key":"hexamod:BolsterEngine"},{"floor":10,"key":"Bag of Marbles"},{"floor":29,"key":"InkBottle"},{"floor":39,"key":"Smiling Mask"},{"floor":40,"key":"Gremlin Horn"},{"floor":41,"key":"Molten Egg 2"},{"floor":42,"key":"Gambling Chip"},{"floor":44,"key":"Dream Catcher"},{"floor":45,"key":"Centennial Puzzle"},{"floor":52,"key":"hexamod:CandleOfCauterizing"}],"event_choices":[{"cards_removed":["champ:Strike"],"damage_healed":0,"gold_gain":0,"player_choice":"Card Removal","damage_taken":0,"max_hp_gain":0,"max_hp_loss":0,"event_name":"The Cleric","floor":4,"gold_loss":0},{"damage_healed":0,"gold_gain":0,"player_choice":"Donut","damage_taken":0,"max_hp_gain":5,"max_hp_loss":0,"event_name":"Big Fish","floor":12,"gold_loss":0},{"damage_healed":0,"gold_gain":0,"player_choice":"Ignored","damage_taken":0,"max_hp_gain":0,"max_hp_loss":0,"event_name":"Ghosts","floor":20,"gold_loss":0}],"is_beta":false,"boss_relics":[{"not_picked":["Sozu","Velvet Choker"],"picked":"sneckomod:SneckoTalon"},{"not_picked":["Runic Pyramid","SacredBark"],"picked":"champ:PowerArmor"}],"items_purged_floors":[5,38,48,53],"is_endless":false,"potions_floor_spawned":[2,10,15,16,26,29,32,33,42,44,47,49],"ascension_level":1}}