{"host":"d61fcf2p3sjwe6yo","time":1610573184,"event":{"mods":["AchievementEnabler","BaseMod","Colored Map","Minty Spire (QoL Compilation)","StSLib","SuperFastMode"],"gold_per_floor":[114,114,114,141,291,327,252,252,252,287,308,308,13,38,38,129,129,148,148,148,172,195,233,233,233,311,311,311,311],"floor_reached":28,"language":"ENG","playtime":648,"items_purged":["Flechettes"],"score":511,"play_id":"60518927-af9c-4d0f-8a8a-63bf5063ad06","local_time":"20210114002624","is_ascension_mode":true,"campfire_choices":[{"data":"Apotheosis","floor":15,"key":"SMITH"},{"data":"Envenom","floor":24,"key":"SMITH"}],"circlet_count":0,"master_deck":["AscendersBane","Strike_G+1","Strike_G+1","Defend_G","Defend_G","Defend_G","Defend_G","Defend_G","Survivor","Neutralize","Blade Dance","Blade Dance","Apotheosis+1","Envenom+1","Blade Dance","Footwork","Cloak And Dagger"],"relics":["Ring of the Snake","NeowsBlessing","Golden Idol","Vajra","Bronze Scales","Whetstone","Singing Bowl","Lantern","Empty Cage","Calipers","Pantograph"],"acts_visited":["Exordium","TheCity"],"potions_floor_usage":[16,16,23,28],"damage_taken":[{"damage":0,"enemies":"Jaw Worm","floor":1,"turns":1},{"damage":0,"enemies":"Gremlin Nob","floor":6,"turns":1},{"damage":0,"enemies":"3 Sentries","floor":10,"turns":1},{"damage":2,"enemies":"2 Louse","floor":11,"turns":2},{"damage":2,"enemies":"Small Slimes","floor":14,"turns":2},{"damage":4,"enemies":"Hexaghost","floor":16,"turns":6},{"damage":8,"enemies":"3 Byrds","floor":18,"turns":3},{"damage":4,"enemies":"Chosen","floor":21,"turns":3},{"damage":3,"enemies":"Centurion and Healer","floor":22,"turns":5},{"damage":14,"enemies":"Gremlin Leader","floor":23,"turns":7},{"damage":38,"enemies":"Snake Plant","floor":28,"turns":4}],"seed_played":"-5520254757656008451","potions_obtained":[{"floor":1,"key":"Block Potion"},{"floor":11,"key":"PowerPotion"},{"floor":16,"key":"Explosive Potion"},{"floor":22,"key":"AttackPotion"},{"floor":23,"key":"EssenceOfSteel"},{"floor":27,"key":"DuplicationPotion"}],"is_trial":false,"path_per_floor":["M","?","?","T","?","E","?","?","T","E","M","T","$","M","R","B",null,"M","?","$","M","M","E","R","?","T","?","M"],"character_chosen":"THE_SILENT","items_purchased":["Blade Dance","Apotheosis"],"campfire_rested":0,"item_purchase_floors":[13,13],"current_hp_per_floor":[59,64,40,40,40,40,40,40,40,42,40,40,40,40,40,36,65,57,57,57,55,52,38,38,38,38,38,0,0],"gold":311,"neow_bonus":"THREE_ENEMY_KILL","is_daily":false,"chose_seed":false,"campfire_upgraded":2,"win_rate":0.0,"timestamp":1610573184,"path_taken":["M","?","?","?","?","E","?","?","T","E","M","?","$","M","R","BOSS","M","?","?","?","M","E","R","?","T","?","M"],"items_purchased_type":["Card","Card"],"build_version":"2020-12-22","purchased_purges":1,"victory":false,"max_hp_per_floor":[66,71,71,71,71,71,71,71,71,73,73,73,73,75,75,75,75,75,75,75,77,77,77,77,77,77,77,77,77],"card_choices":[{"not_picked":["Catalyst","Concentrate","Dagger Throw"],"picked":"SKIP","floor":1},{"not_picked":["Sucker Punch","Terror","Quick Slash"],"picked":"SKIP","floor":6},{"not_picked":["Sucker Punch","Endless Agony","Poisoned Stab"],"picked":"Singing Bowl","floor":10},{"not_picked":["Slice","Deadly Poison"],"picked":"Blade Dance","floor":11},{"not_picked":["Prepared","Infinite Blades","Predator"],"picked":"Singing Bowl","floor":14},{"not_picked":["Doppelganger","Venomology"],"picked":"Envenom","floor":16},{"not_picked":["PiercingWail","Prepared"],"picked":"Blade Dance","floor":18},{"not_picked":["Slice","Backflip","Underhanded Strike"],"picked":"Singing Bowl","floor":21},{"not_picked":["Blur+1","Poisoned Stab"],"picked":"Footwork","floor":22},{"not_picked":["Setup","Backflip"],"picked":"Cloak And Dagger","floor":23}],"player_experience":210727,"relics_obtained":[{"floor":4,"key":"Vajra"},{"floor":6,"key":"Bronze Scales"},{"floor":9,"key":"Whetstone"},{"floor":10,"key":"Singing Bowl"},{"floor":12,"key":"Lantern"},{"floor":23,"key":"Calipers"},{"floor":26,"key":"Pantograph"}],"event_choices":[{"damage_healed":0,"gold_gain":0,"player_choice":"Donut","damage_taken":0,"max_hp_gain":5,"max_hp_loss":0,"event_name":"Big Fish","floor":2,"gold_loss":0},{"damage_healed":0,"gold_gain":0,"player_choice":"Take Damage","damage_taken":24,"relics_obtained":["Golden Idol"],"max_hp_gain":0,"max_hp_loss":0,"event_name":"Golden Idol","floor":3,"gold_loss":0},{"damage_healed":0,"gold_gain":150,"player_choice":"AGREE","damage_taken":0,"max_hp_gain":0,"max_hp_loss":0,"event_name":"Liars Game","floor":5,"gold_loss":0,"cards_obtained":["Doubt"]},{"cards_removed":["Doubt"],"damage_healed":0,"gold_gain":0,"player_choice":"Card Removal","damage_taken":0,"max_hp_gain":0,"max_hp_loss":0,"event_name":"The Cleric","floor":7,"gold_loss":75},{"damage_healed":0,"gold_gain":0,"cards_transformed":["Strike_G"],"player_choice":"Change","damage_taken":0,"max_hp_gain":0,"max_hp_loss":0,"event_name":"Living Wall","floor":8,"gold_loss":0,"cards_obtained":["Flechettes"]},{"damage_healed":0,"gold_gain":0,"player_choice":"Ignored","damage_taken":0,"max_hp_gain":0,"max_hp_loss":0,"event_name":"N\u0027loth","floor":19,"gold_loss":0},{"damage_healed":0,"gold_gain":0,"player_choice":"Ignored","damage_taken":0,"max_hp_gain":0,"max_hp_loss":0,"event_name":"The Mausoleum","floor":25,"gold_loss":0},{"damage_healed":0,"gold_gain":0,"player_choice":"Got Potions","damage_taken":0,"max_hp_gain":0,"max_hp_loss":0,"event_name":"Lab","floor":27,"gold_loss":0}],"is_beta":false,"boss_relics":[{"not_picked":["SlaversCollar","Velvet Choker"],"picked":"Empty Cage"}],"items_purged_floors":[13],"is_endless":false,"potions_floor_spawned":[1,11,14,16,22,23],"killed_by":"Snake Plant","ascension_level":15}}