{"host":"y2kfqdipa4rrljwb","time":1610526625,"event":{"mods":["ATMod(阿瑾Mod)","AchievementEnabler","Act Like it!","Aspiration","BaseMod","Downfall","Friendly Minions","Infinite Spire","Minty Spire (QoL Compilation)","Relic Stats","Replay The Spire","RumiaBox-露米娅的神秘盒子","StSLib","TestMod","vexMod","【功能Mod】混沌之环修复补丁","【遗物卡牌】REMEMod"],"gold_per_floor":[117,42,62,22,32,32,57,57,57,71,71,89,114,14,14,110,110,120,120,136,148,165,165,177,205,205,238,238,238,238,113,113,211,211,221,221,220,220,220,254,254,280,280,280,308,361,396,418,418,508,508,508],"floor_reached":51,"language":"ZHS","playtime":3810,"items_purged":["Strike_R","Strike_R","Strike_R","Strike_R"],"score":1069,"play_id":"fa87479b-ac38-40f4-9240-7ee45a512d58","local_time":"20210113163025","is_ascension_mode":true,"campfire_choices":[{"data":"Dark Embrace","floor":6.0,"key":"SMITH"},{"data":"Searing Blow","floor":8.0,"key":"SMITH"},{"data":"Searing Blow+1","floor":11.0,"key":"SMITH"},{"data":"Searing Blow+2","floor":15.0,"key":"SMITH"},{"data":"Armaments","floor":23.0,"key":"SMITH"},{"data":"Searing Blow+3","floor":28.0,"key":"SMITH"},{"data":"Searing Blow+5","floor":30.0,"key":"SMITH"},{"data":"Searing Blow+6","floor":32.0,"key":"SMITH"},{"data":"Armaments","floor":44.0,"key":"SMITH"},{"floor":49,"key":"RECALL"}],"circlet_count":0,"master_deck":["Strike_R+1","Defend_R","Defend_R+1","Defend_R","AT_DrawKnifeCut","Searing Blow+7","Dark Embrace+1","Pommel Strike","Shockwave","Reaper","Demonic Infusion","Armaments+1","ReplayTheSpireMod:Muscle Training+1","ReplayTheSpireMod:Stacked+1","REME_ACTH","Warcry+1","Armaments+1","infinitespire:Gouge","Run Through+1","Pommel Strike+1","AT_Dispersion"],"relics":["Burning Blood","REME_ComplimentaryCards","AT_ATBox","testmod-TestBox","infinitespire:PuzzleCube","aspiration:StickyExplosives_weak","AT_BladeRuinedKing","ChewingGum","AT_EbonyIvory","Black Star","ReplayTheSpireMod:Spearhead","GodSword4","InkBottle","AT_ChloranthyRing","Bottled Tornado","vexMod:DeviousBotling","NeowsBlessing","Bird Faced Urn","AT_BellowingDragoncrestRing","Smiling Mask","testmod-BlackFramedGlasses","Tiny Chest","Art of War","Simple Rune","infinitespire:Midas Blood","testmod-EqualTreatment","testmod-EnergyCheck"],"acts_visited":["Exordium","TheCity","TheBeyond","Exordium"],"potions_floor_usage":[],"damage_taken":[{"damage":7.0,"enemies":"Jaw Worm","floor":1.0,"turns":2.0},{"damage":0.0,"enemies":"Cultist","floor":3.0,"turns":2.0},{"damage":4.0,"enemies":"2 Louse","floor":5.0,"turns":2.0},{"damage":15.0,"enemies":"3 Sentries","floor":7.0,"turns":4.0},{"damage":2.0,"enemies":"Exordium Thugs","floor":10.0,"turns":3.0},{"damage":3.0,"enemies":"Large Slime","floor":12.0,"turns":5.0},{"damage":8.0,"enemies":"Replay:BlueRogue","floor":13.0,"turns":4.0},{"damage":33.0,"enemies":"Slime Boss","floor":16.0,"turns":8.0},{"damage":0.0,"enemies":"3 Byrds","floor":18.0,"turns":3.0},{"damage":12.0,"enemies":"2 Thieves","floor":20.0,"turns":2.0},{"damage":18.0,"enemies":"Shelled Parasite and Fungi","floor":21.0,"turns":3.0},{"damage":3.0,"enemies":"Chosen and Byrds","floor":22.0,"turns":3.0},{"damage":9.0,"enemies":"Centurion and Healer","floor":24.0,"turns":3.0},{"damage":12.0,"enemies":"Gremlin Leader","floor":25.0,"turns":4.0},{"damage":1.0,"enemies":"Replay:Snechameleon","floor":27.0,"turns":3.0},{"damage":40.0,"enemies":"Collector","floor":33.0,"turns":6.0},{"damage":0.0,"enemies":"3 Shapes","floor":35.0,"turns":2.0},{"damage":0.0,"enemies":"3 Darklings","floor":37.0,"turns":2.0},{"damage":0.0,"enemies":"Nightmare","floor":40.0,"turns":1.0},{"damage":0.0,"enemies":"Giant Head","floor":42.0,"turns":1.0},{"damage":0.0,"enemies":"R_Hoarder","floor":45.0,"turns":1.0},{"damage":0.0,"enemies":"Nemesis","floor":47.0,"turns":3.0},{"damage":15.0,"enemies":"4 Shapes","floor":48.0,"turns":2.0},{"damage":7,"enemies":"Time Eater","floor":50,"turns":3}],"seed_played":"8587550817096478118","potions_obtained":[{"floor":4.0,"key":"Regen Potion"},{"floor":4.0,"key":"testmod-TimePotion"},{"floor":4.0,"key":"AttackPotion"},{"floor":5.0,"key":"HeartOfIron"},{"floor":21.0,"key":"EssenceOfSteel"},{"floor":24.0,"key":"LiquidMemories"}],"is_trial":false,"path_per_floor":["M","$","M","?","M","R","E","R","T","M","R","M","E","$","R","B",null,"M","AVR","M","M","M","R","M","E","T","E","R","?","R","$","R","B",null,"M","?","M","?","?","NM","?","E","T","R","E","T","E","M","R","B",null],"character_chosen":"IRONCLAD","items_purchased":[],"campfire_rested":0,"item_purchase_floors":[],"current_hp_per_floor":[87,87,88,88,88,88,79,79,79,83,83,86,84,84,84,65,88,88,88,88,82,88,88,88,88,88,88,88,88,88,88,88,74,88,88,88,88,88,88,88,88,88,88,88,88,88,88,80,80,88,88,88],"gold":508,"neow_bonus":"TEN_PERCENT_HP_BONUS","is_daily":false,"chose_seed":false,"campfire_upgraded":9,"win_rate":0.0,"timestamp":1610526625,"path_taken":["M","$","M","?","M","R","E","R","T","M","R","M","E","?","R","BOSS","M","AVR","M","M","M","R","M","E","T","E","R","?","R","?","R","BOSS","M","?","M","?","?","NM","?","E","T","R","E","?","E","M","R","BOSS"],"items_purchased_type":[],"build_version":"2020-12-22","purchased_purges":4,"victory":false,"max_hp_per_floor":[88,88,88,88,88,88,88,88,88,88,88,88,88,88,88,88,88,88,88,88,88,88,88,88,88,88,88,88,88,88,88,88,88,88,88,88,88,88,88,88,88,88,88,88,88,88,88,88,88,88,88,88],"relic_stats":{"counters":[24,72],"Bird Faced Urn":[2],"Tiny Chest":0,"Black Star":6,"Art of War":[0],"Smiling Mask":0,"obtain_stats":[{"AT_ATBox":0,"testmod-EqualTreatment":47,"testmod-IncinerationGenerator":0,"Bottled Tornado":27,"Smiling Mask":42,"Burning Blood":0,"testmod-BlackFramedGlasses":42,"aspiration:StickyExplosives_weak":9,"Tiny Chest":45,"vexMod:DeviousBotling":34,"InkBottle":26,"AT_ChloranthyRing":27,"testmod-TestBox":0,"NeowsBlessing":39,"AT_BladeRuinedKing":13,"AT_EbonyIvory":19,"ReplayTheSpireMod:Spearhead":25,"AT_BellowingDragoncrestRing":40,"Bird Faced Urn":40,"ChewingGum":17,"Simple Rune":46,"Black Star":19,"Art of War":45,"GodSword4":25,"testmod-EnergyCheck":51,"infinitespire:PuzzleCube":7,"REME_ComplimentaryCards":0,"infinitespire:Midas Blood":47},{"AT_ATBox":0,"testmod-EqualTreatment":22,"testmod-IncinerationGenerator":0,"Bottled Tornado":15,"Smiling Mask":20,"Burning Blood":0,"testmod-BlackFramedGlasses":20,"aspiration:StickyExplosives_weak":4,"Tiny Chest":21,"vexMod:DeviousBotling":16,"InkBottle":14,"AT_ChloranthyRing":15,"testmod-TestBox":0,"NeowsBlessing":18,"AT_BladeRuinedKing":7,"AT_EbonyIvory":9,"ReplayTheSpireMod:Spearhead":14,"AT_BellowingDragoncrestRing":19,"Bird Faced Urn":19,"ChewingGum":8,"Simple Rune":21,"Black Star":9,"Art of War":21,"GodSword4":14,"testmod-EnergyCheck":24,"infinitespire:PuzzleCube":4,"REME_ComplimentaryCards":0,"infinitespire:Midas Blood":22},{"AT_ATBox":0,"testmod-EqualTreatment":67,"testmod-IncinerationGenerator":0,"Bottled Tornado":51,"Smiling Mask":63,"Burning Blood":0,"testmod-BlackFramedGlasses":63,"aspiration:StickyExplosives_weak":10,"Tiny Chest":64,"vexMod:DeviousBotling":57,"InkBottle":48,"AT_ChloranthyRing":51,"testmod-TestBox":0,"NeowsBlessing":61,"AT_BladeRuinedKing":22,"AT_EbonyIvory":33,"ReplayTheSpireMod:Spearhead":48,"AT_BellowingDragoncrestRing":62,"Bird Faced Urn":62,"ChewingGum":30,"Simple Rune":64,"Black Star":33,"Art of War":64,"GodSword4":48,"testmod-EnergyCheck":72,"infinitespire:PuzzleCube":10,"REME_ComplimentaryCards":0,"infinitespire:Midas Blood":67}],"Burning Blood":71,"InkBottle":[12]},"card_choices":[{"not_picked":["Clothesline","Ghostly Armor"],"picked":"Searing Blow","floor":1.0},{"not_picked":["Twin Strike","ReplayReversal"],"picked":"Dark Embrace","floor":3.0},{"not_picked":["Thunderclap","Burning Pact"],"picked":"Pommel Strike","floor":5.0},{"not_picked":["Replay:Undeath\u0027s Touch","Ghostly Armor","Body Slam"],"picked":"SKIP","floor":7.0},{"not_picked":["Sever Soul","Abandon"],"picked":"Shockwave","floor":10.0},{"not_picked":["Sword Boomerang","Cleave","Anger"],"picked":"SKIP","floor":12.0},{"not_picked":["REME_Cut","Hemokinesis"],"picked":"Reaper","floor":13.0},{"not_picked":["REME_TheLastStrike","REME_Fury"],"picked":"Demonic Infusion","floor":16.0},{"not_picked":["Havoc","Thunderclap","Cleave"],"picked":"SKIP","floor":18.0},{"not_picked":["Uppercut+1","Run Through","AT_BodySlamDance"],"picked":"SKIP","floor":20.0},{"not_picked":["Feel No Pain","Headbutt","AT_ManFootWork+1"],"picked":"SKIP","floor":21.0},{"not_picked":["ReplayTheSpireMod:Strike From Hell","Dropkick"],"picked":"Armaments","floor":22.0},{"not_picked":["Iron Wave","Run Through","ReplayTheSpireMod:Muscle Training+1"],"picked":"SKIP","floor":24.0},{"not_picked":["Iron Wave","Run Through"],"picked":"ReplayTheSpireMod:Muscle Training+1","floor":24.0},{"not_picked":["Life Link","Twin Strike"],"picked":"ReplayTheSpireMod:Stacked+1","floor":25.0},{"not_picked":["REME_Cut","AT_BodySlamDance","Anger"],"picked":"SKIP","floor":27.0},{"not_picked":["Juggernaut","Barricade"],"picked":"REME_ACTH","floor":33.0},{"not_picked":["Inflame","Flex+1"],"picked":"Warcry+1","floor":35.0},{"not_picked":["ReplayTheSpireMod:Strike From Hell+1","Rampage+1"],"picked":"Armaments","floor":37.0},{"not_picked":["infinitespire:DeathsTouch","infinitespire:FinalStrike"],"picked":"infinitespire:Gouge","floor":40.0},{"not_picked":["Thunderclap+1","Corruption","REME_SingleHolding+1"],"picked":"SKIP","floor":40.0},{"not_picked":["AT_GerminateFire+1","Iron Wave"],"picked":"Run Through+1","floor":42.0},{"not_picked":["Intimidate+1","Eclipse","True Grit"],"picked":"SKIP","floor":45.0},{"not_picked":["Life Link","Perfected Strike"],"picked":"Pommel Strike+1","floor":47.0},{"not_picked":["Body Slam","Run Through","Pommel Strike"],"picked":"SKIP","floor":48.0},{"not_picked":["Berserk","REME_TheLastStrike"],"picked":"AT_Dispersion","floor":50}],"player_experience":219998,"relics_obtained":[{"floor":7.0,"key":"infinitespire:PuzzleCube"},{"floor":9.0,"key":"aspiration:StickyExplosives_weak"},{"floor":13.0,"key":"AT_BladeRuinedKing"},{"floor":25.0,"key":"ReplayTheSpireMod:Spearhead"},{"floor":25.0,"key":"GodSword4"},{"floor":26.0,"key":"InkBottle"},{"floor":27.0,"key":"AT_ChloranthyRing"},{"floor":27.0,"key":"Bottled Tornado"},{"floor":40.0,"key":"Bird Faced Urn"},{"floor":40.0,"key":"AT_BellowingDragoncrestRing"},{"floor":42.0,"key":"Smiling Mask"},{"floor":42.0,"key":"testmod-BlackFramedGlasses"},{"floor":45.0,"key":"Tiny Chest"},{"floor":45.0,"key":"Art of War"},{"floor":46.0,"key":"Simple Rune"},{"floor":47.0,"key":"infinitespire:Midas Blood"},{"floor":47.0,"key":"testmod-EqualTreatment"}],"event_choices":[{"damage_healed":0.0,"max_hp_gain":0.0,"max_hp_loss":0.0,"gold_gain":0.0,"event_name":"The Woman in Blue","player_choice":"Bought 3 Potions","floor":4.0,"gold_loss":0.0,"damage_taken":0.0},{"damage_healed":0.0,"max_hp_gain":0.0,"max_hp_loss":0.0,"gold_gain":0.0,"event_name":"Upgrade Shrine","player_choice":"Upgraded","floor":29.0,"gold_loss":0.0,"damage_taken":0.0,"cards_upgraded":["Searing Blow"]},{"damage_healed":0.0,"max_hp_gain":0.0,"max_hp_loss":0.0,"gold_gain":0.0,"event_name":"Tomb of Lord Red Mask","player_choice":"Ignored","floor":36.0,"gold_loss":0.0,"damage_taken":0.0},{"damage_healed":0.0,"max_hp_gain":0.0,"max_hp_loss":0.0,"gold_gain":0.0,"event_name":"给自己的盒子","player_choice":"Swap Relic","floor":39.0,"relics_lost":["testmod-IncinerationGenerator"],"gold_loss":0.0,"damage_taken":0.0,"relics_obtained":["NeowsBlessing"]},{"cards_removed":["Bash"],"damage_healed":0.0,"max_hp_gain":0.0,"max_hp_loss":0.0,"gold_gain":0.0,"event_name":"Falling","player_choice":"Removed Attack","floor":41.0,"gold_loss":0.0,"damage_taken":0.0}],"is_beta":false,"boss_relics":[{"not_picked":["Ectoplasm","Philosopher\u0027s Stone"],"picked":"ChewingGum"},{"not_picked":["Runic Dome","vexMod:CursedCompass"],"picked":"vexMod:DeviousBotling"},{"not_picked":["Replay:Ancient Bell","aspiration:WatcherSkillbook"],"picked":"testmod-EnergyCheck"}],"items_purged_floors":[2,14,19,31],"is_endless":true,"potions_floor_spawned":[5,7,10,20,21,24,25,27,35,40,42,47,50],"ascension_level":3}}