{"host":"roqztpbdbchtekes","time":1610568234,"event":{"mods":["A Magickal Journey","AchievementEnabler","BaseMod","Better Note","Better Third Choice","BetterRewards","Block Reminder","Colored Map","Colored Powertips","Curses Come First","DeckTracker","Minty Spire (QoL Compilation)","Relic Stats","Spicy Shops","StSLib"],"gold_per_floor":[119,119,130,205,205,205,248,248,248,248,248],"floor_reached":10,"language":"ENG","playtime":302,"items_purged":[],"score":80,"play_id":"485feaac-94a5-4c52-9e5f-9ea2567e9738","local_time":"20210113210354","is_ascension_mode":true,"campfire_choices":[{"data":"Zap","floor":6,"key":"SMITH"},{"data":"Coolheaded","floor":8,"key":"SMITH"}],"circlet_count":0,"master_deck":["Strike_B","Strike_B","Strike_B","Strike_B","Defend_B","Defend_B","Defend_B","Defend_B","Zap+1","Dualcast","Biased Cognition","Hologram","Coolheaded+1"],"relics":["Cracked Core","CeramicFish","Meat on the Bone"],"acts_visited":["Exordium"],"potions_floor_usage":[10],"damage_taken":[{"damage":7,"enemies":"2 Louse","floor":1,"turns":2},{"damage":11,"enemies":"Cultist","floor":3,"turns":5},{"damage":32,"enemies":"3 Sentries","floor":7,"turns":7},{"damage":10,"enemies":"Lagavulin","floor":10,"turns":3}],"seed_played":"8039758249742431469","potions_obtained":[{"floor":7,"key":"SkillPotion"}],"is_trial":false,"path_per_floor":["M","?","M","?","?","R","E","R","T","E"],"character_chosen":"DEFECT","items_purchased":[],"campfire_rested":0,"item_purchase_floors":[],"current_hp_per_floor":[68,68,57,46,39,39,7,7,7,0,0],"gold":248,"neow_bonus":"ONE_RANDOM_RARE_CARD","is_daily":false,"chose_seed":false,"campfire_upgraded":2,"win_rate":0.0,"timestamp":1610568234,"path_taken":["M","?","?","?","?","R","E","R","T","E"],"items_purchased_type":[],"build_version":"2020-12-22","purchased_purges":0,"victory":false,"max_hp_per_floor":[75,75,75,75,75,75,75,75,75,75,75],"relic_stats":{"counters":[12,46],"CeramicFish":9,"obtain_stats":[{"Bird Faced Urn":0,"CeramicFish":7,"WingedGreaves":13,"Toxic Egg 2":8,"Cracked Core":0,"Unceasing Top":6,"Meat on the Bone":9},{"Bird Faced Urn":0,"CeramicFish":11,"WingedGreaves":6,"Toxic Egg 2":4,"Cracked Core":0,"Unceasing Top":3,"Meat on the Bone":11},{"Bird Faced Urn":0,"CeramicFish":43,"WingedGreaves":21,"Toxic Egg 2":15,"Cracked Core":0,"Unceasing Top":11,"Meat on the Bone":43}],"Meat on the Bone":0},"card_choices":[{"not_picked":["Capacitor","Go for the Eyes"],"picked":"Hologram","floor":1},{"not_picked":["Double Energy","Auto Shields","Redo"],"picked":"SKIP","floor":3},{"not_picked":["BootSequence","Double Energy"],"picked":"Coolheaded","floor":7}],"player_experience":308493,"relics_obtained":[{"floor":7,"key":"CeramicFish"},{"floor":9,"key":"Meat on the Bone"}],"event_choices":[{"damage_healed":0,"gold_gain":0,"player_choice":"Cursed","damage_taken":0,"max_hp_gain":0,"max_hp_loss":0,"event_name":"Wheel of Change","floor":2,"gold_loss":0,"cards_obtained":["Decay"]},{"damage_healed":0,"gold_gain":75,"player_choice":"Gold","damage_taken":11,"max_hp_gain":0,"max_hp_loss":0,"event_name":"betterThird:BetterGoop","floor":4,"gold_loss":0},{"cards_removed":["Decay"],"damage_healed":0,"gold_gain":0,"player_choice":"Card Removal","damage_taken":7,"max_hp_gain":0,"max_hp_loss":0,"event_name":"Golden Wing","floor":5,"gold_loss":0}],"is_beta":false,"boss_relics":[],"items_purged_floors":[],"is_endless":false,"potions_floor_spawned":[7],"killed_by":"Lagavulin","ascension_level":5}}