{"host":"98zq812qbocdqs0d","time":1610568815,"event":{"mods":["BaseMod","GifTheSpireLib","Minty Spire (QoL Compilation)","Replay The Spire","StSLib","The Cursed","The Hierophant"],"gold_per_floor":[115,115,132,132,151,151,180,192,192,218,27,27,45,105,105,209,209,220,319,222,222,83,83,101,116,116,0,33,33,33,50,50,150,150,170,170,186,24,37,70,70,86,138,189,208,11,11,0,0,0],"floor_reached":51,"language":"ITA","playtime":3538,"items_purged":["Defend_G","Defend_G","All Out Attack","Endless Agony"],"score":821,"play_id":"51c2efa6-7754-4fbc-b690-e0de7f573d37","local_time":"20210113211335","is_ascension_mode":true,"campfire_choices":[{"data":"Neutralize","floor":6,"key":"SMITH"},{"floor":12,"key":"REST"},{"floor":15,"key":"REST"},{"data":"Infinite Blades","floor":23,"key":"SMITH"},{"data":"Infinite Blades","floor":32,"key":"SMITH"},{"data":"Venomology","floor":41,"key":"SMITH"},{"data":"Blade Dance","floor":47,"key":"SMITH"},{"data":"Blade Dance","floor":49,"key":"SMITH"}],"circlet_count":0,"master_deck":["Strike_G","Strike_G","Strike_G","Strike_G","Defend_G","Defend_G","Defend_G","Survivor","Neutralize+1","Backflip","Slice","Blade Dance+1","Cloak And Dagger","Storm of Steel","Venomology+1","Accuracy+1","Infinite Blades+1","Blade Dance+1","Backstab","Master of Strategy","Infinite Blades+1","CurseOfTheBell","Infinite Blades","Blade Dance+1","Infinite Blades+1","Trip"],"relics":["Ring of the Snake","NeowsBlessing","Replay:WaspNest","Kunai","Onion Ring","Membership Card","Anchor","SlaversCollar","BargainBundle","Bag of Marbles","Iron Hammer","MealTicket","Ginger","Calling Bell","Potion Belt","Ornamental Fan","Tough Bandages","Meat on the Bone","Quantum Egg","ReplayTheSpireMod:TigerMarble","Mango","Lee\u0027s Waffle","Red Mask"],"acts_visited":["Exordium","TheCity","TheBeyond"],"potions_floor_usage":[7,16,16,35,39,39,40,42,42,44,45,50,50,50,50,50,50],"damage_taken":[{"damage":0,"enemies":"Cultist","floor":1,"turns":1},{"damage":0,"enemies":"Jaw Worm","floor":3,"turns":1},{"damage":0,"enemies":"2 Louse","floor":5,"turns":1},{"damage":58,"enemies":"Lagavulin","floor":7,"turns":10},{"damage":0,"enemies":"Blue Slaver","floor":8,"turns":4},{"damage":7,"enemies":"Gremlin Nob","floor":10,"turns":5},{"damage":5,"enemies":"Large Slime","floor":13,"turns":3},{"damage":9,"enemies":"Fading Forest","floor":16,"turns":11},{"damage":0,"enemies":"Chosen","floor":18,"turns":3},{"damage":1,"enemies":"2 Thieves","floor":24,"turns":2},{"damage":0,"enemies":"Shelled Parasite and Fungi","floor":25,"turns":2},{"damage":6,"enemies":"Book of Stabbing","floor":28,"turns":4},{"damage":0,"enemies":"3 Cultists","floor":31,"turns":3},{"damage":24,"enemies":"Champ","floor":33,"turns":6},{"damage":15,"enemies":"3 Darklings","floor":35,"turns":4},{"damage":0,"enemies":"Orb Walker","floor":37,"turns":2},{"damage":10,"enemies":"Maw","floor":39,"turns":6},{"damage":0,"enemies":"Giant Head","floor":40,"turns":6},{"damage":3,"enemies":"Writhing Mass","floor":42,"turns":3},{"damage":0,"enemies":"2 Orb Walkers","floor":44,"turns":3},{"damage":8,"enemies":"Spire Growth","floor":45,"turns":2},{"damage":24,"enemies":"Awakened One","floor":50,"turns":7}],"seed_played":"-2031220280937266023","potions_obtained":[{"floor":3,"key":"PowerPotion"},{"floor":10,"key":"Flashbang"},{"floor":13,"key":"ColorlessPotion"},{"floor":14,"key":"PowerPotion"},{"floor":16,"key":"Weak Potion"},{"floor":37,"key":"Regen Potion"},{"floor":40,"key":"Energy Potion"},{"floor":42,"key":"Strength Potion"},{"floor":45,"key":"FearPotion"}],"is_trial":false,"path_per_floor":["M","?","M","?","M","R","E","M","T","E","$","R","M","?","R","B",null,"M","?","$","?","$","R","M","M","T","$","E","?","$","M","R","B",null,"M","?","M","$","M","E","R","M","T","?","M","$","R","?","R","B",null],"character_chosen":"THE_SILENT","items_purchased":["Membership Card","BargainBundle","Infinite Blades","Blade Dance","Backstab","Master of Strategy","LiquidBronze","Bag of Marbles","Infinite Blades","MealTicket","Infinite Blades","Meat on the Bone","Trip","Lee\u0027s Waffle"],"campfire_rested":2,"item_purchase_floors":[11,20,20,20,20,20,20,22,27,27,38,38,46,46],"current_hp_per_floor":[70,70,70,75,75,75,17,17,17,10,10,32,27,27,49,62,75,75,75,75,75,75,75,74,74,74,74,68,68,75,75,75,51,75,60,60,60,71,61,71,71,68,68,82,74,92,92,92,92,68],"gold":0,"neow_bonus":"THREE_ENEMY_KILL","is_daily":false,"chose_seed":false,"campfire_upgraded":6,"win_rate":0.0,"timestamp":1610568815,"path_taken":["M","?","M","?","M","R","E","M","T","E","$","R","M","?","R","BOSS","M","?","$","?","$","R","M","?","T","?","E","?","$","M","R","BOSS","M","?","M","$","M","E","R","M","T","?","M","$","R","?","R","BOSS"],"items_purchased_type":["Relic","Relic","Card","Card","Card","Card","Potion","Relic","Card","Relic","Card","Relic","Card","Relic"],"build_version":"2020-12-22","purchased_purges":4,"victory":true,"max_hp_per_floor":[70,70,70,75,75,75,75,75,75,75,75,75,75,75,75,75,75,75,75,75,75,75,75,75,75,75,75,75,75,75,75,75,75,75,75,71,71,71,71,71,71,71,71,85,85,92,92,92,92,92],"card_choices":[{"not_picked":["Poisoned Stab","Dagger Throw"],"picked":"Endless Agony","floor":1},{"not_picked":["Replay:Poison Smokescreen","Dagger Spray"],"picked":"Backflip","floor":3},{"not_picked":["Quick Slash","Prepared","Escape Plan"],"picked":"SKIP","floor":5},{"not_picked":["Deadly Poison","Toxin Wave"],"picked":"Slice","floor":7},{"not_picked":["Outmaneuver","Bane"],"picked":"All Out Attack","floor":8},{"not_picked":["Well Laid Plans","Deflect"],"picked":"Blade Dance","floor":10},{"not_picked":["Bouncing Flask","Hidden Blade"],"picked":"Cloak And Dagger","floor":13},{"not_picked":["Sucker Punch","Underhanded Strike"],"picked":"Storm of Steel","floor":14},{"not_picked":["Glass Knife","Tools of the Trade"],"picked":"Venomology","floor":16},{"not_picked":["Skewer","Quick Slash"],"picked":"Accuracy+1","floor":18},{"not_picked":["Quick Slash","Escape Plan","Skewer"],"picked":"SKIP","floor":24},{"not_picked":["Endless Agony","Escape Plan+1","Bane"],"picked":"SKIP","floor":25},{"not_picked":["Predator","Sucker Punch","Well Laid Plans"],"picked":"SKIP","floor":28},{"not_picked":["Dagger Throw","Deflect","Hidden Blade"],"picked":"SKIP","floor":31},{"not_picked":["Bane","Replay:Poison Smokescreen","Escape Plan"],"picked":"SKIP","floor":35},{"not_picked":["Dodge and Roll","Flechettes+1","Dash+1"],"picked":"SKIP","floor":37},{"not_picked":["Flechettes","Dagger Throw","Deadly Poison+1"],"picked":"SKIP","floor":39},{"not_picked":["Dagger Spray","Deadly Poison"],"picked":"Blade Dance+1","floor":40},{"not_picked":["Dagger Spray+1","Hidden Blade","ReplayTheSpireMod:Tripwire+1"],"picked":"SKIP","floor":42},{"not_picked":["Outmaneuver","Well Laid Plans+1"],"picked":"Infinite Blades+1","floor":44},{"not_picked":["Acrobatics+1","Deadly Poison","Dagger Throw+1"],"picked":"SKIP","floor":45}],"player_experience":905915,"relics_obtained":[{"floor":7,"key":"Replay:WaspNest"},{"floor":9,"key":"Kunai"},{"floor":10,"key":"Onion Ring"},{"floor":14,"key":"Anchor"},{"floor":26,"key":"Iron Hammer"},{"floor":28,"key":"Ginger"},{"floor":34,"key":"Potion Belt"},{"floor":34,"key":"Ornamental Fan"},{"floor":34,"key":"Tough Bandages"},{"floor":40,"key":"Quantum Egg"},{"floor":43,"key":"ReplayTheSpireMod:TigerMarble"},{"floor":44,"key":"Mango"}],"event_choices":[{"damage_healed":0,"gold_gain":0,"player_choice":"Leave","damage_taken":0,"max_hp_gain":0,"max_hp_loss":0,"event_name":"The Cleric","floor":2,"gold_loss":0},{"damage_healed":0,"gold_gain":0,"player_choice":"Donut","damage_taken":0,"max_hp_gain":5,"max_hp_loss":0,"event_name":"Big Fish","floor":4,"gold_loss":0},{"damage_healed":0,"gold_gain":99,"player_choice":"Stole From Cult","damage_taken":0,"max_hp_gain":0,"max_hp_loss":0,"event_name":"Nest","floor":19,"gold_loss":0},{"cards_removed":["Strike_G"],"damage_healed":0,"gold_gain":0,"player_choice":"Offered Basic","damage_taken":0,"max_hp_gain":0,"max_hp_loss":0,"event_name":"Bonfire Elementals","floor":21,"gold_loss":0},{"damage_healed":0,"gold_gain":0,"player_choice":"Max HP","damage_taken":0,"max_hp_gain":0,"max_hp_loss":4,"event_name":"Winding Halls","floor":36,"gold_loss":0},{"damage_healed":0,"gold_gain":0,"player_choice":"Fight","damage_taken":0,"max_hp_gain":0,"max_hp_loss":0,"event_name":"Mysterious Sphere","floor":44,"gold_loss":0},{"damage_healed":0,"gold_gain":0,"player_choice":"Paid","damage_taken":0,"relics_obtained":["Red Mask"],"max_hp_gain":0,"max_hp_loss":0,"event_name":"Tomb of Lord Red Mask","floor":48,"gold_loss":11}],"is_beta":false,"boss_relics":[{"not_picked":["Busted Crown","Sozu"],"picked":"SlaversCollar"},{"not_picked":["HoveringKite","Philosopher\u0027s Stone"],"picked":"Calling Bell"}],"items_purged_floors":[11,20,22,46],"is_endless":false,"potions_floor_spawned":[3,10,13,16,24,28,37,40,42,45],"ascension_level":2}}