{"host":"t7mx8yfj1no5p62f","time":1610544443,"event":{"mods":["BaseMod","Bestiary","Colored Map","Colored Powertips","Minty Spire (QoL Compilation)","Relic Stats","StSLib"],"gold_per_floor":[114,114,131,131,33,63,78,121,200,235,255,255,283,283,283,369,369,387,407,416,416,432,432,468,481,481,481,502,520,40,74,74,160,160,177,177,1194,1194,1219,1254,1254,1287,1287,1287,1287],"floor_reached":44,"language":"ENG","playtime":1776,"items_purged":["Strike_R"],"score":1227,"play_id":"6cd984a0-bb63-4eda-b12f-bedbfda1e1c2","local_time":"20210113082723","is_ascension_mode":true,"campfire_choices":[{"data":"Disarm","floor":12.0,"key":"SMITH"},{"data":"Carnage","floor":15.0,"key":"SMITH"},{"data":"Armaments","floor":23.0,"key":"SMITH"},{"data":"Whirlwind","floor":27,"key":"SMITH"},{"data":"1","floor":32,"key":"LIFT"},{"data":"Normality","floor":41,"key":"PURGE"}],"circlet_count":0,"master_deck":["AscendersBane","Strike_R","Strike_R","Strike_R","Strike_R","Defend_R","Defend_R","Defend_R","Bash","Thunderclap+1","Perfected Strike","Spot Weakness","Twin Strike","Armaments+1","Disarm+1","Sword Boomerang","Carnage+1","Disarm","Limit Break","Cleave","Whirlwind+1","Power Through","True Grit","Ghostly Armor","True Grit","Inflame","Reaper","Normality","Disarm"],"relics":["Burning Blood","NeowsBlessing","Pocketwatch","CeramicFish","Bottled Lightning","Self Forming Clay","Velvet Choker","Mercury Hourglass","Bronze Scales","Girya","PreservedInsect","TheAbacus","The Courier","Snecko Eye","Peace Pipe","Boot"],"acts_visited":["Exordium","TheCity","TheBeyond"],"potions_floor_usage":[24,28,33,39,42],"damage_taken":[{"damage":0.0,"enemies":"2 Louse","floor":1.0,"turns":1.0},{"damage":0.0,"enemies":"Small Slimes","floor":3.0,"turns":1.0},{"damage":0.0,"enemies":"Gremlin Nob","floor":6.0,"turns":1.0},{"damage":9.0,"enemies":"Jaw Worm","floor":7.0,"turns":3.0},{"damage":30.0,"enemies":"Lagavulin","floor":8.0,"turns":6.0},{"damage":27.0,"enemies":"Gremlin Nob","floor":10.0,"turns":4.0},{"damage":11.0,"enemies":"Exordium Thugs","floor":11.0,"turns":5.0},{"damage":3.0,"enemies":"Looter","floor":13.0,"turns":3.0},{"damage":0.0,"enemies":"The Guardian","floor":16.0,"turns":12.0},{"damage":5.0,"enemies":"Spheric Guardian","floor":18.0,"turns":4.0},{"damage":17.0,"enemies":"2 Thieves","floor":19.0,"turns":4.0},{"damage":12.0,"enemies":"Snecko","floor":22.0,"turns":6.0},{"damage":9,"enemies":"Gremlin Leader","floor":24,"turns":6},{"damage":14,"enemies":"Sentry and Sphere","floor":25,"turns":4},{"damage":24,"enemies":"Shelled Parasite and Fungi","floor":28,"turns":4},{"damage":17,"enemies":"Snecko","floor":29,"turns":4},{"damage":3,"enemies":"Book of Stabbing","floor":31,"turns":4},{"damage":11,"enemies":"Champ","floor":33,"turns":10},{"damage":17,"enemies":"Orb Walker","floor":35,"turns":5},{"damage":6,"enemies":"3 Shapes","floor":39,"turns":7},{"damage":47,"enemies":"Reptomancer","floor":40,"turns":7},{"damage":40,"enemies":"Nemesis","floor":42,"turns":11},{"damage":77,"enemies":"Giant Head","floor":44,"turns":7}],"seed_played":"-8010666061033325441","potions_obtained":[{"floor":1.0,"key":"Swift Potion"},{"floor":10.0,"key":"ElixirPotion"},{"floor":11.0,"key":"GamblersBrew"},{"floor":13.0,"key":"BloodPotion"},{"floor":16.0,"key":"Block Potion"},{"floor":18.0,"key":"ColorlessPotion"},{"floor":24,"key":"EssenceOfSteel"},{"floor":28,"key":"Fire Potion"},{"floor":33,"key":"BloodPotion"},{"floor":39,"key":"Dexterity Potion"},{"floor":42,"key":"FairyPotion"}],"is_trial":false,"path_per_floor":["M","?","M","?","$","E","M","E","T","E","M","R","M","?","R","B",null,"M","M","?","T","M","R","E","M","T","R","M","M","$","E","R","B",null,"M","?","?","?","M","E","R","E","T","E"],"character_chosen":"IRONCLAD","items_purchased":["Spot Weakness","Twin Strike","Ghostly Armor","True Grit","PreservedInsect","TheAbacus"],"campfire_rested":0,"item_purchase_floors":[5,5,30,30,30,30],"current_hp_per_floor":[74,74,75,75,75,75,72,48,48,27,22,22,25,30,30,36,69,70,59,59,59,53,53,50,42,42,42,40,29,29,32,32,27,67,72,72,72,72,80,39,39,42,42,0,0],"gold":1287,"neow_bonus":"THREE_ENEMY_KILL","is_daily":false,"chose_seed":false,"campfire_upgraded":4,"win_rate":0.0,"timestamp":1610544443,"path_taken":["M","?","M","?","$","E","M","E","T","E","M","R","M","?","R","BOSS","M","M","?","?","M","R","E","M","T","R","M","M","$","E","R","BOSS","M","?","?","?","M","E","R","E","T","E"],"items_purchased_type":["Card","Card","Card","Card","Relic","Relic"],"build_version":"2020-12-22","purchased_purges":1,"victory":false,"max_hp_per_floor":[75,75,75,75,75,75,75,75,75,75,75,75,75,80,80,80,80,80,80,80,80,80,80,80,80,80,80,80,80,80,80,80,80,80,80,80,80,80,80,80,80,80,80,80,80],"relic_stats":{"counters":[23,119],"Self Forming Clay":[93],"CeramicFish":144,"PreservedInsect":285,"Boot":[6],"Burning Blood":117,"Mercury Hourglass":[224],"Peace Pipe":1,"TheAbacus":[84],"Bronze Scales":[150],"Snecko Eye":[63,69,88,64],"obtain_stats":[{"Girya":26,"NeowsBlessing":0,"Self Forming Clay":10,"CeramicFish":8,"Velvet Choker":17,"PreservedInsect":30,"The Courier":31,"Boot":42,"Burning Blood":0,"Mercury Hourglass":21,"Peace Pipe":40,"TheAbacus":30,"Bronze Scales":24,"Snecko Eye":34,"Bottled Lightning":9,"Pocketwatch":6},{"Girya":14,"NeowsBlessing":0,"Self Forming Clay":6,"CeramicFish":5,"Velvet Choker":9,"PreservedInsect":16,"The Courier":17,"Boot":22,"Burning Blood":0,"Mercury Hourglass":11,"Peace Pipe":21,"TheAbacus":16,"Bronze Scales":13,"Snecko Eye":18,"Bottled Lightning":5,"Pocketwatch":3},{"Girya":60,"NeowsBlessing":0,"Self Forming Clay":16,"CeramicFish":12,"Velvet Choker":36,"PreservedInsect":68,"The Courier":72,"Boot":112,"Burning Blood":0,"Mercury Hourglass":44,"Peace Pipe":101,"TheAbacus":68,"Bronze Scales":56,"Snecko Eye":82,"Bottled Lightning":12,"Pocketwatch":3}],"Pocketwatch":[267]},"card_choices":[{"not_picked":["Intimidate","Iron Wave"],"picked":"Thunderclap","floor":1.0},{"not_picked":["Clash","Heavy Blade"],"picked":"Perfected Strike","floor":3.0},{"not_picked":["Hemokinesis","Second Wind"],"picked":"Armaments","floor":6.0},{"not_picked":["Evolve","Clothesline","Thunderclap"],"picked":"SKIP","floor":7.0},{"not_picked":["Shrug It Off","Shockwave"],"picked":"Disarm","floor":8.0},{"not_picked":["Twin Strike","Thunderclap"],"picked":"Sword Boomerang","floor":10.0},{"not_picked":["Bloodletting","Combust"],"picked":"Carnage","floor":11.0},{"not_picked":["Flex","Warcry"],"picked":"Disarm","floor":13.0},{"not_picked":["Immolate","Corruption"],"picked":"Limit Break","floor":16.0},{"not_picked":["Twin Strike+1","Fire Breathing","Body Slam"],"picked":"SKIP","floor":18.0},{"not_picked":["Uppercut","Wild Strike"],"picked":"Cleave","floor":19.0},{"not_picked":["Metallicize","Armaments","Searing Blow"],"picked":"SKIP","floor":22.0},{"not_picked":["Immolate","Twin Strike"],"picked":"Power Through","floor":24},{"not_picked":["Entrench","Headbutt","Perfected Strike"],"picked":"SKIP","floor":25},{"not_picked":["Dual Wield","Twin Strike"],"picked":"True Grit","floor":28},{"not_picked":["Anger+1","Body Slam","Bludgeon"],"picked":"SKIP","floor":29},{"not_picked":["Evolve","Warcry"],"picked":"Inflame","floor":31},{"not_picked":["Offering","Barricade"],"picked":"Reaper","floor":33},{"not_picked":["Body Slam+1","Sever Soul","Flex+1"],"picked":"SKIP","floor":35},{"not_picked":["Wild Strike+1","Hemokinesis"],"picked":"Disarm","floor":39},{"not_picked":["Dropkick","Twin Strike","Havoc"],"picked":"SKIP","floor":40},{"not_picked":["Sever Soul+1","Carnage+1","Shrug It Off"],"picked":"SKIP","floor":42}],"player_experience":1747873,"relics_obtained":[{"floor":6.0,"key":"Pocketwatch"},{"floor":8.0,"key":"CeramicFish"},{"floor":9.0,"key":"Bottled Lightning"},{"floor":10.0,"key":"Self Forming Clay"},{"floor":21.0,"key":"Mercury Hourglass"},{"floor":24,"key":"Bronze Scales"},{"floor":26,"key":"Girya"},{"floor":31,"key":"The Courier"},{"floor":40,"key":"Peace Pipe"},{"floor":42,"key":"Boot"}],"event_choices":[{"damage_healed":0.0,"max_hp_gain":0.0,"max_hp_loss":0.0,"gold_gain":0.0,"event_name":"Living Wall","player_choice":"Grow","floor":2.0,"gold_loss":0.0,"damage_taken":0.0,"cards_upgraded":["Thunderclap"]},{"damage_healed":0.0,"max_hp_gain":0.0,"max_hp_loss":0.0,"gold_gain":0.0,"event_name":"Liars Game","player_choice":"Ignored","floor":4.0,"gold_loss":0.0,"damage_taken":0.0},{"damage_healed":0.0,"max_hp_gain":5.0,"max_hp_loss":0.0,"gold_gain":0.0,"event_name":"Big Fish","player_choice":"Donut","floor":14.0,"gold_loss":0.0,"damage_taken":0.0},{"damage_healed":0.0,"max_hp_gain":0.0,"max_hp_loss":0.0,"gold_gain":0.0,"event_name":"The Library","player_choice":"Read","floor":20.0,"gold_loss":0.0,"damage_taken":0.0,"cards_obtained":["Whirlwind"]},{"cards_removed":["Defend_R"],"damage_healed":0,"gold_gain":0,"player_choice":"Removed Skill","damage_taken":0,"max_hp_gain":0,"max_hp_loss":0,"event_name":"Falling","floor":36,"gold_loss":0},{"damage_healed":0,"gold_gain":999,"player_choice":"Gold","damage_taken":0,"max_hp_gain":0,"max_hp_loss":0,"event_name":"MindBloom","floor":37,"gold_loss":0,"cards_obtained":["Normality","Normality"]},{"damage_healed":0,"gold_gain":0,"player_choice":"Ignored","damage_taken":0,"max_hp_gain":0,"max_hp_loss":0,"event_name":"Tomb of Lord Red Mask","floor":38,"gold_loss":0}],"is_beta":false,"boss_relics":[{"not_picked":["Ectoplasm","Black Blood"],"picked":"Velvet Choker"},{"not_picked":["Empty Cage","Coffee Dripper"],"picked":"Snecko Eye"}],"items_purged_floors":[30],"is_endless":false,"potions_floor_spawned":[1,10,11,13,16,18,24,28,31,33,39,42],"killed_by":"Giant Head","ascension_level":20}}