{"host":"6azrrw3tf7wb0f4b","time":1610559128,"event":{"mods":["BaseMod","DeckTracker","Minty Spire (QoL Compilation)","SuperFastMode"],"gold_per_floor":[119,119,119,132,11,11,46,46,46,57,82,102,119,137,137,236,236,254,254,265,283,299,299,199,199,275,287,202,215,14,32,32,137,137,150,0,16,66,66,66],"floor_reached":39,"language":"KOR","playtime":1164,"items_purged":["Defend_P","Strike_P+1","Strike_P+1","PathToVictory"],"score":712,"play_id":"a2e764ac-adb1-430a-ae32-126a5e761b32","local_time":"20210114023208","is_ascension_mode":true,"campfire_choices":[{"data":"Eruption","floor":6.0,"key":"SMITH"},{"floor":15.0,"key":"REST"},{"data":"Adaptation","floor":23,"key":"SMITH"},{"data":"Vault","floor":25,"key":"SMITH"},{"data":"MentalFortress","floor":32,"key":"SMITH"}],"circlet_count":0,"master_deck":["AscendersBane","Strike_P+1","Defend_P","Defend_P","Eruption+1","Vigilance","Judgement","FearNoEvil+1","Tantrum","Evaluate","Vengeance","EmptyBody","Vault+1","EmptyBody+1","FlurryOfBlows","PathToVictory","Adaptation+1","MentalFortress+1","Protect+1"],"relics":["PureWater","Lizard Tail","Whetstone","Omamori","Cursed Key","Molten Egg 2","Mummified Hand","SacredBark","Ginger"],"acts_visited":["Exordium","TheCity","TheBeyond"],"potions_floor_usage":[16,21,33,33],"damage_taken":[{"damage":7.0,"enemies":"Jaw Worm","floor":1.0,"turns":2.0},{"damage":1.0,"enemies":"Cultist","floor":4.0,"turns":3.0},{"damage":16.0,"enemies":"Gremlin Nob","floor":7.0,"turns":3.0},{"damage":0.0,"enemies":"2 Louse","floor":10.0,"turns":1.0},{"damage":19.0,"enemies":"Lagavulin","floor":11.0,"turns":6.0},{"damage":3.0,"enemies":"Looter","floor":12.0,"turns":2.0},{"damage":1.0,"enemies":"Red Slaver","floor":13.0,"turns":2.0},{"damage":0.0,"enemies":"2 Fungi Beasts","floor":14.0,"turns":2.0},{"damage":0,"enemies":"Slime Boss","floor":16,"turns":3},{"damage":0,"enemies":"Spheric Guardian","floor":18,"turns":1},{"damage":13,"enemies":"3 Byrds","floor":20,"turns":6},{"damage":3,"enemies":"Snecko","floor":21,"turns":4},{"damage":0,"enemies":"Centurion and Healer","floor":22,"turns":3},{"damage":0,"enemies":"3 Cultists","floor":27,"turns":4},{"damage":5,"enemies":"Snecko","floor":29,"turns":4},{"damage":0,"enemies":"Centurion and Healer","floor":31,"turns":4},{"damage":48,"enemies":"Collector","floor":33,"turns":9},{"damage":9,"enemies":"3 Darklings","floor":35,"turns":5},{"damage":25,"enemies":"3 Shapes","floor":37,"turns":6},{"damage":0,"enemies":"Mind Bloom Boss Battle","floor":38,"turns":7},{"damage":33,"enemies":"Transient","floor":39,"turns":3}],"seed_played":"1773205246762815131","potions_obtained":[{"floor":1.0,"key":"Regen Potion"},{"floor":12.0,"key":"FearPotion"},{"floor":13.0,"key":"EssenceOfSteel"},{"floor":16,"key":"Ancient Potion"},{"floor":19,"key":"LiquidMemories"},{"floor":21,"key":"Swift Potion"},{"floor":35,"key":"LiquidBronze"}],"is_trial":false,"path_per_floor":["M","?","?","M","$","R","E","?","T","M","E","M","M","M","R","B",null,"M","?","M","M","M","R","$","R","T","M","?","M","$","M","R","B",null,"M","$","M","?","M"],"character_chosen":"WATCHER","items_purchased":["Evaluate","MentalFortress"],"campfire_rested":1,"item_purchase_floors":[5,30],"current_hp_per_floor":[58,44,44,43,43,43,27,20,20,20,16,13,12,12,33,33,62,62,62,49,46,46,46,46,46,46,46,46,41,41,41,41,36,63,54,54,29,29,0,0],"gold":66,"neow_bonus":"ONE_RANDOM_RARE_CARD","is_daily":false,"chose_seed":false,"campfire_upgraded":4,"win_rate":0.0,"timestamp":1610559128,"path_taken":["M","?","?","?","?","R","E","?","T","M","E","M","M","M","R","BOSS","M","?","M","M","?","R","$","R","T","M","?","M","$","M","R","BOSS","M","$","M","?","M"],"items_purchased_type":["Card","Card"],"build_version":"2020-12-22","purchased_purges":4,"victory":false,"max_hp_per_floor":[72,72,72,72,72,72,72,72,72,72,72,72,72,72,72,72,72,72,72,72,72,72,72,72,72,72,72,72,72,72,72,72,72,72,72,72,72,72,72,72],"card_choices":[{"not_picked":["Prostrate","PathToVictory"],"picked":"FearNoEvil","floor":1.0},{"not_picked":["WheelKick","Fasting2"],"picked":"Tantrum","floor":4.0},{"not_picked":["Study","Devotion"],"picked":"Vengeance","floor":7.0},{"not_picked":["Consecrate","BowlingBash","SashWhip"],"picked":"SKIP","floor":10.0},{"not_picked":["DeceiveReality","CutThroughFate"],"picked":"EmptyBody","floor":11.0},{"not_picked":["Prostrate","Crescendo","Evaluate"],"picked":"SKIP","floor":12.0},{"not_picked":["Prostrate","ThirdEye","ClearTheMind"],"picked":"SKIP","floor":13.0},{"not_picked":["Evaluate","DeusExMachina"],"picked":"PathToVictory","floor":14.0},{"not_picked":["SpiritShield","Ragnarok"],"picked":"Vault","floor":16},{"not_picked":["CutThroughFate","Protect"],"picked":"EmptyBody+1","floor":18},{"not_picked":["Weave","Swivel"],"picked":"FlurryOfBlows","floor":20},{"not_picked":["FollowUp","CrushJoints"],"picked":"PathToVictory","floor":21},{"not_picked":["BowlingBash","WindmillStrike"],"picked":"Adaptation","floor":22},{"not_picked":["EmptyBody","ClearTheMind","ThirdEye"],"picked":"SKIP","floor":27},{"not_picked":["DeceiveReality","Brilliance+1","EmptyFist+1"],"picked":"SKIP","floor":29},{"not_picked":["FlyingSleeves+1","Prostrate","ThirdEye"],"picked":"SKIP","floor":31},{"not_picked":["FlyingSleeves+1","Meditate+1"],"picked":"Protect+1","floor":35},{"not_picked":["Wallop+1","Pray","Prostrate+1"],"picked":"SKIP","floor":37}],"player_experience":711663,"relics_obtained":[{"floor":7.0,"key":"Lizard Tail"},{"floor":9.0,"key":"Whetstone"},{"floor":11.0,"key":"Omamori"},{"floor":26,"key":"Molten Egg 2"},{"floor":38,"key":"Ginger"}],"event_choices":[{"damage_healed":0.0,"max_hp_gain":0.0,"max_hp_loss":0.0,"gold_gain":0.0,"event_name":"Shining Light","player_choice":"Entered Light","floor":2.0,"gold_loss":0.0,"damage_taken":14.0,"cards_upgraded":["Strike_P","Strike_P"]},{"cards_removed":["Strike_P"],"damage_healed":0.0,"max_hp_gain":0.0,"max_hp_loss":0.0,"gold_gain":0.0,"event_name":"Bonfire Elementals","player_choice":"Offered Basic","floor":3.0,"gold_loss":0.0,"damage_taken":0.0},{"cards_removed":["Defend_P"],"damage_healed":0.0,"max_hp_gain":0.0,"max_hp_loss":0.0,"gold_gain":0.0,"event_name":"Golden Wing","player_choice":"Card Removal","floor":8.0,"gold_loss":0.0,"damage_taken":7.0},{"damage_healed":0,"gold_gain":0,"player_choice":"Got Potions","damage_taken":0,"max_hp_gain":0,"max_hp_loss":0,"event_name":"Lab","floor":19,"gold_loss":0},{"damage_healed":0,"gold_gain":0,"player_choice":"Obtained Relic","damage_taken":0,"relics_obtained":["Mummified Hand"],"max_hp_gain":0,"max_hp_loss":0,"event_name":"Addict","floor":28,"gold_loss":85},{"damage_healed":0,"gold_gain":0,"player_choice":"Fight","damage_taken":0,"max_hp_gain":0,"max_hp_loss":0,"event_name":"MindBloom","floor":38,"gold_loss":0}],"is_beta":false,"boss_relics":[{"not_picked":["SlaversCollar","Philosopher\u0027s Stone"],"picked":"Cursed Key"},{"not_picked":["Fusion Hammer","Runic Pyramid"],"picked":"SacredBark"}],"items_purged_floors":[5,24,30,36],"is_endless":false,"potions_floor_spawned":[1,12,13,16,20,21,27,35],"killed_by":"Transient","ascension_level":12}}