{"host":"3jpwrwmmgyabjceh","time":1610569992,"event":{"mods":["AchievementEnabler","BaseMod","Colored Map","Colored Powertips","Highlight Path","Minty Spire (QoL Compilation)","Quick Restart","Relic Stats","StSLib","SuperFastMode"],"gold_per_floor":[115,135,155,173,183,218,218,232,259,273,299,299,299,329,329,426,426,446,460,19,19,30,56,56,84,84,84,84,97,128,144,144,247,247,267,367,28,78,96,124,142,172,246,266,283,314,332,357,357,357,357],"floor_reached":50,"language":"ENG","playtime":2374,"items_purged":["Clumsy","Bite+1"],"score":915,"play_id":"f8daad8c-a3f3-4125-8f20-1a3e6c153551","local_time":"20210113233312","is_ascension_mode":true,"campfire_choices":[{"data":"Bash","floor":7.0,"key":"SMITH"},{"data":"Fire Breathing","floor":12.0,"key":"SMITH"},{"data":"Shrug It Off","floor":15.0,"key":"SMITH"},{"data":"Dual Wield","floor":27.0,"key":"SMITH"},{"data":"Inflame","floor":32.0,"key":"SMITH"},{"floor":49,"key":"RECALL"}],"circlet_count":0,"master_deck":["Defend_R","Defend_R","Defend_R","Defend_R","Bash+1","Body Slam","Clothesline","Shrug It Off+1","Iron Wave","Offering","Metallicize","Fire Breathing+1","Uppercut","Reaper","Dual Wield+1","Shockwave","Shrug It Off","Inflame+1","Immolate+1","Bite+1","Bite+1","Bite+1","Bite+1","Clothesline+1","Exhume","Clothesline+1","Inflame","Burning Pact+1","Parasite"],"relics":["Cursed Key","Juzu Bracelet","PreservedInsect","Regal Pillow","Pen Nib","Snecko Eye","Molten Egg 2","Omamori","HornCleat","InkBottle","Paper Frog","SacredBark","Gremlin Horn","Lizard Tail","Ancient Tea Set","Singing Bowl","Blue Candle","Orichalcum"],"acts_visited":["Exordium","TheCity","TheBeyond"],"potions_floor_usage":[50],"damage_taken":[{"damage":4.0,"enemies":"Jaw Worm","floor":1.0,"turns":3.0},{"damage":0.0,"enemies":"Small Slimes","floor":2.0,"turns":2.0},{"damage":6.0,"enemies":"2 Louse","floor":3.0,"turns":2.0},{"damage":0.0,"enemies":"Exordium Thugs","floor":4.0,"turns":3.0},{"damage":10.0,"enemies":"Gremlin Gang","floor":5.0,"turns":4.0},{"damage":19.0,"enemies":"Gremlin Nob","floor":6.0,"turns":5.0},{"damage":0.0,"enemies":"Large Slime","floor":8.0,"turns":4.0},{"damage":1.0,"enemies":"Blue Slaver","floor":10.0,"turns":2.0},{"damage":17.0,"enemies":"3 Sentries","floor":11.0,"turns":6.0},{"damage":6.0,"enemies":"Lagavulin","floor":14.0,"turns":2.0},{"damage":24.0,"enemies":"Hexaghost","floor":16.0,"turns":9.0},{"damage":17.0,"enemies":"2 Thieves","floor":18.0,"turns":4.0},{"damage":6.0,"enemies":"Spheric Guardian","floor":19.0,"turns":3.0},{"damage":0.0,"enemies":"Centurion and Healer","floor":22.0,"turns":5.0},{"damage":15.0,"enemies":"Slavers","floor":23.0,"turns":4.0},{"damage":7.0,"enemies":"Gremlin Leader","floor":25.0,"turns":5.0},{"damage":6.0,"enemies":"Snecko","floor":29.0,"turns":3.0},{"damage":0.0,"enemies":"Book of Stabbing","floor":30.0,"turns":2.0},{"damage":13.0,"enemies":"Shelled Parasite and Fungi","floor":31.0,"turns":3.0},{"damage":52.0,"enemies":"Automaton","floor":33.0,"turns":8.0},{"damage":0.0,"enemies":"Orb Walker","floor":35.0,"turns":3.0},{"damage":0.0,"enemies":"Mind Bloom Boss Battle","floor":38.0,"turns":5.0},{"damage":0.0,"enemies":"3 Shapes","floor":39.0,"turns":2.0},{"damage":19.0,"enemies":"Reptomancer","floor":40.0,"turns":6.0},{"damage":25.0,"enemies":"Spire Growth","floor":41.0,"turns":4.0},{"damage":1.0,"enemies":"Giant Head","floor":42.0,"turns":5.0},{"damage":16.0,"enemies":"Maw","floor":44.0,"turns":6.0},{"damage":79.0,"enemies":"Sphere and 2 Shapes","floor":45.0,"turns":19.0},{"damage":31.0,"enemies":"Reptomancer","floor":46.0,"turns":6.0},{"damage":24.0,"enemies":"Writhing Mass","floor":47.0,"turns":6.0},{"damage":16,"enemies":"Nemesis","floor":48,"turns":5},{"damage":87,"enemies":"Time Eater","floor":50,"turns":7}],"seed_played":"-1765655917866710037","potions_obtained":[{"floor":2.0,"key":"Regen Potion"},{"floor":3.0,"key":"ColorlessPotion"},{"floor":4.0,"key":"Weak Potion"},{"floor":5.0,"key":"Block Potion"},{"floor":10.0,"key":"Regen Potion"},{"floor":11.0,"key":"DistilledChaos"},{"floor":22.0,"key":"CultistPotion"},{"floor":29.0,"key":"ElixirPotion"},{"floor":30.0,"key":"Ancient Potion"},{"floor":39.0,"key":"FearPotion"},{"floor":46.0,"key":"AttackPotion"},{"floor":48,"key":"Fire Potion"}],"is_trial":false,"path_per_floor":["M","M","M","M","M","E","R","M","T","M","E","R","?","E","R","B",null,"M","M","$","?","M","E","?","E","T","R","?","M","E","M","R","B",null,"M","?","$","?","M","E","M","E","T","M","M","E","M","E","R","B"],"character_chosen":"IRONCLAD","items_purchased":["Molten Egg 2","Shockwave","Shrug It Off","Gremlin Horn"],"campfire_rested":0,"item_purchase_floors":[20,20,20,37],"current_hp_per_floor":[76,76,70,70,60,55,55,55,55,54,51,51,51,45,45,21,80,63,63,63,63,72,57,57,80,80,80,56,56,56,49,49,35,56,56,56,56,56,56,56,34,56,56,58,35,38,19,21,21,0,0],"gold":357,"neow_bonus":"BOSS_RELIC","is_daily":false,"chose_seed":false,"campfire_upgraded":5,"win_rate":0.0,"timestamp":1610569992,"path_taken":["M","M","M","M","M","E","R","M","T","M","E","R","?","E","R","BOSS","M","M","$","?","M","E","?","E","T","R","?","M","E","M","R","BOSS","M","?","?","?","M","E","M","E","T","M","M","E","M","E","R","BOSS"],"items_purchased_type":["Relic","Card","Card","Relic"],"build_version":"2020-12-22","purchased_purges":2,"victory":false,"max_hp_per_floor":[80,80,80,80,80,80,80,80,80,80,80,80,80,80,80,80,80,80,80,80,80,80,80,80,80,80,80,56,56,56,56,56,56,56,56,56,56,56,56,56,56,56,56,58,60,62,64,66,66,66,66],"relic_stats":{"Regal Pillow":0,"Gremlin Horn":[12,12],"Singing Bowl":10,"counters":[32,153],"Blue Candle":[0],"PreservedInsect":473,"Pen Nib":[22],"Juzu Bracelet":1,"Orichalcum":[6],"Cursed Key":3,"Lizard Tail":33,"Snecko Eye":[231,207,262,225],"obtain_stats":[{"Regal Pillow":11,"Gremlin Horn":37,"Singing Bowl":42,"SacredBark":34,"Blue Candle":46,"PreservedInsect":9,"Pen Nib":14,"Juzu Bracelet":6,"Omamori":23,"Orichalcum":48,"Cursed Key":0,"Ancient Tea Set":40,"Burning Blood":0,"Lizard Tail":38,"HornCleat":25,"Snecko Eye":17,"Molten Egg 2":20,"InkBottle":26,"Paper Frog":30},{"Regal Pillow":9,"Gremlin Horn":21,"Singing Bowl":26,"SacredBark":20,"Blue Candle":29,"PreservedInsect":7,"Pen Nib":10,"Juzu Bracelet":6,"Omamori":15,"Orichalcum":31,"Cursed Key":0,"Ancient Tea Set":24,"Burning Blood":0,"Lizard Tail":22,"HornCleat":16,"Snecko Eye":11,"Molten Egg 2":13,"InkBottle":16,"Paper Frog":18},{"Regal Pillow":31,"Gremlin Horn":82,"Singing Bowl":104,"SacredBark":79,"Blue Candle":135,"PreservedInsect":23,"Pen Nib":33,"Juzu Bracelet":19,"Omamori":58,"Orichalcum":146,"Cursed Key":0,"Ancient Tea Set":95,"Burning Blood":0,"Lizard Tail":87,"HornCleat":63,"Snecko Eye":42,"Molten Egg 2":49,"InkBottle":63,"Paper Frog":68}],"InkBottle":[32]},"card_choices":[{"not_picked":["Iron Wave","Seeing Red"],"picked":"Body Slam","floor":1.0},{"not_picked":["Headbutt","Entrench"],"picked":"Clothesline","floor":2.0},{"not_picked":["Dropkick","True Grit"],"picked":"Shrug It Off","floor":3.0},{"not_picked":["Wild Strike","Entrench"],"picked":"Iron Wave","floor":4.0},{"not_picked":["Perfected Strike","Bloodletting"],"picked":"Offering","floor":5.0},{"not_picked":["Clash","Reckless Charge","Heavy Blade"],"picked":"SKIP","floor":6.0},{"not_picked":["Body Slam","Sword Boomerang"],"picked":"Metallicize","floor":8.0},{"not_picked":["Rupture","Havoc"],"picked":"Fire Breathing","floor":10.0},{"not_picked":["Headbutt","Rampage","Havoc"],"picked":"SKIP","floor":11.0},{"not_picked":["Twin Strike","Fiend Fire"],"picked":"Uppercut","floor":14.0},{"not_picked":["Berserk","Impervious"],"picked":"Reaper","floor":16.0},{"not_picked":["Infernal Blade","Wild Strike","Body Slam"],"picked":"SKIP","floor":18.0},{"not_picked":["Iron Wave","Body Slam"],"picked":"Dual Wield","floor":19.0},{"not_picked":["Cleave+1","Searing Blow+1","Perfected Strike+1"],"picked":"SKIP","floor":22.0},{"not_picked":["Rampage+1","Armaments"],"picked":"Immolate+1","floor":23.0},{"not_picked":["Anger+1","Intimidate","Rupture"],"picked":"SKIP","floor":25.0},{"not_picked":["Rampage+1","Bloodletting+1"],"picked":"Clothesline+1","floor":29.0},{"not_picked":["Armaments","Intimidate+1","Headbutt+1"],"picked":"SKIP","floor":30.0},{"not_picked":["Warcry","Rampage+1","Seeing Red"],"picked":"SKIP","floor":31.0},{"not_picked":["Berserk","Brutality"],"picked":"Exhume","floor":33.0},{"not_picked":["Flex","Intimidate+1"],"picked":"Clothesline+1","floor":35.0},{"not_picked":["Perfected Strike+1","Thunderclap+1"],"picked":"Inflame","floor":38.0},{"not_picked":["Perfected Strike+1","Anger+1","Rampage+1"],"picked":"SKIP","floor":39.0},{"not_picked":["Anger+1","Flex+1","Rupture+1"],"picked":"SKIP","floor":40.0},{"not_picked":["Warcry+1","Cleave+1","Thunderclap+1"],"picked":"SKIP","floor":41.0},{"not_picked":["Body Slam+1","Havoc"],"picked":"Burning Pact+1","floor":42.0},{"not_picked":["Havoc+1","Wild Strike+1","Warcry+1"],"picked":"Singing Bowl","floor":44.0},{"not_picked":["Offering","Entrench+1","Shrug It Off"],"picked":"Singing Bowl","floor":45.0},{"not_picked":["Iron Wave+1","Perfected Strike+1","Flex"],"picked":"Singing Bowl","floor":46.0},{"not_picked":["Feel No Pain","Iron Wave+1","Clothesline+1"],"picked":"Singing Bowl","floor":47.0},{"not_picked":["Pummel+1","Armaments","Headbutt+1"],"picked":"Singing Bowl","floor":48}],"player_experience":243330,"relics_obtained":[{"floor":6.0,"key":"Juzu Bracelet"},{"floor":9.0,"key":"PreservedInsect"},{"floor":11.0,"key":"Regal Pillow"},{"floor":14.0,"key":"Pen Nib"},{"floor":23.0,"key":"Omamori"},{"floor":25.0,"key":"HornCleat"},{"floor":26.0,"key":"InkBottle"},{"floor":30.0,"key":"Paper Frog"},{"floor":38.0,"key":"Lizard Tail"},{"floor":40.0,"key":"Ancient Tea Set"},{"floor":42.0,"key":"Singing Bowl"},{"floor":46.0,"key":"Blue Candle"},{"floor":48,"key":"Orichalcum"}],"event_choices":[{"damage_healed":0.0,"max_hp_gain":0.0,"max_hp_loss":0.0,"gold_gain":0.0,"event_name":"Shining Light","player_choice":"Ignored","floor":13.0,"gold_loss":0.0,"damage_taken":0.0},{"damage_healed":0.0,"max_hp_gain":0.0,"max_hp_loss":0.0,"gold_gain":0.0,"event_name":"The Library","player_choice":"Read","floor":21.0,"gold_loss":0.0,"damage_taken":0.0,"cards_obtained":["Inflame"]},{"damage_healed":0.0,"max_hp_gain":0.0,"max_hp_loss":0.0,"gold_gain":0.0,"event_name":"Ghosts","player_choice":"Ignored","floor":24.0,"gold_loss":0.0,"damage_taken":0.0},{"damage_healed":0.0,"max_hp_gain":0.0,"max_hp_loss":24.0,"gold_gain":0.0,"event_name":"Vampires","player_choice":"Became a vampire","floor":28.0,"gold_loss":0.0,"damage_taken":0.0,"cards_obtained":["Bite","Bite","Bite","Bite","Bite"]},{"damage_healed":0.0,"max_hp_gain":0.0,"max_hp_loss":0.0,"gold_gain":100.0,"event_name":"Golden Shrine","player_choice":"Pray","floor":36.0,"gold_loss":0.0,"damage_taken":0.0},{"damage_healed":0.0,"max_hp_gain":0.0,"max_hp_loss":0.0,"gold_gain":0.0,"event_name":"MindBloom","player_choice":"Fight","floor":38.0,"gold_loss":0.0,"damage_taken":0.0}],"is_beta":false,"boss_relics":[{"not_picked":["SlaversCollar","Philosopher\u0027s Stone"],"picked":"Snecko Eye"},{"not_picked":["Mark of Pain","Sozu"],"picked":"SacredBark"}],"items_purged_floors":[20,37],"is_endless":false,"potions_floor_spawned":[2,3,4,5,10,11,22,29,30,35,39,41,42,46,48],"killed_by":"Time Eater","ascension_level":4}}