{"host":"s41rn2jhghpwfrvz","time":1610527200,"event":{"mods":["BaseMod","Minty Spire (QoL Compilation)","Quick Restart","Relic Stats","SuperFastMode"],"gold_per_floor":[117,136,150,225,225,253,253,253,253,270,298,298,333,346,346,417,417,432,242,242,255,175,213,213,240,265,265,294,294,21,36,36,110,160,178,189,208,225,225,257,124,155,155,155,185,198,198,212,212,212,212,212,212,86,116,116],"floor_reached":57,"language":"ENG","playtime":1408,"items_purged":["Loop","Undo"],"score":3836,"play_id":"82e78780-2d5e-4748-813f-7fda2a6d1a8c","local_time":"20210113104000","daily_mods":["SealedDeck","Vintage","Diverse"],"is_ascension_mode":true,"campfire_choices":[{"data":"Flex","floor":7,"key":"SMITH"},{"data":"Skim","floor":8,"key":"SMITH"},{"data":"Dark Embrace","floor":15,"key":"SMITH"},{"data":"Expertise","floor":24,"key":"SMITH"},{"data":"Recycle","floor":29,"key":"SMITH"},{"data":"Blade Dance","floor":32,"key":"SMITH"},{"floor":44,"key":"RECALL"},{"data":"Beam Cell","floor":49,"key":"SMITH"},{"floor":53,"key":"REST"}],"circlet_count":0,"master_deck":["AscendersBane","Sword Boomerang+1","Flex+1","Beam Cell+1","Recycle+1","Shrug It Off+1","Skim+1","Blade Dance+1","Scrawl+1","Dark Embrace+1","Expertise+1"],"relics":["Burning Blood","The Courier","Torii","Bottled Lightning","WingedGreaves","CaptainsWheel","Akabeko","Du-Vu Doll","TungstenRod","Paper Frog","Runic Dome","Mercury Hourglass","ClockworkSouvenir","CeramicFish","Turnip","Bag of Preparation","War Paint","Pen Nib","Incense Burner","Gambling Chip","Tiny House","Bronze Scales","Oddly Smooth Stone","InkBottle","Happy Flower","Darkstone Periapt","Membership Card","Sundial","Gremlin Horn","Centennial Puzzle","Pear","Anchor","Calipers","Lizard Tail"],"acts_visited":["Exordium","TheCity","TheBeyond","TheEnding"],"potions_floor_usage":[56,56],"damage_taken":[{"damage":0,"enemies":"Small Slimes","floor":1,"turns":3},{"damage":0,"enemies":"2 Louse","floor":2,"turns":2},{"damage":1,"enemies":"Jaw Worm","floor":3,"turns":2},{"damage":1,"enemies":"Gremlin Nob","floor":6,"turns":3},{"damage":8,"enemies":"Gremlin Gang","floor":10,"turns":3},{"damage":0,"enemies":"Lagavulin","floor":11,"turns":4},{"damage":0,"enemies":"Gremlin Nob","floor":13,"turns":1},{"damage":11,"enemies":"Exordium Wildlife","floor":14,"turns":2},{"damage":0,"enemies":"The Guardian","floor":16,"turns":6},{"damage":0,"enemies":"2 Thieves","floor":18,"turns":2},{"damage":0,"enemies":"Chosen","floor":21,"turns":1},{"damage":0,"enemies":"Gremlin Leader","floor":23,"turns":1},{"damage":0,"enemies":"Slavers","floor":25,"turns":1},{"damage":0,"enemies":"Book of Stabbing","floor":28,"turns":1},{"damage":0,"enemies":"Centurion and Healer","floor":31,"turns":1},{"damage":0,"enemies":"Automaton","floor":33,"turns":1},{"damage":0,"enemies":"Orb Walker","floor":35,"turns":1},{"damage":0,"enemies":"3 Shapes","floor":36,"turns":1},{"damage":0,"enemies":"Jaw Worm Horde","floor":37,"turns":1},{"damage":0,"enemies":"Writhing Mass","floor":38,"turns":1},{"damage":0,"enemies":"Nemesis","floor":40,"turns":1},{"damage":0,"enemies":"Reptomancer","floor":42,"turns":1},{"damage":0,"enemies":"Nemesis","floor":45,"turns":1},{"damage":0,"enemies":"Transient","floor":46,"turns":1},{"damage":0,"enemies":"Jaw Worm Horde","floor":48,"turns":1},{"damage":0,"enemies":"Donu and Deca","floor":50,"turns":1},{"damage":22,"enemies":"Time Eater","floor":51,"turns":3},{"damage":0,"enemies":"Shield and Spear","floor":55,"turns":1},{"damage":0,"enemies":"The Heart","floor":56,"turns":4}],"seed_played":"7666060516122489274","potions_obtained":[{"floor":2,"key":"HeartOfIron"},{"floor":14,"key":"DistilledChaos"},{"floor":21,"key":"Dexterity Potion"},{"floor":25,"key":"DuplicationPotion"}],"is_trial":true,"path_per_floor":["M","M","M","?","?","E","R","R","T","M","E","T","E","M","R","B",null,"M","$","?","M","$","E","R","E","T","?","E","R","$","M","R","B",null,"M","M","M","M","?","E","$","E","T","R","E","M","$","M","R","B","B",null,"R","$","E","B",null],"character_chosen":"IRONCLAD","items_purchased":["ClockworkSouvenir","Incense Burner","Membership Card","Calipers"],"campfire_rested":1,"item_purchase_floors":[19,30,41,54],"current_hp_per_floor":[74,75,75,64,64,69,69,69,69,67,73,73,75,70,70,75,75,75,75,75,75,75,75,75,75,75,75,75,75,75,75,75,75,80,80,80,80,80,80,80,80,80,80,80,80,90,90,90,90,90,74,86,90,90,90,90],"gold":116,"neow_bonus":"","is_daily":false,"chose_seed":false,"campfire_upgraded":7,"win_rate":0.0,"timestamp":1610527200,"path_taken":["M","M","M","?","?","E","R","R","T","M","E","?","E","?","R","BOSS","M","$","?","?","$","E","R","E","T","?","E","R","$","M","R","BOSS","M","M","M","M","?","E","?","E","T","R","E","?","$","M","R","BOSS","BOSS","R","$","E","BOSS"],"items_purchased_type":["Relic","Relic","Relic","Relic"],"build_version":"2020-12-22","purchased_purges":2,"victory":true,"max_hp_per_floor":[75,75,75,75,75,75,75,75,75,75,75,75,75,75,75,75,75,75,75,75,75,75,75,75,75,75,75,75,75,75,75,75,75,80,80,80,80,80,80,80,80,80,80,80,80,90,90,90,90,90,90,90,90,90,90,90],"relic_stats":{"Darkstone Periapt":0,"Torii":6,"Happy Flower":[4],"Gremlin Horn":[3,3],"counters":[29,52],"CeramicFish":9,"Pen Nib":[17],"Bag of Preparation":[32],"War Paint":["Shrug It Off","Coolheaded"],"Burning Blood":45,"Mercury Hourglass":[99],"Centennial Puzzle":[3],"Lizard Tail":0,"Sundial":[104],"Gambling Chip":[3],"Bronze Scales":[60],"Turnip":[2],"obtain_stats":[{"Darkstone Periapt":40,"Tiny House":34,"Calipers":54,"Torii":2,"Gremlin Horn":43,"CeramicFish":21,"Bag of Preparation":25,"Incense Burner":30,"Burning Blood":0,"ClockworkSouvenir":19,"Centennial Puzzle":45,"Lizard Tail":55,"Sundial":42,"Gambling Chip":31,"WingedGreaves":6,"InkBottle":37,"Paper Frog":14,"Pear":46,"Happy Flower":38,"Oddly Smooth Stone":36,"The Courier":1,"Pen Nib":28,"War Paint":26,"Akabeko":11,"Mercury Hourglass":18,"Du-Vu Doll":12,"Runic Dome":17,"CaptainsWheel":10,"Anchor":48,"Bronze Scales":35,"Turnip":23,"Bottled Lightning":3,"Membership Card":41,"TungstenRod":13},{"Darkstone Periapt":21,"Tiny House":16,"Calipers":27,"Torii":2,"Gremlin Horn":22,"CeramicFish":11,"Bag of Preparation":13,"Incense Burner":14,"Burning Blood":0,"ClockworkSouvenir":10,"Centennial Puzzle":23,"Lizard Tail":28,"Sundial":22,"Gambling Chip":15,"WingedGreaves":4,"InkBottle":19,"Paper Frog":8,"Pear":24,"Happy Flower":20,"Oddly Smooth Stone":18,"The Courier":1,"Pen Nib":14,"War Paint":13,"Akabeko":6,"Mercury Hourglass":10,"Du-Vu Doll":6,"Runic Dome":9,"CaptainsWheel":5,"Anchor":25,"Bronze Scales":17,"Turnip":12,"Bottled Lightning":3,"Membership Card":21,"TungstenRod":7},{"Darkstone Periapt":39,"Tiny House":34,"Calipers":47,"Torii":5,"Gremlin Horn":40,"CeramicFish":29,"Bag of Preparation":31,"Incense Burner":32,"Burning Blood":0,"ClockworkSouvenir":28,"Centennial Puzzle":41,"Lizard Tail":48,"Sundial":40,"Gambling Chip":33,"WingedGreaves":10,"InkBottle":37,"Paper Frog":20,"Pear":42,"Happy Flower":38,"Oddly Smooth Stone":36,"The Courier":3,"Pen Nib":32,"War Paint":31,"Akabeko":17,"Mercury Hourglass":28,"Du-Vu Doll":17,"Runic Dome":26,"CaptainsWheel":13,"Anchor":43,"Bronze Scales":35,"Turnip":30,"Bottled Lightning":7,"Membership Card":39,"TungstenRod":18}],"TungstenRod":4,"InkBottle":[17]},"card_choices":[{"not_picked":["Leap","Double Energy","Shrug It Off"],"picked":"SKIP","floor":6},{"not_picked":["Leap","Double Energy","Shrug It Off"],"picked":"SKIP","floor":6},{"not_picked":["Perfected Strike","Barrage"],"picked":"Scrawl","floor":11},{"not_picked":["Coolheaded","Adaptation"],"picked":"Dark Embrace","floor":13},{"not_picked":["Deflect","Leap"],"picked":"Expertise","floor":23},{"not_picked":["FearNoEvil","Twin Strike","Consume"],"picked":"SKIP","floor":25},{"not_picked":["FearNoEvil","Twin Strike","Consume"],"picked":"SKIP","floor":25},{"not_picked":["Fasting2","Crescendo","WheelKick"],"picked":"SKIP","floor":28},{"not_picked":["Nirvana+1","ThirdEye","Wild Strike"],"picked":"SKIP","floor":40},{"not_picked":["Barrage+1","Rampage","Quick Slash"],"picked":"SKIP","floor":42},{"not_picked":["CutThroughFate","WindmillStrike","Bouncing Flask"],"picked":"SKIP","floor":45},{"not_picked":["Skewer","Sweeping Beam","Disarm"],"picked":"SKIP","floor":55}],"player_experience":1720043,"relics_obtained":[{"floor":1,"key":"The Courier"},{"floor":2,"key":"Torii"},{"floor":3,"key":"Bottled Lightning"},{"floor":6,"key":"WingedGreaves"},{"floor":10,"key":"CaptainsWheel"},{"floor":11,"key":"Akabeko"},{"floor":12,"key":"Du-Vu Doll"},{"floor":13,"key":"TungstenRod"},{"floor":14,"key":"Paper Frog"},{"floor":18,"key":"Mercury Hourglass"},{"floor":21,"key":"CeramicFish"},{"floor":23,"key":"Turnip"},{"floor":25,"key":"Bag of Preparation"},{"floor":26,"key":"War Paint"},{"floor":28,"key":"Pen Nib"},{"floor":31,"key":"Gambling Chip"},{"floor":35,"key":"Bronze Scales"},{"floor":36,"key":"Oddly Smooth Stone"},{"floor":37,"key":"InkBottle"},{"floor":38,"key":"Happy Flower"},{"floor":40,"key":"Darkstone Periapt"},{"floor":42,"key":"Sundial"},{"floor":43,"key":"Gremlin Horn"},{"floor":45,"key":"Centennial Puzzle"},{"floor":46,"key":"Pear"},{"floor":48,"key":"Anchor"},{"floor":55,"key":"Lizard Tail"}],"event_choices":[{"damage_healed":0,"gold_gain":75,"player_choice":"Gather Gold","damage_taken":11,"max_hp_gain":0,"max_hp_loss":0,"event_name":"World of Goop","floor":4,"gold_loss":0},{"damage_healed":0,"gold_gain":0,"player_choice":"Ignored","damage_taken":0,"max_hp_gain":0,"max_hp_loss":0,"event_name":"Liars Game","floor":5,"gold_loss":0},{"damage_healed":0,"gold_gain":0,"player_choice":"Forge","damage_taken":0,"max_hp_gain":0,"max_hp_loss":0,"event_name":"Accursed Blacksmith","floor":20,"gold_loss":0,"cards_upgraded":["Scrawl"]},{"damage_healed":0,"gold_gain":0,"player_choice":"Ignored","damage_taken":0,"max_hp_gain":0,"max_hp_loss":0,"event_name":"Cursed Tome","floor":27,"gold_loss":0},{"cards_removed":["Coolheaded"],"damage_healed":0,"gold_gain":0,"player_choice":"Purged","damage_taken":0,"max_hp_gain":0,"max_hp_loss":0,"event_name":"Purifier","floor":39,"gold_loss":0}],"is_beta":false,"boss_relics":[{"not_picked":["SlaversCollar","Fusion Hammer"],"picked":"Runic Dome"},{"not_picked":["Snecko Eye","Philosopher\u0027s Stone"],"picked":"Tiny House"}],"items_purged_floors":[19,22],"is_endless":false,"potions_floor_spawned":[2,13,14,16,21,25,31,37,45,48,55],"ascension_level":20}}