{"host":"19t2eyow02s954g8","time":1610499446,"event":{"mods":["BaseMod","Colored Map","DeckTracker","Minty Spire (QoL Compilation)","StSLib","SuperFastMode"],"gold_per_floor":[118,43,58,76,93,93,127,127,127,127,162,87,101,116,116,188,188,206,40,40,52,52,82,82,117,140,156,176,190,223,223,223,294,294,313,333,333,61,61,96,96,126,126,126,142,45,45,57,57,57,57,57,57,1,1,1],"floor_reached":55,"language":"KOR","playtime":3251,"items_purged":["Strike_G","Masterful Stab"],"score":1990,"play_id":"11b2016c-2ea0-4eeb-a61c-bedea5024448","local_time":"20210113095726","is_ascension_mode":true,"campfire_choices":[{"data":"Apotheosis","floor":6.0,"key":"SMITH"},{"floor":10.0,"key":"REST"},{"floor":15.0,"key":"RECALL"},{"floor":24.0,"key":"REST"},{"floor":32,"key":"REST"},{"floor":41,"key":"REST"},{"floor":47,"key":"REST"},{"floor":49,"key":"REST"},{"floor":53,"key":"REST"}],"circlet_count":0,"master_deck":["AscendersBane","Strike_G","Defend_G","Defend_G","Defend_G","Defend_G","Survivor","Neutralize","Apotheosis+1","Well Laid Plans","Poisoned Stab","Backstab","Flying Knee","Backflip","Backstab","Glass Knife","Noxious Fumes","Corpse Explosion","Tactician","Acrobatics","Bouncing Flask","Prepared","Footwork","Well Laid Plans","Malaise","PiercingWail","Footwork","Footwork","Blur","Calculated Gamble+1","Purity"],"relics":["Ring of the Snake","Juzu Bracelet","Strawberry","Bottled Lightning","Runic Dome","Orrery","Vajra","PreservedInsect","Bronze Scales","Du-Vu Doll","Fusion Hammer","DollysMirror","Regal Pillow","Bag of Preparation"],"acts_visited":["Exordium","TheCity","TheBeyond","TheEnding"],"potions_floor_usage":[33],"damage_taken":[{"damage":8.0,"enemies":"2 Louse","floor":1.0,"turns":3.0},{"damage":0.0,"enemies":"Small Slimes","floor":3.0,"turns":5.0},{"damage":0.0,"enemies":"Cultist","floor":4.0,"turns":5.0},{"damage":2.0,"enemies":"Blue Slaver","floor":5.0,"turns":4.0},{"damage":23.0,"enemies":"Gremlin Nob","floor":7.0,"turns":4.0},{"damage":1.0,"enemies":"Lagavulin","floor":11.0,"turns":7.0},{"damage":10.0,"enemies":"Exordium Thugs","floor":13.0,"turns":7.0},{"damage":3.0,"enemies":"Looter","floor":14.0,"turns":2.0},{"damage":1.0,"enemies":"The Guardian","floor":16.0,"turns":9.0},{"damage":0.0,"enemies":"Chosen","floor":18.0,"turns":4.0},{"damage":0.0,"enemies":"Spheric Guardian","floor":21.0,"turns":3.0},{"damage":15.0,"enemies":"Book of Stabbing","floor":23.0,"turns":4.0},{"damage":5.0,"enemies":"Slavers","floor":25.0,"turns":3.0},{"damage":0.0,"enemies":"Centurion and Healer","floor":27.0,"turns":3.0},{"damage":0.0,"enemies":"3 Cultists","floor":28.0,"turns":4.0},{"damage":16.0,"enemies":"Snake Plant","floor":29.0,"turns":3.0},{"damage":10.0,"enemies":"Book of Stabbing","floor":30.0,"turns":4.0},{"damage":30,"enemies":"Collector","floor":33,"turns":7},{"damage":0,"enemies":"3 Shapes","floor":35,"turns":4},{"damage":21,"enemies":"3 Darklings","floor":36,"turns":3},{"damage":3,"enemies":"Nemesis","floor":40,"turns":5},{"damage":4,"enemies":"Reptomancer","floor":42,"turns":6},{"damage":6,"enemies":"Jaw Worm Horde","floor":45,"turns":3},{"damage":0,"enemies":"Maw","floor":48,"turns":7},{"damage":50,"enemies":"Donu and Deca","floor":50,"turns":10},{"damage":26,"enemies":"Awakened One","floor":51,"turns":21},{"damage":84,"enemies":"Shield and Spear","floor":55,"turns":5}],"seed_played":"8711044051440638794","potions_obtained":[{"floor":1.0,"key":"Fire Potion"},{"floor":3.0,"key":"Energy Potion"},{"floor":16.0,"key":"CunningPotion"},{"floor":28.0,"key":"SteroidPotion"},{"floor":30.0,"key":"FearPotion"},{"floor":33,"key":"AttackPotion"},{"floor":42,"key":"Strength Potion"}],"is_trial":false,"path_per_floor":["M","?","M","M","M","R","E","?","T","R","E","$","M","M","R","B",null,"M","$","?","M","?","E","R","E","T","M","M","M","E","?","R","B",null,"M","M","?","$","?","E","R","E","T","?","M","$","R","M","R","B","B",null,"R","$","E"],"character_chosen":"THE_SILENT","items_purchased":["Orrery","DollysMirror","Purity","PowerPotion"],"campfire_rested":7,"item_purchase_floors":[19,38,46,54],"current_hp_per_floor":[36,36,36,36,34,34,11,16,23,46,45,45,35,32,32,31,66,66,66,66,66,44,29,53,48,48,48,48,32,22,22,46,16,66,66,45,45,45,45,42,81,77,77,77,71,71,83,83,83,33,7,64,83,83,0,0],"gold":1,"neow_bonus":"RANDOM_COLORLESS_2","is_daily":false,"chose_seed":false,"campfire_upgraded":1,"win_rate":0.0,"timestamp":1610499446,"path_taken":["M","?","M","M","M","R","E","?","T","R","E","$","M","M","R","BOSS","M","$","?","M","?","E","R","E","T","M","M","M","E","?","R","BOSS","M","M","?","$","?","E","R","E","T","?","M","?","R","M","R","BOSS","BOSS","R","$","E"],"items_purchased_type":["Relic","Relic","Card","Potion"],"build_version":"2020-12-22","purchased_purges":2,"victory":false,"max_hp_per_floor":[66,66,66,66,66,66,66,71,78,78,78,78,78,78,78,78,78,78,78,78,78,83,83,83,83,83,83,83,83,83,83,83,83,83,83,83,83,83,83,83,83,83,83,83,83,83,83,83,83,83,83,83,83,83,83,83],"card_choices":[{"not_picked":["Transmutation","Secret Weapon"],"picked":"Apotheosis","floor":0.0},{"not_picked":["All Out Attack","Choke"],"picked":"Well Laid Plans","floor":1.0},{"not_picked":["Sucker Punch","Leg Sweep"],"picked":"Poisoned Stab","floor":3.0},{"not_picked":["Eviscerate","Dodge and Roll"],"picked":"Backstab","floor":4.0},{"not_picked":["Backstab","Backflip"],"picked":"Flying Knee","floor":5.0},{"not_picked":["Well Laid Plans","Underhanded Strike"],"picked":"Backflip","floor":7.0},{"not_picked":["Skewer","Backflip"],"picked":"Backstab","floor":11.0},{"not_picked":["Underhanded Strike","Caltrops"],"picked":"Glass Knife","floor":13.0},{"not_picked":["PiercingWail","Deflect"],"picked":"Noxious Fumes","floor":14.0},{"not_picked":["Wraith Form v2","A Thousand Cuts"],"picked":"Corpse Explosion","floor":16.0},{"not_picked":["Noxious Fumes","Eviscerate","Expertise"],"picked":"SKIP","floor":18.0},{"not_picked":["Noxious Fumes","Eviscerate","Expertise"],"picked":"SKIP","floor":18.0},{"not_picked":["Backflip","Footwork"],"picked":"Tactician","floor":19.0},{"not_picked":["Slice","A Thousand Cuts"],"picked":"Acrobatics","floor":19.0},{"not_picked":["Escape Plan","Quick Slash"],"picked":"Bouncing Flask","floor":19.0},{"not_picked":["Crippling Poison","Bane"],"picked":"Prepared","floor":21.0},{"not_picked":["Backflip+1","Eviscerate+1","Slice"],"picked":"SKIP","floor":23.0},{"not_picked":["Acrobatics","Distraction"],"picked":"Footwork","floor":25.0},{"not_picked":["Predator","Riddle With Holes","Accuracy"],"picked":"SKIP","floor":27.0},{"not_picked":["Deadly Poison","Prepared","Outmaneuver+1"],"picked":"SKIP","floor":28.0},{"not_picked":["Deadly Poison","Prepared","Outmaneuver+1"],"picked":"SKIP","floor":28.0},{"not_picked":["Deadly Poison","Prepared","Outmaneuver+1"],"picked":"SKIP","floor":28.0},{"not_picked":["Deadly Poison","Prepared","Outmaneuver+1"],"picked":"SKIP","floor":28.0},{"not_picked":["Deflect","Predator","Dodge and Roll"],"picked":"SKIP","floor":29.0},{"not_picked":["Sucker Punch","Well Laid Plans","Predator"],"picked":"SKIP","floor":30.0},{"not_picked":["Glass Knife","Die Die Die"],"picked":"Malaise","floor":33},{"not_picked":["Bane+1","Prepared+1","Underhanded Strike"],"picked":"SKIP","floor":35},{"not_picked":["Dagger Throw","Heel Hook"],"picked":"PiercingWail","floor":36},{"not_picked":["Prepared+1","Blade Dance"],"picked":"Blur","floor":40},{"not_picked":["Slice","Acrobatics"],"picked":"Calculated Gamble+1","floor":42},{"not_picked":["Well Laid Plans+1","Poisoned Stab","Blade Dance"],"picked":"SKIP","floor":45},{"not_picked":["Well Laid Plans+1","Poisoned Stab","Blade Dance"],"picked":"SKIP","floor":45},{"not_picked":["Bane","Flying Knee","Sucker Punch+1"],"picked":"SKIP","floor":48}],"player_experience":4255079,"relics_obtained":[{"floor":7.0,"key":"Juzu Bracelet"},{"floor":9.0,"key":"Strawberry"},{"floor":11.0,"key":"Bottled Lightning"},{"floor":23.0,"key":"Vajra"},{"floor":25.0,"key":"PreservedInsect"},{"floor":26.0,"key":"Bronze Scales"},{"floor":30.0,"key":"Du-Vu Doll"},{"floor":40,"key":"Regal Pillow"},{"floor":42,"key":"Bag of Preparation"}],"event_choices":[{"cards_removed":["Strike_G"],"damage_healed":0.0,"max_hp_gain":0.0,"max_hp_loss":0.0,"gold_gain":0.0,"event_name":"The Cleric","player_choice":"Card Removal","floor":2.0,"gold_loss":75.0,"damage_taken":0.0},{"damage_healed":0.0,"max_hp_gain":5.0,"max_hp_loss":0.0,"gold_gain":0.0,"event_name":"Big Fish","player_choice":"Donut","floor":8.0,"gold_loss":0.0,"damage_taken":0.0},{"damage_healed":0.0,"max_hp_gain":0.0,"max_hp_loss":0.0,"gold_gain":0.0,"event_name":"The Mausoleum","player_choice":"Ignored","floor":20.0,"gold_loss":0.0,"damage_taken":0.0},{"damage_healed":0.0,"max_hp_gain":5.0,"max_hp_loss":0.0,"gold_gain":0.0,"event_name":"Forgotten Altar","player_choice":"Shed Blood","floor":22.0,"gold_loss":0.0,"damage_taken":27.0},{"damage_healed":0,"gold_gain":0,"cards_transformed":["Strike_G","Strike_G"],"player_choice":"Became Test Subject","damage_taken":0,"max_hp_gain":0,"max_hp_loss":0,"event_name":"Drug Dealer","floor":31,"gold_loss":0,"cards_obtained":["Well Laid Plans","Masterful Stab"]},{"damage_healed":0,"gold_gain":0,"player_choice":"Copied","damage_taken":0,"max_hp_gain":0,"max_hp_loss":0,"event_name":"Duplicator","floor":37,"gold_loss":0,"cards_obtained":["Footwork"]},{"damage_healed":0,"gold_gain":0,"player_choice":"Memory 1","damage_taken":0,"max_hp_gain":0,"max_hp_loss":0,"event_name":"SensoryStone","floor":39,"gold_loss":0},{"cards_removed":["Defend_G"],"damage_healed":0,"gold_gain":0,"player_choice":"Removed Skill","damage_taken":0,"max_hp_gain":0,"max_hp_loss":0,"event_name":"Falling","floor":44,"gold_loss":0}],"is_beta":false,"boss_relics":[{"not_picked":["Astrolabe","Coffee Dripper"],"picked":"Runic Dome"},{"not_picked":["Sozu","Black Star"],"picked":"Fusion Hammer"}],"items_purged_floors":[12,38],"is_endless":false,"potions_floor_spawned":[1,3,5,16,21,28,30,33,40,42,45],"killed_by":"Shield and Spear","ascension_level":20}}