{"host":"e1pm3b7xpcm97e5w","time":1610562248,"event":{"mods":["BaseMod","Better Skull","Googly Eyes","Minty Spire (QoL Compilation)","Relic Stats","Shop Mod","Spicy Shops","StSLib"],"gold_per_floor":[109,109,34,52,52,52,52,83,159,159,180,214,232,268,268,357,357,372,46,69,90,111,111,152,77,152,192,192,215,265,309,309,408,408,426,426,440,440,440,474,474,495,540,540,540],"floor_reached":44,"language":"ENG","playtime":1638,"items_purged":["Shame"],"score":1136,"play_id":"37b4299d-e10b-41a9-8d54-2269a077322e","local_time":"20210113132408","is_ascension_mode":true,"campfire_choices":[{"data":"Searing Blow+1","floor":6.0,"key":"SMITH"},{"data":"Searing Blow+2","floor":10.0,"key":"SMITH"},{"data":"Searing Blow+3","floor":15.0,"key":"SMITH"},{"data":"Searing Blow+4","floor":23.0,"key":"SMITH"},{"data":"Searing Blow+5","floor":28.0,"key":"SMITH"},{"data":"Perfected Strike","floor":32.0,"key":"SMITH"}],"circlet_count":0,"master_deck":["AscendersBane","Strike_R","Strike_R","Strike_R","Strike_R","Strike_R","Defend_R","Defend_R","Bash","True Grit","Searing Blow+6","Perfected Strike+1","Fiend Fire","Inflame","Shrug It Off","Double Tap","Burning Pact+1","Scrawl","Demon Form","Backflip+1","Swift Strike"],"relics":["Burning Blood","Thread and Needle","Golden Idol","Dead Branch","Eternal Feather","StrikeDummy","Vajra","Self Forming Clay","Mark of Pain","Unceasing Top","PrismaticShard","Dream Catcher","Meat on the Bone","Mummified Hand","Turnip","SacredBark","Bottled Lightning","Potion Belt","Bag of Marbles"],"acts_visited":["Exordium","TheCity","TheBeyond"],"potions_floor_usage":[40],"damage_taken":[{"damage":4.0,"enemies":"2 Louse","floor":1.0,"turns":4.0},{"damage":0.0,"enemies":"Small Slimes","floor":4.0,"turns":5.0},{"damage":21.0,"enemies":"Lagavulin","floor":8.0,"turns":5.0},{"damage":0.0,"enemies":"Cultist","floor":11.0,"turns":2.0},{"damage":21.0,"enemies":"Gremlin Nob","floor":12.0,"turns":4.0},{"damage":2.0,"enemies":"3 Louse","floor":13.0,"turns":2.0},{"damage":9.0,"enemies":"3 Sentries","floor":14.0,"turns":5.0},{"damage":0.0,"enemies":"Slime Boss","floor":16.0,"turns":5.0},{"damage":7.0,"enemies":"2 Thieves","floor":18.0,"turns":3.0},{"damage":6.0,"enemies":"Shell Parasite","floor":20.0,"turns":3.0},{"damage":10.0,"enemies":"Cultist and Chosen","floor":21.0,"turns":4.0},{"damage":10.0,"enemies":"Centurion and Healer","floor":22.0,"turns":4.0},{"damage":24.0,"enemies":"Gremlin Leader","floor":24.0,"turns":5.0},{"damage":14.0,"enemies":"Book of Stabbing","floor":27.0,"turns":3.0},{"damage":10.0,"enemies":"Sentry and Sphere","floor":29.0,"turns":3.0},{"damage":6.0,"enemies":"Slavers","floor":31.0,"turns":2.0},{"damage":12.0,"enemies":"Automaton","floor":33.0,"turns":6.0},{"damage":30.0,"enemies":"3 Shapes","floor":35.0,"turns":4.0},{"damage":3.0,"enemies":"Orb Walker","floor":37.0,"turns":2.0},{"damage":46,"enemies":"Giant Head","floor":40,"turns":6},{"damage":9,"enemies":"4 Shapes","floor":42,"turns":5},{"damage":74,"enemies":"Reptomancer","floor":44,"turns":5}],"seed_played":"-7646415220200449895","potions_obtained":[{"floor":4.0,"key":"LiquidBronze"},{"floor":12.0,"key":"AttackPotion"},{"floor":14.0,"key":"BlessingOfTheForge"},{"floor":18.0,"key":"FearPotion"},{"floor":24.0,"key":"SpeedPotion"},{"floor":35.0,"key":"CultistPotion"},{"floor":37.0,"key":"Fruit Juice"}],"is_trial":false,"path_per_floor":["M","?","$","M","?","R","?","E","T","R","M","E","M","E","R","B",null,"M","$","M","M","M","R","E","?","T","E","R","M","?","E","R","B",null,"M","?","M","?","?","E","T","M","T","E"],"character_chosen":"IRONCLAD","items_purchased":["Unceasing Top","PrismaticShard"],"campfire_rested":0,"item_purchase_floors":[19,19],"current_hp_per_floor":[70,68,68,68,68,68,63,48,48,54,60,45,49,46,55,61,66,65,65,65,61,57,68,50,50,50,42,51,47,47,47,56,50,64,52,52,65,65,65,37,37,46,46,0,0],"gold":540,"neow_bonus":"ONE_RARE_RELIC","is_daily":false,"chose_seed":false,"campfire_upgraded":6,"win_rate":0.0,"timestamp":1610562248,"path_taken":["M","?","$","M","?","R","?","E","T","R","M","E","M","E","R","BOSS","M","$","M","M","M","R","E","?","T","E","R","M","?","E","R","BOSS","M","?","M","?","?","E","?","M","T","E"],"items_purchased_type":["Relic","Relic"],"build_version":"2020-12-22","purchased_purges":1,"victory":false,"max_hp_per_floor":[75,68,68,68,68,68,68,68,68,68,68,68,68,68,68,68,68,68,68,68,68,68,68,68,68,68,68,68,68,68,68,68,68,68,68,68,78,78,78,78,78,78,78,78,78],"relic_stats":{"Dream Catcher":0,"counters":[22,87],"Golden Idol":134,"Self Forming Clay":[81],"Mummified Hand":[19],"Dead Branch":[145],"Eternal Feather":44,"Turnip":[0],"obtain_stats":[{"Potion Belt":41,"Golden Idol":2,"Self Forming Clay":14,"Dead Branch":7,"SacredBark":34,"Vajra":12,"Thread and Needle":0,"Eternal Feather":8,"PrismaticShard":19,"Burning Blood":0,"Dream Catcher":24,"Mummified Hand":27,"Mark of Pain":17,"Turnip":31,"Bag of Marbles":43,"Bottled Lightning":40,"StrikeDummy":9,"Unceasing Top":19,"Meat on the Bone":26},{"Potion Belt":20,"Golden Idol":1,"Self Forming Clay":7,"Dead Branch":2,"SacredBark":17,"Vajra":5,"Thread and Needle":0,"Eternal Feather":3,"PrismaticShard":9,"Burning Blood":0,"Dream Catcher":13,"Mummified Hand":14,"Mark of Pain":8,"Turnip":16,"Bag of Marbles":21,"Bottled Lightning":20,"StrikeDummy":3,"Unceasing Top":9,"Meat on the Bone":13},{"Potion Belt":77,"Golden Idol":4,"Self Forming Clay":27,"Dead Branch":9,"SacredBark":65,"Vajra":20,"Thread and Needle":0,"Eternal Feather":14,"PrismaticShard":35,"Burning Blood":0,"Dream Catcher":51,"Mummified Hand":54,"Mark of Pain":32,"Turnip":59,"Bag of Marbles":82,"Bottled Lightning":77,"StrikeDummy":14,"Unceasing Top":35,"Meat on the Bone":51}],"Burning Blood":120,"Unceasing Top":[0],"Meat on the Bone":36},"card_choices":[{"not_picked":["Clash","Anger"],"picked":"True Grit","floor":1.0},{"not_picked":["Combust","Sentinel"],"picked":"Searing Blow","floor":4.0},{"not_picked":["Bloodletting","Hemokinesis","Perfected Strike"],"picked":"SKIP","floor":8.0},{"not_picked":["Second Wind","Wild Strike"],"picked":"Perfected Strike","floor":11.0},{"not_picked":["Evolve","Clash"],"picked":"Fiend Fire","floor":12.0},{"not_picked":["Seeing Red","Clash"],"picked":"Inflame","floor":13.0},{"not_picked":["Bludgeon","Rampage"],"picked":"Shrug It Off","floor":14.0},{"not_picked":["Demon Form","Fiend Fire"],"picked":"Double Tap","floor":16.0},{"not_picked":["Body Slam","Headbutt"],"picked":"Burning Pact+1","floor":18.0},{"not_picked":["Barrage","Fasting2","Study"],"picked":"SKIP","floor":20.0},{"not_picked":["Cleave","ClearTheMind+1"],"picked":"Scrawl","floor":21.0},{"not_picked":["Swivel","True Grit","Prostrate"],"picked":"SKIP","floor":22.0},{"not_picked":["Halt+1","Hologram+1","Heavy Blade"],"picked":"SKIP","floor":24.0},{"not_picked":["Rupture","Impatience","Auto Shields"],"picked":"SKIP","floor":27.0},{"not_picked":["Shockwave","Warcry","Dagger Spray"],"picked":"SKIP","floor":29.0},{"not_picked":["Body Slam","Auto Shields","Uppercut"],"picked":"SKIP","floor":31.0},{"not_picked":["Feed","Glass Knife"],"picked":"Demon Form","floor":33.0},{"not_picked":["Reprogram","Jack Of All Trades"],"picked":"Backflip+1","floor":35.0},{"not_picked":["FlurryOfBlows","Perfected Strike","Chaos+1"],"picked":"SKIP","floor":37.0},{"not_picked":["Jack Of All Trades","Discovery"],"picked":"Swift Strike","floor":39.0},{"not_picked":["Deflect","Armaments","FTL"],"picked":"SKIP","floor":40},{"not_picked":["Warcry+1","Bloodletting","Recycle"],"picked":"SKIP","floor":42}],"player_experience":517500,"relics_obtained":[{"floor":8.0,"key":"Eternal Feather"},{"floor":9.0,"key":"StrikeDummy"},{"floor":12.0,"key":"Vajra"},{"floor":14.0,"key":"Self Forming Clay"},{"floor":24.0,"key":"Dream Catcher"},{"floor":26.0,"key":"Meat on the Bone"},{"floor":27.0,"key":"Mummified Hand"},{"floor":31.0,"key":"Turnip"},{"floor":40,"key":"Bottled Lightning"},{"floor":41,"key":"Potion Belt"},{"floor":43,"key":"Bag of Marbles"}],"event_choices":[{"damage_healed":0.0,"max_hp_gain":0.0,"max_hp_loss":7.0,"gold_gain":0.0,"event_name":"Golden Idol","player_choice":"Lose Max HP","floor":2.0,"gold_loss":0.0,"damage_taken":0.0,"relics_obtained":["Golden Idol"]},{"damage_healed":0.0,"max_hp_gain":0.0,"max_hp_loss":0.0,"gold_gain":0.0,"event_name":"Living Wall","player_choice":"Grow","floor":5.0,"gold_loss":0.0,"damage_taken":0.0,"cards_upgraded":["Searing Blow"]},{"damage_healed":0.0,"max_hp_gain":0.0,"max_hp_loss":0.0,"gold_gain":0.0,"event_name":"Scrap Ooze","player_choice":"Success","floor":7.0,"gold_loss":0.0,"damage_taken":5.0,"relics_obtained":["Dead Branch"]},{"cards_removed":["Defend_R"],"damage_healed":0.0,"max_hp_gain":0.0,"max_hp_loss":0.0,"gold_gain":0.0,"event_name":"Beggar","player_choice":"Gave Gold","floor":25.0,"gold_loss":75.0,"damage_taken":0.0},{"damage_healed":0.0,"max_hp_gain":0.0,"max_hp_loss":0.0,"gold_gain":50.0,"event_name":"Nest","player_choice":"Stole From Cult","floor":30.0,"gold_loss":0.0,"damage_taken":0.0},{"damage_healed":0.0,"max_hp_gain":0.0,"max_hp_loss":0.0,"gold_gain":0.0,"event_name":"Tomb of Lord Red Mask","player_choice":"Ignored","floor":36.0,"gold_loss":0.0,"damage_taken":0.0},{"cards_removed":["Defend_R"],"damage_healed":0.0,"max_hp_gain":0.0,"max_hp_loss":0.0,"gold_gain":0.0,"event_name":"Falling","player_choice":"Removed Skill","floor":38.0,"gold_loss":0.0,"damage_taken":0.0},{"damage_healed":0.0,"max_hp_gain":0.0,"max_hp_loss":0.0,"gold_gain":0.0,"event_name":"SensoryStone","player_choice":"Memory 1","floor":39.0,"gold_loss":0.0,"damage_taken":0.0}],"is_beta":false,"boss_relics":[{"not_picked":["Philosopher\u0027s Stone","Cursed Key"],"picked":"Mark of Pain"},{"not_picked":["Black Blood","Pandora\u0027s Box"],"picked":"SacredBark"}],"items_purged_floors":[3],"is_endless":false,"potions_floor_spawned":[4,12,14,18,24,31,33,35,37],"killed_by":"Reptomancer","ascension_level":17}}