{"host":"0pl361p0raiipqb8","time":1610534792,"event":{"mods":["BaseMod","Downfall","Googly Eyes","Marisa????????","Minty Spire (QoL Compilation)","Replay The Spire","StSLib"],"gold_per_floor":[117,135,135,215,228,228,262,262,315,348,381,381,425,425,425,524,524,561,561,13,39,64,115,115,157,157,157,218,246,280,55,55,186,186,246,246,296,384,354,391,447,513,513,513,513,566,613,657,657,689,689,689,250,314,262],"floor_reached":56,"language":"ENG","playtime":5538,"items_purged":[],"score":1449,"play_id":"0d18b797-d440-46a8-a651-11628a3003be","local_time":"20210113134632","is_ascension_mode":true,"campfire_choices":[{"floor":12.0,"key":"REST"},{"floor":15.0,"key":"REST"},{"floor":32,"key":"RECALL"},{"data":"1","floor":45,"key":"LIFT"},{"floor":49,"key":"REST"}],"circlet_count":0,"master_deck":["Strike_R","Strike_R","Strike_R","Defend_R","Defend_R","Defend_R","Defend_R","Bash","Anger","ReplayTheSpireMod:Corrosion Curse","Infernal Blade","Cleave","Shrug It Off","Regret","Power Through","Disarm","Clothesline","Eclipse","Headbutt+1","Replay:Sluggish","Heavy Blade","Heavy Blade","Rampage","Wild Strike","Replay:Undeath\u0027s Touch+1","Pummel","Headbutt","Bloodletting","Demon Form","Fire Breathing","Blood for Blood","Reaper","Pommel Strike+1","ReplayTheSpireMod:LeadingStrike","ReplayTheSpireMod:Muscle Training","Clash","Feel No Pain+1","Rampage+1","Ghostly Armor+1","Madness","Madness","ReplayTheSpireMod:Strike From Hell","ReplayTheSpireMod:Muscle Training+1","Mayhem","Twin Strike+1"],"relics":["SacredBark","Chameleon Ring","Replay:Kaleidoscope","Replay:Bottled Flurry","Replay:Bandana","White Beast Statue","Potion Belt","Ring of Chaos","TungstenRod","FossilizedHelix","ReplayTheSpireMod:Spearhead","MealTicket","Garlic","PreservedInsect","Replay:Bronze Core","Girya","Oddly Smooth Stone","Replay:Baseball","Bronze Scales","King of Hearts","Replay:Wax Seal","Cauldron","InkBottle"],"acts_visited":["Exordium","TheCity","TheBeyond","TheEnding"],"potions_floor_usage":[16,16,18,22,22,23,25,25,28,30,33,33,33,33,33,37,37,37,37,38,38,38,40,40,41,42,44,46,48,50,50,50,50,50,50,50,54,55,55,55,55,55],"damage_taken":[{"damage":1.0,"enemies":"Cultist","floor":1.0,"turns":3.0},{"damage":0.0,"enemies":"2 Louse","floor":2.0,"turns":3.0},{"damage":10.0,"enemies":"Jaw Worm","floor":5.0,"turns":2.0},{"damage":41.0,"enemies":"Gremlin Nob","floor":7.0,"turns":5.0},{"damage":10.0,"enemies":"Lagavulin","floor":10.0,"turns":1.0},{"damage":7.0,"enemies":"Large Slime","floor":11.0,"turns":5.0},{"damage":28.0,"enemies":"Gremlin Nob","floor":13.0,"turns":5.0},{"damage":10,"enemies":"Slime Boss","floor":16,"turns":1},{"damage":10,"enemies":"Spheric Guardian","floor":18,"turns":3},{"damage":9,"enemies":"Chosen","floor":21,"turns":4},{"damage":3,"enemies":"Centurion and Healer","floor":22,"turns":8},{"damage":39,"enemies":"Gremlin Leader","floor":23,"turns":5},{"damage":27,"enemies":"Shelled Parasite and Fungi","floor":25,"turns":4},{"damage":0,"enemies":"Snake Plant","floor":28,"turns":5},{"damage":0,"enemies":"Snecko","floor":29,"turns":4},{"damage":20,"enemies":"Centurion and Healer","floor":30,"turns":5},{"damage":65,"enemies":"Automaton","floor":33,"turns":10},{"damage":30,"enemies":"3 Darklings","floor":35,"turns":6},{"damage":17,"enemies":"3 Shapes","floor":37,"turns":4},{"damage":0,"enemies":"2 Orb Walkers","floor":38,"turns":2},{"damage":9,"enemies":"Reptomancer","floor":40,"turns":1},{"damage":12,"enemies":"Transient","floor":41,"turns":5},{"damage":34,"enemies":"Maw","floor":42,"turns":8},{"damage":50,"enemies":"Giant Head","floor":46,"turns":8},{"damage":15,"enemies":"3 Darklings","floor":48,"turns":3},{"damage":52,"enemies":"Time Eater","floor":50,"turns":7},{"damage":17,"enemies":"Shield and Spear","floor":54,"turns":3},{"damage":39,"enemies":"The Heart","floor":55,"turns":8}],"seed_played":"-1560658139403006156","potions_obtained":[{"floor":2.0,"key":"Death Potion"},{"floor":5.0,"key":"Death Potion"},{"floor":6.0,"key":"Fruit Juice"},{"floor":6.0,"key":"LiquidBronze"},{"floor":11.0,"key":"ElixirPotion"},{"floor":13.0,"key":"DuplicationPotion"},{"floor":16,"key":"LiquidMemories"},{"floor":18,"key":"HeartOfIron"},{"floor":21,"key":"Elixir"},{"floor":22,"key":"BloodPotion"},{"floor":23,"key":"AttackPotion"},{"floor":24,"key":"Energy Potion"},{"floor":24,"key":"Languid Potion"},{"floor":25,"key":"champ:CounterPotion"},{"floor":27,"key":"LifebloodPotion"},{"floor":27,"key":"Swift Potion"},{"floor":28,"key":"BloodPotion"},{"floor":29,"key":"LiquidMemories"},{"floor":30,"key":"SkillPotion"},{"floor":33,"key":"ColorlessPotion"},{"floor":35,"key":"Energy Potion"},{"floor":37,"key":"SneckoOil"},{"floor":38,"key":"Adrenaline Potion"},{"floor":39,"key":"Death Potion"},{"floor":39,"key":"HeartOfIron"},{"floor":40,"key":"Fruit Juice"},{"floor":41,"key":"Strength Potion"},{"floor":42,"key":"BloodPotion"},{"floor":46,"key":"champ:CounterPotion"},{"floor":48,"key":"CultistPotion"},{"floor":52,"key":"hexamod:EctoCoolerPotion"},{"floor":52,"key":"Strength Potion"},{"floor":53,"key":"Slimebound:ThreeZeroPotion"},{"floor":53,"key":"Strength Potion"},{"floor":53,"key":"Weak Potion"},{"floor":54,"key":"Guardian:BlockOnCardUsePotion"}],"is_trial":false,"path_per_floor":["M","M","?","T","M","R","E","?","T","E","M","R","E","?","R","B",null,"M","?","$","M","M","E","R","M","T","R","M","M","M","$","R","B",null,"M","?","M","?","?","E","M","M","T","?","R","E","T","M","R","B",null,"R","$","E","B",null],"character_chosen":"IRONCLAD","items_purchased":["FossilizedHelix","Heavy Blade","ReplayTheSpireMod:Spearhead","Rampage","PreservedInsect","Blood for Blood","Mayhem","King of Hearts","Replay:Wax Seal","Cauldron"],"campfire_rested":3,"item_purchase_floors":[20,20,20,20,31,31,53,53,53,53],"current_hp_per_floor":[79,79,79,79,69,84,43,43,43,33,26,54,26,26,54,44,95,85,85,85,76,73,34,34,64,64,64,64,64,44,59,59,51,95,65,65,48,48,48,54,46,15,15,68,68,26,26,33,66,14,110,110,110,93,62],"gold":262,"neow_bonus":"BOSS_RELIC","is_daily":false,"chose_seed":false,"campfire_upgraded":0,"win_rate":0.0,"timestamp":1610534792,"path_taken":["M","?","?","?","M","R","E","?","T","E","M","R","E","?","R","BOSS","M","?","$","?","M","E","R","M","T","R","M","M","M","$","R","BOSS","M","?","?","?","?","E","?","M","T","?","R","E","?","M","R","BOSS","R","$","E","BOSS"],"items_purchased_type":["Relic","Card","Relic","Card","Relic","Card","Card","Relic","Relic","Relic"],"build_version":"2020-12-22","purchased_purges":0,"victory":true,"max_hp_per_floor":[80,80,80,80,80,95,95,95,95,95,95,95,95,95,95,95,95,95,95,95,95,95,95,95,95,95,95,95,95,95,95,95,95,95,95,95,95,95,95,110,110,110,110,110,110,110,110,110,110,110,110,110,110,110,110],"card_choices":[{"not_picked":["Sword Boomerang","Second Wind"],"picked":"Anger","floor":1.0},{"not_picked":["Replay:Undeath\u0027s Touch","Warcry"],"picked":"ReplayTheSpireMod:Corrosion Curse","floor":2.0},{"not_picked":["Wild Strike","Run Through"],"picked":"Cleave","floor":5.0},{"not_picked":["Disarm","Rampage"],"picked":"Shrug It Off","floor":7.0},{"not_picked":["Entrench","Replay:Many Hands"],"picked":"Power Through","floor":10.0},{"not_picked":["Searing Blow","Shrug It Off"],"picked":"Disarm","floor":11.0},{"not_picked":["ReplayTheSpireMod:Stacked","Rampage"],"picked":"Clothesline","floor":13.0},{"not_picked":["Limit Break","Reaper"],"picked":"Eclipse","floor":16},{"not_picked":["Body Slam+1","Shrug It Off"],"picked":"Headbutt+1","floor":18},{"not_picked":["Perfected Strike+1","Seeing Red+1"],"picked":"Wild Strike","floor":21},{"not_picked":["Burning Pact+1","ReplayReversal+1"],"picked":"Replay:Undeath\u0027s Touch+1","floor":22},{"not_picked":["Clash","Power Through"],"picked":"Pummel","floor":23},{"not_picked":["True Grit","Thunderclap"],"picked":"Headbutt","floor":25},{"not_picked":["Sentinel","ReplayTheSpireMod:Muscle Training"],"picked":"Bloodletting","floor":28},{"not_picked":["Shrug It Off","Cleave"],"picked":"Demon Form","floor":29},{"not_picked":["True Grit","Wild Strike"],"picked":"Fire Breathing","floor":30},{"not_picked":["Replay:Many Hands","Immolate"],"picked":"Reaper","floor":33},{"not_picked":["Twin Strike+1","Replay:Undeath\u0027s Touch+1"],"picked":"Pommel Strike+1","floor":35},{"not_picked":["Pommel Strike","Second Wind"],"picked":"ReplayTheSpireMod:Muscle Training","floor":37},{"not_picked":["Warcry","Clothesline+1"],"picked":"Clash","floor":38},{"not_picked":["Impervious","Flame Barrier"],"picked":"Feel No Pain+1","floor":40},{"not_picked":["Warcry+1","Iron Wave+1"],"picked":"Rampage+1","floor":41},{"not_picked":["ReplayTheSpireMod:Corrosion Curse","Warcry"],"picked":"Ghostly Armor+1","floor":42},{"not_picked":["Sword Boomerang+1","Bloodletting+1"],"picked":"ReplayTheSpireMod:Strike From Hell","floor":46},{"not_picked":["Cleave+1","Carnage+1"],"picked":"ReplayTheSpireMod:Muscle Training+1","floor":48},{"not_picked":["Sword Boomerang+1","Abandon"],"picked":"Twin Strike+1","floor":54}],"player_experience":219602,"relics_obtained":[{"floor":4.0,"key":"Chameleon Ring"},{"floor":7.0,"key":"Replay:Kaleidoscope"},{"floor":9.0,"key":"Replay:Bandana"},{"floor":10.0,"key":"White Beast Statue"},{"floor":13.0,"key":"Potion Belt"},{"floor":23,"key":"MealTicket"},{"floor":26,"key":"Garlic"},{"floor":38,"key":"Girya"},{"floor":40,"key":"Oddly Smooth Stone"},{"floor":43,"key":"Replay:Baseball"},{"floor":46,"key":"Bronze Scales"},{"floor":54,"key":"InkBottle"}],"event_choices":[{"damage_healed":0.0,"max_hp_gain":0.0,"max_hp_loss":0.0,"gold_gain":0.0,"cards_transformed":["Strike_R"],"event_name":"Living Wall","player_choice":"Change","floor":3.0,"gold_loss":0.0,"damage_taken":0.0,"cards_obtained":["Infernal Blade"]},{"damage_healed":0.0,"max_hp_gain":0.0,"max_hp_loss":0.0,"gold_gain":0.0,"event_name":"Big Fish","player_choice":"Box","floor":8.0,"gold_loss":0.0,"damage_taken":0.0,"relics_obtained":["Replay:Bottled Flurry"],"cards_obtained":["Regret"]},{"damage_healed":0.0,"max_hp_gain":0.0,"max_hp_loss":0.0,"gold_gain":0.0,"event_name":"Liars Game","player_choice":"Ignored","floor":14.0,"gold_loss":0.0,"damage_taken":0.0},{"damage_healed":0,"gold_gain":0,"cards_transformed":["Strike_R"],"player_choice":"Transformed","damage_taken":0,"max_hp_gain":0,"max_hp_loss":0,"event_name":"Transmorgrifier","floor":36,"gold_loss":0,"cards_obtained":["ReplayTheSpireMod:LeadingStrike"]},{"damage_healed":0,"gold_gain":0,"player_choice":"Fight","damage_taken":0,"max_hp_gain":0,"max_hp_loss":0,"event_name":"Mysterious Sphere","floor":38,"gold_loss":0},{"damage_healed":0,"gold_gain":0,"player_choice":"Bought 2 Potions","damage_taken":0,"max_hp_gain":0,"max_hp_loss":0,"event_name":"The Woman in Blue","floor":39,"gold_loss":0},{"damage_healed":0,"gold_gain":0,"player_choice":"Embrace Madness","damage_taken":14,"max_hp_gain":0,"max_hp_loss":0,"event_name":"Winding Halls","floor":44,"gold_loss":0,"cards_obtained":["Madness","Madness"]}],"is_beta":false,"boss_relics":[{"not_picked":["Ectoplasm","ReplayTheSpireMod:DimensionalGlitch"],"picked":"Ring of Chaos"},{"not_picked":["Coffee Dripper","Runic Pyramid"],"picked":"Replay:Bronze Core"}],"items_purged_floors":[],"is_endless":false,"potions_floor_spawned":[2,5,11,13,16,18,21,22,23,25,28,29,30,33,35,37,38,40,41,42,46,48,54],"ascension_level":1}}