{"host":"fmwbmnqnrup981we","time":1610560415,"event":{"mods":["AchievementEnabler","Act Like it!","BaseMod","Better Match","Better Note","Better Skull","Better Synergies","Better Third Choice","Better Vampires","Block Reminder","Curses Come First","Downfall","Duelist Mod","Elementarium","GungeonMod","HexUI Lib","HornydragonMod","Marked Mod","Minty Spire (QoL Compilation)","Pikachu Mod","Quick Restart","Relic Stats","SIMod","StSLib","The Bug Knight","The Death Knight","The Forsaken","The Marked","The Necromancer","The Runesmith","The Servant 0.9.4","The Wild Card","TheHero","TheVacant","TheVelvet","Transform Curses","Waifu the Spire","Yuri Mod","everything is the same but u backflip on backflip"],"gold_per_floor":[109,128,128,50,66,97,134,154,154,154,154,169,169,37,37,67,67],"floor_reached":16,"language":"ENG","playtime":404,"items_purged":[],"score":101,"play_id":"f10c2833-3c4e-4a32-967c-cf745ec67202","local_time":"20210113175335","is_ascension_mode":false,"campfire_choices":[{"floor":15,"key":"REST"}],"circlet_count":0,"master_deck":["Strike_P","Strike_P","Strike_P","Strike_P","Defend_P","Defend_P","Defend_P","Defend_P","Eruption","Vigilance","ThirdEye","EmptyFist","Consecrate","Halt","FlurryOfBlows","Wish+1","PathToVictory","Consecrate","MarkedMod:GentlePulse","Flash of Steel","Prostrate"],"relics":["PureWater","NeowsBlessing","PreservedInsect","DemoMod:Orange","Spirit Poop"],"acts_visited":["Exordium"],"potions_floor_usage":[16,16],"damage_taken":[{"damage":0,"enemies":"Cultist","floor":1,"turns":1},{"damage":0,"enemies":"2 Louse","floor":2,"turns":1},{"damage":0,"enemies":"Small Slimes","floor":5,"turns":2},{"damage":23,"enemies":"Gremlin Nob","floor":6,"turns":4},{"damage":6,"enemies":"Exordium Thugs","floor":7,"turns":4},{"damage":15,"enemies":"Looter","floor":8,"turns":2},{"damage":6,"enemies":"Blue Slaver","floor":12,"turns":3},{"damage":64,"enemies":"Hexaghost","floor":16,"turns":11}],"seed_played":"896298931972872853","potions_obtained":[{"floor":7,"key":"SkillPotion"},{"floor":8,"key":"DistilledChaos"}],"is_trial":false,"path_per_floor":["M","M","?","$","M","E","M","M","T","?","?","M","?","$","R","B"],"character_chosen":"WATCHER","items_purchased":["Consecrate","Halt","Flash of Steel","Prostrate"],"campfire_rested":1,"item_purchase_floors":[4,4,14,14],"current_hp_per_floor":[72,72,72,72,72,49,43,28,28,40,40,34,34,34,59,0,0],"gold":67,"neow_bonus":"THREE_ENEMY_KILL","is_daily":false,"chose_seed":false,"campfire_upgraded":0,"win_rate":0.0,"timestamp":1610560415,"path_taken":["M","M","?","$","M","E","M","M","T","?","?","?","?","?","R","BOSS"],"items_purchased_type":["Card","Card","Card","Card"],"build_version":"2020-12-22","purchased_purges":0,"victory":false,"max_hp_per_floor":[72,72,72,72,72,72,72,72,72,84,84,84,84,84,84,84,84],"relic_stats":{"counters":[8,28],"PreservedInsect":0,"obtain_stats":[{"NeowsBlessing":0,"DemoMod:Orange":10,"Spirit Poop":11,"PreservedInsect":6,"DemoMod:GlassGuonStoneRelic":8,"PureWater":0},{"NeowsBlessing":0,"DemoMod:Orange":6,"Spirit Poop":6,"PreservedInsect":4,"DemoMod:GlassGuonStoneRelic":6,"PureWater":0},{"NeowsBlessing":0,"DemoMod:Orange":14,"Spirit Poop":14,"PreservedInsect":8,"DemoMod:GlassGuonStoneRelic":14,"PureWater":0}]},"card_choices":[{"not_picked":["MarkedMod:GentlePulse","CutThroughFate"],"picked":"ThirdEye","floor":1},{"not_picked":["FlyingSleeves","BowlingBash"],"picked":"EmptyFist","floor":2},{"not_picked":["Prostrate","SignatureMove"],"picked":"FlurryOfBlows","floor":5},{"not_picked":["WindmillStrike","CrushJoints"],"picked":"Wish","floor":6},{"not_picked":["Protect","FearNoEvil"],"picked":"PathToVictory","floor":7},{"not_picked":["BowlingBash","Conclude"],"picked":"Consecrate","floor":8},{"not_picked":["CutThroughFate","Protect"],"picked":"MarkedMod:GentlePulse","floor":12}],"player_experience":438849,"relics_obtained":[{"floor":6,"key":"PreservedInsect"}],"event_choices":[{"damage_healed":0,"gold_gain":0,"player_choice":"Box","damage_taken":0,"relics_obtained":["DemoMod:Orange"],"max_hp_gain":0,"max_hp_loss":0,"event_name":"Big Fish","floor":10,"gold_loss":0,"cards_obtained":["Regret"]},{"cards_removed":["Regret"],"damage_healed":0,"gold_gain":0,"player_choice":"Offered Curse","damage_taken":0,"relics_obtained":["Spirit Poop"],"max_hp_gain":0,"max_hp_loss":0,"event_name":"Bonfire Elementals","floor":11,"gold_loss":0},{"damage_healed":0,"gold_gain":0,"player_choice":"Grow","damage_taken":0,"max_hp_gain":0,"max_hp_loss":0,"event_name":"Living Wall","floor":13,"gold_loss":0,"cards_upgraded":["Wish"]}],"is_beta":false,"boss_relics":[],"items_purged_floors":[],"is_endless":false,"potions_floor_spawned":[7,8],"killed_by":"Hexaghost","ascension_level":0}}