{"host":"5padt50u07xd1iby","time":1610532771,"event":{"mods":["AchievementEnabler","BaseMod","Colored Map","Colored Powertips","Downfall","Hubris","Minty Spire (QoL Compilation)","Shop Mod","StSLib","SuperFastMode"],"gold_per_floor":[99,114,114,214,389,539,566,566,584,584,584,584,584,613,632,632,632,632],"floor_reached":16,"language":"ENG","playtime":714,"items_purged":[],"score":96,"play_id":"28a48f97-72f3-4c14-ba7c-c077d9aab8d3","local_time":"20210113111251","is_ascension_mode":false,"campfire_choices":[{"data":"hexamod:Sear","floor":1,"key":"SMITH"},{"data":"hexamod:Float","floor":8,"key":"SMITH"},{"data":"hexamod:Hexaguard","floor":12,"key":"SMITH"}],"circlet_count":0,"master_deck":["hexamod:Strike","hexamod:Strike","hexamod:Strike","hexamod:Strike","hexamod:Defend+1","hexamod:Defend","hexamod:Defend+1","hexamod:Defend","hexamod:Sear+1","hexamod:Float+1","hexamod:StepThrough+1","Doubt","Slimebound:Icky","hexamod:Hexaguard+1","hexamod:TimeOfNeed","hexamod:RadiantFlame"],"relics":["hexamod:SpiritBrand","hubris:Towel","War Paint","downfall:BrokenWingStatue","hubris:SphereOfDissonance","Omamori"],"acts_visited":["Exordium"],"potions_floor_usage":[],"damage_taken":[{"damage":0,"enemies":"Small Slimes","floor":2,"turns":3},{"damage":6,"enemies":"Jaw Worm","floor":9,"turns":4},{"damage":15,"enemies":"Gremlin Nob","floor":14,"turns":4},{"damage":0,"enemies":"2 Louse","floor":15,"turns":2},{"damage":53,"enemies":"downfall:Defect","floor":16,"turns":5}],"seed_played":"7927590884493400587","potions_obtained":[{"floor":9,"key":"Strength Potion"},{"floor":15,"key":"SpeedPotion"}],"is_trial":false,"path_per_floor":["R","M","?","?","?","?","T","R","M","?","?","R","?","E","M","B"],"character_chosen":"THE_SPIRIT","items_purchased":[],"campfire_rested":0,"item_purchase_floors":[],"current_hp_per_floor":[77,77,77,77,77,77,77,77,71,71,71,71,68,53,53,0,0,0],"gold":632,"neow_bonus":"TEN_PERCENT_HP_BONUS","is_daily":false,"chose_seed":false,"campfire_upgraded":3,"win_rate":0.0,"timestamp":1610532771,"path_taken":["R","M","?","?","?","?","T","R","?","?","?","R","?","E","M","BOSS"],"items_purchased_type":[],"build_version":"2020-12-22","purchased_purges":0,"victory":false,"max_hp_per_floor":[77,77,77,77,77,77,77,77,77,77,77,77,77,77,77,77,77,77],"card_choices":[{"not_picked":["hexamod:GhostShield","hexamod:CatchUp"],"picked":"hexamod:StepThrough","floor":2},{"not_picked":["hexamod:NightmareStrike","hexamod:FastForward"],"picked":"hexamod:Hexaguard","floor":9},{"not_picked":["hexamod:ShieldOfDarkness","hexamod:PhantomCloak"],"picked":"hexamod:TimeOfNeed","floor":14},{"not_picked":["hexamod:BacktrackSmack","hexamod:Firestarter"],"picked":"hexamod:RadiantFlame","floor":15}],"player_experience":67205,"relics_obtained":[{"floor":7,"key":"War Paint"},{"floor":14,"key":"Omamori"}],"event_choices":[{"damage_healed":0,"gold_gain":0,"player_choice":"Success","damage_taken":3,"relics_obtained":["hubris:SphereOfDissonance"],"max_hp_gain":0,"max_hp_loss":0,"event_name":"Scrap Ooze","floor":13,"gold_loss":0}],"is_beta":false,"boss_relics":[],"items_purged_floors":[],"is_endless":false,"potions_floor_spawned":[9,15],"killed_by":"downfall:Defect","ascension_level":0}}