{"host":"J","time":1610554427,"event":{"mods":["BaseMod","Better Third Choice","Minty Spire (QoL Compilation)","StSLib"],"gold_per_floor":[110,110,75,75,75,75,105,117,117,128,128,146,146,178,178,255,255,269,30,40,56,67,67,67,98,98,98,123,156,168,13,13,13,13],"floor_reached":33,"language":"ENG","playtime":1165,"items_purged":["Strike_R","Strike_R"],"score":636,"play_id":"5b49b0d3-67bb-4e4a-ad50-e5d0c3cc1cfb","local_time":"20210113171347","is_ascension_mode":true,"campfire_choices":[{"data":"Bash","floor":6.0,"key":"SMITH"},{"data":"Seeing Red","floor":11.0,"key":"SMITH"},{"floor":13.0,"key":"REST"},{"data":"Corruption","floor":15.0,"key":"SMITH"},{"floor":23,"key":"REST"},{"floor":27,"key":"REST"},{"data":"Feed","floor":32,"key":"SMITH"}],"circlet_count":0,"master_deck":["AscendersBane","Strike_R","Strike_R+1","Strike_R+1","Defend_R","Defend_R","Defend_R+1","Defend_R","Bash+1","Fiend Fire","Cleave+1","Seeing Red+1","Ghostly Armor","Corruption+1","Thunderclap","Impervious","CurseOfTheBell","Warcry","Shrug It Off+1","Armaments","Feed+1","Disarm"],"relics":["Burning Blood","Dead Branch","Toy Ornithopter","Self Forming Clay","Whetstone","Calling Bell","Nunchaku","Letter Opener","Mango","Medical Kit","Champion Belt","Frozen Egg 2","CeramicFish","Red Mask"],"acts_visited":["Exordium","TheCity"],"potions_floor_usage":[29,29,33],"damage_taken":[{"damage":6.0,"enemies":"2 Louse","floor":1.0,"turns":3.0},{"damage":39.0,"enemies":"3 Sentries","floor":7.0,"turns":7.0},{"damage":12.0,"enemies":"Small Slimes","floor":8.0,"turns":2.0},{"damage":7.0,"enemies":"Jaw Worm","floor":10.0,"turns":2.0},{"damage":0.0,"enemies":"Looter","floor":12.0,"turns":2.0},{"damage":2.0,"enemies":"Lagavulin","floor":14.0,"turns":4.0},{"damage":26.0,"enemies":"Slime Boss","floor":16.0,"turns":8.0},{"damage":15,"enemies":"Shell Parasite","floor":18,"turns":6},{"damage":18,"enemies":"Chosen","floor":20,"turns":5},{"damage":28,"enemies":"Centurion and Healer","floor":21,"turns":7},{"damage":11,"enemies":"Snecko","floor":22,"turns":4},{"damage":21,"enemies":"Slavers","floor":25,"turns":3},{"damage":5,"enemies":"Book of Stabbing","floor":28,"turns":6},{"damage":13,"enemies":"Masked Bandits","floor":29,"turns":3},{"damage":0,"enemies":"Snake Plant","floor":30,"turns":2},{"damage":97,"enemies":"Automaton","floor":33,"turns":8}],"seed_played":"6552833935506640388","potions_obtained":[{"floor":7.0,"key":"ColorlessPotion"},{"floor":10.0,"key":"SpeedPotion"},{"floor":16.0,"key":"FearPotion"},{"floor":25,"key":"SteroidPotion"},{"floor":29,"key":"SteroidPotion"}],"is_trial":false,"path_per_floor":["M","?","?","?","?","R","E","M","T","M","R","M","R","E","R","B",null,"M","$","M","M","M","R","?","E","T","R","E","?","M","$","R","B"],"character_chosen":"IRONCLAD","items_purchased":["Medical Kit","AttackPotion"],"campfire_rested":3,"item_purchase_floors":[19,31],"current_hp_per_floor":[68,45,63,58,58,58,25,24,24,23,23,29,51,55,55,35,79,70,70,58,36,31,57,57,42,42,68,69,75,81,81,81,0,0],"gold":13,"neow_bonus":"ONE_RANDOM_RARE_CARD","is_daily":false,"chose_seed":false,"campfire_upgraded":4,"win_rate":0.0,"timestamp":1610554427,"path_taken":["M","?","?","?","?","R","E","M","T","M","R","M","R","E","R","BOSS","M","$","M","M","M","R","?","E","T","R","E","?","M","$","R","BOSS"],"items_purchased_type":["Relic","Potion"],"build_version":"2020-12-18","purchased_purges":2,"victory":false,"max_hp_per_floor":[75,75,75,75,75,75,75,75,75,75,75,75,75,75,75,75,89,89,89,89,89,89,89,89,89,89,89,89,92,92,92,92,92,92],"card_choices":[{"not_picked":["Shrug It Off","Wild Strike"],"picked":"Cleave","floor":1.0},{"not_picked":["Burning Pact","Blood for Blood","Sword Boomerang"],"picked":"SKIP","floor":7.0},{"not_picked":["Body Slam","Clash"],"picked":"Seeing Red","floor":8.0},{"not_picked":["Pommel Strike","Clothesline"],"picked":"Ghostly Armor","floor":10.0},{"not_picked":["Clothesline","Battle Trance"],"picked":"Corruption","floor":12.0},{"not_picked":["Combust","Heavy Blade"],"picked":"Thunderclap","floor":14.0},{"not_picked":["Limit Break","Demon Form"],"picked":"Impervious","floor":16.0},{"not_picked":["Twin Strike","Combust"],"picked":"Warcry","floor":18},{"not_picked":["Carnage","Searing Blow"],"picked":"Shrug It Off+1","floor":20},{"not_picked":["Sword Boomerang","Uppercut"],"picked":"Armaments","floor":21},{"not_picked":["Reckless Charge","True Grit","Pommel Strike"],"picked":"SKIP","floor":22},{"not_picked":["Fire Breathing","Pommel Strike"],"picked":"Disarm","floor":25},{"not_picked":["Demon Form+1","Clash","Body Slam+1"],"picked":"SKIP","floor":28},{"not_picked":["Searing Blow","Cleave","Dual Wield"],"picked":"SKIP","floor":30}],"player_experience":1092046,"relics_obtained":[{"floor":7.0,"key":"Toy Ornithopter"},{"floor":9.0,"key":"Self Forming Clay"},{"floor":14.0,"key":"Whetstone"},{"floor":17,"key":"Nunchaku"},{"floor":17,"key":"Letter Opener"},{"floor":17,"key":"Mango"},{"floor":25,"key":"Champion Belt"},{"floor":26,"key":"Frozen Egg 2"},{"floor":28,"key":"CeramicFish"},{"floor":29,"key":"Red Mask"}],"event_choices":[{"damage_healed":68.0,"max_hp_gain":0.0,"max_hp_loss":75.0,"gold_gain":0.0,"event_name":"betterThird:BetterShining","player_choice":"Upgrade","floor":2.0,"gold_loss":0.0,"damage_taken":23.0,"cards_upgraded":["Defend_R","Strike_R"]},{"damage_healed":18.0,"max_hp_gain":0.0,"max_hp_loss":0.0,"gold_gain":0.0,"event_name":"The Cleric","player_choice":"Healed","floor":3.0,"gold_loss":35.0,"damage_taken":0.0},{"damage_healed":0.0,"max_hp_gain":0.0,"max_hp_loss":0.0,"gold_gain":0.0,"event_name":"betterThird:BetterScrap","player_choice":"Relic ","floor":4.0,"gold_loss":0.0,"damage_taken":5.0,"cards_obtained":["Omniscience"]},{"damage_healed":0.0,"max_hp_gain":0.0,"max_hp_loss":0.0,"gold_gain":0.0,"event_name":"Golden Wing","player_choice":"Ignored","floor":5.0,"gold_loss":0.0,"damage_taken":0.0},{"damage_healed":0,"gold_gain":0,"player_choice":"Read","damage_taken":0,"max_hp_gain":0,"max_hp_loss":0,"event_name":"The Library","floor":24,"gold_loss":0,"cards_obtained":["Feed"]},{"damage_healed":0,"gold_gain":0,"player_choice":"Fought Bandits","damage_taken":0,"max_hp_gain":0,"max_hp_loss":0,"event_name":"Masked Bandits","floor":29,"gold_loss":0}],"is_beta":true,"boss_relics":[{"not_picked":["Ectoplasm","Runic Cube"],"picked":"Calling Bell"}],"items_purged_floors":[19,31],"is_endless":false,"potions_floor_spawned":[7,10,16,18,25,29],"killed_by":"Automaton","ascension_level":20}}