{"host":"ttzdpsscxkem3xrs","time":1610505212,"event":{"mods":["BaseMod","Colored Map","Downfall","Minty Spire (QoL Compilation)","Replay The Spire","StSLib","The Cursed","The Hierophant"],"gold_per_floor":[99,110,110,129,186,44,90,115,128,128,128,128,139,166,186,282,282,282,297,41,52,52,52,103,138,149,167,193,193,118,118,118],"floor_reached":30,"language":"ENG","playtime":6106,"items_purged":["Slimebound:Strike_Slimebound"],"score":348,"play_id":"5ed0247e-e0ab-4e95-82f4-06c92372a869","local_time":"20210112183332","is_ascension_mode":true,"campfire_choices":[{"data":"Slimebound:FirmFortitude","floor":1,"key":"SMITH"},{"floor":11,"key":"REST"},{"floor":18,"key":"DIG"},{"floor":30,"key":"REST"}],"circlet_count":0,"master_deck":["Slimebound:Strike_Slimebound","Slimebound:Tackle","Slimebound:Defend_Slimebound","Slimebound:Defend_Slimebound","Slimebound:Split","Slimebound:CorrosiveSpit+1","Slimebound:FirmFortitude+1","Slimebound:LeechEnergy","Slimebound:SplitAcid","Slimebound:SlimeBarrage","Slimebound:FinishingTackle","Slimebound:SplitLeeching","Slimebound:LevelUp","Slimebound:DouseInSlime","Slimebound:SplitMire","Slimebound:Equalize","Slimebound:SplitMire","Slimebound:LeechLife","Slimebound:GoopSpray+1","Slimebound:Equalize+1","Slimebound:Gluttony+1","Slimebound:BestDefense","Slimebound:LeadByExample+1","Slimebound:SplitSpecialist","Slimebound:ViciousTackle+1","Slimebound:SplitLeeching+1","Slimebound:Gluttony"],"relics":["Slimebound:AbsorbEndCombat","Akabeko","Oddly Smooth Stone","Meat on the Bone","ReplayTheSpireMod:TigerMarble","Astrolabe","Ancient Tea Set","Slimebound:MaxSlimesRelic","Orichalcum","Quantum Egg","Art of War","downfall:HeartBlessingGreen"],"acts_visited":["Exordium","TheCity"],"potions_floor_usage":[16,27],"damage_taken":[{"damage":12,"enemies":"Jaw Worm","floor":2,"turns":3},{"damage":11,"enemies":"Small Slimes","floor":4,"turns":3},{"damage":41,"enemies":"Gremlin Nob","floor":5,"turns":4},{"damage":0,"enemies":"downfall:FleeingMerchant","floor":6,"turns":4},{"damage":23,"enemies":"Gremlin Nob","floor":8,"turns":3},{"damage":13,"enemies":"2 Louse","floor":9,"turns":2},{"damage":5,"enemies":"Large Slime","floor":13,"turns":4},{"damage":39,"enemies":"3 Sentries","floor":14,"turns":6},{"damage":20,"enemies":"Lots of Slimes","floor":15,"turns":3},{"damage":62,"enemies":"downfall:Defect","floor":16,"turns":5},{"damage":60,"enemies":"3 Byrds","floor":19,"turns":5},{"damage":31,"enemies":"downfall:FleeingMerchant","floor":20,"turns":4},{"damage":64,"enemies":"Centurion and Healer","floor":21,"turns":5},{"damage":16,"enemies":"Gremlin Leader","floor":25,"turns":5},{"damage":78,"enemies":"Chosen and Byrds","floor":26,"turns":6},{"damage":51,"enemies":"3 Cultists","floor":27,"turns":5},{"damage":63,"enemies":"Slavers","floor":28,"turns":5}],"seed_played":"8998346412306219338","potions_obtained":[{"floor":4,"key":"sneckomod:MuddlingPotion"},{"floor":8,"key":"SkillPotion"},{"floor":12,"key":"FairyPotion"},{"floor":12,"key":"Adrenaline Potion"},{"floor":15,"key":"Doom Potion"},{"floor":21,"key":"Energy Potion"},{"floor":28,"key":"Swift Potion"}],"is_trial":false,"path_per_floor":["R","M","?","M","?","$","T","E","M","?","R","?","M","E","M","B",null,"R_BF","M","$","M","?","?","T","E","M","M","E","?","R"],"character_chosen":"SLIMEBOUND","items_purchased":["Slimebound:SplitLeeching","Slimebound:MaxSlimesRelic"],"campfire_rested":2,"item_purchase_floors":[6,20],"current_hp_per_floor":[60,60,60,57,31,43,43,44,35,35,53,53,59,45,45,35,60,60,50,53,60,50,50,50,65,57,57,50,50,65,65,65],"gold":118,"neow_bonus":"THREE_CARDS","is_daily":false,"chose_seed":false,"campfire_upgraded":1,"win_rate":0.0,"timestamp":1610505212,"path_taken":["R","M","?","M","?","$","T","E","M","?","R","?","M","E","M","BOSS","R_BF","M","$","?","?","?","T","E","?","M","E","?","R"],"items_purchased_type":["Card","Relic"],"build_version":"2020-12-22","purchased_purges":1,"victory":false,"max_hp_per_floor":[60,60,60,60,60,60,60,60,60,60,60,60,60,60,60,60,60,60,60,60,60,65,65,65,65,65,65,65,65,65,65,65],"card_choices":[{"not_picked":["Slimebound:LeechEnergy","Slimebound:ComboTackle"],"picked":"Slimebound:FirmFortitude","floor":0},{"not_picked":["Slimebound:PressTheAttack","Slimebound:GrowthPunch"],"picked":"Slimebound:LeechEnergy","floor":2},{"not_picked":["Slimebound:LeechEnergy","Slimebound:Dissolve"],"picked":"Slimebound:SplitAcid","floor":4},{"not_picked":["Slimebound:PressTheAttack","Slimebound:Nibble"],"picked":"Slimebound:SlimeBarrage","floor":5},{"not_picked":["Slimebound:GrowthPunch","Slimebound:SlimeBarrage"],"picked":"Slimebound:FinishingTackle","floor":6},{"not_picked":["Slimebound:RejuvenatingLick","Slimebound:Grow"],"picked":"Slimebound:LevelUp","floor":8},{"not_picked":["Slimebound:LeechEnergy","Slimebound:Recollect"],"picked":"Slimebound:DouseInSlime","floor":9},{"not_picked":["Slimebound:SplitLeeching","Slimebound:SplitAcid"],"picked":"Slimebound:SplitMire","floor":13},{"not_picked":["Slimebound:LeechEnergy","Slimebound:SlimeBrawl"],"picked":"Slimebound:Equalize","floor":14},{"not_picked":["Slimebound:LeechingTouch","Slimebound:LeechEnergy"],"picked":"Slimebound:SplitMire","floor":15},{"not_picked":["Slimebound:WasteNot","Slimebound:CheckThePlaybook"],"picked":"Slimebound:LeechLife","floor":16},{"not_picked":["Slimebound:LeechEnergy","Slimebound:SplitAcid"],"picked":"Slimebound:BestDefense","floor":19},{"not_picked":["Slimebound:Dissolve","Slimebound:HauntingLick"],"picked":"Slimebound:LeadByExample+1","floor":20},{"not_picked":["Slimebound:ServeAndProtect","Slimebound:SpikyOuterGoop","Slimebound:LeadByExample"],"picked":"SKIP","floor":21},{"not_picked":["Slimebound:Recollect","Slimebound:SlimeBrawl"],"picked":"Slimebound:SplitSpecialist","floor":25},{"not_picked":["Slimebound:GoopTackle","Slimebound:LeechEnergy+1"],"picked":"Slimebound:ViciousTackle+1","floor":26},{"not_picked":["Slimebound:SamplingLick","Slimebound:RollThrough"],"picked":"Slimebound:SplitLeeching+1","floor":27},{"not_picked":["Slimebound:ComboTackle","Slimebound:LeechEnergy"],"picked":"Slimebound:Gluttony","floor":28}],"player_experience":1347252,"relics_obtained":[{"floor":7,"key":"Oddly Smooth Stone"},{"floor":8,"key":"Meat on the Bone"},{"floor":14,"key":"ReplayTheSpireMod:TigerMarble"},{"floor":18,"key":"Ancient Tea Set"},{"floor":24,"key":"Orichalcum"},{"floor":25,"key":"Quantum Egg"},{"floor":28,"key":"Art of War"}],"event_choices":[{"damage_healed":0,"gold_gain":0,"player_choice":"Got Potions","damage_taken":0,"max_hp_gain":0,"max_hp_loss":0,"event_name":"Lab","floor":12,"gold_loss":0}],"is_beta":false,"boss_relics":[{"not_picked":["ReplayTheSpireMod:DimensionalGlitch","Replay:Bronze Core"],"picked":"Astrolabe"}],"items_purged_floors":[6],"is_endless":false,"potions_floor_spawned":[4,8,14,15,21,28],"ascension_level":3}}