{"host":"tgr1xoidyjfo4u0n","time":1610538663,"event":{"mods":["Act Like it!","Alarm Clock","BaseMod","CapriCore","Colored Powertips","GifTheSpireLib","Highlight Path","Minty Spire (QoL Compilation)","StSLib"],"gold_per_floor":[117,134,151,165,165,240,240,96,96,96,114,133,149,168,168,269,269,284,199,199,218,238,238,249,249,273,11,28,28,61,75,75,179,179,195,213,213,17,17,17,42,52,98,115,126,126,137,169,169,169,169,169,18,53,53],"floor_reached":56,"language":"ZHS","playtime":4009,"items_purged":["Strike_B","Defend_B"],"score":1589,"play_id":"b57823a4-9365-4a95-81b0-8f00f8632387","local_time":"20210113195103","is_ascension_mode":true,"campfire_choices":[{"data":"Go for the Eyes","floor":7.0,"key":"SMITH"},{"data":"Defragment","floor":10.0,"key":"SMITH"},{"data":"Coolheaded","floor":15.0,"key":"SMITH"},{"data":"Machine Learning","floor":23.0,"key":"SMITH"},{"data":"Amplify","floor":25.0,"key":"SMITH"},{"data":"Defend_B","floor":32.0,"key":"PURGE"},{"data":"Apotheosis","floor":40.0,"key":"SMITH"},{"floor":46.0,"key":"RECALL"},{"data":"BootSequence+1","floor":49.0,"key":"PURGE"},{"data":"Seek","floor":52.0,"key":"SMITH"}],"circlet_count":0,"master_deck":["Defend_B","Zap+1","Dualcast","Machine Learning+1","Go for the Eyes+1","Amplify+1","Defragment+1","Leap","Force Field+1","Turbo","Coolheaded+1","Electrodynamics","Defragment+1","Force Field+1","Capacitor+1","Glacier","Biased Cognition","Purity","Compile Driver","Turbo+1","White Noise+1","Hologram","Seek+1","Steam Power+1","Apotheosis+1","Meteor Strike","Heatsinks+1","Reboot","Defragment+1"],"relics":["Cracked Core","Orrery","Astrolabe","Pantograph","Omamori","Ancient Tea Set","Peace Pipe","Philosopher\u0027s Stone","Happy Flower","War Paint","Cables","Sundial"],"acts_visited":["Exordium","TheCity","TheBeyond","TheEnding"],"potions_floor_usage":[55,55],"damage_taken":[{"damage":1.0,"enemies":"2 Louse","floor":1.0,"turns":2.0},{"damage":7.0,"enemies":"Small Slimes","floor":2.0,"turns":3.0},{"damage":1.0,"enemies":"Cultist","floor":3.0,"turns":4.0},{"damage":0.0,"enemies":"2 Fungi Beasts","floor":4.0,"turns":4.0},{"damage":7.0,"enemies":"Exordium Wildlife","floor":11.0,"turns":4.0},{"damage":4.0,"enemies":"Blue Slaver","floor":12.0,"turns":3.0},{"damage":0.0,"enemies":"Red Slaver","floor":13.0,"turns":4.0},{"damage":0.0,"enemies":"3 Louse","floor":14.0,"turns":4.0},{"damage":14.0,"enemies":"The Guardian","floor":16.0,"turns":11.0},{"damage":0.0,"enemies":"3 Byrds","floor":18.0,"turns":2.0},{"damage":0.0,"enemies":"Chosen","floor":21.0,"turns":6.0},{"damage":5.0,"enemies":"Centurion and Healer","floor":22.0,"turns":5.0},{"damage":0.0,"enemies":"Chosen and Byrds","floor":24.0,"turns":8.0},{"damage":6.0,"enemies":"3 Cultists","floor":28.0,"turns":5.0},{"damage":7.0,"enemies":"Slavers","floor":30.0,"turns":3.0},{"damage":0.0,"enemies":"Centurion and Healer","floor":31.0,"turns":4.0},{"damage":0.0,"enemies":"Collector","floor":33.0,"turns":9.0},{"damage":0.0,"enemies":"3 Shapes","floor":35.0,"turns":3.0},{"damage":0.0,"enemies":"Orb Walker","floor":36.0,"turns":3.0},{"damage":8.0,"enemies":"Nemesis","floor":41.0,"turns":3.0},{"damage":0.0,"enemies":"Transient","floor":42.0,"turns":5.0},{"damage":0.0,"enemies":"3 Darklings","floor":44.0,"turns":2.0},{"damage":0.0,"enemies":"Sphere and 2 Shapes","floor":45.0,"turns":2.0},{"damage":0.0,"enemies":"Maw","floor":47.0,"turns":7.0},{"damage":0.0,"enemies":"Giant Head","floor":48.0,"turns":7.0},{"damage":65.0,"enemies":"Awakened One","floor":50.0,"turns":9.0},{"damage":0.0,"enemies":"Shield and Spear","floor":54.0,"turns":4.0},{"damage":12,"enemies":"The Heart","floor":55,"turns":5}],"seed_played":"-8125971395794663195","potions_obtained":[{"floor":2.0,"key":"Regen Potion"},{"floor":4.0,"key":"EntropicBrew"},{"floor":12.0,"key":"SteroidPotion"},{"floor":13.0,"key":"SpeedPotion"},{"floor":30.0,"key":"BlessingOfTheForge"},{"floor":36.0,"key":"DuplicationPotion"},{"floor":45.0,"key":"Weak Potion"}],"is_trial":false,"path_per_floor":["M","M","M","M","?","?","R","$","T","R","M","M","M","M","R","B",null,"M","?","?","M","M","R","M","R","T","$","M","?","E","M","R","B",null,"M","M","?","$","?","R","E","M","T","M","M","R","M","E","R","B",null,"R","$","E","B",null],"character_chosen":"DEFECT","items_purchased":["Orrery","Purity","Compile Driver","Turbo","Apotheosis","AttackPotion"],"campfire_rested":0,"item_purchase_floors":[8,27,27,27,38,53],"current_hp_per_floor":[67,60,59,59,64,53,53,53,53,53,58,54,54,54,54,40,73,73,73,73,73,68,68,68,68,68,68,62,62,55,55,55,73,73,73,73,73,73,73,73,65,65,65,65,65,65,65,65,65,8,73,73,73,73,61],"gold":53,"neow_bonus":"REMOVE_TWO","is_daily":false,"chose_seed":false,"campfire_upgraded":7,"win_rate":0.0,"timestamp":1610538663,"path_taken":["M","M","M","M","?","?","R","$","T","R","M","M","M","M","R","BOSS","M","?","?","M","?","R","M","R","T","$","M","?","E","M","R","BOSS","M","M","?","$","?","R","E","M","T","?","M","R","M","E","R","BOSS","R","$","E","BOSS"],"items_purchased_type":["Relic","Card","Card","Card","Card","Potion"],"build_version":"2020-12-22","purchased_purges":2,"victory":true,"max_hp_per_floor":[68,68,68,68,73,73,73,73,73,73,73,73,73,73,73,73,73,73,73,73,73,73,73,73,73,73,73,73,73,73,73,73,73,73,73,73,73,73,73,73,73,73,73,73,73,73,73,73,73,73,73,73,73,73,73],"card_choices":[{"not_picked":["Turbo","Hologram","Consume"],"picked":"SKIP","floor":1.0},{"not_picked":["Barrage","Cold Snap"],"picked":"Machine Learning","floor":2.0},{"not_picked":["Rebound","Sweeping Beam"],"picked":"Go for the Eyes","floor":3.0},{"not_picked":["Coolheaded","Sweeping Beam"],"picked":"Amplify","floor":4.0},{"not_picked":["Glacier","Rip and Tear"],"picked":"Ball Lightning","floor":8.0},{"not_picked":["FTL","Turbo"],"picked":"Defragment","floor":8.0},{"not_picked":["Rainbow","Skim"],"picked":"Leap","floor":8.0},{"not_picked":["Gash","Redo"],"picked":"Chaos","floor":11.0},{"not_picked":["Compile Driver","Gash"],"picked":"Force Field","floor":12.0},{"not_picked":["Hologram","Static Discharge"],"picked":"Turbo","floor":13.0},{"not_picked":["Barrage","Gash"],"picked":"Coolheaded","floor":14.0},{"not_picked":["Core Surge","Creative AI"],"picked":"Electrodynamics","floor":16.0},{"not_picked":["Blizzard+1","Coolheaded"],"picked":"BootSequence+1","floor":18.0},{"not_picked":["Darkness","Beam Cell"],"picked":"Glacier","floor":21.0},{"not_picked":["Steam","Barrage+1","Hello World"],"picked":"SKIP","floor":22.0},{"not_picked":["Steam+1","Hologram"],"picked":"Biased Cognition","floor":24.0},{"not_picked":["Go for the Eyes","Ball Lightning"],"picked":"White Noise+1","floor":28.0},{"not_picked":["Consume","Redo","Static Discharge"],"picked":"SKIP","floor":30.0},{"not_picked":["Compile Driver+1","Genetic Algorithm"],"picked":"Hologram","floor":31.0},{"not_picked":["Machine Learning","Electrodynamics"],"picked":"Seek","floor":33.0},{"not_picked":["Compile Driver","Go for the Eyes+1"],"picked":"Steam Power+1","floor":35.0},{"not_picked":["Sweeping Beam+1","Fusion+1","Beam Cell"],"picked":"SKIP","floor":36.0},{"not_picked":["Turbo","Rebound"],"picked":"Heatsinks+1","floor":41.0},{"not_picked":["Cold Snap+1","Coolheaded"],"picked":"Reboot","floor":42.0},{"not_picked":["Streamline","Rebound","Ball Lightning"],"picked":"SKIP","floor":44.0},{"not_picked":["Coolheaded+1","Hologram"],"picked":"Defragment+1","floor":45.0},{"not_picked":["Compile Driver","Storm+1","Force Field+1"],"picked":"SKIP","floor":47.0},{"not_picked":["Beam Cell","Cold Snap","Self Repair+1"],"picked":"SKIP","floor":48.0},{"not_picked":["Capacitor+1","Leap","Redo"],"picked":"SKIP","floor":54.0}],"player_experience":357807,"relics_obtained":[{"floor":26.0,"key":"Omamori"},{"floor":30.0,"key":"Peace Pipe"},{"floor":41.0,"key":"Happy Flower"},{"floor":43.0,"key":"War Paint"},{"floor":48.0,"key":"Cables"},{"floor":54.0,"key":"Sundial"}],"event_choices":[{"damage_healed":0.0,"max_hp_gain":5.0,"max_hp_loss":0.0,"gold_gain":0.0,"event_name":"Big Fish","player_choice":"Donut","floor":5.0,"gold_loss":0.0,"damage_taken":0.0},{"damage_healed":0.0,"max_hp_gain":0.0,"max_hp_loss":0.0,"gold_gain":75.0,"event_name":"World of Goop","player_choice":"Gather Gold","floor":6.0,"gold_loss":0.0,"damage_taken":11.0},{"damage_healed":0.0,"max_hp_gain":0.0,"max_hp_loss":0.0,"gold_gain":0.0,"event_name":"Addict","player_choice":"Obtained Relic","floor":19.0,"gold_loss":85.0,"damage_taken":0.0,"relics_obtained":["Pantograph"]},{"damage_healed":0.0,"max_hp_gain":0.0,"max_hp_loss":0.0,"gold_gain":0.0,"event_name":"Accursed Blacksmith","player_choice":"Forge","floor":20.0,"gold_loss":0.0,"damage_taken":0.0,"cards_upgraded":["Zap"]},{"damage_healed":0.0,"max_hp_gain":0.0,"max_hp_loss":0.0,"gold_gain":0.0,"event_name":"The Mausoleum","player_choice":"Opened","floor":29.0,"gold_loss":0.0,"damage_taken":0.0,"relics_obtained":["Ancient Tea Set"],"cards_obtained":["Writhe"]},{"damage_healed":0.0,"max_hp_gain":0.0,"max_hp_loss":0.0,"gold_gain":0.0,"event_name":"Tomb of Lord Red Mask","player_choice":"Ignored","floor":37.0,"gold_loss":0.0,"damage_taken":0.0},{"damage_healed":0.0,"max_hp_gain":0.0,"max_hp_loss":0.0,"gold_gain":0.0,"cards_transformed":["Defend_B"],"event_name":"Transmorgrifier","player_choice":"Transformed","floor":39.0,"gold_loss":0.0,"damage_taken":0.0,"cards_obtained":["Meteor Strike"]}],"is_beta":false,"boss_relics":[{"not_picked":["Calling Bell","Runic Pyramid"],"picked":"Astrolabe"},{"not_picked":["Fusion Hammer","Pandora\u0027s Box"],"picked":"Philosopher\u0027s Stone"}],"items_purged_floors":[27,53],"is_endless":false,"potions_floor_spawned":[2,4,12,13,24,30,33,35,36,41,45],"ascension_level":1}}