{"host":"bbdwwpc15nggbv3k","time":1610543190,"event":{"mods":["AchievementEnabler","Aspiration","BaseMod","BetterRewards","Colored Map","Colored Powertips","Conspire","Hermit","Hubris","Minty Spire (QoL Compilation)","StSLib","The Jungle"],"gold_per_floor":[119,199,199,215,235,263,273,305,305,305,315,327,327,342,342,458,458,477,509,534,534,32,64,82,82,82,113,126,28,57,6,6,109,109,123,123,141,41,65,94,94,121,121,121,71,71,83,83,83,83],"floor_reached":51,"language":"ENG","playtime":1671,"items_purged":[],"score":1096,"play_id":"fd457d67-81d5-4d70-96b8-af9bb0b40895","local_time":"20210113130630","is_ascension_mode":true,"campfire_choices":[{"floor":10,"key":"REST"},{"floor":13,"key":"REST"},{"data":"Limit Break","floor":15,"key":"SMITH"},{"floor":25,"key":"REST"},{"floor":32,"key":"REST"},{"data":"Limit Break","floor":41,"key":"SMITH"},{"data":"Limit Break","floor":44,"key":"SMITH"},{"floor":49,"key":"REST"}],"circlet_count":0,"master_deck":["Strike_R","Strike_R","Strike_R","Strike_R","Defend_R","Defend_R","Defend_R","Defend_R","Bash","Inflame","Sword Boomerang","Heavy Blade","Master of Strategy","Flex","Sword Boomerang","Spot Weakness","Pommel Strike","Bloodletting","Armaments","Limit Break+1","Inflame","Limit Break+1","Cleave","Inflame+1","Seeing Red","Rupture+1","Whirlwind+1","Bloodletting+1","Armaments+1","Limit Break+1","Spot Weakness+1","Twin Strike+1","Flex+1","Thunderclap+1"],"relics":["Burning Blood","Red Skull","ClockworkSouvenir","Strawberry","hubris:BottledRain","Dream Catcher","conspire:TopHat","conspire:SeveredTorchhead","Red Mask","Bronze Scales","hubris:Icosahedron","Lizard Tail","hubris:EmptyBottle","hubris:64BitClover","Mummified Hand","Vajra","hubris:GrandSneckoEye","Lantern","hubris:ToyBattleship","hubris:Potato","Letter Opener"],"acts_visited":["Exordium","TheCity","TheBeyond"],"potions_floor_usage":[6,6,8,16,16,18,19,23,23,27,27,30,30,30,30,30,30,33,33,33,33,35,37,37,37,40,50,50,50,50,50,50],"damage_taken":[{"damage":3,"enemies":"Small Slimes","floor":1,"turns":3},{"damage":6,"enemies":"Jaw Worm","floor":4,"turns":2},{"damage":0,"enemies":"Cultist","floor":5,"turns":2},{"damage":18,"enemies":"Lagavulin","floor":6,"turns":3},{"damage":14,"enemies":"2 Fungi Beasts","floor":7,"turns":3},{"damage":11,"enemies":"3 Sentries","floor":8,"turns":3},{"damage":14,"enemies":"Large Slime","floor":11,"turns":2},{"damage":20,"enemies":"3 Louse","floor":12,"turns":3},{"damage":7,"enemies":"Blue Slaver","floor":14,"turns":2},{"damage":38,"enemies":"Hexaghost","floor":16,"turns":7},{"damage":16,"enemies":"2 Thieves","floor":18,"turns":3},{"damage":29,"enemies":"Masked Bandits","floor":19,"turns":3},{"damage":22,"enemies":"conspire:MimicChest","floor":20,"turns":4},{"damage":0,"enemies":"Gremlin Leader","floor":23,"turns":3},{"damage":10,"enemies":"3 Byrds","floor":24,"turns":3},{"damage":38,"enemies":"Slavers","floor":27,"turns":3},{"damage":24,"enemies":"Shelled Parasite and Fungi","floor":28,"turns":3},{"damage":3,"enemies":"Book of Stabbing","floor":30,"turns":1},{"damage":44,"enemies":"Collector","floor":33,"turns":4},{"damage":31,"enemies":"3 Shapes","floor":35,"turns":3},{"damage":3,"enemies":"Orb Walker","floor":37,"turns":1},{"damage":1,"enemies":"Reptomancer","floor":40,"turns":3},{"damage":16,"enemies":"Giant Head","floor":42,"turns":4},{"damage":0,"enemies":"Sphere and 2 Shapes","floor":47,"turns":1},{"damage":71,"enemies":"Time Eater","floor":50,"turns":6}],"seed_played":"6571384506110672043","potions_obtained":[{"floor":1,"key":"GamblersBrew"},{"floor":4,"key":"DuplicationPotion"},{"floor":6,"key":"EssenceOfSteel"},{"floor":11,"key":"GamblersBrew"},{"floor":14,"key":"ColorlessPotion"},{"floor":16,"key":"SpeedPotion"},{"floor":18,"key":"DuplicationPotion"},{"floor":28,"key":"BlessingOfTheForge"},{"floor":30,"key":"Weak Potion"},{"floor":33,"key":"Swift Potion"},{"floor":37,"key":"Block Potion"},{"floor":42,"key":"AttackPotion"}],"is_trial":false,"path_per_floor":["M","?","?","M","M","E","M","E","T","R","M","M","R","M","R","B",null,"M","?","?","?","$","E","M","R","T","E","M","$","E","$","R","B",null,"M","?","M","$","T","E","R","E","T","R","$","?","M","?","R","B",null],"character_chosen":"IRONCLAD","items_purchased":["Red Skull","Inflame","ClockworkSouvenir","Sword Boomerang","Heavy Blade","Strawberry","Master of Strategy","Flex","Lizard Tail","hubris:EmptyBottle","AttackPotion","Fire Potion","SkillPotion","Swift Potion","BloodPotion","FearPotion","Strength Potion"],"campfire_rested":5,"item_purchase_floors":[0,0,0,0,0,0,0,0,22,22,22,29,29,31,38,38,45],"current_hp_per_floor":[55,55,55,55,61,49,41,36,36,62,54,40,66,65,65,33,87,77,54,38,38,38,44,40,66,66,34,16,16,19,19,45,7,87,62,62,65,65,65,70,70,60,60,60,60,60,66,66,87,56],"gold":83,"neow_bonus":"","is_daily":false,"chose_seed":false,"campfire_upgraded":3,"win_rate":0.0,"timestamp":1610543190,"path_taken":["M","?","?","M","M","E","M","E","T","R","M","M","R","M","R","BOSS","M","?","?","?","$","E","M","R","T","E","M","?","E","$","R","BOSS","M","?","M","$","?","E","R","E","T","R","$","?","M","?","R","BOSS"],"items_purchased_type":["Relic","Card","Relic","Card","Card","Relic","Card","Card","Relic","Relic","Potion","Potion","Potion","Potion","Potion","Potion","Potion"],"build_version":"2020-12-22","purchased_purges":0,"victory":true,"max_hp_per_floor":[87,87,87,87,87,87,87,87,87,87,87,87,87,87,87,87,87,87,87,87,87,87,87,87,87,87,87,87,87,87,87,87,87,87,87,87,87,87,87,87,87,87,87,87,87,87,87,87,87,87],"card_choices":[{"not_picked":["hubris:ReadiedAction","Disarm"],"picked":"Sword Boomerang","floor":1},{"not_picked":["Perfected Strike","Rage","Iron Wave"],"picked":"SKIP","floor":4},{"not_picked":["hubris:CleavingFinish","Rampage"],"picked":"Pommel Strike","floor":5},{"not_picked":["conspire:Charge","Clash"],"picked":"Bloodletting","floor":6},{"not_picked":["Power Through","Warcry"],"picked":"Armaments","floor":7},{"not_picked":["Disarm","Feel No Pain"],"picked":"Limit Break","floor":8},{"not_picked":["Clothesline","Sword Boomerang","Perfected Strike"],"picked":"SKIP","floor":11},{"not_picked":["True Grit","Clothesline","Iron Wave"],"picked":"SKIP","floor":12},{"not_picked":["hubris:ReadiedAction","Uppercut"],"picked":"Inflame","floor":14},{"not_picked":["Impervious","Bludgeon"],"picked":"Limit Break","floor":16},{"not_picked":["Perfected Strike","Wild Strike","Second Wind"],"picked":"SKIP","floor":18},{"not_picked":["Power Through","Spot Weakness"],"picked":"Cleave","floor":19},{"not_picked":["Hemokinesis+1","Battle Trance"],"picked":"Inflame+1","floor":20},{"not_picked":["Rage","Clash","Double Tap"],"picked":"SKIP","floor":23},{"not_picked":["Rage","Feel No Pain","Intimidate"],"picked":"SKIP","floor":24},{"not_picked":["Sword Boomerang","Warcry"],"picked":"Seeing Red","floor":25},{"not_picked":["Pommel Strike","Flex"],"picked":"Rupture+1","floor":27},{"not_picked":["Perfected Strike","Twin Strike"],"picked":"Whirlwind+1","floor":28},{"not_picked":["Clash+1","Feel No Pain"],"picked":"Bloodletting+1","floor":30},{"not_picked":["Shrug It Off","hubris:ReadiedAction"],"picked":"Armaments+1","floor":32},{"not_picked":["Juggernaut","Impervious"],"picked":"Limit Break","floor":33},{"not_picked":["Headbutt+1","Feel No Pain"],"picked":"Spot Weakness+1","floor":35},{"not_picked":["Headbutt","hubris:ReadiedAction+1"],"picked":"Twin Strike+1","floor":37},{"not_picked":["Shrug It Off+1","Clash+1","True Grit"],"picked":"SKIP","floor":40},{"not_picked":["Dual Wield+1","Cleave"],"picked":"Flex+1","floor":42},{"not_picked":["Feed","Warcry+1","Heavy Blade"],"picked":"SKIP","floor":47},{"not_picked":["Cleave","hubris:SharpeningStone"],"picked":"Thunderclap+1","floor":49}],"player_experience":6663,"relics_obtained":[{"floor":6,"key":"hubris:BottledRain"},{"floor":8,"key":"Dream Catcher"},{"floor":9,"key":"conspire:TopHat"},{"floor":19,"key":"Red Mask"},{"floor":20,"key":"Bronze Scales"},{"floor":23,"key":"hubris:64BitClover"},{"floor":26,"key":"Mummified Hand"},{"floor":30,"key":"Vajra"},{"floor":39,"key":"Lantern"},{"floor":40,"key":"hubris:ToyBattleship"},{"floor":42,"key":"hubris:Potato"},{"floor":43,"key":"Letter Opener"}],"event_choices":[{"damage_healed":0,"gold_gain":80,"player_choice":"Gained Gold","damage_taken":0,"max_hp_gain":0,"max_hp_loss":0,"event_name":"Golden Wing","floor":2,"gold_loss":0},{"damage_healed":0,"gold_gain":0,"player_choice":"1 cards matched","damage_taken":0,"max_hp_gain":0,"max_hp_loss":0,"event_name":"Match and Keep!","floor":3,"gold_loss":0,"cards_obtained":["Spot Weakness"]},{"damage_healed":0,"gold_gain":0,"player_choice":"Fought Bandits","damage_taken":0,"max_hp_gain":0,"max_hp_loss":0,"event_name":"Masked Bandits","floor":19,"gold_loss":0},{"cards_removed":["Strike_R"],"damage_healed":0,"gold_gain":0,"player_choice":"Purged","damage_taken":0,"max_hp_gain":0,"max_hp_loss":0,"event_name":"Purifier","floor":36,"gold_loss":0},{"damage_healed":0,"gold_gain":0,"player_choice":"Ignored","damage_taken":0,"max_hp_gain":0,"max_hp_loss":0,"event_name":"Tomb of Lord Red Mask","floor":48,"gold_loss":0}],"is_beta":false,"boss_relics":[{"not_picked":["Cursed Key","Velvet Choker"],"picked":"conspire:SeveredTorchhead"},{"not_picked":["Coffee Dripper","hubris:Backtick"],"picked":"hubris:GrandSneckoEye"}],"items_purged_floors":[],"is_endless":false,"potions_floor_spawned":[1,4,6,11,14,16,18,28,30,33,37,42,47],"ascension_level":1}}