{"host":"1zulhgfop6judopi","time":1610573981,"event":{"mods":["2.2 Compatiblity","Act Like it!","Aspiration","BaseMod","Beaked The Cultist","Better Altar","Better Match","Better Note","Better Sensory Stone","Better Skull","Better Synergies","Better Third Choice","Card Forge","Communication Mod","Conspire","Defuse TimeMaze Blight","Displayed Cursed Tome","Downfall","Elementarium","Friendly Minions","GifTheSpireLib","GungeonMod","Halation","HexUI Lib","Hubris","Humility","Hyrulean Relics","Infinite Spire","Ironclad Rager","Marked Mod","Menagerie","Minty Spire (QoL Compilation)","MostiFishMod","Quick Restart","Relic Filter","Relic Sorter","Replay The Spire","SacredBarkPlus","Small Relic Pack","Spicy Shops","Spikes Relics","Spire Exporter","StSLib","Stuff the Spire","Synergy Search","The Bladedancer","The Blue Laboratory","The Factory","Trackpad","Transform Curses","Uncapped","UnlockEverythingMod","Virulent Crown","vexMod"],"gold_per_floor":[113,131,149,166,179,198,212,223,223,223,240,257,273,290,290,367,367,383,218,233,10247,991104,991291,991321,991363,991399,991443,991468,991502,991511,991587,991587,991660,991660,991681,984819,984819,984819,984819,984819],"floor_reached":39,"language":"ENG","playtime":1461,"items_purged":[],"score":1809,"play_id":"dee16b98-6f4d-41fa-9cd0-f4916908eef0","local_time":"20210113163941","daily_mods":["Vintage","Heirloom","Time Dilation","Flight","Elite Swarm","Lethality"],"is_ascension_mode":true,"campfire_choices":[{"floor":15.0,"key":"REST"}],"circlet_count":0,"master_deck":["blademaster:Strike+1","blademaster:Strike+1","blademaster:Strike+1","blademaster:Strike+1","blademaster:Defend+1","blademaster:Defend+1","blademaster:Defend+1","blademaster:Defend+1","blademaster:RagingBlow+1","blademaster:Blindside+1","blademaster:BloodyBlow+1","blademaster:Discharge+1","blademaster:Safeguard+1","blademaster:Safeguard+1","blademaster:AspectOfLightning+1","blademaster:AspectOfWind+1","blademaster:Rupture+1","blademaster:CombatPrep+1","blademaster:LightningDraw+1","blademaster:ColdBlood+1","blademaster:Empower+1","blademaster:RollingTyphoon+1","MarkedMod:SlowDance+1","blademaster:ThunderingOpener+1","blademaster:Vortex+1","blademaster:Havoc+1","blademaster:HighVoltage+1","hubris:DuctTapeCard"],"relics":["blademaster:DancersAmulet","Hammer of Thor","Seething Fire","Anvil of the Gods","DaveBox","hubris:Backtick","StuffTheSpire:DarkSteelAnvil","DSteel32","vexMod:CardConverter","trackpad:Compendium","SynthV:TestCard","DemoMod:GlassGuonStoneRelic","StuffTheSpire:PointBlank","sneckomod:BlankCard","infinitespire:Golems Mask","Blue Doll","StuffTheSpire:Mouthbags","Pear","zeldaRelics:CourageTriforce","Pondfish Scales","StuffTheSpire:Gunfinga","LugNut","SnailShell","halation:Prosthetics","infinitespire:Broken Mirror","DemoMod:MeatBun","SpikesRelics:DaevaFist","GiantMaggot","The Courier","Toxic Egg 2","halation:PrussianBluePaint","ReplayFunnel","Bag of Marbles","Art of War","Juzu Bracelet","hubris:Metronome","BrokenLever","Darkstone Periapt","DemoMod:AgedBell","DemoMod:DecoyRelic","Omamori","DemoMod:Metronome","aspiration:StickyExplosives","MealTicket","DemoMod:BigBoy","Replay:Rubber Ducky","Incense Burner","InkBottle","BionicSphere","Gremlin Horn","DemoMod:SerJunkan","infinitespire:Beetle Shell","Toy Ornithopter","halation:TwoAmDonut","DemoMod:PinkGuonStone","DemoMod:Antibody","conspire:DecoderRing","trackpad:Mousetrap","Frozen Egg 2","infinitespire:ShieldingShard","aspiration:Lifesprig","CeramicFish","Whetstone","RetroEgg","DemoMod:JetPack","Boot","aspiration:EmptySkull","War Paint","Durian","hubris:PeanutButter","trackpad:WondrousWand","Replay:Kaleidoscope","Centennial Puzzle","StuffTheSpire:MayFlowers","StuffTheSpire:Barrel","HornCleat","Gremlin Food","hubris:SlimyHat","BicycleWheel","Ice Cream","trackpad:PetRock","DemoMod:MonsterBlood","Nunchaku","Chameleon Ring","halation:PromiseList","Shuriken","vexMod:InvisibilityCloak","hubris:MobiusCoin","DemoMod:Bottle","DemoMod:WhiteGuonStone","StuffTheSpire:CocoNut","DemoMod:SevenLeafClover","trackpad:AdjectivePendant","DemoMod:GundromedaStrain","hexamod:BolsterEngine","Dream Catcher","Bronze Scales","Potion Belt","halation:AfternoonTea","trackpad:GuardianSpirit","StuffTheSpire:Experiment12","Pocketwatch","StuffTheSpire:Tea","Vajra","Matryoshka","Strawberry","Ornamental Fan","Regal Pillow","ReplayTheSpireMod:Lightbulb","StuffTheSpire:ForceGauntlet","DemoMod:PoisonVial","StuffTheSpire:Wildfire","Akabeko","aspiration:HatOfInfinitePower","aspiration:ChemicalBlood","ShockBauble","infinitespire:Lucky Rock","Mummified Hand","hubris:SphereOfDissonance","trackpad:BottledTsunami","ArrowTower","hubris:TenFootPole","trackpad:WritersBlock","StuffTheSpire:GrapeVine","hubris:Zylophone","relicPack:DarknessArmor","halation:Toothbrush","trackpad:CultistFigurine","Onion Ring","Du-Vu Doll","halation:LettersToHer","conspire:Dentures","SynthV:C4","Oddly Smooth Stone","aspiration:FetidBarrel","Guardian:PocketSentry","DemoMod:MeltedRock","vexMod:FocusSash","Singing Bowl","zeldaRelics:WisdomTriforce","zeldaRelics:PowerTriforce","Replay:Wax Seal","trackpad:ByrdBGone","DemoMod:ClearGuonStone","SacredBark","hubris:DuctTape","StuffTheSpire:RubySignet","zeldaRelics:Navi","Happy Flower","SpikesRelics:ToyHorsey","Blood Vial","hubris:CuriousFeather","Orichalcum","DemoMod:Orange","StuffTheSpire:HeavyRock","MiniBlackHole","Replay:Baseball","hubris:ToyBattleship","Quantum Egg","vexMod:BarristanHead","vexMod:PlasmaPancake","vexMod:Dragonfruit","Shovel","Sundial","Tiny Chest","CherryCoatedStake","Replay:Bandana","aspiration:StickyExplosives_weak","beaked:ShinyBauble","Replay:Mystery Machine","vexMod:MemoryStick","trackpad:SappingStone","Bag of Preparation","RollingBoulder","halation:IllGainedPizza","trackpad:BottledShadow","trackpad:DisasterInABottle","Replay:Bottled Eggs","Girya","Golden Egg","DemoMod:MemoryAlloy","Eternal Feather","ZombieTooth","Snack Pack","Letter Opener","relicPack:AllForOne"],"acts_visited":["Exordium","TheCity","TheBeyond"],"potions_floor_usage":[],"damage_taken":[{"damage":13.0,"enemies":"2 Louse","floor":1.0,"turns":3.0},{"damage":0.0,"enemies":"infinitespire:Voidling","floor":2.0,"turns":2.0},{"damage":0.0,"enemies":"Cultist","floor":3.0,"turns":2.0},{"damage":3.0,"enemies":"conspire:2 RoseBushes","floor":4.0,"turns":4.0},{"damage":0.0,"enemies":"Blue Slaver","floor":5.0,"turns":2.0},{"damage":0.0,"enemies":"Large Slime","floor":6.0,"turns":4.0},{"damage":0.0,"enemies":"Looter","floor":7.0,"turns":2.0},{"damage":0.0,"enemies":"Blue Slaver","floor":8.0,"turns":1.0},{"damage":3.0,"enemies":"conspire:2 RoseBushes","floor":11.0,"turns":3.0},{"damage":0.0,"enemies":"2 Fungi Beasts","floor":12.0,"turns":2.0},{"damage":0.0,"enemies":"Blue Slaver","floor":13.0,"turns":1.0},{"damage":0.0,"enemies":"Exordium Wildlife","floor":14.0,"turns":1.0},{"damage":0.0,"enemies":"Slime Boss","floor":16.0,"turns":2.0},{"damage":0.0,"enemies":"Shell Parasite","floor":18.0,"turns":1.0},{"damage":0.0,"enemies":"3 Byrds","floor":20.0,"turns":2.0},{"damage":0.0,"enemies":"conspire:HollyBat","floor":21.0,"turns":3.0},{"damage":0.0,"enemies":"conspire:Head Lice","floor":23.0,"turns":1.0},{"damage":0.0,"enemies":"Gremlin Leader","floor":24.0,"turns":1.0},{"damage":0.0,"enemies":"Book of Stabbing","floor":25.0,"turns":1.0},{"damage":0.0,"enemies":"Slavers","floor":27.0,"turns":1.0},{"damage":0.0,"enemies":"Book of Stabbing","floor":28.0,"turns":1.0},{"damage":0.0,"enemies":"Replay:Snechameleon","floor":29.0,"turns":1.0},{"damage":0.0,"enemies":"Nightmare","floor":31.0,"turns":1.0},{"damage":0.0,"enemies":"Collector","floor":33.0,"turns":1.0},{"damage":0.0,"enemies":"Orb Walker","floor":35.0,"turns":1.0}],"seed_played":"-8913757593625218118","potions_obtained":[{"floor":3.0,"key":"DemoMod:LeadSkinPotion"},{"floor":5.0,"key":"Block Potion"},{"floor":8.0,"key":"Swift Potion"},{"floor":20.0,"key":"SteroidPotion"}],"is_trial":true,"path_per_floor":["M","M","M","M","M","M","M","M","T","?","M","M","M","M","R","B",null,"M","$","M","M","$","E","E","E","T","E","E","E","?","NM","R","B",null,"M","$","?","?","$"],"character_chosen":"THE_BLADEMASTER","items_purchased":["DemoMod:MeatBun","Toxic Egg 2","halation:PrussianBluePaint","ReplayFunnel","Bag of Marbles","Art of War","Juzu Bracelet","hubris:Metronome","BrokenLever","Darkstone Periapt","DemoMod:AgedBell","DemoMod:DecoyRelic","Omamori","DemoMod:Metronome","aspiration:StickyExplosives","MealTicket","DemoMod:BigBoy","Replay:Rubber Ducky","Incense Burner","InkBottle","BionicSphere","Gremlin Horn","DemoMod:SerJunkan","infinitespire:Beetle Shell","Toy Ornithopter","halation:TwoAmDonut","DemoMod:PinkGuonStone","DemoMod:Antibody","conspire:DecoderRing","trackpad:Mousetrap","Frozen Egg 2","infinitespire:ShieldingShard","aspiration:Lifesprig","CeramicFish","Whetstone","RetroEgg","DemoMod:JetPack","Boot","aspiration:EmptySkull","War Paint","Durian","hubris:PeanutButter","trackpad:WondrousWand","Replay:Kaleidoscope","Centennial Puzzle","StuffTheSpire:MayFlowers","StuffTheSpire:Barrel","HornCleat","Gremlin Food","hubris:SlimyHat","BicycleWheel","Ice Cream","trackpad:PetRock","DemoMod:MonsterBlood","Nunchaku","Chameleon Ring","halation:PromiseList","Shuriken","vexMod:InvisibilityCloak","hubris:MobiusCoin","DemoMod:Bottle","DemoMod:WhiteGuonStone","StuffTheSpire:CocoNut","DemoMod:SevenLeafClover","trackpad:AdjectivePendant","DemoMod:GundromedaStrain","hexamod:BolsterEngine","Dream Catcher","Bronze Scales","Potion Belt","halation:AfternoonTea","trackpad:GuardianSpirit","StuffTheSpire:Experiment12","Pocketwatch","StuffTheSpire:Tea","Vajra","Matryoshka","Strawberry","Ornamental Fan","Regal Pillow","ReplayTheSpireMod:Lightbulb","StuffTheSpire:ForceGauntlet","DemoMod:PoisonVial","StuffTheSpire:Wildfire","Akabeko","aspiration:HatOfInfinitePower","aspiration:ChemicalBlood","ShockBauble","infinitespire:Lucky Rock","Mummified Hand","hubris:SphereOfDissonance","trackpad:BottledTsunami","ArrowTower","hubris:TenFootPole","trackpad:WritersBlock","StuffTheSpire:GrapeVine","hubris:Zylophone","relicPack:DarknessArmor","halation:Toothbrush","DemoMod:WeirdEgg","Onion Ring","Du-Vu Doll","halation:LettersToHer","conspire:Dentures","SynthV:C4","Oddly Smooth Stone","aspiration:FetidBarrel","Guardian:PocketSentry","DemoMod:MeltedRock","vexMod:FocusSash","Singing Bowl","blademaster:BloodyBlow","blademaster:Discharge+1","blademaster:Safeguard+1","blademaster:AspectOfLightning+1","blademaster:AspectOfWind+1","blademaster:DaggerAndCloak+1","blademaster:Rupture+1","blademaster:SlyStabs+1","blademaster:CombatPrep+1","StuffTheSpire:RubySignet","zeldaRelics:Navi","Happy Flower","SpikesRelics:ToyHorsey","Blood Vial","hubris:CuriousFeather","Orichalcum","DemoMod:Orange","StuffTheSpire:HeavyRock","MiniBlackHole","Replay:Baseball","hubris:ToyBattleship","Quantum Egg","vexMod:BarristanHead","vexMod:PlasmaPancake","vexMod:Dragonfruit","Shovel","Sundial","Tiny Chest","CherryCoatedStake","Replay:Bandana","aspiration:StickyExplosives_weak","beaked:ShinyBauble","Replay:Mystery Machine","vexMod:MemoryStick","trackpad:SappingStone","Bag of Preparation","RollingBoulder","halation:IllGainedPizza","trackpad:BottledShadow","trackpad:DisasterInABottle","Replay:Bottled Eggs","Girya","Golden Egg","DemoMod:MemoryAlloy","Eternal Feather","ZombieTooth","Snack Pack","Letter Opener","blademaster:ThunderingOpener","blademaster:Vortex","blademaster:Havoc+1"],"campfire_rested":1,"item_purchase_floors":[19,22,22,22,22,22,22,22,22,22,22,22,22,22,22,22,22,22,22,22,22,22,22,22,22,22,22,22,22,22,22,22,22,22,22,22,22,22,22,22,22,22,22,22,22,22,22,22,22,22,22,22,22,22,22,22,22,22,22,22,22,22,22,22,22,22,22,22,22,22,22,22,22,22,22,22,22,22,22,22,22,22,22,22,22,22,22,22,22,22,22,22,22,22,22,22,22,22,22,22,22,22,22,22,22,22,22,22,22,22,22,22,22,22,22,22,22,22,22,22,36,36,36,36,36,36,36,36,36,36,36,36,36,36,36,36,36,36,36,36,36,36,36,36,36,36,36,36,36,36,36,36,36,36,36,36,36,36,36,36,36,36],"current_hp_per_floor":[51,51,51,48,48,48,48,58,58,58,55,55,55,61,81,83,48,48,48,48,48,101,103,105,107,109,111,113,115,117,119,119,121,121,123,152,148,152,155,155],"gold":984819,"neow_bonus":"","is_daily":false,"chose_seed":false,"campfire_upgraded":0,"win_rate":0.0,"timestamp":1610573981,"path_taken":["M","M","M","M","M","M","M","M","T","?","M","M","M","M","R","BOSS","M","$","M","M","$","E","E","E","T","E","E","E","?","NM","R","BOSS","M","$","?","?","$"],"items_purchased_type":["Relic","Relic","Relic","Relic","Relic","Relic","Relic","Relic","Relic","Relic","Relic","Relic","Relic","Relic","Relic","Relic","Relic","Relic","Relic","Relic","Relic","Relic","Relic","Relic","Relic","Relic","Relic","Relic","Relic","Relic","Relic","Relic","Relic","Relic","Relic","Relic","Relic","Relic","Relic","Relic","Relic","Relic","Relic","Relic","Relic","Relic","Relic","Relic","Relic","Relic","Relic","Relic","Relic","Relic","Relic","Relic","Relic","Relic","Relic","Relic","Relic","Relic","Relic","Relic","Relic","Relic","Relic","Relic","Relic","Relic","Relic","Relic","Relic","Relic","Relic","Relic","Relic","Relic","Relic","Relic","Relic","Relic","Relic","Relic","Relic","Relic","Relic","Relic","Relic","Relic","Relic","Relic","Relic","Relic","Relic","Relic","Relic","Relic","Relic","Relic","Relic","Relic","Relic","Relic","Relic","Relic","Relic","Relic","Relic","Relic","Relic","Card","Card","Card","Card","Card","Card","Card","Card","Card","Relic","Relic","Relic","Relic","Relic","Relic","Relic","Relic","Relic","Relic","Relic","Relic","Relic","Relic","Relic","Relic","Relic","Relic","Relic","Relic","Relic","Relic","Relic","Relic","Relic","Relic","Relic","Relic","Relic","Relic","Relic","Relic","Relic","Relic","Relic","Relic","Relic","Relic","Relic","Card","Card","Card"],"build_version":"2020-12-22","purchased_purges":0,"victory":false,"max_hp_per_floor":[71,71,71,71,71,71,71,81,81,81,81,81,81,81,81,83,48,48,48,48,48,101,103,105,107,109,111,113,115,117,119,119,121,121,123,152,152,152,155,155],"card_choices":[{"not_picked":["blademaster:ColdBlood","blademaster:ThreePointStrike","blademaster:EnchantedCuirass","blademaster:HighVoltage"],"picked":"blademaster:Blindside","floor":16.0},{"not_picked":["blademaster:Empower+1","blademaster:BladeDance+1","blademaster:EnchantedCuirass+1","blademaster:ColdBlood+1"],"picked":"blademaster:LightningDraw","floor":23.0},{"not_picked":["blademaster:ThreePointStrike","blademaster:Flash","blademaster:Blindside","blademaster:RagingBlow","blademaster:FlockOfBlades+1"],"picked":"Singing Bowl","floor":24.0},{"not_picked":["blademaster:RagingBlow","blademaster:EnchantedCuirass+1","blademaster:BladeDance+1","blademaster:RollingTyphoon"],"picked":"blademaster:ColdBlood+1","floor":25.0},{"not_picked":["blademaster:BladeDance","blademaster:RagingBlow"],"picked":"blademaster:Empower","floor":26.0},{"not_picked":["blademaster:LightningDraw","blademaster:CloudOfSteel+1","blademaster:FlockOfBlades+1","blademaster:EnchantedCuirass+1"],"picked":"blademaster:RollingTyphoon","floor":27.0},{"not_picked":["blademaster:FuryOfTheElements","blademaster:FlockOfBlades+1","blademaster:LightningDraw","blademaster:HighVoltage+1","blademaster:EnchantedCuirass+1"],"picked":"Singing Bowl","floor":28.0},{"not_picked":["blademaster:LightningDraw","blademaster:Flash","blademaster:StanceMastery+1","blademaster:FuryOfTheElements","blademaster:ColdBlood+1"],"picked":"Singing Bowl","floor":29.0},{"not_picked":["blademaster:RagingBlow","blademaster:RollingTyphoon","blademaster:ThreePointStrike","blademaster:FuryOfTheElements","blademaster:Blindside"],"picked":"Singing Bowl","floor":31.0},{"not_picked":["blademaster:ColdBlood+1","blademaster:StanceMastery+1","blademaster:RagingBlow","blademaster:FuryOfTheElements","blademaster:EnchantedCuirass+1"],"picked":"Singing Bowl","floor":33.0}],"player_experience":195855,"relics_obtained":[{"floor":1.0,"key":"trackpad:Compendium"},{"floor":1.0,"key":"blademaster:FuryEveryTurnPerk"},{"floor":1.0,"key":"SynthV:TestCard"},{"floor":2.0,"key":"StuffTheSpire:PointBlank"},{"floor":2.0,"key":"blademaster:BleedingMoreDamagePerk"},{"floor":3.0,"key":"sneckomod:BlankCard"},{"floor":3.0,"key":"blademaster:DextrousPerk"},{"floor":4.0,"key":"infinitespire:Golems Mask"},{"floor":4.0,"key":"blademaster:BonusComboPerk"},{"floor":5.0,"key":"Blue Doll"},{"floor":5.0,"key":"blademaster:RandomBladePerk"},{"floor":6.0,"key":"StuffTheSpire:Mouthbags"},{"floor":6.0,"key":"blademaster:StanceHealPerk"},{"floor":7.0,"key":"blademaster:StrongPerk"},{"floor":8.0,"key":"Pear"},{"floor":8.0,"key":"blademaster:BonusFuryPerk"},{"floor":9.0,"key":"zeldaRelics:CouragePiece"},{"floor":11.0,"key":"Pondfish Scales"},{"floor":11.0,"key":"blademaster:ComboEveryTurnPerk"},{"floor":12.0,"key":"StuffTheSpire:Gunfinga"},{"floor":12.0,"key":"blademaster:LightningChargePerk"},{"floor":13.0,"key":"LugNut"},{"floor":13.0,"key":"blademaster:RandomStancePerk"},{"floor":14.0,"key":"SnailShell"},{"floor":14.0,"key":"blademaster:OnAttackedChargePerk"},{"floor":18.0,"key":"infinitespire:Broken Mirror"},{"floor":18.0,"key":"blademaster:WindChargePerk"},{"floor":20.0,"key":"SpikesRelics:DaevaFist"},{"floor":20.0,"key":"blademaster:FinisherDrawCardPerk"},{"floor":21.0,"key":"GiantMaggot"},{"floor":21.0,"key":"blademaster:BleedingLaceratePerk"},{"floor":23.0,"key":"zeldaRelics:CouragePiece"},{"floor":24.0,"key":"zeldaRelics:CouragePiece"},{"floor":25.0,"key":"zeldaRelics:WisdomPiece"},{"floor":26.0,"key":"zeldaRelics:WisdomPiece"},{"floor":26.0,"key":"zeldaRelics:WisdomPiece"},{"floor":26.0,"key":"zeldaRelics:WisdomPiece"},{"floor":26.0,"key":"zeldaRelics:WisdomPiece"},{"floor":27.0,"key":"zeldaRelics:PowerPiece"},{"floor":28.0,"key":"Replay:Wax Seal"},{"floor":29.0,"key":"trackpad:ByrdBGone"},{"floor":31.0,"key":"DemoMod:ClearGuonStone"},{"floor":35.0,"key":"hubris:DuctTape"}],"event_choices":[{"damage_healed":0.0,"max_hp_gain":0.0,"max_hp_loss":0.0,"gold_gain":0.0,"event_name":"Accursed Blacksmith","player_choice":"Forge","floor":10.0,"gold_loss":0.0,"damage_taken":0.0,"cards_upgraded":["blademaster:Strike"]},{"cards_removed":["blademaster:DaggerAndCloak"],"damage_healed":0.0,"max_hp_gain":0.0,"max_hp_loss":0.0,"gold_gain":0.0,"event_name":"betterNote:BetterNote","player_choice":"Take \u0026 Give","floor":30.0,"gold_loss":0.0,"damage_taken":0.0,"cards_obtained":["MarkedMod:SlowDance"]},{"damage_healed":0.0,"max_hp_gain":0.0,"max_hp_loss":0.0,"gold_gain":0.0,"event_name":"conspire:Investor","player_choice":"Leave","floor":37.0,"gold_loss":0.0,"damage_taken":0.0}],"is_beta":false,"boss_relics":[{"not_picked":["HaiYi:Twilight","CosmicIsotope"],"picked":"halation:Prosthetics"},{"not_picked":["Sandwich","RhineSuit"],"picked":"SacredBark"}],"items_purged_floors":[],"is_endless":true,"potions_floor_spawned":[3,5,8,12,14,20,24,27,28,29,31,35],"ascension_level":20}}