{"host":"jn2qdns2nxijvlnt","time":1610499231,"event":{"mods":["BaseMod","Minty Spire (QoL Compilation)","Quick Restart"],"gold_per_floor":[110,385,41,41,55,55,66,101,125,145,171,197,162,181,181,282,282,295,295,306,319,25,25,51,68,68,68,85,85,85,104,104,206,206,221,221,221,22,22,53,53,53,79,106,120,120,120,134,134,134,134],"floor_reached":50,"language":"ENG","playtime":3596,"items_purged":["Regret"],"score":686,"play_id":"184a2b3c-fee7-48ff-b8e5-ff1ef8f99028","local_time":"20210112195351","is_ascension_mode":true,"campfire_choices":[{"floor":6.0,"key":"REST"},{"floor":15.0,"key":"REST"},{"floor":23.0,"key":"REST"},{"floor":30.0,"key":"REST"},{"floor":32.0,"key":"REST"},{"floor":41.0,"key":"REST"},{"floor":49.0,"key":"REST"}],"circlet_count":0,"master_deck":["Strike_G+1","Strike_G+1","Strike_G+1","Strike_G+1","Strike_G+1","Defend_G+1","Defend_G+1","Defend_G+1","Defend_G+1","Defend_G+1","Finesse","Bouncing Flask+1","Backstab+1","Cloak And Dagger","Dagger Spray","Crippling Poison","Venomology+1","Backstab+1","Necronomicurse","Distraction+1","Cloak And Dagger+1","Deadly Poison","Outmaneuver+1","Venomology","Tactician+1","Die Die Die+1","Tools of the Trade+1","Backstab+1","Bandage Up"],"relics":["Ring of the Snake","Cauldron","Bronze Scales","Art of War","Odd Mushroom","Dead Branch","WristBlade","Necronomicon","HandDrill","War Paint","Gremlin Horn","Turnip","Omamori","Astrolabe","Lee\u0027s Waffle","StoneCalendar","Dream Catcher","Whetstone","Sundial"],"acts_visited":["Exordium","TheCity","TheBeyond"],"potions_floor_usage":[],"damage_taken":[{"damage":2.0,"enemies":"2 Louse","floor":1.0,"turns":2.0},{"damage":0.0,"enemies":"Cultist","floor":5.0,"turns":3.0},{"damage":4.0,"enemies":"Jaw Worm","floor":7.0,"turns":2.0},{"damage":1.0,"enemies":"3 Sentries","floor":8.0,"turns":7.0},{"damage":0.0,"enemies":"2 Fungi Beasts","floor":10.0,"turns":3.0},{"damage":4.0,"enemies":"The Mushroom Lair","floor":11.0,"turns":4.0},{"damage":30.0,"enemies":"Lagavulin","floor":12.0,"turns":6.0},{"damage":10.0,"enemies":"Looter","floor":14.0,"turns":2.0},{"damage":42.0,"enemies":"Slime Boss","floor":16.0,"turns":14.0},{"damage":20.0,"enemies":"Shell Parasite","floor":18.0,"turns":6.0},{"damage":0.0,"enemies":"Spheric Guardian","floor":20.0,"turns":1.0},{"damage":6.0,"enemies":"Shelled Parasite and Fungi","floor":21.0,"turns":3.0},{"damage":32.0,"enemies":"Book of Stabbing","floor":24.0,"turns":5.0},{"damage":16.0,"enemies":"Snake Plant","floor":25.0,"turns":1.0},{"damage":0.0,"enemies":"Snecko","floor":28.0,"turns":2.0},{"damage":0.0,"enemies":"Centurion and Healer","floor":31.0,"turns":3.0},{"damage":13.0,"enemies":"Automaton","floor":33.0,"turns":6.0},{"damage":6.0,"enemies":"3 Darklings","floor":35.0,"turns":5.0},{"damage":16.0,"enemies":"Nemesis","floor":40.0,"turns":5.0},{"damage":22.0,"enemies":"Giant Head","floor":44.0,"turns":6.0},{"damage":0.0,"enemies":"3 Shapes","floor":45.0,"turns":1.0},{"damage":0.0,"enemies":"Jaw Worm Horde","floor":48.0,"turns":2.0},{"damage":24,"enemies":"Time Eater","floor":50,"turns":2}],"seed_played":"6563153882692346522","potions_obtained":[{"floor":3.0,"key":"FearPotion"},{"floor":3.0,"key":"Ancient Potion"},{"floor":3.0,"key":"EssenceOfSteel"},{"floor":7.0,"key":"CunningPotion"},{"floor":8.0,"key":"Strength Potion"},{"floor":14.0,"key":"LiquidBronze"},{"floor":18.0,"key":"BlessingOfTheForge"},{"floor":21.0,"key":"Dexterity Potion"},{"floor":31.0,"key":"Dexterity Potion"},{"floor":35.0,"key":"DistilledChaos"},{"floor":39.0,"key":"Fruit Juice"},{"floor":39.0,"key":"LiquidMemories"},{"floor":48.0,"key":"Dexterity Potion"}],"is_trial":false,"path_per_floor":["M","?","$","$","M","R","M","E","T","M","?","E","?","M","R","B",null,"M","?","M","M","$","R","E","M","T","?","M","T","R","M","R","B",null,"M","?","?","$","?","E","R","$","T","E","M","?","T","M","R","B"],"character_chosen":"THE_SILENT","items_purchased":["Cauldron","Backstab","Cloak And Dagger","HandDrill","War Paint","Lee\u0027s Waffle","BlessingOfTheForge"],"campfire_rested":7,"item_purchase_floors":[3,3,3,22,22,38,38],"current_hp_per_floor":[61,61,61,61,61,70,66,65,65,65,61,31,48,38,59,17,57,37,21,21,15,15,36,4,13,13,13,13,13,34,34,55,42,63,57,70,70,77,82,66,82,82,82,64,64,64,64,68,82,58,58],"gold":134,"neow_bonus":"RANDOM_COLORLESS","is_daily":false,"chose_seed":false,"campfire_upgraded":0,"win_rate":0.0,"timestamp":1610499231,"path_taken":["M","?","?","$","M","R","M","E","T","?","?","E","?","M","R","BOSS","M","?","M","M","$","R","E","M","T","?","M","?","R","M","R","BOSS","M","?","?","$","?","E","R","$","T","E","?","?","?","M","R","BOSS"],"items_purchased_type":["Relic","Card","Card","Relic","Relic","Relic","Potion"],"build_version":"2020-12-22","purchased_purges":1,"victory":false,"max_hp_per_floor":[70,70,70,70,70,70,70,70,70,70,70,70,70,70,70,70,70,70,70,70,70,70,70,70,70,70,70,70,70,70,70,70,70,70,70,70,70,77,82,82,82,82,82,82,82,82,82,82,82,82,82],"card_choices":[{"not_picked":["Panacea","Forethought"],"picked":"Finesse","floor":0.0},{"not_picked":["Distraction","PiercingWail"],"picked":"Bouncing Flask","floor":1.0},{"not_picked":["Outmaneuver","Quick Slash"],"picked":"Dagger Spray","floor":5.0},{"not_picked":["Escape Plan","Prepared"],"picked":"Outmaneuver","floor":7.0},{"not_picked":["Doppelganger","Dagger Spray","Choke"],"picked":"SKIP","floor":8.0},{"not_picked":["Prepared","Blade Dance","Acrobatics"],"picked":"SKIP","floor":10.0},{"not_picked":["Deflect","Leg Sweep"],"picked":"Crippling Poison","floor":12.0},{"not_picked":["Expertise","Underhanded Strike","Dagger Throw"],"picked":"SKIP","floor":14.0},{"not_picked":["Tools of the Trade","Doppelganger"],"picked":"Venomology","floor":16.0},{"not_picked":["Deflect+1","Flying Knee"],"picked":"Backstab+1","floor":18.0},{"not_picked":["Prepared","PiercingWail+1"],"picked":"Crippling Poison","floor":20.0},{"not_picked":["Tactician","Infinite Blades","Prepared"],"picked":"SKIP","floor":21.0},{"not_picked":["Dagger Throw","Quick Slash"],"picked":"Distraction+1","floor":24.0},{"not_picked":["Deflect","Prepared"],"picked":"Cloak And Dagger+1","floor":25.0},{"not_picked":["Bane","Outmaneuver"],"picked":"Deadly Poison","floor":28.0},{"not_picked":["Underhanded Strike","Quick Slash+1"],"picked":"Outmaneuver+1","floor":31.0},{"not_picked":["Phantasmal Killer","Grand Finale"],"picked":"Venomology","floor":33.0},{"not_picked":["Acrobatics","Eviscerate","Quick Slash+1"],"picked":"SKIP","floor":35.0},{"not_picked":["Finisher","Deadly Poison+1"],"picked":"Backstab","floor":40.0},{"not_picked":["Die Die Die","Sucker Punch","Cloak And Dagger"],"picked":"SKIP","floor":44.0},{"not_picked":["Endless Agony","PiercingWail+1","Deadly Poison"],"picked":"SKIP","floor":45.0},{"not_picked":["Good Instincts","Forethought"],"picked":"Bandage Up","floor":46.0},{"not_picked":["Prepared","Caltrops","Night Terror"],"picked":"SKIP","floor":48.0}],"player_experience":495731,"relics_obtained":[{"floor":8.0,"key":"Bronze Scales"},{"floor":9.0,"key":"Art of War"},{"floor":11.0,"key":"Odd Mushroom"},{"floor":12.0,"key":"Dead Branch"},{"floor":19.0,"key":"Necronomicon"},{"floor":24.0,"key":"Gremlin Horn"},{"floor":26.0,"key":"Turnip"},{"floor":29.0,"key":"Omamori"},{"floor":40.0,"key":"StoneCalendar"},{"floor":43.0,"key":"Dream Catcher"},{"floor":44.0,"key":"Whetstone"},{"floor":47.0,"key":"Sundial"}],"event_choices":[{"damage_healed":0.0,"max_hp_gain":0.0,"max_hp_loss":0.0,"gold_gain":275.0,"event_name":"Golden Shrine","player_choice":"Desecrate","floor":2.0,"gold_loss":0.0,"damage_taken":0.0,"cards_obtained":["Regret"]},{"damage_healed":0.0,"max_hp_gain":0.0,"max_hp_loss":0.0,"gold_gain":0.0,"event_name":"Mushrooms","player_choice":"Fought Mushrooms","floor":11.0,"gold_loss":0.0,"damage_taken":0.0},{"damage_healed":17.0,"max_hp_gain":0.0,"max_hp_loss":0.0,"gold_gain":0.0,"event_name":"The Cleric","player_choice":"Healed","floor":13.0,"gold_loss":35.0,"damage_taken":0.0},{"damage_healed":0.0,"max_hp_gain":0.0,"max_hp_loss":0.0,"gold_gain":0.0,"event_name":"Cursed Tome","player_choice":"Obtained Book","floor":19.0,"gold_loss":0.0,"damage_taken":16.0},{"damage_healed":0.0,"max_hp_gain":0.0,"max_hp_loss":0.0,"gold_gain":0.0,"event_name":"Back to Basics","player_choice":"Simplicity","floor":27.0,"gold_loss":0.0,"damage_taken":0.0,"cards_upgraded":["Strike_G","Strike_G","Strike_G","Strike_G","Strike_G","Defend_G","Defend_G","Defend_G","Defend_G","Defend_G"]},{"damage_healed":18.0,"max_hp_gain":0.0,"max_hp_loss":0.0,"gold_gain":0.0,"event_name":"Winding Halls","player_choice":"Writhe","floor":36.0,"gold_loss":0.0,"damage_taken":0.0,"cards_obtained":["Writhe"]},{"cards_removed":["Neutralize"],"damage_healed":0.0,"max_hp_gain":0.0,"max_hp_loss":0.0,"gold_gain":0.0,"event_name":"Falling","player_choice":"Removed Attack","floor":37.0,"gold_loss":0.0,"damage_taken":0.0},{"damage_healed":0.0,"max_hp_gain":0.0,"max_hp_loss":0.0,"gold_gain":0.0,"event_name":"Lab","player_choice":"Got Potions","floor":39.0,"gold_loss":0.0,"damage_taken":0.0},{"damage_healed":0.0,"max_hp_gain":0.0,"max_hp_loss":0.0,"gold_gain":0.0,"event_name":"SensoryStone","player_choice":"Memory 1","floor":46.0,"gold_loss":0.0,"damage_taken":0.0}],"is_beta":false,"boss_relics":[{"not_picked":["Tiny House","Runic Pyramid"],"picked":"WristBlade"},{"not_picked":["Pandora\u0027s Box","Empty Cage"],"picked":"Astrolabe"}],"items_purged_floors":[3],"is_endless":false,"potions_floor_spawned":[7,8,14,16,18,21,31,35,48],"killed_by":"Time Eater","ascension_level":6}}