{"host":"Ceyx","time":1610524953,"event":{"mods":["BaseMod","Beaked The Cultist","Better Match","Better Skull","Better Third Choice","BetterRewards","Conspire","Downfall","Hermit","Hubris","Infinite Spire","KinomotoSakuraMod(????)","Minty Spire (QoL Compilation)","Permanent Neow","Prisma Mod","Replay The Spire","Shop Mod","StSLib","The Alterego","The Jungle","The Poker Player","Waifu the Spire"],"gold_per_floor":[114,64,83,133,58,94,74,116,116,220,242,292,292,192,192,315,315,300,375,394,321,340,371,371,371,395,395,395],"floor_reached":27,"language":"ENG","playtime":2077,"items_purged":["alterego_mod:Strike","Injury"],"score":274,"play_id":"807457b5-14da-4790-87b2-e306171ca56c","local_time":"20210113150233","is_ascension_mode":true,"campfire_choices":[{"data":"alterego_mod:BigMeatyClaws","floor":15,"key":"SMITH"},{"data":"Pot Of Greed","floor":24,"key":"SMITH"}],"circlet_count":0,"master_deck":["alterego_mod:Strike","alterego_mod:Strike","alterego_mod:Strike","alterego_mod:Defend","alterego_mod:Defend","alterego_mod:Defend","alterego_mod:Defend","alterego_mod:Impale","alterego_mod:BigMeatyClaws+1","alterego_mod:BrynhildrsRune","alterego_mod:BiFurious","conspire:SpireCoStock","alterego_mod:BiFurious","Hemokinesis","alterego_mod:ChallengeComplete","alterego_mod:1TonWallop","alterego_mod:Cooking","Pot Of Greed","Pot Of Greed+1","alterego_mod:TrashNCrash","alterego_mod:ClassAdvantage","alterego_mod:IndependentAction","alterego_mod:1TonWallop","alterego_mod:1TonWallop","alterego_mod:Cooking","Pot Of Greed"],"relics":["alterego_mod:MasochisticConstitution","hubris:MobiusCoin","Replay:Accelerometer","hubris:Potato","Mummified Hand","Grinning Jar","Golden Idol","hubris:Backtick","Dead Branch","Pet Ghost","TungstenRod","hubris:SphereOfDissonance","Tiny Chest"],"acts_visited":["Exordium","TheCity"],"potions_floor_usage":[6,6,18,23],"damage_taken":[{"damage":5,"enemies":"Cultist","floor":1,"turns":3},{"damage":10,"enemies":"Jaw Worm","floor":3,"turns":4},{"damage":12,"enemies":"Lagavulin","floor":6,"turns":7},{"damage":2,"enemies":"conspire:RoseBush","floor":8,"turns":4},{"damage":8,"enemies":"Replay:BlueRogue","floor":10,"turns":7},{"damage":3,"enemies":"3 Louse","floor":11,"turns":4},{"damage":20,"enemies":"3 Sentries","floor":12,"turns":9},{"damage":18,"enemies":"The Guardian","floor":16,"turns":8},{"damage":0,"enemies":"2 Thieves","floor":18,"turns":2},{"damage":8,"enemies":"Spheric Guardian","floor":20,"turns":3},{"damage":21,"enemies":"conspire:HollyBat","floor":22,"turns":11},{"damage":56,"enemies":"Gremlin Leader","floor":23,"turns":5},{"damage":15,"enemies":"Snecko","floor":27,"turns":2}],"seed_played":"8089950557947003685","potions_obtained":[{"floor":0,"key":"Weak Potion"},{"floor":0,"key":"LiquidBronze"},{"floor":0,"key":"SteroidPotion"},{"floor":8,"key":"Milkshake"},{"floor":11,"key":"infinitespire:BlackPotion"},{"floor":18,"key":"Elixir"}],"is_trial":false,"path_per_floor":["M","?","M","?","$","E","?","M","T","E","M","E","?","$","R","B",null,"M","?","M","?","M","E","R","T","T","M"],"character_chosen":"The_Alterego","items_purchased":[],"campfire_rested":0,"item_purchase_floors":[],"current_hp_per_floor":[66,66,57,48,48,37,37,43,43,36,55,60,60,60,60,46,78,78,71,67,67,60,10,10,10,10,0,0],"gold":395,"neow_bonus":"THREE_SMALL_POTIONS","is_daily":false,"chose_seed":false,"campfire_upgraded":2,"win_rate":0.0,"timestamp":1610524953,"path_taken":["M","?","M","?","$","E","?","M","T","E","M","E","?","?","R","BOSS","M","?","?","?","?","E","R","?","T","M"],"items_purchased_type":[],"build_version":"2020-12-18","purchased_purges":2,"victory":false,"max_hp_per_floor":[71,71,72,72,72,73,73,74,74,75,76,77,77,77,77,78,78,78,78,79,79,80,81,81,81,81,81,81],"card_choices":[{"not_picked":["alterego_mod:Bounce","alterego_mod:HighServant"],"picked":"alterego_mod:BiFurious","floor":1},{"not_picked":["alterego_mod:PurpleHair","alterego_mod:Bounce"],"picked":"alterego_mod:BiFurious","floor":3},{"not_picked":["alterego_mod:HighServant","alterego_mod:SideboobHour","alterego_mod:BoobPocket"],"picked":"SKIP","floor":6},{"not_picked":["alterego_mod:Bloomers","alterego_mod:Complex"],"picked":"alterego_mod:ChallengeComplete","floor":8},{"not_picked":["alterego_mod:Bloomers","alterego_mod:Crossover"],"picked":"alterego_mod:1TonWallop","floor":10},{"not_picked":["alterego_mod:Bunnysuit","alterego_mod:SakuraPetals"],"picked":"alterego_mod:Cooking","floor":11},{"not_picked":["alterego_mod:GoddessCore","alterego_mod:DustData"],"picked":"alterego_mod:TrashNCrash","floor":12},{"not_picked":["alterego_mod:Antipathy","alterego_mod:Venus"],"picked":"alterego_mod:ClassAdvantage","floor":16},{"not_picked":["alterego_mod:BiFurious","alterego_mod:Bloomers"],"picked":"alterego_mod:IndependentAction","floor":18},{"not_picked":["alterego_mod:Pet","alterego_mod:Jiggle"],"picked":"alterego_mod:1TonWallop","floor":20},{"not_picked":["alterego_mod:Birthday","alterego_mod:DeftHands"],"picked":"alterego_mod:1TonWallop","floor":22},{"not_picked":["alterego_mod:RidiculouslyBig","alterego_mod:DestructionOfProperty"],"picked":"alterego_mod:Cooking","floor":23}],"player_experience":635050,"relics_obtained":[{"floor":6,"key":"Replay:Accelerometer"},{"floor":9,"key":"hubris:Potato"},{"floor":10,"key":"Mummified Hand"},{"floor":12,"key":"Grinning Jar"},{"floor":23,"key":"TungstenRod"},{"floor":25,"key":"hubris:SphereOfDissonance"},{"floor":26,"key":"Tiny Chest"}],"event_choices":[{"damage_healed":0,"gold_gain":0,"player_choice":"Invest 1","damage_taken":0,"max_hp_gain":0,"max_hp_loss":0,"event_name":"conspire:Investor","floor":2,"gold_loss":0},{"damage_healed":0,"gold_gain":0,"player_choice":"Left","damage_taken":0,"max_hp_gain":0,"max_hp_loss":0,"event_name":"betterThird:BetterGoop","floor":7,"gold_loss":20},{"damage_healed":0,"gold_gain":0,"player_choice":"Take Wound","damage_taken":0,"relics_obtained":["Golden Idol"],"max_hp_gain":0,"max_hp_loss":0,"event_name":"Golden Idol","floor":13,"gold_loss":0,"cards_obtained":["Injury"]},{"damage_healed":0,"gold_gain":75,"player_choice":"Touch","damage_taken":7,"max_hp_gain":0,"max_hp_loss":0,"event_name":"FaceTrader","floor":19,"gold_loss":0},{"damage_healed":0,"gold_gain":0,"player_choice":"Paid Gold","damage_taken":0,"relics_obtained":["Pet Ghost"],"max_hp_gain":0,"max_hp_loss":0,"event_name":"WeMeetAgain","floor":21,"gold_loss":73}],"is_beta":true,"boss_relics":[{"not_picked":["Velvet Choker","Philosopher\u0027s Stone"],"picked":"hubris:Backtick"}],"items_purged_floors":[5,14],"is_endless":false,"potions_floor_spawned":[1,3,8,11,18,22],"killed_by":"Snecko","ascension_level":2}}