{"host":"6a06qhlf17v5rcww","time":1610526160,"event":{"mods":["Act Like it!","Aspiration","BaseMod","Beaked The Cultist","Better Altar","Better Match","Better Note","Better Sensory Stone","Better Skull","Better Third Choice","Better Vampires","BetterRewards","Block Reminder","Colored Powertips","Downfall","Gensokyo","Infinite Spire","Minty Spire (QoL Compilation)","Pale of the Ancients","Poor People Problems","Prisma Mod","Rare Cards Sparkle","Replay The Spire","Shade Mod","Slumbering Mod","StSLib","The Bug Knight","The Jungle","The Marked"],"gold_per_floor":[114,114,114,131,147,147,164,164,246,246,263,263,280,290,290,390,390,402,602,602,612,632,632,429,429,504,504,504,518,264,264,264,366,366,381,481,495,509,174,174,174,174],"floor_reached":41,"language":"ENG","playtime":2992,"items_purged":[],"score":433,"play_id":"8694b76d-9ad5-49a3-9df2-47e94baf0cf1","local_time":"20210113032240","is_ascension_mode":false,"campfire_choices":[{"data":"HollowMod:ShadowDash","floor":6.0,"key":"SMITH"},{"data":"HollowMod:LifebloodCocoon","floor":8.0,"key":"SMITH"},{"data":"HollowMod:FocusHealStart","floor":10.0,"key":"SMITH"},{"data":"HollowMod:HuntersJournal","floor":15.0,"key":"SMITH"},{"data":"HollowMod:NewJinnsSoul","floor":23.0,"key":"SMITH"},{"data":"Dagger Spray","floor":25.0,"key":"SMITH"},{"data":"HollowMod:ZotesMagnificence","floor":28.0,"key":"SMITH"},{"data":"HollowMod:HuntersJournal","floor":32.0,"key":"SMITH"},{"data":"HollowMod:HuntersJournal","floor":40,"key":"SMITH"}],"circlet_count":0,"master_deck":["HollowMod:NailStrikeStart+1","HollowMod:QuickDashStart+1","HollowMod:QuickDashStart+1","HollowMod:QuickDashStart+1","HollowMod:FocusHealStart+1","HollowMod:PogoStrike+1","Survivor+1","Catalyst+1","Slice+1","HollowMod:QuickDashStart","HollowMod:LifebloodCocoon+1","Dagger Spray+1","HollowMod:ShadowDash+1","HollowMod:DashSlash+1","HollowMod:HuntersJournal+1","HollowMod:SharpenedNail+1","HollowMod:ZotesMagnificence+1","HollowMod:HuntersJournal+1","HollowMod:NailStrikeStart","HollowMod:NewJinnsSoul+1","HollowMod:HuntersJournal+1","HollowMod:VengefulVoid+1","HollowMod:CycloneSlash+1","HollowMod:VengefulVoid+1","HollowMod:LordofShades+1","HollowMod:SiblingsSouls+1","HollowMod:CloakDash","HollowMod:VoidDash+1"],"relics":["HollowMod:VesselMask","Torii","HollowMod:StagPassRelic","Replay:Rubber Ducky","theSlumbering:CursedAnvil","Bronze Scales","HollowMod:LumaflyLanternRelic","betterThird:NestCultRelic","beaked:ShinyBauble","aspiration:RitualStick","theSlumbering:EnchantedHammer","aspiration:HatOfInfinitePower","Replay:Wanted Poster","Bottled Tornado"],"acts_visited":["Exordium","TheCity","TheBeyond"],"potions_floor_usage":[33,33,37,38,38],"damage_taken":[{"damage":1.0,"enemies":"2 Louse","floor":1.0,"turns":3.0},{"damage":6.0,"enemies":"Jaw Worm","floor":4.0,"turns":3.0},{"damage":1.0,"enemies":"Cultist","floor":5.0,"turns":4.0},{"damage":18.0,"enemies":"Exordium Wildlife","floor":7.0,"turns":7.0},{"damage":0.0,"enemies":"3 Louse","floor":11.0,"turns":5.0},{"damage":0.0,"enemies":"2 Fungi Beasts","floor":13.0,"turns":5.0},{"damage":0.0,"enemies":"Red Slaver","floor":14.0,"turns":4.0},{"damage":0.0,"enemies":"Hexaghost","floor":16.0,"turns":10.0},{"damage":1.0,"enemies":"Spheric Guardian","floor":18.0,"turns":3.0},{"damage":0.0,"enemies":"3 Byrds","floor":21.0,"turns":6.0},{"damage":9.0,"enemies":"Shelled Parasite and Fungi","floor":22.0,"turns":8.0},{"damage":17.0,"enemies":"Cultist and Chosen","floor":29.0,"turns":6.0},{"damage":54,"enemies":"Collector","floor":33,"turns":7},{"damage":15,"enemies":"Orb Walker","floor":35,"turns":3},{"damage":29,"enemies":"3 Darklings","floor":37,"turns":5},{"damage":36,"enemies":"Jaw Worm Horde","floor":38,"turns":4},{"damage":15,"enemies":"Writhing Mass","floor":41,"turns":1}],"seed_played":"8293672459203035271","potions_obtained":[{"floor":3.0,"key":"Venom Potion"},{"floor":3.0,"key":"Languid Potion"},{"floor":3.0,"key":"Weak Potion"},{"floor":16.0,"key":"Explosive Potion"},{"floor":21.0,"key":"Death Potion"},{"floor":29.0,"key":"sneckomod:MuddlingPotion"},{"floor":33,"key":"Elixir"},{"floor":35,"key":"SteroidPotion"},{"floor":37,"key":"Energy Potion"}],"is_trial":false,"path_per_floor":["M","?","?","M","M","R","M","R","T","R","M","?","M","M","R","B",null,"M","?","?","M","M","R","$","R","T","?","R","M","$","?","R","B",null,"M","AVR","M","M","$","R","M"],"character_chosen":"THE_BUGKNIGHT","items_purchased":["Bronze Scales","HollowMod:CycloneSlash","beaked:ShinyBauble","HollowMod:VoidDash","Bottled Tornado"],"campfire_rested":0,"item_purchase_floors":[24,24,30,39,39],"current_hp_per_floor":[74,74,74,74,73,73,61,61,61,61,67,67,75,75,75,75,75,75,75,75,75,75,75,75,75,75,75,75,64,64,49,49,1,75,66,66,43,13,13,13,0,0],"gold":174,"neow_bonus":"ONE_RARE_RELIC","is_daily":false,"chose_seed":false,"campfire_upgraded":9,"win_rate":0.0,"timestamp":1610526160,"path_taken":["M","?","?","M","M","R","?","R","T","R","M","?","M","M","R","BOSS","M","?","?","M","M","R","$","R","T","?","R","M","$","?","R","BOSS","M","AVR","M","M","$","R","M"],"items_purchased_type":["Relic","Card","Relic","Card","Relic"],"build_version":"2020-12-22","purchased_purges":0,"victory":false,"max_hp_per_floor":[75,75,75,75,75,75,75,75,75,75,75,75,75,75,75,75,75,75,75,75,75,75,75,75,75,75,75,75,75,75,75,75,75,75,75,75,75,75,75,75,75,75],"card_choices":[{"not_picked":["HollowMod:NewGlowingWomb","HollowMod:CornifersMapStart","HollowMod:SoulShaman"],"picked":"SKIP","floor":1.0},{"not_picked":["HollowMod:SoulShaman","HollowMod:BaldurShell"],"picked":"HollowMod:LifebloodCocoon","floor":4.0},{"not_picked":["HollowMod:DungDefenderAura","HollowMod:InfectionAssault"],"picked":"HollowMod:ShadowDash","floor":5.0},{"not_picked":["HollowMod:SoulMaster","HollowMod:HeavyBlow"],"picked":"HollowMod:DashSlash","floor":7.0},{"not_picked":["HollowMod:MantisMark","HollowMod:HuntersJournal"],"picked":"HollowMod:SharpenedNail","floor":11.0},{"not_picked":["HollowMod:PerfectDash","HollowMod:ShapeofUnn"],"picked":"HollowMod:HuntersJournal","floor":13.0},{"not_picked":["HollowMod:GoodIntentions","HollowMod:VengefulSpirit"],"picked":"HollowMod:HuntersJournal","floor":14.0},{"not_picked":["HollowMod:NewInfectedGuardian","HollowMod:MidwifesHunger"],"picked":"HollowMod:ZotesMagnificence","floor":16.0},{"not_picked":["HollowMod:DreamGate","HollowMod:MothsMistake"],"picked":"HollowMod:NewJinnsSoul","floor":18.0},{"not_picked":["HollowMod:PureNailStrike","HollowMod:NewJinnsSoul"],"picked":"HollowMod:HuntersJournal","floor":21.0},{"not_picked":["HollowMod:InfectedAttack","HollowMod:BrokenVessel"],"picked":"HollowMod:VengefulVoid+1","floor":22.0},{"not_picked":["HollowMod:TaintedHusks","HollowMod:GrimmsGift"],"picked":"HollowMod:VengefulVoid+1","floor":29.0},{"not_picked":["HollowMod:SoulMaster","HollowMod:VoidDash"],"picked":"HollowMod:LordofShades","floor":33},{"not_picked":["HollowMod:SoulSplash","HollowMod:WraithStrike+1","HollowMod:VengefulVoid+1"],"picked":"SKIP","floor":35},{"not_picked":["HollowMod:CloakDash+1","HollowMod:CycloneSlash+1"],"picked":"HollowMod:SiblingsSouls+1","floor":37},{"not_picked":["HollowMod:PerfectDash","HollowMod:QuirrelsAssistance"],"picked":"HollowMod:CloakDash","floor":38}],"player_experience":767188,"relics_obtained":[{"floor":9.0,"key":"HollowMod:StagPassRelic"},{"floor":12.0,"key":"Replay:Rubber Ducky"},{"floor":26.0,"key":"HollowMod:LumaflyLanternRelic"}],"event_choices":[{"damage_healed":0.0,"max_hp_gain":0.0,"max_hp_loss":0.0,"gold_gain":0.0,"event_name":"Lab","player_choice":"Got Potions","floor":3.0,"gold_loss":0.0,"damage_taken":0.0},{"damage_healed":0.0,"max_hp_gain":0.0,"max_hp_loss":0.0,"gold_gain":250.0,"event_name":"The Joust","player_choice":"Bet on Owner","floor":19.0,"gold_loss":50.0,"damage_taken":0.0},{"damage_healed":0.0,"max_hp_gain":0.0,"max_hp_loss":0.0,"gold_gain":0.0,"event_name":"betterNote:BetterNote","player_choice":"Ignored","floor":20.0,"gold_loss":0.0,"damage_taken":0.0,"cards_obtained":["ReplayTheSpireMod:Book of Names"]},{"damage_healed":0.0,"max_hp_gain":0.0,"max_hp_loss":0.0,"gold_gain":0.0,"event_name":"betterThird:BetterNest","player_choice":"Madness","floor":27.0,"gold_loss":0.0,"damage_taken":0.0,"relics_obtained":["betterThird:NestCultRelic"]}],"is_beta":false,"boss_relics":[{"not_picked":["Astrolabe","beaked:MawFillet"],"picked":"theSlumbering:CursedAnvil"},{"not_picked":["Fusion Hammer","SacredBark"],"picked":"theSlumbering:EnchantedHammer"}],"items_purged_floors":[],"is_endless":false,"potions_floor_spawned":[5,13,14,16,21,29,33,35,37],"killed_by":"Writhing Mass","ascension_level":0}}