{"host":"uhhucka17mqeuzwb","time":1610544668,"event":{"mods":["2.2 Compatiblity","AchievementEnabler","Act Like it!","Astrologer","BaseMod","Better Altar","Better Skull","Colored Powertips","Defuse TimeMaze Blight","Downfall","Energized Spire","Faster Ascension Climbing","Friendly Minions","Gensokyo","GifTheSpireLib","Gremlin Mod","Gremlin Skip","Hallownest","Hermit","HololiveMod","KinomotoSakuraMod(????)","Lobotomy","Marisa????????","Minty Spire (QoL Compilation)","Quick Restart","Red Circlet Mod","Replay The Spire","Reworked Bosses","Shade Mod","Shop Mod","StSLib","The Administrix","The Animator","The Blue Laboratory","The Bug Knight","The Cursed","The Factory","The Forsaken","Waifu the Spire"],"gold_per_floor":[111,141,252,43,43,43,76,90,90,90,121,136,136,136,136,240,240,254,254,15,15,28,28,55,55,133,146,159,185,185,10,10,114,114,130,130,237,237,34,34,54,54,77,77,68,68,33,65,65,65,65,65,65,0,33,33],"floor_reached":57,"language":"ENG","playtime":8951,"items_purged":["Shade:Strike_Shade"],"score":1318,"play_id":"77bd307c-783c-4610-95b6-5f46ce1698d0","local_time":"20210113083108","is_ascension_mode":false,"campfire_choices":[{"data":"Shade:AnimateDead","floor":6,"key":"SMITH"},{"data":"Shade:Brains","floor":10,"key":"SMITH"},{"data":"Shade:AuraOfUnlife","floor":13,"key":"SMITH"},{"data":"Shade:FleshToFlesh","floor":15,"key":"SMITH"},{"data":"Shade:LichForm","floor":23,"key":"SMITH"},{"data":"Shade:AblativeArmor","floor":25,"key":"SMITH"},{"data":"ReplayTheSpireMod:Splinters","floor":32,"key":"PURGE"},{"data":"Shade:LoseControl","floor":40,"key":"SMITH"},{"data":"Gensokyo:LittleGreenMen","floor":46,"key":"SMITH"},{"data":"Shade:AuraOfUnlife","floor":49,"key":"SMITH"},{"data":"Shade:Excise","floor":53,"key":"SMITH"}],"circlet_count":0,"master_deck":["Shade:Defend_Shade","Shade:Defend_Shade","Shade:Defend_Shade+1","Shade:AnimateDead+1","Shade:CarefulCut+1","BlackSwan","Shade:AuraOfUnlife+1","DespairKnight","Shade:Brains+1","SpiderBud","Shade:FleshToFlesh+1","Shade:AblativeArmor+1","OSAHOGD","Shade:LichForm+1","Shade:AblativeArmor+1","Shade:Trample+1","Shade:Excise+1","UniverseFragment","FieryBird","Shade:FuneraryJewels","Shade:Trample+1","Shade:UnbarTheGrave+1","Shade:LoseControl+1","Bloodbath","Gensokyo:LittleGreenMen+1","DreamingCurrent","Shade:Haruspicy+1","Shade:ClawBack+1","Shade:AuraOfUnlife+1","Shade:AuraOfUnlife","Shade:PressTheAttack+1","CENSORED"],"relics":["Shade:YorickSkull","CogitoBucket","Juzu Bracelet","Happy Flower","MerchantsRug","Replay:Bottled Snecko","Eternal Feather","Bird Faced Urn","energizedSpire:OgreHead","SkinProphecy","Bag of Marbles","Molten Egg 2","Thread and Needle","Snack Pack","Whetstone","Strange Spoon","Theresia","ReplayTheSpireMod:TigerMarble","ReplayFunnel","Replay:Accelerometer"],"acts_visited":["Gensokyo:Gensokyo","Gensokyo:Gensokyoer","Gensokyo:Gensokyoest","TheEnding"],"potions_floor_usage":[],"damage_taken":[{"damage":4,"enemies":"Gensokyo:Gryphon","floor":1,"turns":4},{"damage":18,"enemies":"Gensokyo:Mamizou","floor":2,"turns":7},{"damage":20,"enemies":"Gensokyo:Aya","floor":7,"turns":5},{"damage":0,"enemies":"Gensokyo:Python","floor":8,"turns":4},{"damage":9,"enemies":"Gensokyo:2_Kodama","floor":12,"turns":4},{"damage":34,"enemies":"Gensokyo:Kokoro","floor":16,"turns":17},{"damage":12,"enemies":"Gensokyo:AngelMirror","floor":18,"turns":4},{"damage":0,"enemies":"Gensokyo:2_Gloops","floor":22,"turns":6},{"damage":2,"enemies":"Gensokyo:Koishi","floor":24,"turns":7},{"damage":0,"enemies":"Gensokyo:Slime_Group","floor":27,"turns":8},{"damage":0,"enemies":"Gensokyo:Wraith","floor":28,"turns":4},{"damage":0,"enemies":"Gensokyo:Tenshi","floor":29,"turns":5},{"damage":0,"enemies":"Gensokyo:Kaguya","floor":33,"turns":7},{"damage":1,"enemies":"Gensokyo:AncientGuardian","floor":35,"turns":5},{"damage":7,"enemies":"Gensokyo:3_Boulders","floor":41,"turns":6},{"damage":24,"enemies":"Gensokyo:Marisa","floor":48,"turns":5},{"damage":0,"enemies":"Gensokyo:Scarlet_Devils","floor":50,"turns":9},{"damage":50,"enemies":"Shield and Spear","floor":55,"turns":6},{"damage":90,"enemies":"The Heart","floor":56,"turns":10}],"seed_played":"-2012857008208837211","potions_obtained":[{"floor":2,"key":"blueLaboratory:FrostheartPotion"},{"floor":8,"key":"ColorlessPotion"},{"floor":12,"key":"Elixir"},{"floor":18,"key":"SpeedPotion"},{"floor":35,"key":"blueLaboratory:StoneskinPotion"},{"floor":41,"key":"FearPotion"}],"is_trial":false,"path_per_floor":["M","?","?","$","?","R","E","M","T","R","?","M","R","?","R","B",null,"M","?","$","?","M","R","E","R","T","M","M","E","$","COS","R","B",null,"M","?","?","?","COS","R","M","?","T","?","$","R","$","E","R","B",null,null,"R","$","E","B",null],"character_chosen":"SHADE","items_purchased":["MerchantsRug","Molten Egg 2","Shade:Trample+1","Shade:ClawBack+1","Shade:AuraOfUnlife","Shade:AuraOfUnlife","Shade:PressTheAttack+1"],"campfire_rested":0,"item_purchase_floors":[4,20,20,45,47,54,54],"current_hp_per_floor":[61,43,35,35,35,35,15,15,15,24,24,17,26,26,35,5,65,53,53,53,53,51,62,60,64,64,62,62,62,62,62,70,70,72,67,67,34,34,34,49,45,45,45,45,45,60,60,56,71,82,82,82,82,82,67,86],"gold":33,"neow_bonus":"","is_daily":false,"chose_seed":false,"campfire_upgraded":10,"win_rate":0.0,"timestamp":1610544668,"path_taken":["M","?","?","$","?","R","E","M","T","R","?","M","R","?","R","BOSS","M","?","$","?","M","R","E","R","T","M","M","E","?","COS","R","BOSS","M","?","?","?","COS","R","M","?","T","?","$","R","?","E","R","BOSS","R","$","E","BOSS"],"items_purchased_type":["Relic","Relic","Card","Card","Card","Card","Card"],"build_version":"2020-12-22","purchased_purges":1,"victory":true,"max_hp_per_floor":[65,65,65,65,65,65,65,65,65,65,65,65,65,65,65,65,65,65,60,60,60,62,62,64,64,64,66,68,70,70,70,70,72,72,76,76,76,76,76,76,78,78,78,78,78,78,78,80,80,82,82,82,82,82,84,86],"card_choices":[{"not_picked":["OldLady","SingingMachine"],"picked":"BlackSwan","floor":1},{"not_picked":["Shade:GoDigging","Shade:FleshOffering"],"picked":"Shade:AuraOfUnlife","floor":1},{"not_picked":["Alriune","Wellcheers"],"picked":"DespairKnight","floor":2},{"not_picked":["Shade:FreshBones","Shade:ExtraLimbs","Shade:CommandSoldier"],"picked":"SKIP","floor":2},{"not_picked":["Murderer","VoidDream","MeatLantern"],"picked":"Singing Bowl","floor":7},{"not_picked":["Shade:FingerOfDeath","Shade:FuneraryJewels"],"picked":"Shade:Brains","floor":7},{"not_picked":["SpiderBud","WhitesApple","Scorched"],"picked":"Singing Bowl","floor":8},{"not_picked":["CherryBlossoms","Scorched"],"picked":"SpiderBud","floor":8},{"not_picked":["Shade:SpontaneousRitual","Shade:Asphyxiate"],"picked":"Shade:FleshToFlesh","floor":8},{"not_picked":["Shade:PressTheAttack","Shade:TouchOfTheGrave"],"picked":"Shade:AblativeArmor","floor":11},{"not_picked":["ShyLook","BeautyBeast"],"picked":"OSAHOGD","floor":12},{"not_picked":["Shade:Bite_Shade","Shade:TouchOfTheGrave"],"picked":"Shade:AuraOfUnlife","floor":12},{"not_picked":["NakedNest","Wellcheers","LaLuna"],"picked":"Singing Bowl","floor":16},{"not_picked":["Shade:MadHubris","Shade:SelfBurial"],"picked":"Shade:LichForm","floor":16},{"not_picked":["Funeral","PlagueDoctor","BigBadWolf"],"picked":"Singing Bowl","floor":18},{"not_picked":["Shade:CommandSoldier+1","Shade:BoneShards"],"picked":"Shade:AblativeArmor+1","floor":18},{"not_picked":["MHz","LittleHelper"],"picked":"UniverseFragment","floor":22},{"not_picked":["Shade:Doomsay+1","Shade:CloudOfShrapnel+1","Shade:FleshOffering"],"picked":"SKIP","floor":22},{"not_picked":["BeautyBeast","Funeral","VoidDream"],"picked":"Singing Bowl","floor":24},{"not_picked":["Shade:AncientSpear+1","Shade:FleshLikeOak","Shade:Asphyxiate+1"],"picked":"SKIP","floor":24},{"not_picked":["Funeral","MHz","SingingMachine"],"picked":"Singing Bowl","floor":27},{"not_picked":["Shade:ExtraLimbs+1","Shade:BoneShards+1","Shade:CommandSoldier"],"picked":"SKIP","floor":27},{"not_picked":["LaLuna","Murderer"],"picked":"FieryBird","floor":28},{"not_picked":["Shade:FreshBones+1","Shade:SpontaneousRitual+1"],"picked":"Shade:FuneraryJewels","floor":28},{"not_picked":["DreamingCurrent","CherryBlossoms","SingingMachine"],"picked":"Singing Bowl","floor":29},{"not_picked":["Shade:Premonition","Shade:Excise"],"picked":"Shade:Trample+1","floor":29},{"not_picked":["CherryBlossoms","FairyFestival","PlagueDoctor"],"picked":"Singing Bowl","floor":33},{"not_picked":["Shade:OfferingToTheBeyond+1","Shade:LoseControl+1"],"picked":"Shade:UnbarTheGrave+1","floor":33},{"not_picked":["Shade:OminousRitual+1","Shade:SelfBurial"],"picked":"Shade:LoseControl","floor":33},{"not_picked":["SnowQueen","VoidDream","LittleHelper"],"picked":"Singing Bowl","floor":35},{"not_picked":["Funeral","DreamingCurrent"],"picked":"Bloodbath","floor":35},{"not_picked":["Shade:SkeletonHug+1","Shade:BoneShards+1","Shade:DangerousRitual+1"],"picked":"SKIP","floor":35},{"not_picked":["LongBird","WhitesApple","Mercenary"],"picked":"Singing Bowl","floor":41},{"not_picked":["GreedKing","Wellcheers"],"picked":"DreamingCurrent","floor":41},{"not_picked":["Shade:SpontaneousRitual+1","Shade:Frenzy"],"picked":"Shade:Haruspicy+1","floor":41},{"not_picked":["WhitesApple","Freischutz","BlueStar"],"picked":"Singing Bowl","floor":48},{"not_picked":["Shade:FuneraryArmor+1","Shade:AblativeArmor","Shade:CommandSoldier+1"],"picked":"SKIP","floor":48},{"not_picked":["Funeral","NothingThere"],"picked":"CENSORED","floor":55},{"not_picked":["Shade:AblativeArmor+1","Shade:Trample+1","Shade:CallWraith+1"],"picked":"SKIP","floor":55}],"player_experience":1075317,"relics_obtained":[{"floor":2,"key":"Happy Flower"},{"floor":7,"key":"Replay:Bottled Snecko"},{"floor":9,"key":"Eternal Feather"},{"floor":11,"key":"Bird Faced Urn"},{"floor":24,"key":"Thread and Needle"},{"floor":26,"key":"Snack Pack"},{"floor":29,"key":"Whetstone"},{"floor":43,"key":"Centennial Puzzle"},{"floor":48,"key":"ReplayFunnel"},{"floor":55,"key":"Replay:Accelerometer"}],"event_choices":[{"damage_healed":0,"gold_gain":111,"player_choice":"GO ","damage_taken":9,"relics_obtained":[],"max_hp_gain":0,"max_hp_loss":0,"event_name":"betterSkull:BetterSkull","floor":3,"gold_loss":0,"cards_upgraded":[]},{"damage_healed":0,"gold_gain":107,"player_choice":"GO UP RE ","damage_taken":38,"relics_obtained":["ReplayTheSpireMod:TigerMarble"],"max_hp_gain":0,"max_hp_loss":0,"event_name":"betterSkull:BetterSkull","floor":37,"gold_loss":0,"cards_upgraded":["Shade:Defend_Shade"]}],"is_beta":false,"boss_relics":[{"not_picked":["Tiny House","Cursed Key"],"picked":"energizedSpire:OgreHead"},{"not_picked":["Runic Pyramid","ReplayTheSpireMod:DimensionalGlitch","Hololive_ChaosS"]}],"items_purged_floors":[4],"is_endless":false,"potions_floor_spawned":[2,8,12,18,35,41],"ascension_level":0}}