{"host":"pa65g39v0cwbmgvo","time":1610519122,"event":{"mods":["2.2 Compatiblity","ATMod(°¢èªMod)","BaseMod","Better Skull","Better Third Choice","BetterRewards","Dota2Spire","Minty Spire (QoL Compilation)","Quick Restart","Replay The Spire","Spicy Shops","StSLib","SuperFastMode","¡¾ÒÅÎï¿¨ÅÆ¡¿REMEMod"],"gold_per_floor":[111,127,127,227,74,74,405,420,420,455,455,556,62,62,62,166,166,186,202,208,208],"floor_reached":20,"language":"ZHS","playtime":742,"items_purged":["Strike_G"],"score":334,"play_id":"bd6208e8-51c8-4a72-8dac-56dc8c8b4a0b","local_time":"20210113142522","is_ascension_mode":true,"campfire_choices":[{"data":"REME_HeartOfCthun","floor":6.0,"key":"SMITH"},{"floor":11.0,"key":"REST"},{"floor":15,"key":"REST"}],"circlet_count":0,"master_deck":["Strike_G","Strike_G","Strike_G","Defend_G","Defend_G","Defend_G","Defend_G","Defend_G","Survivor","Neutralize","REME_HeartOfCthun+1","AT_KingSlayer","Footwork","AT_TinkerSharpsword","Backflip","AT_KingSlayer","Prepared+1"],"relics":["Ring of the Snake","REME_ComplimentaryCards","AT_ATBox","Sundial","Dota2Spire:UrnOfShadows","AT_BellDemon","Old Coin","REME_ArchaeologicalTools","AT_RabadonDeathcap","Dota2Spire:MonkeyKingBar","Girya","REME_LowDesire","AT_ChloranthyRing","AT_ArchangelStaff","ReplayTheSpireMod:TigerMarble"],"acts_visited":["Exordium","TheCity"],"potions_floor_usage":[12,12,16],"damage_taken":[{"damage":0.0,"enemies":"2 Louse","floor":1.0,"turns":1.0},{"damage":1.0,"enemies":"Cultist","floor":2.0,"turns":3.0},{"damage":22.0,"enemies":"Gremlin Nob","floor":7.0,"turns":6.0},{"damage":7.0,"enemies":"Jaw Worm","floor":8.0,"turns":3.0},{"damage":5.0,"enemies":"3 Sentries","floor":10.0,"turns":5.0},{"damage":2,"enemies":"Lagavulin","floor":12,"turns":5},{"damage":41,"enemies":"Slime Boss","floor":16,"turns":23},{"damage":15,"enemies":"Shell Parasite","floor":18,"turns":10},{"damage":22,"enemies":"Spheric Guardian","floor":19,"turns":3},{"damage":62,"enemies":"Centurion and Healer","floor":20,"turns":4}],"seed_played":"-3004128289841856817","potions_obtained":[{"floor":7.0,"key":"FearPotion"},{"floor":10.0,"key":"REME_GoldPotion"},{"floor":12,"key":"Swift Potion"},{"floor":18,"key":"Swift Potion"}],"is_trial":false,"path_per_floor":["M","M","?","?","$","R","E","M","T","E","R","E","$","?","R","B",null,"M","M","M"],"character_chosen":"THE_SILENT","items_purchased":["Footwork","Sundial","AT_BellDemon","Dota2Spire:MonkeyKingBar","Girya","AT_KingSlayer"],"campfire_rested":2,"item_purchase_floors":[0,0,5,13,13,13],"current_hp_per_floor":[70,69,57,57,57,57,35,28,28,23,44,42,42,35,56,15,70,61,42,0,0],"gold":208,"neow_bonus":"","is_daily":false,"chose_seed":false,"campfire_upgraded":1,"win_rate":0.0,"timestamp":1610519122,"path_taken":["M","M","?","?","$","R","E","?","T","E","R","E","$","?","R","BOSS","M","M","M"],"items_purchased_type":["Card","Relic","Relic","Relic","Relic","Card"],"build_version":"2020-12-22","purchased_purges":1,"victory":false,"max_hp_per_floor":[70,70,70,70,70,70,70,70,70,70,70,70,70,70,70,70,70,70,70,70,70],"card_choices":[{"not_picked":["Quick Slash","Dash","Hidden Blade"],"picked":"SKIP","floor":1.0},{"not_picked":["Deflect","ReplayTheSpireMod:Scrap Shanks","Finisher"],"picked":"SKIP","floor":2.0},{"not_picked":["Dodge and Roll","Replay:Poison Smokescreen"],"picked":"AT_TinkerSharpsword","floor":7.0},{"not_picked":["AT_Desolate","Setup"],"picked":"Backflip","floor":8.0},{"not_picked":["Dodge and Roll","Flying Knee","Outmaneuver"],"picked":"SKIP","floor":10.0},{"not_picked":["Dodge and Roll","Storm of Steel","Catalyst"],"picked":"SKIP","floor":12},{"not_picked":["Hidden Blade","Deflect","REME_BuildACard"],"picked":"Prepared+1","floor":18},{"not_picked":["Bane+1","Bouncing Flask","Skewer+1","AT_PowerWithin"],"picked":"SKIP","floor":19}],"player_experience":67998,"relics_obtained":[{"floor":7.0,"key":"Old Coin"},{"floor":10.0,"key":"REME_ArchaeologicalTools"},{"floor":12,"key":"AT_RabadonDeathcap"},{"floor":17,"key":"AT_ChloranthyRing"},{"floor":17,"key":"AT_ArchangelStaff"},{"floor":19,"key":"ReplayTheSpireMod:TigerMarble"}],"event_choices":[{"damage_healed":0.0,"max_hp_gain":0.0,"max_hp_loss":0.0,"gold_gain":0.0,"event_name":"betterThird:BetterScrap","player_choice":"Relic ","floor":3.0,"gold_loss":0.0,"damage_taken":12.0,"cards_obtained":["Auto Shields"]},{"damage_healed":0.0,"max_hp_gain":0.0,"max_hp_loss":0.0,"gold_gain":100.0,"event_name":"Golden Shrine","player_choice":"Pray","floor":4.0,"gold_loss":0.0,"damage_taken":0.0},{"cards_removed":["Strike_G"],"damage_healed":0,"gold_gain":0,"player_choice":"Card Removal","damage_taken":7,"max_hp_gain":0,"max_hp_loss":0,"event_name":"Golden Wing","floor":14,"gold_loss":0}],"is_beta":false,"boss_relics":[{"not_picked":["Ectoplasm","Honey Jar"],"picked":"REME_LowDesire"}],"items_purged_floors":[0],"is_endless":false,"potions_floor_spawned":[7,10,12,18],"killed_by":"Centurion and Healer","ascension_level":3}}