{"host":"dxhqtkke6bt2qzoz","time":1610513640,"event":{"mods":["ATMod(阿瑾Mod)","Act Like it!","Arknights The Spire","Astrologer","BaseMod","Chen","Dota2Spire","Gensokyo","KinomotoSakuraMod(木之本樱)","Koishi","LagranYue(拉格朗・月)","Marisa（F雨　魔理沙）","Minty Spire (QoL Compilation)","Nova Terra(诺娃・泰拉)","Prisma Mod","Reimu（博丽灵梦）","Relic Stats","Remilia（蕾米莉亚）","SIMod","StSLib","TestMod","The Alterego","The Dragon Tamer","The Marked","Waifu the Spire","WarShipGirlsR/战舰少女R mod","Yakumo Yukari mod","Youmu（魂魄妖梦）","Yuri Mod","Yuyuko","[IsaacMod]以撒尖塔","vexMod","【遗物卡牌】REMEMod"],"gold_per_floor":[116,135,150,150,163,163,195,195,195,222,238,18,80,104,104,211,211,243,99,125,177,177,177,205,224,224,124,164,190,210,85,85,218,218,259,259,278,319,16,16,36,36,59,105,105,133,174,192,192,220],"floor_reached":51,"language":"ZHS","playtime":1274,"items_purged":["ats:Ignite","FriendOfNature","ats:Leaping Hammer","ats:Defend"],"score":935,"play_id":"a9f65438-2b3c-46a0-ada7-a61f93d5721b","local_time":"20210113125400","is_ascension_mode":true,"campfire_choices":[{"data":"ats:Flexible Camouflage","floor":6,"key":"SMITH"},{"data":"AT_DrawKnifeCut","floor":8,"key":"SMITH"},{"floor":15,"key":"REST"},{"data":"ats:Emotion Absorption","floor":23,"key":"SMITH"},{"data":"ats:Flexible Camouflage","floor":32,"key":"SMITH"},{"data":"ats:Demon Strength","floor":40,"key":"SMITH"},{"data":"ats:Apocalypse","floor":42,"key":"SMITH"},{"data":"ats:Strike G","floor":45,"key":"SMITH"},{"data":"ats:Overload","floor":49,"key":"SMITH"}],"circlet_count":0,"master_deck":["ats:Strike C","ats:Strike G+1","ats:Strike S","ats:Strike V","ats:Armor Crushing Shot","ats:Defend","ats:Defend","ats:Emotion Absorption+1","AT_DrawKnifeCut+1","ats:Poison Spread","ats:Apocalypse+1","ats:Thorns","ats:Apocalypse","ats:Explosion Area Strengthen","ats:Flexible Camouflage+1","ats:Leaping Hammer","ats:Calcification","ats:Overload+1","ats:Shell Defense","ats:Demon Strength+1","ats:Flexible Camouflage+1","ats:Shadow Assault","ats:Sword Rain","ats:Flexible Camouflage","ats:Steam Pump+1","ats:Childhood Dance+1","ats:Thorns+1","ats:Leaping Hammer+1"],"relics":["ats:Sanity","HushsDoor","REME_ComplimentaryCards","testmod-TestBox","AT_ATBox","BelialBook","testmod-HeartOfStrike","LagranYue:RandomDrawCardRelic","ats:Originium","PreservedInsect","D6","SalivaCoin","ats:Ability Aura","testmod-Fanaticism","Dota2Spire:ShadowBlade","Letter Opener","REME_HandOfSuture","Black Star","Dota2Spire:MaskOfMadness","TheBean","AT_Kusabimaru","Dota2Spire:DrumOfEndurance"],"acts_visited":["Exordium","TheCity","TheBeyond"],"potions_floor_usage":[7,14,16,18,25,33,38,46,50,50,50],"damage_taken":[{"damage":8,"enemies":"Small Slimes","floor":1,"turns":2},{"damage":2,"enemies":"Jaw Worm","floor":2,"turns":2},{"damage":3,"enemies":"Cultist","floor":3,"turns":3},{"damage":3,"enemies":"3 Louse","floor":5,"turns":3},{"damage":0,"enemies":"3 Sentries","floor":7,"turns":1},{"damage":14,"enemies":"Lagavulin","floor":10,"turns":4},{"damage":0,"enemies":"Exordium Thugs","floor":11,"turns":2},{"damage":31,"enemies":"Gremlin Gang","floor":13,"turns":3},{"damage":16,"enemies":"Exordium Wildlife","floor":14,"turns":2},{"damage":15,"enemies":"Slime Boss","floor":16,"turns":6},{"damage":27,"enemies":"2 Thieves","floor":18,"turns":2},{"damage":24,"enemies":"Chosen","floor":20,"turns":3},{"damage":56,"enemies":"Snake Plant","floor":21,"turns":3},{"damage":24,"enemies":"Cultist and Chosen","floor":24,"turns":3},{"damage":3,"enemies":"3 Cultists","floor":25,"turns":3},{"damage":48,"enemies":"Book of Stabbing","floor":28,"turns":3},{"damage":35,"enemies":"Shelled Parasite and Fungi","floor":29,"turns":2},{"damage":6,"enemies":"Centurion and Healer","floor":30,"turns":2},{"damage":35,"enemies":"Automaton","floor":33,"turns":6},{"damage":33,"enemies":"3 Shapes","floor":35,"turns":2},{"damage":0,"enemies":"Orb Walker","floor":37,"turns":1},{"damage":17,"enemies":"Sphere and 2 Shapes","floor":38,"turns":2},{"damage":0,"enemies":"Jaw Worm Horde","floor":41,"turns":1},{"damage":105,"enemies":"Giant Head","floor":44,"turns":6},{"damage":51,"enemies":"Transient","floor":46,"turns":5},{"damage":107,"enemies":"Spire Growth","floor":47,"turns":4},{"damage":22,"enemies":"3 Darklings","floor":48,"turns":2},{"damage":121,"enemies":"Awakened One","floor":50,"turns":6}],"seed_played":"-8229905540799899021","potions_obtained":[{"floor":1,"key":"ats:Emergency Sanity Potion"},{"floor":3,"key":"BlessingOfTheForge"},{"floor":10,"key":"ats:Emergency Sanity Potion"},{"floor":13,"key":"BlessingOfTheForge"},{"floor":16,"key":"Block Potion"},{"floor":20,"key":"Swift Potion"},{"floor":33,"key":"ColorlessPotion"},{"floor":37,"key":"SteroidPotion"},{"floor":38,"key":"Strength Potion"},{"floor":41,"key":"Energy Potion"},{"floor":48,"key":"FearPotion"}],"is_trial":false,"path_per_floor":["M","M","M","?","M","R","E","R","T","E","M","$","M","M","R","B",null,"M","$","M","M","?","R","M","M","T","$","E","M","M","$","R","B",null,"M","?","M","M","$","R","M","R","T","E","R","M","M","M","R","B",null],"character_chosen":"DOCTOR_CLASS","items_purchased":["ats:Ability Aura","Dota2Spire:ShadowBlade","Dota2Spire:MaskOfMadness"],"campfire_rested":1,"item_purchase_floors":[12,19,39],"current_hp_per_floor":[71,69,75,75,75,75,75,75,75,65,65,65,35,23,46,44,79,79,79,79,74,74,74,79,76,76,76,79,59,64,64,64,79,79,62,62,62,52,52,52,52,52,52,79,79,54,79,79,79,79],"gold":220,"neow_bonus":"TEN_PERCENT_HP_BONUS","is_daily":false,"chose_seed":false,"campfire_upgraded":8,"win_rate":0.0,"timestamp":1610513640,"path_taken":["M","M","M","?","M","R","E","R","T","E","M","?","M","?","R","BOSS","M","$","M","M","?","R","M","M","T","?","E","?","M","$","R","BOSS","M","?","M","M","$","R","?","R","T","E","R","M","M","M","R","BOSS"],"items_purchased_type":["Relic","Relic","Relic"],"build_version":"2020-12-22","purchased_purges":4,"victory":true,"max_hp_per_floor":[79,79,79,79,79,79,79,79,79,79,79,79,79,79,79,79,79,79,79,79,79,79,79,79,79,79,79,79,79,79,79,79,79,79,79,79,79,79,79,79,79,79,79,79,79,79,79,79,79,79],"relic_stats":{"counters":[28,84],"PreservedInsect":193,"Black Star":1,"Letter Opener":[95],"obtain_stats":[{"KeepersGift":0,"testmod-HeartOfStrike":0,"ats:Ability Aura":12,"Dota2Spire:MaskOfMadness":39,"testmod-TestBox":0,"AT_ATBox":0,"LagranYue:RandomDrawCardRelic":0,"BelialBook":0,"Dota2Spire:DrumOfEndurance":44,"PreservedInsect":7,"Dota2Spire:ShadowBlade":19,"Letter Opener":26,"testmod-Fanaticism":17,"D6":9,"TheBean":43,"AT_Kusabimaru":44,"ats:Originium":7,"REME_HandOfSuture":28,"SalivaCoin":10,"Black Star":34,"ats:Sanity":0,"HushsDoor":0,"REME_ComplimentaryCards":0},{"KeepersGift":0,"testmod-HeartOfStrike":0,"ats:Ability Aura":7,"Dota2Spire:MaskOfMadness":22,"testmod-TestBox":0,"AT_ATBox":0,"LagranYue:RandomDrawCardRelic":0,"BelialBook":0,"Dota2Spire:DrumOfEndurance":24,"PreservedInsect":5,"Dota2Spire:ShadowBlade":11,"Letter Opener":15,"testmod-Fanaticism":10,"D6":5,"TheBean":23,"AT_Kusabimaru":24,"ats:Originium":5,"REME_HandOfSuture":16,"SalivaCoin":6,"Black Star":19,"ats:Sanity":0,"HushsDoor":0,"REME_ComplimentaryCards":0},{"KeepersGift":0,"testmod-HeartOfStrike":0,"ats:Ability Aura":17,"Dota2Spire:MaskOfMadness":60,"testmod-TestBox":0,"AT_ATBox":0,"LagranYue:RandomDrawCardRelic":0,"BelialBook":0,"Dota2Spire:DrumOfEndurance":67,"PreservedInsect":11,"Dota2Spire:ShadowBlade":30,"Letter Opener":42,"testmod-Fanaticism":28,"D6":11,"TheBean":61,"AT_Kusabimaru":67,"ats:Originium":11,"REME_HandOfSuture":45,"SalivaCoin":15,"Black Star":55,"ats:Sanity":0,"HushsDoor":0,"REME_ComplimentaryCards":0}]},"card_choices":[{"not_picked":["ats:Cat Scratch","ats:Shell Defense"],"picked":"ats:Poison Spread","floor":1},{"not_picked":["ats:Ignite","ats:Shell Defense"],"picked":"ats:Apocalypse","floor":2},{"not_picked":["Bomb","ats:Echo Reverb"],"picked":"ats:Thorns","floor":3},{"not_picked":["ats:Song Of Battle","ats:Consecutive Shot Auto"],"picked":"ats:Leaping Hammer","floor":5},{"not_picked":["ats:Ignite","ats:Shadow Raid","ats:Automatic Cover"],"picked":"SKIP","floor":7},{"not_picked":["ats:Revitalization","ats:Magnetic Hammer"],"picked":"ats:Leaping Hammer","floor":10},{"not_picked":["ats:Demon Strength","ats:Blood Oath"],"picked":"ats:Calcification","floor":11},{"not_picked":["ats:Hammer On","ats:Sunburst","ats:Cat Scratch"],"picked":"SKIP","floor":13},{"not_picked":["ats:Leaping Hammer","ats:Explosion Area Strengthen"],"picked":"ats:Overload","floor":14},{"not_picked":["ats:Healing Drone","ats:Mental Burst"],"picked":"ats:Shell Defense","floor":18},{"not_picked":["ats:Song Of Battle","ats:Flame Of Heaven"],"picked":"ats:Demon Strength","floor":20},{"not_picked":["ats:Apocalypse","ats:Cat Scratch","ats:Childhood Dance"],"picked":"SKIP","floor":21},{"not_picked":["ats:Shell Defense","ats:Childhood Dance"],"picked":"ats:Flexible Camouflage","floor":24},{"not_picked":["ats:Childhood Dance","ats:Shell Defense"],"picked":"ats:Shadow Assault","floor":25},{"not_picked":["ats:Assault Order","ats:Consecutive Shot Auto"],"picked":"ats:Sword Rain","floor":28},{"not_picked":["ats:Soul Absorption","ats:Powerful Strike"],"picked":"ats:Flexible Camouflage","floor":29},{"not_picked":["ats:Sunburst","ats:Assault Order","ats:Ignite"],"picked":"SKIP","floor":30},{"not_picked":["ats:Revitalization+1","ats:Ignite+1"],"picked":"ats:Steam Pump+1","floor":35},{"not_picked":["ats:Ignite+1","ats:Leaping Hammer"],"picked":"ats:Childhood Dance+1","floor":37},{"not_picked":["ats:Apocalypse+1","ats:Ignite+1","ats:Poison Spread+1"],"picked":"SKIP","floor":38},{"not_picked":["ats:Revitalization+1","ats:Mental Burst"],"picked":"ats:Thorns+1","floor":41},{"not_picked":["ats:Sword Rain+1","ats:Leaping Hammer+1","ats:Rat Pack"],"picked":"SKIP","floor":44},{"not_picked":["ats:Counter Healing Mode","ats:Shell Defense+1"],"picked":"ats:Leaping Hammer+1","floor":46},{"not_picked":["ats:Explosion Area Strengthen","ats:Childhood Dance+1","ats:Sunburst"],"picked":"SKIP","floor":47},{"not_picked":["ats:Childhood Dance","ats:Flame Of Heaven","ats:Leaping Hammer"],"picked":"SKIP","floor":48}],"player_experience":237500,"relics_obtained":[{"floor":7,"key":"ats:Originium"},{"floor":7,"key":"PreservedInsect"},{"floor":9,"key":"D6"},{"floor":10,"key":"ats:Originium"},{"floor":10,"key":"SalivaCoin"},{"floor":26,"key":"Letter Opener"},{"floor":28,"key":"ats:Originium"},{"floor":28,"key":"REME_HandOfSuture"},{"floor":43,"key":"TheBean"},{"floor":44,"key":"AT_Kusabimaru"},{"floor":44,"key":"Dota2Spire:DrumOfEndurance"}],"event_choices":[{"cards_removed":["ats:Defend"],"damage_healed":0,"gold_gain":0,"player_choice":"Elegance","damage_taken":0,"max_hp_gain":0,"max_hp_loss":0,"event_name":"Back to Basics","floor":22,"gold_loss":0},{"damage_healed":0,"gold_gain":0,"player_choice":"Ignored","damage_taken":0,"max_hp_gain":0,"max_hp_loss":0,"event_name":"给自己的盒子","floor":36,"gold_loss":0}],"is_beta":false,"boss_relics":[{"not_picked":["vexMod:TanglingVine","MagicMushroom"],"picked":"testmod-Fanaticism"},{"not_picked":[]},{"not_picked":["vexMod:DeviousBotling","Runic Pyramid"],"picked":"Black Star"},{"not_picked":[]}],"items_purged_floors":[12,27,31,39],"is_endless":false,"potions_floor_spawned":[1,3,10,13,16,20,28,33,37,38,41,48],"ascension_level":4}}