{"host":"swphzoo6hmc78epl","time":1610514720,"event":{"mods":["BaseMod","Highlight Path","Minty Spire (QoL Compilation)","Quick Restart"],"gold_per_floor":[113,130,144,161,173,173,173,203,203,233,36,51,80,91,91,193,193,207,207,224,95,115,115,150,163,186,186,186,186],"floor_reached":28,"language":"ENG","playtime":2148,"items_purged":["Strike_B","Strike_B"],"score":275,"play_id":"453c9219-47be-461f-9d26-ac1a0af855b2","local_time":"20210113001200","is_ascension_mode":true,"campfire_choices":[{"data":"Storm","floor":15,"key":"SMITH"},{"data":"Buffer","floor":23,"key":"SMITH"},{"floor":27,"key":"RECALL"}],"circlet_count":0,"master_deck":["Defend_B","Defend_B","Defend_B","Defend_B","Zap","Dualcast","Ball Lightning","Ball Lightning","Glacier","Self Repair","Storm+1","Machine Learning","Ball Lightning","Glacier","Compile Driver","Core Surge","Hologram+1","Sweeping Beam","Buffer+1","Biased Cognition","Rebound+1"],"relics":["Cracked Core","NeowsBlessing","Lantern","Smiling Mask","Dream Catcher","Membership Card","White Beast Statue","Nuclear Battery","Question Card"],"acts_visited":["Exordium","TheCity"],"potions_floor_usage":[12,13,16,22,22,24,25,28],"damage_taken":[{"damage":0,"enemies":"2 Louse","floor":1,"turns":1},{"damage":0,"enemies":"Jaw Worm","floor":2,"turns":1},{"damage":0,"enemies":"Cultist","floor":3,"turns":1},{"damage":6,"enemies":"Large Slime","floor":4,"turns":3},{"damage":10,"enemies":"Looter","floor":5,"turns":2},{"damage":18,"enemies":"Lagavulin","floor":8,"turns":7},{"damage":14,"enemies":"Gremlin Nob","floor":10,"turns":4},{"damage":0,"enemies":"Exordium Wildlife","floor":12,"turns":2},{"damage":22,"enemies":"3 Sentries","floor":13,"turns":5},{"damage":15,"enemies":"3 Louse","floor":14,"turns":4},{"damage":19,"enemies":"Hexaghost","floor":16,"turns":11},{"damage":14,"enemies":"Shell Parasite","floor":18,"turns":5},{"damage":0,"enemies":"Spheric Guardian","floor":20,"turns":3},{"damage":18,"enemies":"Snake Plant","floor":22,"turns":3},{"damage":26,"enemies":"Slavers","floor":24,"turns":6},{"damage":18,"enemies":"Shelled Parasite and Fungi","floor":25,"turns":5},{"damage":45,"enemies":"Gremlin Leader","floor":28,"turns":7}],"seed_played":"2328766784672181773","potions_obtained":[{"floor":4,"key":"SteroidPotion"},{"floor":5,"key":"LiquidMemories"},{"floor":7,"key":"BlessingOfTheForge"},{"floor":7,"key":"PotionOfCapacity"},{"floor":14,"key":"Fruit Juice"},{"floor":16,"key":"Weak Potion"},{"floor":18,"key":"SteroidPotion"},{"floor":20,"key":"EssenceOfSteel"},{"floor":22,"key":"Block Potion"},{"floor":24,"key":"Weak Potion"},{"floor":25,"key":"EssenceOfSteel"}],"is_trial":false,"path_per_floor":["M","M","M","M","M","?","?","E","T","E","$","M","E","M","R","B",null,"M","?","M","$","M","R","E","M","T","R","E"],"character_chosen":"DEFECT","items_purchased":["Membership Card","Buffer"],"campfire_rested":0,"item_purchase_floors":[11,21],"current_hp_per_floor":[75,75,75,69,66,59,59,48,48,41,41,48,33,25,25,18,80,73,73,80,80,69,69,50,39,39,39,0,0],"gold":186,"neow_bonus":"THREE_ENEMY_KILL","is_daily":false,"chose_seed":false,"campfire_upgraded":2,"win_rate":0.0,"timestamp":1610514720,"path_taken":["M","M","M","M","M","?","?","E","T","E","$","M","E","?","R","BOSS","M","?","M","$","M","R","E","M","T","R","E"],"items_purchased_type":["Relic","Card"],"build_version":"2020-12-22","purchased_purges":2,"victory":false,"max_hp_per_floor":[75,75,75,75,75,75,75,75,75,75,75,75,75,75,75,80,80,80,80,80,80,80,80,80,80,80,80,80,80],"card_choices":[{"not_picked":["Rebound","Coolheaded"],"picked":"Ball Lightning","floor":1},{"not_picked":["Auto Shields","Leap"],"picked":"Ball Lightning","floor":2},{"not_picked":["Heatsinks","Cold Snap"],"picked":"Glacier","floor":3},{"not_picked":["Redo","Gash"],"picked":"Self Repair","floor":4},{"not_picked":["Compile Driver","Melter"],"picked":"Storm","floor":5},{"not_picked":["Loop","Sweeping Beam"],"picked":"Machine Learning","floor":8},{"not_picked":["Go for the Eyes","Turbo"],"picked":"Ball Lightning","floor":10},{"not_picked":["FTL","Leap"],"picked":"Glacier","floor":12},{"not_picked":["Scrape","FTL","Double Energy"],"picked":"SKIP","floor":13},{"not_picked":["Reprogram","Turbo"],"picked":"Compile Driver","floor":14},{"not_picked":["Rainbow","Meteor Strike"],"picked":"Core Surge","floor":16},{"not_picked":["Fusion+1","Beam Cell"],"picked":"Hologram+1","floor":18},{"not_picked":["Hologram","Consume"],"picked":"Sweeping Beam","floor":20},{"not_picked":["Compile Driver","Hologram","Steam"],"picked":"SKIP","floor":22},{"not_picked":["Seek","Go for the Eyes"],"picked":"Biased Cognition","floor":24},{"not_picked":["Skim","Barrage","Conserve Battery+1"],"picked":"Rebound+1","floor":25}],"player_experience":759650,"relics_obtained":[{"floor":8,"key":"Lantern"},{"floor":9,"key":"Smiling Mask"},{"floor":10,"key":"Dream Catcher"},{"floor":13,"key":"White Beast Statue"},{"floor":24,"key":"Question Card"}],"event_choices":[{"cards_removed":["Strike_B"],"damage_healed":0,"gold_gain":0,"player_choice":"Card Removal","damage_taken":7,"max_hp_gain":0,"max_hp_loss":0,"event_name":"Golden Wing","floor":6,"gold_loss":0},{"damage_healed":0,"gold_gain":0,"player_choice":"Got Potions","damage_taken":0,"max_hp_gain":0,"max_hp_loss":0,"event_name":"Lab","floor":7,"gold_loss":0},{"cards_removed":["Strike_B"],"damage_healed":0,"gold_gain":0,"player_choice":"Elegance","damage_taken":0,"max_hp_gain":0,"max_hp_loss":0,"event_name":"Back to Basics","floor":19,"gold_loss":0}],"is_beta":false,"boss_relics":[{"not_picked":["Tiny House","Runic Dome"],"picked":"Nuclear Battery"}],"items_purged_floors":[11,21],"is_endless":false,"potions_floor_spawned":[4,5,8,10,14,16,18,20,22,24,25],"killed_by":"Gremlin Leader","ascension_level":1}}