{"host":"2nhpogk5xa0u9xre","time":1610543813,"event":{"mods":["Aspiration","BaseMod","Colored Powertips","Googly Eyes","Hubris","Infinite Spire","Minty Spire (QoL Compilation)","Rare Cards Sparkle","Replay The Spire","StSLib","The Construct","The Hayseed","The Hierophant","The Runesmith","The Senshi","everything is the same but u backflip on backflip"],"gold_per_floor":[110,130,230,247,259,259,273,292,339,339,370,370,402,416,416,524,524,590,592,592,594,594],"floor_reached":21,"language":"ENG","playtime":606,"items_purged":[],"score":191,"play_id":"8c32d038-f8c8-4c66-af25-bd5597db34d6","local_time":"20210113081653","is_ascension_mode":false,"campfire_choices":[{"data":"theSenshi:MoonPrismPowerMakeUp","floor":6,"key":"SMITH"},{"data":"theSenshi:MoonKick","floor":12,"key":"SMITH"},{"floor":15,"key":"REST"}],"circlet_count":0,"master_deck":["theSenshi:SailorKick","theSenshi:SailorKick","theSenshi:SailorKick","theSenshi:SailorKick","theSenshi:SailorBlock","theSenshi:SailorBlock","theSenshi:SailorBlock","theSenshi:SailorBlock","theSenshi:RoseThrow","theSenshi:MoonPrismPowerMakeUp+1","theSenshi:MoonKick+1","theSenshi:MoonKick","theSenshi:SailorChibiMoonAssists","theSenshi:SailorMarsAssists","theSenshi:SailorVenusAssists","theSenshi:SailorMarsAssists","Parasite","theSenshi:SailorJupiterAssists","theSenshi:StudyParty","theSenshi:TuxedoSmokingBomber","theSenshi:MoonEternalMakeUp","theSenshi:MoonTiaraMagic","Normality"],"relics":["theSenshi:TransformationBroochRelic","NeowsBlessing","aspiration:TomeofQuesting","infinitespire:Midas Blood","hubris:MobiusCoin","hubris:HollowSoul","ReplayTheSpireMod:Ring of Collecting","Ring of Panic"],"acts_visited":["Exordium","TheCity"],"potions_floor_usage":[8,11,16],"damage_taken":[{"damage":0,"enemies":"Jaw Worm","floor":1,"turns":1},{"damage":0,"enemies":"Cultist","floor":2,"turns":1},{"damage":0,"enemies":"Small Slimes","floor":4,"turns":1},{"damage":12,"enemies":"Exordium Wildlife","floor":5,"turns":5},{"damage":17,"enemies":"3 Louse","floor":7,"turns":4},{"damage":12,"enemies":"Blue Slaver","floor":8,"turns":2},{"damage":20,"enemies":"Lagavulin","floor":11,"turns":5},{"damage":6,"enemies":"Gremlin Nob","floor":13,"turns":3},{"damage":6,"enemies":"Large Slime","floor":14,"turns":4},{"damage":25,"enemies":"Slime Boss","floor":16,"turns":9},{"damage":51,"enemies":"3 Byrds","floor":18,"turns":8}],"seed_played":"-3979579433711748932","potions_obtained":[{"floor":4,"key":"Milkshake"},{"floor":7,"key":"Fire Potion"},{"floor":8,"key":"SpeedPotion"},{"floor":14,"key":"GamblersBrew"}],"is_trial":false,"path_per_floor":["M","M","?","M","M","R","M","M","T","?","E","R","E","M","R","B",null,"M","?","?","?"],"character_chosen":"THE_SENSHI","items_purchased":[],"campfire_rested":1,"item_purchase_floors":[],"current_hp_per_floor":[75,75,75,75,63,63,46,34,34,52,32,32,26,20,42,17,75,24,10,10,0,0],"gold":594,"neow_bonus":"THREE_ENEMY_KILL","is_daily":false,"chose_seed":false,"campfire_upgraded":2,"win_rate":0.0,"timestamp":1610543813,"path_taken":["M","M","?","?","M","R","M","M","T","?","E","R","E","M","R","BOSS","M","?","?","?"],"items_purchased_type":[],"build_version":"2020-12-22","purchased_purges":0,"victory":false,"max_hp_per_floor":[75,75,75,75,75,75,75,75,75,75,75,75,75,75,75,75,75,75,80,80,80,80],"card_choices":[{"not_picked":["theSenshi:SchoolBag","theSenshi:Sidestep"],"picked":"theSenshi:MoonKick","floor":1},{"not_picked":["theSenshi:MoonPunch","theSenshi:TuxedoMaskAssists"],"picked":"theSenshi:MoonKick","floor":2},{"not_picked":["theSenshi:MoonsReflection","theSenshi:LunasBite"],"picked":"theSenshi:SailorChibiMoonAssists","floor":4},{"not_picked":["theSenshi:EncouragingSpeech","theSenshi:MoonsReflection"],"picked":"theSenshi:SailorMarsAssists","floor":5},{"not_picked":["theSenshi:SailorPlanetPower","theSenshi:MoonPower"],"picked":"theSenshi:SailorVenusAssists","floor":7},{"not_picked":["theSenshi:HesSoDreamy","theSenshi:Overload"],"picked":"theSenshi:SailorMarsAssists","floor":8},{"not_picked":["theSenshi:SailorPlanetPower","theSenshi:LunasBite"],"picked":"theSenshi:SailorJupiterAssists","floor":11},{"not_picked":["theSenshi:MoonPrincessHalation","theSenshi:MoonsReflection"],"picked":"theSenshi:StudyParty","floor":13},{"not_picked":["theSenshi:MoonPower","theSenshi:SailorMarsAssists"],"picked":"theSenshi:TuxedoSmokingBomber","floor":14},{"not_picked":["theSenshi:SilverCrystal","theSenshi:IWillPunishYou"],"picked":"theSenshi:MoonEternalMakeUp","floor":16},{"not_picked":["theSenshi:TallSilhouette","theSenshi:MoonsReflection+1"],"picked":"theSenshi:MoonTiaraMagic","floor":18}],"player_experience":245359,"relics_obtained":[{"floor":9,"key":"aspiration:TomeofQuesting"},{"floor":11,"key":"infinitespire:Midas Blood"},{"floor":13,"key":"hubris:MobiusCoin"},{"floor":20,"key":"ReplayTheSpireMod:Ring of Collecting"},{"floor":20,"key":"Ring of Panic"}],"event_choices":[{"damage_healed":0,"gold_gain":100,"player_choice":"Pray","damage_taken":0,"max_hp_gain":0,"max_hp_loss":0,"event_name":"Golden Shrine","floor":3,"gold_loss":0},{"damage_healed":18,"gold_gain":0,"player_choice":"Healed and dodged fight","damage_taken":0,"max_hp_gain":0,"max_hp_loss":0,"event_name":"Mushrooms","floor":10,"gold_loss":0,"cards_obtained":["Parasite"]},{"damage_healed":0,"gold_gain":0,"player_choice":"Shed Blood","damage_taken":19,"max_hp_gain":5,"max_hp_loss":0,"event_name":"Forgotten Altar","floor":19,"gold_loss":0}],"is_beta":false,"boss_relics":[{"not_picked":["Velvet Choker","hubris:VirtuousBlindfold"],"picked":"hubris:HollowSoul"}],"items_purged_floors":[],"is_endless":false,"potions_floor_spawned":[4,7,8,14],"ascension_level":0}}