{"host":"f7ig0n19ugxy95hc","time":1610512683,"event":{"mods":["BaseMod","Minty Spire (QoL Compilation)","StSLib"],"gold_per_floor":[116,134,134,152,165,165,180,30,80,155,180,255,281,294,294,294,294],"floor_reached":16,"language":"ENG","playtime":1319,"items_purged":[],"score":112,"play_id":"305545f0-8efc-45f4-b51a-b16db987ae93","local_time":"20210113053803","is_ascension_mode":false,"campfire_choices":[{"data":"Stack","floor":6,"key":"SMITH"},{"floor":15,"key":"REST"}],"circlet_count":0,"master_deck":["Strike_B","Strike_B","Strike_B","Strike_B","Defend_B","Defend_B","Defend_B","Defend_B","Zap","Dualcast","Chaos","Leap","Zap","Ball Lightning","Chill","Stack+1","BootSequence","Double Energy","Storm","Cold Snap"],"relics":["Cracked Core","Vajra","Strawberry","Smiling Mask","Bottled Lightning","Matryoshka","Lantern"],"acts_visited":["Exordium"],"potions_floor_usage":[7,11,16,16],"damage_taken":[{"damage":1,"enemies":"Jaw Worm","floor":1,"turns":3},{"damage":0,"enemies":"Cultist","floor":2,"turns":4},{"damage":1,"enemies":"2 Louse","floor":4,"turns":3},{"damage":0,"enemies":"Looter","floor":5,"turns":3},{"damage":0,"enemies":"Blue Slaver","floor":7,"turns":4},{"damage":14,"enemies":"Lagavulin","floor":11,"turns":7},{"damage":15,"enemies":"3 Sentries","floor":13,"turns":7},{"damage":4,"enemies":"Large Slime","floor":14,"turns":5},{"damage":62,"enemies":"Slime Boss","floor":16,"turns":12}],"seed_played":"-6906051584978593038","potions_obtained":[{"floor":5,"key":"SkillPotion"},{"floor":7,"key":"FearPotion"},{"floor":11,"key":"ColorlessPotion"},{"floor":14,"key":"SteroidPotion"}],"is_trial":false,"path_per_floor":["M","M","?","M","M","R","M","$","T","?","E","T","E","M","R","B"],"character_chosen":"DEFECT","items_purchased":["Strawberry"],"campfire_rested":1,"item_purchase_floors":[8],"current_hp_per_floor":[74,74,74,73,73,73,73,80,80,69,55,55,40,36,60,0,0],"gold":294,"neow_bonus":"RANDOM_COMMON_RELIC","is_daily":false,"chose_seed":false,"campfire_upgraded":1,"win_rate":0.0,"timestamp":1610512683,"path_taken":["M","M","?","M","M","R","?","$","T","?","E","?","E","M","R","BOSS"],"items_purchased_type":["Relic"],"build_version":"2020-12-22","purchased_purges":0,"victory":false,"max_hp_per_floor":[75,75,75,75,75,75,75,82,82,82,82,82,82,82,82,82,82],"card_choices":[{"not_picked":["Ball Lightning","Steam"],"picked":"Chaos","floor":1},{"not_picked":["Barrage","Rebound"],"picked":"Leap","floor":2},{"not_picked":["Reinforced Body","Go for the Eyes"],"picked":"Chill","floor":4},{"not_picked":["All For One","Hologram"],"picked":"Stack","floor":5},{"not_picked":["Steam","Aggregate"],"picked":"BootSequence","floor":7},{"not_picked":["Force Field","Undo"],"picked":"Double Energy","floor":11},{"not_picked":["Rebound","Compile Driver"],"picked":"Storm","floor":13},{"not_picked":["Go for the Eyes","Leap"],"picked":"Cold Snap","floor":14}],"player_experience":151713,"relics_obtained":[{"floor":9,"key":"Smiling Mask"},{"floor":11,"key":"Bottled Lightning"},{"floor":12,"key":"Matryoshka"},{"floor":13,"key":"Lantern"}],"event_choices":[{"damage_healed":0,"gold_gain":0,"player_choice":"2 cards matched","damage_taken":0,"max_hp_gain":0,"max_hp_loss":0,"event_name":"Match and Keep!","floor":3,"gold_loss":0,"cards_obtained":["Zap","Ball Lightning"]},{"damage_healed":0,"gold_gain":75,"player_choice":"Gather Gold","damage_taken":11,"max_hp_gain":0,"max_hp_loss":0,"event_name":"World of Goop","floor":10,"gold_loss":0}],"is_beta":false,"boss_relics":[],"items_purged_floors":[],"is_endless":false,"potions_floor_spawned":[5,7,11,14],"killed_by":"Slime Boss","ascension_level":0}}