{"host":"kqe6w2igxc79vo14","time":1610549060,"event":{"mods":["AchievementEnabler","BaseMod","Downfall","Minty Spire (QoL Compilation)","Quick Restart","StSLib"],"gold_per_floor":[99,117,137,137,137,156,224,59,59,75,95,121,221,121,137,233,233,83,183,198,198,145,155,155,180,191,203,217,229,229,240,255,358,358,358,373,373,384,395,395,395,427,352,402,420,420,437,468,479,479],"floor_reached":51,"language":"ENG","playtime":7347,"items_purged":["champ:Strike"],"score":910,"play_id":"f78fb12d-fb35-48e1-a85b-37690a47bf3e","local_time":"20210113164420","is_ascension_mode":false,"campfire_choices":[{"floor":1.0,"key":"RECALL"},{"floor":9.0,"key":"REST"},{"floor":18.0,"key":"REST"},{"floor":30.0,"key":"REST"},{"floor":35.0,"key":"REST"},{"floor":40.0,"key":"REST"},{"floor":43.0,"key":"REST"}],"circlet_count":0,"master_deck":["champ:Strike","champ:Strike","champ:Strike","champ:Defend+1","champ:Defend","champ:Defend+1","champ:Defend","champ:Execute+1","champ:Taunt","champ:CrookedStrike+1","champ:RapidStrikes","champ:PreciseThrust+1","champ:StanceDance","champ:GladiatorsShout","expansioncontent:DefensiveStance","champ:BerserkersShout","champ:MurderStrike+1","champ:DefensiveShout","champ:RecklessLeap+1","champ:DefensiveStyle","champ:HoldFirm","champ:IgnorePain","champ:PreciseThrust+1","champ:GladiatorStyle+1","expansioncontent:Chronoboost","champ:PreciseThrust+1"],"relics":["Fusion Hammer","champ:LiftRelic","Pen Nib","Molten Egg 2","Toy Ornithopter","downfall:GremlinWheel","SlaversCollar","downfall:HeartBlessingRed","downfall:HeartBlessingGreen","War Paint","Omamori","Tiny Chest","Philosopher\u0027s Stone","Bronze Scales","downfall:HeartBlessingBlue","Gambling Chip","Eternal Feather"],"acts_visited":["Exordium","TheCity","TheBeyond"],"potions_floor_usage":[50],"damage_taken":[{"damage":5.0,"enemies":"Cultist","floor":2.0,"turns":3.0},{"damage":5.0,"enemies":"2 Louse","floor":3.0,"turns":2.0},{"damage":4.0,"enemies":"Jaw Worm","floor":6.0,"turns":3.0},{"damage":5.0,"enemies":"downfall:FleeingMerchant","floor":8.0,"turns":4.0},{"damage":5.0,"enemies":"2 Fungi Beasts","floor":10.0,"turns":3.0},{"damage":11.0,"enemies":"Red Slaver","floor":11.0,"turns":3.0},{"damage":17.0,"enemies":"Lagavulin","floor":12.0,"turns":7.0},{"damage":21.0,"enemies":"Lagavulin","floor":13.0,"turns":4.0},{"damage":5.0,"enemies":"downfall:FleeingMerchant","floor":14.0,"turns":4.0},{"damage":8.0,"enemies":"Gremlin Gang","floor":15.0,"turns":4.0},{"damage":49.0,"enemies":"downfall:Watcher","floor":16.0,"turns":7.0},{"damage":12.0,"enemies":"3 Byrds","floor":20.0,"turns":6.0},{"damage":14.0,"enemies":"downfall:FleeingMerchant","floor":22.0,"turns":4.0},{"damage":38.0,"enemies":"3 Cultists","floor":23.0,"turns":4.0},{"damage":41.0,"enemies":"Slavers","floor":25.0,"turns":4.0},{"damage":25.0,"enemies":"Snecko","floor":26.0,"turns":3.0},{"damage":28.0,"enemies":"Shelled Parasite and Fungi","floor":27.0,"turns":4.0},{"damage":46.0,"enemies":"Centurion and Healer","floor":28.0,"turns":5.0},{"damage":28.0,"enemies":"Cultist and Chosen","floor":29.0,"turns":6.0},{"damage":5.0,"enemies":"Snecko","floor":31.0,"turns":3.0},{"damage":44.0,"enemies":"3 Cultists","floor":32.0,"turns":5.0},{"damage":32.0,"enemies":"downfall:Silent","floor":33.0,"turns":6.0},{"damage":20.0,"enemies":"Orb Walker","floor":36.0,"turns":4.0},{"damage":37.0,"enemies":"3 Darklings","floor":38.0,"turns":4.0},{"damage":48.0,"enemies":"Spire Growth","floor":39.0,"turns":5.0},{"damage":50.0,"enemies":"Nemesis","floor":42.0,"turns":5.0},{"damage":68.0,"enemies":"2 Orb Walkers","floor":44.0,"turns":6.0},{"damage":42.0,"enemies":"Maw","floor":45.0,"turns":7.0},{"damage":41.0,"enemies":"3 Darklings","floor":47.0,"turns":7.0},{"damage":52.0,"enemies":"Giant Head","floor":48.0,"turns":9.0},{"damage":38,"enemies":"Sphere and 2 Shapes","floor":49,"turns":5},{"damage":65,"enemies":"downfall:Defect","floor":50,"turns":8}],"seed_played":"-3576723824452542143","potions_obtained":[{"floor":3.0,"key":"DuplicationPotion"},{"floor":10.0,"key":"Swift Potion"},{"floor":15.0,"key":"DistilledChaos"},{"floor":16.0,"key":"FairyPotion"},{"floor":20.0,"key":"Explosive Potion"},{"floor":23.0,"key":"champ:TechniquePotion"},{"floor":31.0,"key":"champ:CounterPotion"},{"floor":33.0,"key":"champ:UltimateStancePotion"},{"floor":38.0,"key":"DuplicationPotion"},{"floor":39.0,"key":"PowerPotion"}],"is_trial":false,"path_per_floor":["R","M","M","?","?","M","T","$","R","M","M","E","?","$","M","B",null,"R","?","M","?","$","M","T","E","M","M","M","M","R","M","M","B",null,"R","M","?","M","M","R","T","E","R","?","M","?","M","E","M","B",null],"character_chosen":"THE_CHAMP","items_purchased":["champ:PreciseThrust+1","expansioncontent:DefensiveStance","champ:RecklessLeap+1"],"campfire_rested":6,"item_purchase_floors":[8,14,22],"current_hp_per_floor":[90,90,90,90,87,83,83,83,90,90,84,77,71,71,68,44,90,90,90,90,82,82,73,73,58,58,58,49,32,59,59,54,48,90,90,90,90,84,64,90,90,68,100,63,52,52,42,34,57,28],"gold":479,"neow_bonus":"BOSS_RELIC","is_daily":false,"chose_seed":false,"campfire_upgraded":0,"win_rate":0.0,"timestamp":1610549060,"path_taken":["R","M","M","?","?","M","T","$","R","?","M","E","?","$","M","BOSS","R","?","?","?","$","M","T","E","M","M","M","M","R","M","M","BOSS","R","M","?","M","M","R","T","E","R","?","M","?","M","E","M","BOSS"],"items_purchased_type":["Card","Card","Card"],"build_version":"2020-12-22","purchased_purges":1,"victory":true,"max_hp_per_floor":[90,90,90,90,90,90,90,90,90,90,90,90,90,90,90,90,90,90,90,90,90,90,90,90,90,90,90,90,90,90,90,90,90,90,90,90,90,90,90,90,90,90,100,100,100,100,100,100,100,100],"card_choices":[{"not_picked":["champ:DefensiveShout","champ:TornadoPunch","champ:FanOfKnives"],"picked":"SKIP","floor":2.0},{"not_picked":["champ:RisingSlash","champ:BerserkersShout"],"picked":"champ:CrookedStrike","floor":3.0},{"not_picked":["champ:PerfectedStrike","champ:BringItOn"],"picked":"champ:RapidStrikes","floor":6.0},{"not_picked":["champ:PerfectedStrike+1","champ:CheapShot+1"],"picked":"champ:BladeFlurry+1","floor":8.0},{"not_picked":["champ:FanOfKnives+1","champ:PerfectedStrike+1"],"picked":"champ:StanceDance","floor":10.0},{"not_picked":["champ:CrookedStrike+1","champ:FightOn","champ:HeavySlash+1"],"picked":"SKIP","floor":11.0},{"not_picked":["champ:PerfectedStrike+1","champ:BringItOn"],"picked":"champ:GladiatorsShout","floor":12.0},{"not_picked":["champ:GladiatorsShout","champ:DefensiveShout","champ:GutPunch+1"],"picked":"SKIP","floor":14.0},{"not_picked":["champ:GutPunch+1","champ:BringItOn"],"picked":"champ:BerserkersShout","floor":15.0},{"not_picked":["champ:LastStand","champ:ShieldThrow+1"],"picked":"champ:MurderStrike+1","floor":16.0},{"not_picked":["champ:Haymaker+1","champ:FanOfKnives+1"],"picked":"champ:DefensiveShout","floor":20.0},{"not_picked":["champ:BringItOn","champ:Haymaker+1","champ:GladiatorsShout"],"picked":"SKIP","floor":22.0},{"not_picked":["champ:Circumvent","champ:FocusedDefense+1","champ:FlashCut+1"],"picked":"SKIP","floor":23.0},{"not_picked":["champ:FlashCut+1","champ:ShieldWall+1","champ:RapidStrikes+1"],"picked":"SKIP","floor":25.0},{"not_picked":["champ:FanOfKnives+1","champ:DefensiveShout","champ:CrookedStrike+1"],"picked":"SKIP","floor":26.0},{"not_picked":["champ:FanOfKnives+1","champ:BladeFlurry+1","champ:IgnorePain"],"picked":"SKIP","floor":27.0},{"not_picked":["champ:Haymaker+1","champ:TornadoPunch+1","champ:GladiatorsShout"],"picked":"SKIP","floor":28.0},{"not_picked":["champ:DefensiveShout","champ:BladeFlurry+1","champ:RapidStrikes+1"],"picked":"SKIP","floor":29.0},{"not_picked":["champ:SkillfulDodge+1","champ:DeathBlow+1","champ:Lariat"],"picked":"SKIP","floor":31.0},{"not_picked":["champ:BerserkerStyle","champ:DefensiveShout"],"picked":"champ:DefensiveStyle","floor":32.0},{"not_picked":["champ:Devastate+1","champ:CheapShot+1"],"picked":"champ:HoldFirm","floor":33.0},{"not_picked":["champ:FanOfKnives+1","champ:PerfectedStrike+1","champ:BringItOn+1"],"picked":"SKIP","floor":36.0},{"not_picked":["champ:Backstep","champ:Circumvent"],"picked":"champ:IgnorePain","floor":38.0},{"not_picked":["champ:BringItOn+1","champ:FanOfKnives+1"],"picked":"champ:PreciseThrust+1","floor":39.0},{"not_picked":["champ:DefensiveStyle","champ:FanOfKnives+1","champ:EnGarde+1"],"picked":"SKIP","floor":42.0},{"not_picked":["champ:FlashCut+1","champ:GladiatorsShout"],"picked":"champ:GladiatorStyle+1","floor":44.0},{"not_picked":["champ:GutPunch+1","champ:BerserkersShout","champ:GladiatorStyle"],"picked":"SKIP","floor":45.0},{"not_picked":["expansioncontent:DefensiveMode","expansioncontent:HyperBeam+1"],"picked":"expansioncontent:Chronoboost","floor":46.0},{"not_picked":["champ:FocusedBerserking","champ:Backstep+1","champ:Duel+1"],"picked":"SKIP","floor":47.0},{"not_picked":["champ:FaceSlap+1","champ:GladiatorsShout+1"],"picked":"champ:PreciseThrust+1","floor":48.0},{"not_picked":["champ:GutPunch+1","champ:FlashCut+1","champ:Riposte"],"picked":"SKIP","floor":49}],"player_experience":889095,"relics_obtained":[{"floor":7.0,"key":"Molten Egg 2"},{"floor":12.0,"key":"Toy Ornithopter"},{"floor":13.0,"key":"downfall:GremlinWheel"},{"floor":18.0,"key":"War Paint"},{"floor":24.0,"key":"Omamori"},{"floor":25.0,"key":"Tiny Chest"},{"floor":42.0,"key":"Bronze Scales"},{"floor":44.0,"key":"Gambling Chip"},{"floor":48.0,"key":"Eternal Feather"}],"event_choices":[{"damage_healed":0.0,"max_hp_gain":0.0,"max_hp_loss":0.0,"gold_gain":0.0,"event_name":"Scrap Ooze","player_choice":"Success","floor":5.0,"gold_loss":0.0,"damage_taken":3.0,"relics_obtained":["Pen Nib"]},{"damage_healed":0.0,"max_hp_gain":0.0,"max_hp_loss":0.0,"gold_gain":0.0,"event_name":"Wheel of Change","player_choice":"Relic","floor":18.0,"gold_loss":0.0,"damage_taken":0.0},{"cards_removed":["champ:BladeFlurry"],"damage_healed":0.0,"max_hp_gain":0.0,"max_hp_loss":0.0,"gold_gain":0.0,"event_name":"Falling","player_choice":"Removed Attack","floor":37.0,"gold_loss":0.0,"damage_taken":0.0},{"damage_healed":0.0,"max_hp_gain":0.0,"max_hp_loss":0.0,"gold_gain":0.0,"event_name":"Mysterious Sphere","player_choice":"Fight","floor":44.0,"gold_loss":0.0,"damage_taken":0.0}],"is_beta":false,"boss_relics":[{"not_picked":["Coffee Dripper","SacredBark"],"picked":"SlaversCollar"},{"not_picked":["Runic Pyramid","Snecko Eye"],"picked":"Philosopher\u0027s Stone"}],"items_purged_floors":[8],"is_endless":false,"potions_floor_spawned":[3,10,15,16,20,23,28,31,33,38,39,47],"ascension_level":0}}