{"host":"s794kqxf2n1qz2yr","time":1610558451,"event":{"mods":["100% Spire Juice","2.2 Compatiblity","AchievementEnabler","Aspiration","BaseMod","ChefMod","Downfall","Friendly Minions","Hermit","Marisa????????","Minty Spire (QoL Compilation)","Permanent Neow","StSLib","The Animator","The Cursed"],"gold_per_floor":[111,126,140,157,167,167,167,179,179,179,199,199,213,213,213,309,309,329,342,356,262,274,274,306,306,333,363,381,400,400,410,410,507,507,523,523,798,810,810,810,836,850,850,850,850],"floor_reached":44,"language":"ENG","playtime":3738,"items_purged":[],"score":576,"play_id":"b0096db3-3a65-405b-929e-017c1aacf1e0","local_time":"20210113172051","is_ascension_mode":false,"campfire_choices":[{"data":"TheCursedMod:CleanUpWorkshop","floor":6,"key":"SMITH"},{"data":"1","floor":10,"key":"LIFT"},{"data":"2","floor":12,"key":"LIFT"},{"floor":15,"key":"REST"},{"data":"3","floor":23,"key":"LIFT"},{"data":"TheCursedMod:VoidForm","floor":25,"key":"SMITH"},{"floor":32,"key":"REST"},{"data":"TheCursedMod:Neurasthenia","floor":40,"key":"SMITH"}],"circlet_count":0,"master_deck":["TheCursedMod:Strike_TheCursed","TheCursedMod:Strike_TheCursed","TheCursedMod:Strike_TheCursed","TheCursedMod:Strike_TheCursed","TheCursedMod:Defend_TheCursed","TheCursedMod:Defend_TheCursed","TheCursedMod:Defend_TheCursed","TheCursedMod:Defend_TheCursed","TheCursedMod:CursedWand","TheCursedMod:CleanUpWorkshop+1","TheCursedMod:Dregs","TheCursedMod:ReleasedStrength","TheCursedMod:CursedShiv","TheCursedMod:ReleasedKnowledge","TheCursedMod:LuckyCharm","TheCursedMod:SpitefulPray","TheCursedMod:ReleasedStrength","TheCursedMod:SurpriseAttack","TheCursedMod:SurpriseAttack","TheCursedMod:Evocation","Injury","TheCursedMod:SpitefulPray","TheCursedMod:SpitefulStrike+1","TheCursedMod:LuckyCharm","TheCursedMod:CursedAmulet","TheCursedMod:AbyssShockwave+1","TheCursedMod:SpitefulPlan","TheCursedMod:DemonSword+1","TheCursedMod:TroublousMinions","TheCursedMod:FleshFromBone+1","TheCursedMod:LuckyCharm","TheCursedMod:ReleasedKnowledge","TheCursedMod:SurpriseAttack+1","TheCursedMod:LuckyCharm","TheCursedMod:CircleOfCorruption","TheCursedMod:WearCloak+1","TheCursedMod:VoidForm+1","TheCursedMod:WearCloak","TheCursedMod:TroublousMinions","TheCursedMod:Neurasthenia+1","TheCursedMod:SurpriseAttack+1","Wraith","Regret","TheCursedMod:SurpriseAttack+1","TheCursedMod:NeowsMight","TheCursedMod:SurpriseAttack+1"],"relics":["TheCursedMod:BlackMagic101","Prayer Wheel","Molten Egg 2","Girya","Runic Pyramid","Akabeko","Bronze Scales","Eternal Feather","Philosopher\u0027s Stone","Meat on the Bone","Darkstone Periapt"],"acts_visited":["Exordium","TheCity","TheBeyond"],"potions_floor_usage":[16],"damage_taken":[{"damage":0,"enemies":"Cultist","floor":1,"turns":3},{"damage":0,"enemies":"Small Slimes","floor":2,"turns":3},{"damage":0,"enemies":"2 Louse","floor":3,"turns":2},{"damage":1,"enemies":"Exordium Wildlife","floor":4,"turns":5},{"damage":5,"enemies":"2 Fungi Beasts","floor":5,"turns":4},{"damage":7,"enemies":"Exordium Thugs","floor":8,"turns":4},{"damage":6,"enemies":"Blue Slaver","floor":11,"turns":3},{"damage":0,"enemies":"Red Slaver","floor":13,"turns":2},{"damage":22,"enemies":"The Guardian","floor":16,"turns":8},{"damage":8,"enemies":"Shell Parasite","floor":18,"turns":3},{"damage":0,"enemies":"3 Byrds","floor":19,"turns":4},{"damage":0,"enemies":"Snecko","floor":20,"turns":5},{"damage":15,"enemies":"Snake Plant","floor":22,"turns":3},{"damage":0,"enemies":"Gremlin Leader","floor":24,"turns":5},{"damage":29,"enemies":"Book of Stabbing","floor":27,"turns":4},{"damage":13,"enemies":"Centurion and Healer","floor":28,"turns":4},{"damage":0,"enemies":"3 Cultists","floor":29,"turns":3},{"damage":0,"enemies":"Snecko","floor":31,"turns":4},{"damage":1,"enemies":"Champ","floor":33,"turns":8},{"damage":0,"enemies":"3 Shapes","floor":35,"turns":4},{"damage":6,"enemies":"Orb Walker","floor":38,"turns":2},{"damage":14,"enemies":"Reptomancer","floor":41,"turns":8},{"damage":23,"enemies":"Spire Growth","floor":42,"turns":4},{"damage":41,"enemies":"Giant Head","floor":44,"turns":6}],"seed_played":"-1576792489023432475","potions_obtained":[{"floor":3,"key":"CultistPotion"},{"floor":8,"key":"AttackPotion"},{"floor":11,"key":"FearPotion"},{"floor":16,"key":"FearPotion"}],"is_trial":false,"path_per_floor":["M","M","M","M","M","R","?","M","T","R","M","R","M","?","R","B",null,"M","M","M","$","M","R","E","R","T","E","M","M","?","M","R","B",null,"M","?","?","M","?","R","E","M","T","E"],"character_chosen":"THE_CURSED","items_purchased":["TheCursedMod:LuckyCharm","TheCursedMod:CircleOfCorruption"],"campfire_rested":2,"item_purchase_floors":[21,21],"current_hp_per_floor":[54,54,54,53,48,48,48,41,41,41,35,35,35,35,57,35,75,67,67,67,67,52,52,52,52,52,23,10,10,10,10,53,52,75,75,75,75,69,69,75,61,38,38,0,0],"gold":850,"neow_bonus":"ONE_RARE_RELIC","is_daily":false,"chose_seed":false,"campfire_upgraded":3,"win_rate":0.0,"timestamp":1610558451,"path_taken":["M","M","M","M","M","R","?","M","T","R","M","R","M","?","R","BOSS","M","M","M","$","?","R","E","R","T","E","M","M","?","M","R","BOSS","M","?","?","?","?","R","E","?","T","E"],"items_purchased_type":["Card","Card"],"build_version":"2020-12-22","purchased_purges":0,"victory":false,"max_hp_per_floor":[75,75,75,75,75,75,75,75,75,75,75,75,75,75,75,75,75,75,75,75,75,75,75,75,75,75,75,75,75,75,75,75,75,75,75,75,75,75,75,75,75,75,75,75,75],"card_choices":[{"not_picked":["TheCursedMod:SmokeScreen","TheCursedMod:FleshFromBone"],"picked":"TheCursedMod:ReleasedStrength","floor":1},{"not_picked":["TheCursedMod:RavingStaff","TheCursedMod:CircleOfFlame","TheCursedMod:TacticalStrike"],"picked":"SKIP","floor":1},{"not_picked":["TheCursedMod:SpitefulStrike","TheCursedMod:RavingStaff"],"picked":"TheCursedMod:CursedShiv","floor":2},{"not_picked":["TheCursedMod:Stigma","TheCursedMod:CircleOfAmplification","TheCursedMod:ReleasedKnowledge"],"picked":"SKIP","floor":2},{"not_picked":["TheCursedMod:Stigma","TheCursedMod:CircleOfAmplification"],"picked":"TheCursedMod:ReleasedKnowledge","floor":2},{"not_picked":["TheCursedMod:CursedStaff","TheCursedMod:StunningStrike"],"picked":"TheCursedMod:LuckyCharm","floor":3},{"not_picked":["TheCursedMod:SpitefulStrike","TheCursedMod:CursedShiv"],"picked":"TheCursedMod:SpitefulPray","floor":3},{"not_picked":["TheCursedMod:Stretching","TheCursedMod:CursedAmulet"],"picked":"TheCursedMod:ReleasedStrength","floor":4},{"not_picked":["TheCursedMod:FleshFromBone","TheCursedMod:StingEye"],"picked":"TheCursedMod:SurpriseAttack","floor":4},{"not_picked":["TheCursedMod:ReleasedKnowledge","TheCursedMod:CircleOfWindfury"],"picked":"TheCursedMod:SurpriseAttack","floor":5},{"not_picked":["TheCursedMod:RavingStaff","TheCursedMod:SpitefulStrike"],"picked":"TheCursedMod:Evocation","floor":5},{"not_picked":["TheCursedMod:Wield+1","TheCursedMod:FleshFromBone"],"picked":"TheCursedMod:SpitefulPray","floor":8},{"not_picked":["TheCursedMod:UltimatePain","TheCursedMod:Wield+1"],"picked":"TheCursedMod:SpitefulStrike+1","floor":8},{"not_picked":["TheCursedMod:VitalStrike+1","TheCursedMod:SoulCrush+1"],"picked":"TheCursedMod:LuckyCharm","floor":11},{"not_picked":["TheCursedMod:CircleOfFocus","TheCursedMod:SoulReap+1"],"picked":"TheCursedMod:CursedAmulet","floor":11},{"not_picked":["TheCursedMod:Stigma+1","TheCursedMod:RavingStaff+1"],"picked":"TheCursedMod:AbyssShockwave+1","floor":13},{"not_picked":["TheCursedMod:TroublousMinions","TheCursedMod:CursedMace+1"],"picked":"TheCursedMod:SpitefulPlan","floor":13},{"not_picked":["TheCursedMod:Neurasthenia","TheCursedMod:DarkBarrier"],"picked":"TheCursedMod:DemonSword+1","floor":16},{"not_picked":["TheCursedMod:BlessingInDisguise","TheCursedMod:CursedMace+1"],"picked":"TheCursedMod:TroublousMinions","floor":18},{"not_picked":["TheCursedMod:RavingStaff+1","TheCursedMod:SoulCrush+1"],"picked":"TheCursedMod:FleshFromBone+1","floor":18},{"not_picked":["TheCursedMod:BlessingInDisguise","TheCursedMod:CursedAmulet"],"picked":"TheCursedMod:LuckyCharm","floor":19},{"not_picked":["TheCursedMod:AbyssShockwave+1","TheCursedMod:Hemoplague","TheCursedMod:Obscuration"],"picked":"SKIP","floor":19},{"not_picked":["TheCursedMod:PrepareRite","TheCursedMod:VitalStrike+1"],"picked":"TheCursedMod:ReleasedKnowledge","floor":20},{"not_picked":["TheCursedMod:HellsGateOpen","TheCursedMod:CircleOfFlame"],"picked":"TheCursedMod:SurpriseAttack+1","floor":20},{"not_picked":["TheCursedMod:Stigma+1","TheCursedMod:Hemoplague"],"picked":"TheCursedMod:WearCloak+1","floor":22},{"not_picked":["TheCursedMod:CursedBlade+1","TheCursedMod:RapidMovement","TheCursedMod:SmokeScreen"],"picked":"SKIP","floor":22},{"not_picked":["TheCursedMod:RavingStaff+1","TheCursedMod:SmokeScreen"],"picked":"TheCursedMod:VoidForm","floor":24},{"not_picked":["TheCursedMod:CursedAmulet","TheCursedMod:FuryStrike+1"],"picked":"TheCursedMod:WearCloak","floor":27},{"not_picked":["TheCursedMod:Hemoplague","TheCursedMod:Obscuration","TheCursedMod:SmokeScreen+1"],"picked":"SKIP","floor":28},{"not_picked":["TheCursedMod:CursedMace+1","TheCursedMod:SmokeScreen+1","TheCursedMod:SaltUponWound+1"],"picked":"SKIP","floor":28},{"not_picked":["TheCursedMod:CursedBlade+1","TheCursedMod:SmokeScreen"],"picked":"TheCursedMod:TroublousMinions","floor":29},{"not_picked":["TheCursedMod:FuryStrike+1","TheCursedMod:PrepareRite","TheCursedMod:SoulCrush+1"],"picked":"SKIP","floor":29},{"not_picked":["TheCursedMod:FleshFromBone","TheCursedMod:ManaBullet+1","TheCursedMod:CircleOfBlood"],"picked":"SKIP","floor":31},{"not_picked":["TheCursedMod:OutForBlood","TheCursedMod:CursedAmulet","TheCursedMod:SoulCrush+1"],"picked":"SKIP","floor":31},{"not_picked":["TheCursedMod:ShockAndAwe+1","TheCursedMod:AntiAging"],"picked":"TheCursedMod:Neurasthenia","floor":33},{"not_picked":["TheCursedMod:VitalStrike+1","TheCursedMod:RapidMovement+1"],"picked":"TheCursedMod:SurpriseAttack+1","floor":35},{"not_picked":["TheCursedMod:CircleOfFlame+1","TheCursedMod:CircleOfWindfury+1","TheCursedMod:Wield+1"],"picked":"SKIP","floor":35},{"not_picked":["TheCursedMod:ReleasedKnowledge+1","TheCursedMod:Stigma+1"],"picked":"TheCursedMod:SurpriseAttack+1","floor":38},{"not_picked":["TheCursedMod:CursedBoomerang+1","TheCursedMod:Wield+1","TheCursedMod:CursedShiv+1"],"picked":"SKIP","floor":38},{"not_picked":["TheCursedMod:ReleasedKnowledge+1","TheCursedMod:Stigma+1"],"picked":"TheCursedMod:NeowsMight","floor":41},{"not_picked":["TheCursedMod:CircleOfFocus","TheCursedMod:PrepareRite+1"],"picked":"TheCursedMod:SurpriseAttack+1","floor":42},{"not_picked":["TheCursedMod:TacticalStrike+1","TheCursedMod:Wield+1","TheCursedMod:Obscuration"],"picked":"SKIP","floor":42}],"player_experience":366807,"relics_obtained":[{"floor":9,"key":"Girya"},{"floor":24,"key":"Akabeko"},{"floor":26,"key":"Bronze Scales"},{"floor":27,"key":"Eternal Feather"},{"floor":41,"key":"Meat on the Bone"},{"floor":43,"key":"Darkstone Periapt"}],"event_choices":[{"damage_healed":0,"gold_gain":0,"player_choice":"Ignored","damage_taken":0,"max_hp_gain":0,"max_hp_loss":0,"event_name":"Fountain of Cleansing","floor":14,"gold_loss":0},{"damage_healed":0,"gold_gain":0,"player_choice":"Ignored","damage_taken":0,"max_hp_gain":0,"max_hp_loss":0,"event_name":"OrinTheCat","floor":36,"gold_loss":0},{"damage_healed":0,"gold_gain":275,"player_choice":"Desecrate","damage_taken":0,"max_hp_gain":0,"max_hp_loss":0,"event_name":"Golden Shrine","floor":37,"gold_loss":0,"cards_obtained":["Regret"]},{"damage_healed":0,"gold_gain":0,"player_choice":"Ignored","damage_taken":0,"max_hp_gain":0,"max_hp_loss":0,"event_name":"Transmorgrifier","floor":39,"gold_loss":0}],"is_beta":false,"boss_relics":[{"not_picked":["aspiration:DefectSkillbook","aspiration:RitualDagger"],"picked":"Runic Pyramid"},{"not_picked":["aspiration:FutureDiary","Pandora\u0027s Box"],"picked":"Philosopher\u0027s Stone"}],"items_purged_floors":[],"is_endless":false,"potions_floor_spawned":[3,8,11,13,16,20,24,27,41],"killed_by":"Giant Head","ascension_level":0}}