{"host":"344lv32hnei0mdhu","time":1610554947,"event":{"mods":["Act Like it!","BaseMod","Better Match","Better Sensory Stone","Better Skull","Better Third Choice","Better Vampires","Colored Powertips","Highlight Path","Minty Spire (QoL Compilation)","Quick Restart","Random Character Button","Rare Cards Sparkle","StSLib"],"gold_per_floor":[112,122,122,142,154,154,229,229,229,239,301,335,348,377,377,473,473,488,488,109,121,121,121,121,148,173,206,13,13,27,27,27,27,27],"floor_reached":33,"language":"ENG","playtime":1205,"items_purged":["Strike_R"],"score":477,"play_id":"76f0c52b-3b54-4de1-86c5-1e58f392014a","local_time":"20210113102227","is_ascension_mode":true,"campfire_choices":[{"floor":6.0,"key":"REST"},{"data":"Infernal Blade","floor":8.0,"key":"SMITH"},{"data":"Disarm","floor":15,"key":"SMITH"},{"data":"Demon Form","floor":23,"key":"SMITH"},{"floor":29,"key":"REST"},{"floor":32,"key":"RECALL"}],"circlet_count":0,"master_deck":["AscendersBane","Strike_R","Strike_R","Strike_R","Strike_R","Defend_R","Defend_R","Defend_R","Defend_R","Bash","Pummel","Infernal Blade+1","Sword Boomerang","Barricade","Carnage","Spot Weakness","Whirlwind","Disarm+1","Demon Form+1","Flame Barrier","Rage","Flame Barrier","Inflame"],"relics":["Burning Blood","Torii","HornCleat","Happy Flower","Art of War","Runic Cube","Ice Cream","Dream Catcher","StrikeDummy","Bronze Scales"],"acts_visited":["Exordium","TheCity"],"potions_floor_usage":[16,25,27,33,33],"damage_taken":[{"damage":4.0,"enemies":"Small Slimes","floor":1.0,"turns":4.0},{"damage":8.0,"enemies":"Jaw Worm","floor":2.0,"turns":5.0},{"damage":7.0,"enemies":"2 Louse","floor":4.0,"turns":2.0},{"damage":17.0,"enemies":"Looter","floor":5.0,"turns":3.0},{"damage":0.0,"enemies":"Large Slime","floor":10.0,"turns":4.0},{"damage":27.0,"enemies":"Gremlin Nob","floor":11.0,"turns":5.0},{"damage":0.0,"enemies":"Gremlin Nob","floor":12.0,"turns":3.0},{"damage":0.0,"enemies":"2 Fungi Beasts","floor":13.0,"turns":2.0},{"damage":2.0,"enemies":"3 Sentries","floor":14.0,"turns":4.0},{"damage":14,"enemies":"The Guardian","floor":16,"turns":12},{"damage":27,"enemies":"Spheric Guardian","floor":18,"turns":5},{"damage":28,"enemies":"Chosen","floor":21,"turns":5},{"damage":24,"enemies":"Slavers","floor":25,"turns":6},{"damage":10,"enemies":"Gremlin Leader","floor":27,"turns":7},{"damage":16,"enemies":"Snake Plant","floor":30,"turns":5},{"damage":76,"enemies":"Automaton","floor":33,"turns":6}],"seed_played":"-8146563965416085788","potions_obtained":[{"floor":5.0,"key":"ColorlessPotion"},{"floor":10.0,"key":"LiquidBronze"},{"floor":11.0,"key":"AttackPotion"},{"floor":13.0,"key":"DuplicationPotion"},{"floor":14.0,"key":"Weak Potion"},{"floor":16,"key":"ColorlessPotion"},{"floor":21,"key":"Strength Potion"},{"floor":25,"key":"Block Potion"},{"floor":30,"key":"Block Potion"}],"is_trial":false,"path_per_floor":["M","M","$","M","M","R","?","R","T","M","?","E","M","E","R","B",null,"M","?","$","M","?","R","$","E","T","E","$","R","M","?","R","B"],"character_chosen":"IRONCLAD","items_purchased":["Ice Cream","Flame Barrier","Bronze Scales"],"campfire_rested":2,"item_purchase_floors":[20,28,28],"current_hp_per_floor":[82,80,80,79,68,88,77,77,77,83,62,68,74,78,78,70,84,63,63,63,41,70,70,70,52,52,48,48,74,64,64,64,0,0],"gold":27,"neow_bonus":"TEN_PERCENT_HP_BONUS","is_daily":false,"chose_seed":false,"campfire_upgraded":3,"win_rate":0.0,"timestamp":1610554947,"path_taken":["M","M","$","M","M","R","?","R","T","M","?","E","M","E","R","BOSS","M","?","$","M","?","R","$","E","T","E","$","R","M","?","R","BOSS"],"items_purchased_type":["Relic","Card","Relic"],"build_version":"2020-12-22","purchased_purges":1,"victory":false,"max_hp_per_floor":[88,88,88,88,88,88,88,88,88,88,88,88,88,88,88,88,88,88,88,88,88,88,88,88,88,88,88,88,88,88,88,88,88,88],"card_choices":[{"not_picked":["Clothesline","Wild Strike"],"picked":"Pummel","floor":1.0},{"not_picked":["Clothesline","Sever Soul","Pummel"],"picked":"SKIP","floor":2.0},{"not_picked":["Sever Soul","Body Slam"],"picked":"Infernal Blade","floor":4.0},{"not_picked":["Clothesline","Iron Wave"],"picked":"Sword Boomerang","floor":5.0},{"not_picked":["Searing Blow","Flex"],"picked":"Barricade","floor":10.0},{"not_picked":["Twin Strike","Clothesline"],"picked":"Carnage","floor":11.0},{"not_picked":["True Grit","Flex"],"picked":"Spot Weakness","floor":12.0},{"not_picked":["True Grit","Armaments"],"picked":"Whirlwind","floor":13.0},{"not_picked":["Headbutt","Shrug It Off"],"picked":"Disarm","floor":14.0},{"not_picked":["Berserk","Juggernaut"],"picked":"Demon Form","floor":16},{"not_picked":["Wild Strike","Bloodletting","Headbutt"],"picked":"SKIP","floor":18},{"not_picked":["Burning Pact","Battle Trance"],"picked":"Flame Barrier","floor":21},{"not_picked":["Ghostly Armor","Heavy Blade+1"],"picked":"Rage","floor":25},{"not_picked":["Whirlwind","Hemokinesis","Corruption"],"picked":"SKIP","floor":27},{"not_picked":["Clash+1","Bloodletting"],"picked":"Inflame","floor":29},{"not_picked":["Rupture+1","Anger","Havoc"],"picked":"SKIP","floor":30}],"player_experience":332648,"relics_obtained":[{"floor":9.0,"key":"Torii"},{"floor":11.0,"key":"HornCleat"},{"floor":12.0,"key":"Happy Flower"},{"floor":14.0,"key":"Art of War"},{"floor":25,"key":"Dream Catcher"},{"floor":27,"key":"StrikeDummy"}],"event_choices":[{"damage_healed":0.0,"max_hp_gain":0.0,"max_hp_loss":0.0,"gold_gain":75.0,"event_name":"betterThird:BetterGoop","player_choice":"Gold","floor":7.0,"gold_loss":0.0,"damage_taken":11.0},{"damage_healed":0.0,"max_hp_gain":0.0,"max_hp_loss":0.0,"gold_gain":0.0,"event_name":"Dead Adventurer","player_choice":"Searched \u00271\u0027 times","floor":11.0,"gold_loss":0.0,"damage_taken":0.0},{"damage_healed":0,"gold_gain":0,"player_choice":"Ignored","damage_taken":0,"max_hp_gain":0,"max_hp_loss":0,"event_name":"Cursed Tome","floor":19,"gold_loss":0},{"damage_healed":29,"gold_gain":0,"player_choice":"Heal","damage_taken":0,"max_hp_gain":0,"max_hp_loss":0,"event_name":"The Library","floor":22,"gold_loss":0}],"is_beta":false,"boss_relics":[{"not_picked":["Sozu","Ectoplasm"],"picked":"Runic Cube"}],"items_purged_floors":[20],"is_endless":false,"potions_floor_spawned":[5,10,11,13,14,16,21,25,30],"killed_by":"Automaton","ascension_level":10}}