{"host":"j4g6ia6asvpyu2b0","time":1610537501,"event":{"mods":["BaseMod","Colored Map","Minty Spire (QoL Compilation)","Permanent Neow","Quick Restart","Relic Stats","StSLib","Unceasing Turn Reminder"],"gold_per_floor":[133,168,227,227,260,292,292,320,320,353,353,431,465,484,484,484,484],"floor_reached":16,"language":"ENG","playtime":468,"items_purged":[],"score":189,"play_id":"7d2ade45-7dbe-410c-993e-6cdecca26306","local_time":"20210113043141","is_ascension_mode":true,"campfire_choices":[{"floor":7,"key":"REST"},{"data":"HandOfGreed","floor":15,"key":"SMITH"}],"circlet_count":0,"master_deck":["AscendersBane","Strike_B","Strike_B","Strike_B","Strike_B","Defend_B","Defend_B","Defend_B","Defend_B","Zap","Dualcast","HandOfGreed+1","Conserve Battery","Tempest","Rebound","Ball Lightning","Genetic Algorithm+1","Aggregate","Melter","Self Repair"],"relics":["Cracked Core","Toy Ornithopter","Eternal Feather","Anchor","Lantern","Shuriken"],"acts_visited":["Exordium"],"potions_floor_usage":[5,8,14],"damage_taken":[{"damage":0,"enemies":"Cultist","floor":1,"turns":3},{"damage":0,"enemies":"Small Slimes","floor":2,"turns":3},{"damage":6,"enemies":"2 Louse","floor":3,"turns":5},{"damage":11,"enemies":"Looter","floor":5,"turns":2},{"damage":25,"enemies":"Gremlin Nob","floor":6,"turns":4},{"damage":25,"enemies":"Lagavulin","floor":8,"turns":5},{"damage":25,"enemies":"3 Sentries","floor":10,"turns":6},{"damage":1,"enemies":"3 Louse","floor":13,"turns":4},{"damage":13,"enemies":"Blue Slaver","floor":14,"turns":4},{"damage":18,"enemies":"Hexaghost","floor":16,"turns":5}],"seed_played":"6099439098296876101","potions_obtained":[{"floor":1,"key":"SneckoOil"},{"floor":5,"key":"Regen Potion"},{"floor":10,"key":"ColorlessPotion"},{"floor":14,"key":"Swift Potion"}],"is_trial":false,"path_per_floor":["M","M","M","T","M","E","R","E","T","E","?","?","M","M","R","B"],"character_chosen":"DEFECT","items_purchased":[],"campfire_rested":1,"item_purchase_floors":[],"current_hp_per_floor":[50,50,44,44,38,13,44,38,38,13,13,13,12,4,16,0,0],"gold":484,"neow_bonus":"RANDOM_COLORLESS_2","is_daily":false,"chose_seed":false,"campfire_upgraded":1,"win_rate":0.0,"timestamp":1610537501,"path_taken":["M","M","M","?","M","E","R","E","T","E","?","?","M","M","R","BOSS"],"items_purchased_type":[],"build_version":"2020-12-22","purchased_purges":0,"victory":false,"max_hp_per_floor":[75,75,75,75,75,75,75,75,75,75,75,75,75,75,75,75,75],"relic_stats":{"counters":[10,41],"Shuriken":[2],"Eternal Feather":21,"obtain_stats":[{"Anchor":8,"Lantern":9,"Shuriken":10,"Eternal Feather":6,"Cracked Core":0,"Toy Ornithopter":4},{"Anchor":6,"Lantern":6,"Shuriken":7,"Eternal Feather":5,"Cracked Core":0,"Toy Ornithopter":3},{"Anchor":22,"Lantern":22,"Shuriken":28,"Eternal Feather":17,"Cracked Core":0,"Toy Ornithopter":11}],"Toy Ornithopter":15},"card_choices":[{"not_picked":["The Bomb","Transmutation"],"picked":"HandOfGreed","floor":0},{"not_picked":["Lockon","Scrape"],"picked":"Conserve Battery","floor":1},{"not_picked":["Streamline","Leap"],"picked":"Tempest","floor":2},{"not_picked":["Turbo","Go for the Eyes"],"picked":"Rebound","floor":3},{"not_picked":["Coolheaded","Steam"],"picked":"Ball Lightning","floor":5},{"not_picked":["Beam Cell","Go for the Eyes","Turbo"],"picked":"SKIP","floor":6},{"not_picked":["All For One","Blizzard"],"picked":"Genetic Algorithm","floor":8},{"not_picked":["Leap","Skim"],"picked":"Aggregate","floor":10},{"not_picked":["Turbo","Ball Lightning"],"picked":"Melter","floor":13},{"not_picked":["Conserve Battery","Gash"],"picked":"Self Repair","floor":14}],"player_experience":827766,"relics_obtained":[{"floor":4,"key":"Toy Ornithopter"},{"floor":6,"key":"Eternal Feather"},{"floor":8,"key":"Anchor"},{"floor":9,"key":"Lantern"},{"floor":10,"key":"Shuriken"}],"event_choices":[{"damage_healed":0,"gold_gain":0,"player_choice":"Grow","damage_taken":0,"max_hp_gain":0,"max_hp_loss":0,"event_name":"Living Wall","floor":11,"gold_loss":0,"cards_upgraded":["Genetic Algorithm"]},{"damage_healed":0,"gold_gain":78,"player_choice":"Gained Gold","damage_taken":0,"max_hp_gain":0,"max_hp_loss":0,"event_name":"Golden Wing","floor":12,"gold_loss":0}],"is_beta":false,"boss_relics":[],"items_purged_floors":[],"is_endless":false,"potions_floor_spawned":[1,5,10,14],"killed_by":"Hexaghost","ascension_level":11}}