{"host":"dpbezu80jg8zk7un","time":1610536398,"event":{"mods":["BaseMod","Colored Map","Colored Powertips","Custom Start","DeckTracker","Minty Spire (QoL Compilation)","Quick Restart","StSLib","SuperFastMode"],"gold_per_floor":[109,122,8,22,32,32,48,59,59,59,92,92,125,50,50,127,127,145,145,45,45,60,60,87,102,102,102,121,146,146,146],"floor_reached":30,"language":"KOR","playtime":830,"items_purged":["Strike_R","Strike_R"],"score":560,"play_id":"214bad1b-f8d0-4bd6-b5f1-370d4ca8e9fd","local_time":"20210113201318","is_ascension_mode":true,"campfire_choices":[{"data":"Hemokinesis","floor":6,"key":"SMITH"},{"data":"Shockwave","floor":12,"key":"SMITH"},{"data":"Blood for Blood","floor":15,"key":"SMITH"},{"floor":23,"key":"REST"},{"floor":27,"key":"REST"}],"circlet_count":0,"master_deck":["AscendersBane","Strike_R","Strike_R","Defend_R","Defend_R","Defend_R","Defend_R","Bash","Master of Strategy","Shrug It Off","Flex","Reckless Charge","Shockwave+1","Hemokinesis+1","Fire Breathing","Pommel Strike","Blood for Blood+1","True Grit"],"relics":["Burning Blood","Letter Opener","Gremlin Horn","Nunchaku","Runic Pyramid","White Beast Statue","Eternal Feather","Anchor"],"acts_visited":["Exordium","TheCity"],"potions_floor_usage":[11,13,22,25,25,29,30],"damage_taken":[{"damage":2,"enemies":"Cultist","floor":1,"turns":4},{"damage":11,"enemies":"Small Slimes","floor":2,"turns":6},{"damage":4,"enemies":"Jaw Worm","floor":4,"turns":3},{"damage":22,"enemies":"Exordium Thugs","floor":5,"turns":6},{"damage":13,"enemies":"Gremlin Gang","floor":7,"turns":6},{"damage":5,"enemies":"Looter","floor":8,"turns":2},{"damage":31,"enemies":"Gremlin Nob","floor":11,"turns":4},{"damage":24,"enemies":"3 Sentries","floor":13,"turns":5},{"damage":22,"enemies":"Hexaghost","floor":16,"turns":8},{"damage":20,"enemies":"Shell Parasite","floor":18,"turns":4},{"damage":26,"enemies":"2 Thieves","floor":22,"turns":3},{"damage":27,"enemies":"Slavers","floor":24,"turns":3},{"damage":10,"enemies":"Snake Plant","floor":25,"turns":3},{"damage":17,"enemies":"Centurion and Healer","floor":28,"turns":3},{"damage":31,"enemies":"Book of Stabbing","floor":29,"turns":5},{"damage":23,"enemies":"Snecko","floor":30,"turns":5}],"seed_played":"-2288389206059538181","potions_obtained":[{"floor":2,"key":"BloodPotion"},{"floor":7,"key":"Regen Potion"},{"floor":11,"key":"DuplicationPotion"},{"floor":16,"key":"Weak Potion"},{"floor":24,"key":"SpeedPotion"},{"floor":25,"key":"BloodPotion"},{"floor":28,"key":"Strength Potion"},{"floor":29,"key":"Block Potion"}],"is_trial":false,"path_per_floor":["M","M","$","M","M","R","M","M","T","$","E","R","E","?","R","B",null,"M","?","$","$","M","R","E","M","T","R","M","E","M"],"character_chosen":"IRONCLAD","items_purchased":["Reckless Charge"],"campfire_rested":2,"item_purchase_floors":[3],"current_hp_per_floor":[68,63,63,65,49,49,42,43,43,43,31,31,27,27,27,11,54,40,40,40,40,20,40,19,15,15,44,33,21,0,0],"gold":146,"neow_bonus":"RANDOM_COLORLESS_2","is_daily":false,"chose_seed":false,"campfire_upgraded":3,"win_rate":0.0,"timestamp":1610536398,"path_taken":["M","M","?","M","?","R","?","M","T","$","E","R","E","?","R","BOSS","M","?","?","$","M","R","E","M","T","R","M","E","M"],"items_purchased_type":["Card"],"build_version":"2020-12-22","purchased_purges":2,"victory":false,"max_hp_per_floor":[68,68,68,68,68,68,68,68,68,68,68,68,68,68,68,68,68,68,68,68,68,68,68,68,68,68,68,68,68,68,68],"card_choices":[{"not_picked":["Violence","Secret Technique"],"picked":"Master of Strategy","floor":0},{"not_picked":["True Grit","Warcry"],"picked":"Shrug It Off","floor":1},{"not_picked":["True Grit","Sword Boomerang"],"picked":"Flex","floor":2},{"not_picked":["Shrug It Off","Clash"],"picked":"Shockwave","floor":4},{"not_picked":["Infernal Blade","Searing Blow"],"picked":"Hemokinesis","floor":5},{"not_picked":["Body Slam","Thunderclap","Flex"],"picked":"SKIP","floor":7},{"not_picked":["Double Tap","Entrench"],"picked":"Fire Breathing","floor":8},{"not_picked":["True Grit","Shockwave"],"picked":"Pommel Strike","floor":11},{"not_picked":["Cleave","Dropkick"],"picked":"Blood for Blood","floor":13},{"not_picked":["Sword Boomerang","Carnage","Infernal Blade"],"picked":"SKIP","floor":18},{"not_picked":["Anger","Shrug It Off","Clash"],"picked":"SKIP","floor":22},{"not_picked":["Searing Blow","Havoc","Pommel Strike+1"],"picked":"SKIP","floor":24},{"not_picked":["Cleave","Flex","Combust"],"picked":"SKIP","floor":25},{"not_picked":["Havoc","Combust"],"picked":"True Grit","floor":28},{"not_picked":["Headbutt","Anger","Clothesline"],"picked":"SKIP","floor":29}],"player_experience":2874935,"relics_obtained":[{"floor":9,"key":"Letter Opener"},{"floor":11,"key":"Gremlin Horn"},{"floor":13,"key":"Nunchaku"},{"floor":24,"key":"White Beast Statue"},{"floor":26,"key":"Eternal Feather"},{"floor":29,"key":"Anchor"}],"event_choices":[{"cards_removed":["Strike_R"],"damage_healed":0,"gold_gain":0,"player_choice":"Card Removal","damage_taken":0,"max_hp_gain":0,"max_hp_loss":0,"event_name":"The Cleric","floor":14,"gold_loss":75},{"damage_healed":0,"gold_gain":0,"player_choice":"Ignored","damage_taken":0,"max_hp_gain":0,"max_hp_loss":0,"event_name":"Vampires","floor":19,"gold_loss":0}],"is_beta":false,"boss_relics":[{"not_picked":["Black Star","Philosopher\u0027s Stone"],"picked":"Runic Pyramid"}],"items_purged_floors":[3,20],"is_endless":false,"potions_floor_spawned":[2,7,11,16,18,24,25,28,29],"killed_by":"Snecko","ascension_level":20}}