{"host":"4xbawe663uhw4m9s","time":1610545433,"event":{"mods":["Act Like it!","Bard","BaseMod","Beaked The Cultist","Better Third Choice","BetterRewards","CCEM","Conspire","Downfall","GifTheSpireLib","Halation","Hallownest","Hermit","Hubris","Hunter ??","Infinite Spire","Jedi Mod","Jorbs\u0027s Wanderer Trilogy","Mad Scientist","Marisa????????","Mimic Mod","Minty Spire (QoL Compilation)","Permanent Neow","Replay The Spire","Shade Mod","Shop Mod","Spicy Shops","StSLib","Stuff the Spire","The Administrix","The Animator","The Bug Knight","The Construct","The Cursed","The Disciple","The Gatherer","The Hierophant","The Jungle","The Mystic","The Problem Sleuth","The Runesmith","The Servant 0.9.4","The Spell Scribe","The Witch"],"gold_per_floor":[199,374,42,54,154,173,219,236,236,255,271,271,289,97,109,208,208,208,225,238,97,112,112,112,112,125,125,325,340,358,376,388,492,542,542,542,558,558,576,576,602,620,620,632,197,213,226,253,253,253],"floor_reached":51,"playtime":4296,"items_purged":["Doubt","Guardian:Strike_Guardian","Guardian:Strike_Guardian"],"score":777,"play_id":"97549798-d97d-496f-abcf-b4a9487e7b97","local_time":"20210113144353","is_ascension_mode":false,"campfire_choices":[{"data":"Guardian:TwinSlam","floor":1,"key":"SMITH"},{"floor":9,"key":"REST"},{"data":"Guardian:PiercingHide","floor":18,"key":"SMITH"},{"data":"Replay:Fractal Strike","floor":25,"key":"SMITH"},{"data":"Guardian:ExploitGems","floor":27,"key":"SMITH"},{"data":"Guardian:PiercingHide","floor":35,"key":"SMITH"},{"data":"ReplayTheSpireMod:Book of Names","floor":43,"key":"SMITH"},{"data":"Guardian:CrystalBeam","floor":49,"key":"SMITH"}],"circlet_count":0,"master_deck":["Guardian:Strike_Guardian","Guardian:Strike_Guardian","Guardian:Defend_Guardian","Guardian:Defend_Guardian","Guardian:Defend_Guardian","Guardian:Defend_Guardian","Guardian:CurlUp","Guardian:TwinSlam+1","Guardian:FloatingOrbs","Guardian:FloatingOrbs","Guardian:PiercingHide+1","Guardian:PiercingHide+1","Guardian:EvasiveProtocol+1","Guardian:ExploitGems+1","Guardian:CrystalBeam+1","Replay:Fractal Strike+1","Guardian:Harden+1","Guardian:WalkerClaw+1","Guardian:CrystalBeam+1","ReplayTheSpireMod:Book of Names+1","Guardian:RollAttack+1","Guardian:ChargeUp","Guardian:WalkerClaw+1","Pain"],"relics":["Guardian:ModeShifter","MerchantsRug","downfall:GremlinWheel","Replay:Mystery Machine","Busted Crown","CCEMRelics:OrganicArmor","halation:LettersToHer","Dream Catcher","Tiny House","Golden Egg","hubris:SphereOfDissonance","StuffTheSpire:OldFever","Bronze Scales","CCEMRelics:WrappedPresent","jedi:crownofsimplicity","infinitespire:Lucky Rock","halation:KoshaPiece","jedi:kaleidoscope","halation:AfternoonTea"],"acts_visited":["Exordium","TheCity","TheBeyond"],"potions_floor_usage":[16,21],"damage_taken":[{"damage":0,"enemies":"downfall:FleeingMerchant","floor":3,"turns":4},{"damage":7,"enemies":"2 Louse","floor":4,"turns":2},{"damage":48,"enemies":"2 Louse","floor":5,"turns":7},{"damage":3,"enemies":"Small Slimes","floor":6,"turns":3},{"damage":0,"enemies":"Cultist","floor":8,"turns":3},{"damage":1,"enemies":"Blue Slaver","floor":10,"turns":3},{"damage":2,"enemies":"Gremlin Gang","floor":11,"turns":6},{"damage":11,"enemies":"Red Slaver","floor":13,"turns":3},{"damage":0,"enemies":"downfall:FleeingMerchant","floor":14,"turns":4},{"damage":0,"enemies":"Large Slime","floor":15,"turns":6},{"damage":28,"enemies":"downfall:Ironclad","floor":16,"turns":10},{"damage":0,"enemies":"Chosen","floor":19,"turns":4},{"damage":0,"enemies":"conspire:FuzzyDice","floor":20,"turns":4},{"damage":5,"enemies":"downfall:FleeingMerchant","floor":21,"turns":4},{"damage":18,"enemies":"3 Cultists","floor":22,"turns":7},{"damage":5,"enemies":"Shelled Parasite and Fungi","floor":26,"turns":4},{"damage":0,"enemies":"Snecko","floor":29,"turns":4},{"damage":1,"enemies":"Snake Plant","floor":30,"turns":3},{"damage":0,"enemies":"Sentry and Sphere","floor":31,"turns":5},{"damage":0,"enemies":"3 Cultists","floor":32,"turns":5},{"damage":0,"enemies":"downfall:Defect","floor":33,"turns":9},{"damage":23,"enemies":"3 Shapes","floor":37,"turns":9},{"damage":0,"enemies":"Orb Walker","floor":39,"turns":3},{"damage":0,"enemies":"Writhing Mass","floor":42,"turns":5},{"damage":0,"enemies":"Transient","floor":44,"turns":5},{"damage":0,"enemies":"downfall:FleeingMerchant","floor":45,"turns":4},{"damage":10,"enemies":"Jaw Worm Horde","floor":46,"turns":3},{"damage":4,"enemies":"4 Shapes","floor":47,"turns":4},{"damage":0,"enemies":"Nemesis","floor":48,"turns":3},{"damage":69,"enemies":"downfall:Silent","floor":50,"turns":5}],"seed_played":"-4958810507345315176","potions_obtained":[{"floor":5,"key":"Reflective Coating"},{"floor":6,"key":"Ancient Potion"},{"floor":10,"key":"LifebloodPotion"},{"floor":20,"key":"ColorlessPotion"},{"floor":22,"key":"Strength Potion"},{"floor":39,"key":"BlessingOfTheForge"}],"is_trial":false,"path_per_floor":["R","?","$","M","?","M","T","M","R","M","M","?","M","$","M","B",null,"R","M","M","$","M","AVR","T","R","M","R","?","M","M","M","M","B",null,"R","?","M","AVR","M","?","T","M","R","M","$","M","M","E","R","B",null],"character_chosen":"GUARDIAN","items_purchased":["Guardian:FloatingOrbs","Guardian:PiercingHide","MerchantsRug","Guardian:EvasiveProtocol","Guardian:CrystalBeam","CCEMRelics:OrganicArmor","Bronze Scales","CCEMRelics:WrappedPresent","jedi:crownofsimplicity","infinitespire:Lucky Rock"],"campfire_rested":1,"item_purchase_floors":[3,3,3,14,21,21,45,45,45,45],"current_hp_per_floor":[80,80,80,73,25,22,22,22,46,45,43,43,32,32,32,4,80,80,80,80,75,57,57,57,57,52,52,52,52,51,51,51,51,85,85,85,62,62,62,62,62,62,62,62,62,52,48,48,85,16],"gold":253,"neow_bonus":"HUNDRED_GOLD","is_daily":false,"chose_seed":false,"campfire_upgraded":7,"win_rate":0.0,"timestamp":1610545433,"path_taken":["R","?","$","M","?","?","T","M","R","M","M","?","?","$","M","BOSS","R","M","M","$","M","AVR","T","R","M","R","?","M","M","?","M","BOSS","R","?","M","AVR","?","?","T","?","R","?","$","M","?","E","R","BOSS"],"items_purchased_type":["Card","Card","Relic","Card","Card","Relic","Relic","Relic","Relic","Relic"],"build_version":"2020-12-22","purchased_purges":3,"victory":true,"max_hp_per_floor":[80,80,80,80,80,80,80,80,80,80,80,80,80,80,80,80,80,80,80,80,80,80,80,80,80,80,80,80,80,80,80,80,80,85,85,85,85,85,85,85,85,85,85,85,85,85,85,85,85,85],"card_choices":[{"not_picked":["Guardian:ShieldCharger","Guardian:ArmoredProtocol"],"picked":"Guardian:FloatingOrbs","floor":3},{"not_picked":["Guardian:Incinerate","Guardian:ChargeCore"],"picked":"Guardian:Gem_Lightblue","floor":4},{"not_picked":["Guardian:DonusPower","Guardian:Suspension","Guardian:TimeBomb"],"picked":"SKIP","floor":6},{"not_picked":["Guardian:Suspension","Guardian:Preprogram","Guardian:TemporalShield"],"picked":"SKIP","floor":8},{"not_picked":["Guardian:Gem_Orange","Guardian:Planning"],"picked":"Guardian:Gem_Green","floor":10},{"not_picked":["Guardian:PrismaticBarrier","Guardian:Harden","Guardian:TemporalStrike"],"picked":"SKIP","floor":11},{"not_picked":["Guardian:FastForward","Guardian:Reroute","Guardian:Clone"],"picked":"SKIP","floor":13},{"not_picked":["Guardian:PrimingBeam","Guardian:CrystalBeam"],"picked":"Guardian:Gem_Red","floor":14},{"not_picked":["Guardian:Reroute","Guardian:TemporalStrike","Guardian:PiercingHide"],"picked":"SKIP","floor":15},{"not_picked":["Guardian:TimeSifter","Guardian:FastForward"],"picked":"Guardian:ExploitGems","floor":16},{"not_picked":["Guardian:Incinerate+1"],"picked":"SKIP","floor":19},{"not_picked":["Guardian:PiercingHide+1"],"picked":"SKIP","floor":20},{"not_picked":["Guardian:Planning"],"picked":"SKIP","floor":21},{"not_picked":["Guardian:Clone"],"picked":"SKIP","floor":22},{"not_picked":[],"picked":"Guardian:Harden+1","floor":26},{"not_picked":["Guardian:GuardianWhirl"],"picked":"SKIP","floor":29},{"not_picked":[],"picked":"Guardian:WalkerClaw+1","floor":30},{"not_picked":["Guardian:Reroute+1"],"picked":"SKIP","floor":31},{"not_picked":[],"picked":"Guardian:Gem_Red","floor":32},{"not_picked":[],"picked":"Guardian:CrystalBeam+1","floor":37},{"not_picked":["Guardian:Reroute+1"],"picked":"SKIP","floor":39},{"not_picked":[],"picked":"Guardian:RollAttack+1","floor":42},{"not_picked":[],"picked":"Guardian:ChargeUp","floor":44},{"not_picked":[],"picked":"Guardian:WalkerClaw+1","floor":45},{"not_picked":["Guardian:RollAttack"],"picked":"SKIP","floor":46},{"not_picked":["Guardian:BaubleBeam"],"picked":"SKIP","floor":47},{"not_picked":["Guardian:VentSteam"],"picked":"SKIP","floor":48}],"player_experience":11095,"relics_obtained":[{"floor":5,"key":"downfall:GremlinWheel"},{"floor":7,"key":"Replay:Mystery Machine"},{"floor":24,"key":"halation:LettersToHer"},{"floor":24,"key":"Dream Catcher"},{"floor":36,"key":"Golden Egg"},{"floor":41,"key":"halation:LettersToHer"},{"floor":41,"key":"StuffTheSpire:OldFever"},{"floor":45,"key":"halation:KoshaPiece"},{"floor":45,"key":"jedi:kaleidoscope"},{"floor":48,"key":"halation:AfternoonTea"}],"event_choices":[{"damage_healed":0,"gold_gain":200,"player_choice":"Gold","damage_taken":0,"max_hp_gain":0,"max_hp_loss":0,"event_name":"Wheel of Change","floor":28,"gold_loss":0},{"damage_healed":0,"gold_gain":0,"player_choice":"Relic","damage_taken":0,"max_hp_gain":0,"max_hp_loss":0,"event_name":"Wheel of Change","floor":36,"gold_loss":0},{"damage_healed":37,"gold_gain":0,"player_choice":"Full Heal","damage_taken":0,"max_hp_gain":0,"max_hp_loss":0,"event_name":"Wheel of Change","floor":49,"gold_loss":0}],"is_beta":false,"boss_relics":[{"not_picked":["hubris:GrandSneckoEye","Runic Pyramid"],"picked":"Busted Crown"},{"not_picked":["StuffTheSpire:ModemDavis","beaked:MawFillet"],"picked":"Tiny House"}],"items_purged_floors":[14,45,45],"is_endless":false,"potions_floor_spawned":[5,6,10,13,20,22,26,32,39,42,48],"ascension_level":0}}