{"host":"ve4jblr3b80flk7t","time":1610561566,"event":{"mods":["Act Like it!","BaseMod","CapriCore","Chen","Marisa£¨ìFÓê¡¡Ä§ÀíÉ³£©","Minty Spire (QoL Compilation)","Prisma Mod","Reimu£¨²©ÀöÁéÃÎ£©","Remilia£¨ÀÙÃ×ÀòÑÇ£©","Replay The Spire","RumiaBox-Â¶Ã×æ«µÄÉñÃØºÐ×Ó","StSLib","The Servant 0.9.4","UnlockEverythingMod","Youmu£¨»êÆÇÑýÃÎ£©","óô»ðÖ¸ÄÏ"],"gold_per_floor":[99,99,99,50,50,50,85,105,105,136,151,169,169,179,179,274,374,387,587,601,613,613,613,629,659,659,693,308,318,330,356,356,356,356],"floor_reached":33,"language":"ZHS","playtime":1673,"items_purged":["MilkyWay"],"score":590,"play_id":"82da1d6e-2c29-44a2-83b3-a21fd795fd93","local_time":"20210114021246","daily_mods":["SealedDeck","Vintage","Red Cards","Green Cards","Blue Cards","Purple Cards","Colorless Cards","Heirloom","Time Dilation","Elite Swarm"],"is_ascension_mode":false,"campfire_choices":[{"data":"Stigmanizer","floor":6,"key":"SMITH"},{"data":"BinaryStars","floor":13,"key":"SMITH"},{"data":"BinaryStars+1","floor":15,"key":"PURGE"},{"floor":23,"key":"DIG"},{"floor":32,"key":"REST"}],"circlet_count":0,"master_deck":["Hologram","Stigmanizer+1","Acceleration","Beam Cell","Calculated Gamble","Bloodletting+1","Clash","ScarletMeister","Poisoned Strike","ScarletMeister","ForecastOfChange","ReplayTheSpireMod:Necrogeddon","PulseMagic"],"relics":["Unceasing Top","replay:Trail_Library","Incense Burner","Shovel","The Courier","Counterbalance","Orichalcum","Strawberry","ScarletDevilRocket","MagicDraw2","Replay:Wanted Poster","ReplayTheSpireMod:TigerMarble","Regal Pillow","Oddly Smooth Stone","Garlic","Mango","Nunchaku","Juzu Bracelet","Tiny Chest","Toy Ornithopter","MagicDraw3","StrikeDummy","Quantum Egg","Replay:Mystery Machine"],"acts_visited":["Exordium","TheCity"],"potions_floor_usage":[21,27,30],"damage_taken":[{"damage":6,"enemies":"Gremlin Nob","floor":7,"turns":1},{"damage":3,"enemies":"Small Slimes","floor":8,"turns":1},{"damage":23,"enemies":"3 Sentries","floor":10,"turns":5},{"damage":3,"enemies":"Jaw Worm","floor":11,"turns":1},{"damage":6,"enemies":"Cultist","floor":12,"turns":2},{"damage":10,"enemies":"Gremlin Gang","floor":14,"turns":5},{"damage":9,"enemies":"Slime Boss","floor":16,"turns":2},{"damage":1,"enemies":"Shell Parasite","floor":18,"turns":1},{"damage":40,"enemies":"Chosen","floor":20,"turns":1},{"damage":3,"enemies":"Centurion and Healer","floor":21,"turns":1},{"damage":6,"enemies":"Cultist and Chosen","floor":24,"turns":1},{"damage":9,"enemies":"Slavers","floor":25,"turns":1},{"damage":4,"enemies":"Gremlin Leader","floor":27,"turns":2},{"damage":3,"enemies":"3 Cultists","floor":29,"turns":1},{"damage":6,"enemies":"Snecko","floor":30,"turns":2},{"damage":14,"enemies":"Slavers","floor":31,"turns":3},{"damage":64,"enemies":"Champ","floor":33,"turns":1}],"seed_played":"5901035812934991085","potions_obtained":[{"floor":7,"key":"SpeedPotion"},{"floor":11,"key":"Strength Potion"},{"floor":12,"key":"GrandPatriotsElixir:ReiMu"},{"floor":21,"key":"PowerPotion"},{"floor":24,"key":"ShroomBrew"},{"floor":30,"key":"Strength Potion"}],"is_trial":true,"path_per_floor":["?","?","?","$","?","R","E","M","T","E","M","M","R","M","R","B",null,"M","?","M","M","?","R","M","E","T","E","R","M","M","E","R","B"],"character_chosen":"MARISA","items_purchased":["Clash","Toy Ornithopter","MagicDraw3"],"campfire_rested":1,"item_purchase_floors":[4,28,28],"current_hp_per_floor":[75,75,68,68,75,75,69,66,66,43,47,41,41,31,31,22,82,81,81,41,38,38,38,46,37,37,33,33,30,29,15,58,0,0],"gold":356,"neow_bonus":"","is_daily":false,"chose_seed":false,"campfire_upgraded":2,"win_rate":0.0,"timestamp":1610561566,"path_taken":["?","?","?","?","?","R","E","M","T","E","M","?","R","?","R","BOSS","M","?","?","M","?","R","M","E","T","E","R","M","M","E","R","BOSS"],"items_purchased_type":["Card","Relic","Relic"],"build_version":"2020-12-22","purchased_purges":1,"victory":false,"max_hp_per_floor":[75,75,75,75,75,75,75,75,75,75,82,82,82,82,82,82,82,82,82,82,82,82,82,96,96,96,96,96,96,96,96,96,96,96],"card_choices":[{"not_picked":["Hemogenesis","MaximisePower"],"picked":"ScarletMeister","floor":7},{"not_picked":["Poison Darts","Feed"],"picked":"BinaryStars","floor":10},{"not_picked":["Echo Form","Exhume"],"picked":"Poisoned Strike","floor":16},{"not_picked":["Creative AI","Machine Learning"],"picked":"ForecastOfChange","floor":25},{"not_picked":["Poison Darts","Apotheosis"],"picked":"ReplayTheSpireMod:Necrogeddon","floor":27},{"not_picked":["Immolate","Atom Bomb","BloodyHallows"],"picked":"SKIP","floor":31}],"player_experience":59921,"relics_obtained":[{"floor":7,"key":"Shovel"},{"floor":8,"key":"The Courier"},{"floor":9,"key":"Counterbalance"},{"floor":10,"key":"Orichalcum"},{"floor":11,"key":"Strawberry"},{"floor":12,"key":"ScarletDevilRocket"},{"floor":14,"key":"MagicDraw2"},{"floor":18,"key":"ReplayTheSpireMod:TigerMarble"},{"floor":20,"key":"Regal Pillow"},{"floor":21,"key":"Oddly Smooth Stone"},{"floor":23,"key":"Garlic"},{"floor":24,"key":"Mango"},{"floor":25,"key":"Nunchaku"},{"floor":26,"key":"Juzu Bracelet"},{"floor":27,"key":"Tiny Chest"},{"floor":29,"key":"StrikeDummy"},{"floor":30,"key":"Quantum Egg"},{"floor":31,"key":"Replay:Mystery Machine"}],"event_choices":[{"cards_removed":["Shrug It Off"],"damage_healed":0,"gold_gain":0,"player_choice":"Forget","damage_taken":0,"max_hp_gain":0,"max_hp_loss":0,"event_name":"Living Wall","floor":2,"gold_loss":0},{"cards_removed":["Quick Slash"],"damage_healed":0,"gold_gain":0,"player_choice":"Card Removal","damage_taken":7,"max_hp_gain":0,"max_hp_loss":0,"event_name":"Golden Wing","floor":3,"gold_loss":0},{"cards_removed":["Abandon"],"damage_healed":7,"gold_gain":0,"player_choice":"Offered Uncommon","damage_taken":0,"max_hp_gain":0,"max_hp_loss":0,"event_name":"Bonfire Elementals","floor":5,"gold_loss":0},{"damage_healed":0,"gold_gain":200,"player_choice":"Gold","damage_taken":0,"max_hp_gain":0,"max_hp_loss":0,"event_name":"Wheel of Change","floor":19,"gold_loss":0}],"is_beta":false,"boss_relics":[{"not_picked":["Fusion Hammer","Velvet Choker"],"picked":"Replay:Wanted Poster"}],"items_purged_floors":[28],"is_endless":true,"potions_floor_spawned":[7,11,12,20,21,24,30],"killed_by":"Champ","ascension_level":0}}