{"host":"pgqkv8mh62pnrbci","time":1610543027,"event":{"mods":["2.2 Compatiblity","AchievementEnabler","BaseMod","Custom Start","DeckTracker","Minty Spire (QoL Compilation)","Replay The Spire","StSLib","SuperFastMode","¡¼?Úª?ø«¡½REMEMod"],"gold_per_floor":[114,201,201,214,194,222,222,47,95,95,115,127,162,179,179,254,254,209,229,116,41,57,90,90,90],"floor_reached":24,"language":"KOR","playtime":945,"items_purged":["Hallucinations"],"score":489,"play_id":"e482a471-ceb0-4ac8-b04f-f31493270095","local_time":"20210113220347","is_ascension_mode":true,"campfire_choices":[{"floor":7.0,"key":"REST"},{"data":"Glass Knife","floor":10.0,"key":"SMITH"},{"data":"Neutralize","floor":15.0,"key":"SMITH"}],"circlet_count":0,"master_deck":["AscendersBane","Strike_G","Strike_G","Strike_G","Strike_G","Strike_G","Defend_G","Defend_G","Defend_G","Defend_G","Defend_G+1","Survivor","Neutralize+1","Blasphemy","Expertise","Calculated Gamble","Blur+1","Underhanded Strike","Blade Dance","Glass Knife+1","Sneak Up","Poisoned Stab","Footwork","PiercingWail","Night Terror","Blade Dance","Blade Dance"],"relics":["Ring of the Snake","REME_ComplimentaryCards","NeowsBlessing","ReplayFunnel","ReplayTheSpireMod:CursedCoin","Calipers","Lantern","Ice Cream","Philosopher\u0027s Stone","Unceasing Top","Replay:Multitool"],"acts_visited":["Exordium","TheCity"],"potions_floor_usage":[],"damage_taken":[{"damage":0.0,"enemies":"2 Louse","floor":1.0,"turns":1.0},{"damage":0.0,"enemies":"Small Slimes","floor":4.0,"turns":1.0},{"damage":0.0,"enemies":"Lagavulin","floor":6.0,"turns":1.0},{"damage":0.0,"enemies":"Cultist","floor":11.0,"turns":3.0},{"damage":0.0,"enemies":"Exordium Wildlife","floor":12.0,"turns":3.0},{"damage":12.0,"enemies":"3 Sentries","floor":13.0,"turns":10.0},{"damage":0.0,"enemies":"Red Slaver","floor":14.0,"turns":4.0},{"damage":6.0,"enemies":"Hexaghost","floor":16.0,"turns":9.0},{"damage":16.0,"enemies":"2 Thieves","floor":18.0,"turns":5.0},{"damage":16.0,"enemies":"Spheric Guardian","floor":19.0,"turns":6.0},{"damage":5.0,"enemies":"Snake Plant","floor":22.0,"turns":6.0},{"damage":26.0,"enemies":"Gremlin Leader","floor":23.0,"turns":9.0},{"damage":22,"enemies":"Snecko","floor":24,"turns":5}],"seed_played":"-4990287492586024527","potions_obtained":[{"floor":1.0,"key":"Block Potion"},{"floor":5.0,"key":"Poison Potion"},{"floor":11.0,"key":"LiquidBronze"},{"floor":13.0,"key":"Block Potion"},{"floor":18.0,"key":"FairyPotion"},{"floor":22.0,"key":"LifebloodPotion"}],"is_trial":false,"path_per_floor":["M","?","?","M","?","E","R","$","T","R","M","M","E","M","R","B",null,"M","M","?","$","M","E","M"],"character_chosen":"THE_SILENT","items_purchased":["ReplayTheSpireMod:CursedCoin","Calipers"],"campfire_rested":1,"item_purchase_floors":[8,8],"current_hp_per_floor":[59,38,18,18,18,18,37,37,37,37,37,37,25,25,25,19,54,38,22,22,22,17,10,0,0],"gold":90,"neow_bonus":"THREE_ENEMY_KILL","is_daily":false,"chose_seed":false,"campfire_upgraded":2,"win_rate":0.0,"timestamp":1610543027,"path_taken":["M","?","?","M","?","E","R","$","T","R","?","M","E","M","R","BOSS","M","M","?","$","M","E","M"],"items_purchased_type":["Relic","Relic"],"build_version":"2020-12-22","purchased_purges":1,"victory":false,"max_hp_per_floor":[66,66,66,66,66,66,66,66,66,66,66,66,66,66,66,66,66,66,66,66,66,66,66,66,66],"card_choices":[{"not_picked":["Dagger Throw","Sucker Punch"],"picked":"Expertise","floor":1.0},{"not_picked":["Dagger Throw","Underhanded Strike"],"picked":"Calculated Gamble","floor":2.0},{"not_picked":["Deflect","Heel Hook"],"picked":"Blur","floor":2.0},{"not_picked":["Acrobatics","Hidden Blade"],"picked":"Underhanded Strike","floor":2.0},{"not_picked":["Prepared","Acrobatics"],"picked":"Blade Dance","floor":4.0},{"not_picked":["Bouncing Flask","Backflip"],"picked":"Glass Knife","floor":6.0},{"not_picked":["Dagger Spray","Draining Mist"],"picked":"Sneak Up","floor":11.0},{"not_picked":["Backflip","Dagger Spray"],"picked":"Poisoned Stab","floor":12.0},{"not_picked":["ReplayTheSpireMod:Shiv Toss","Bouncing Flask"],"picked":"Footwork","floor":13.0},{"not_picked":["Cloak And Dagger","Sucker Punch"],"picked":"PiercingWail","floor":14.0},{"not_picked":["Glass Knife","REME_LeechingPoison"],"picked":"Night Terror","floor":16.0},{"not_picked":["Poisoned Stab","Deadly Poison"],"picked":"Blade Dance","floor":18.0},{"not_picked":["Backflip","Fluid Movement","Draining Mist"],"picked":"SKIP","floor":19.0},{"not_picked":["Dagger Spray","Underhanded Strike","ReplayTheSpireMod:Exploit Weakness"],"picked":"SKIP","floor":22.0},{"not_picked":["Toxin Wave","Poisoned Stab+1"],"picked":"Blade Dance","floor":23.0}],"player_experience":627383,"relics_obtained":[{"floor":6.0,"key":"ReplayFunnel"},{"floor":9.0,"key":"Lantern"},{"floor":13.0,"key":"Ice Cream"},{"floor":23.0,"key":"Replay:Multitool"}],"event_choices":[{"damage_healed":0.0,"max_hp_gain":0.0,"max_hp_loss":0.0,"gold_gain":0.0,"event_name":"Shining Light","player_choice":"Entered Light","floor":3.0,"gold_loss":0.0,"damage_taken":20.0,"cards_upgraded":["Defend_G","Blur"]},{"damage_healed":0.0,"max_hp_gain":0.0,"max_hp_loss":0.0,"gold_gain":0.0,"event_name":"The Woman in Blue","player_choice":"Bought 1 Potion","floor":5.0,"gold_loss":0.0,"damage_taken":0.0},{"damage_healed":0.0,"max_hp_gain":0.0,"max_hp_loss":0.0,"gold_gain":0.0,"event_name":"WeMeetAgain","player_choice":"Paid Gold","floor":20.0,"gold_loss":113.0,"damage_taken":0.0,"relics_obtained":["Unceasing Top"]}],"is_beta":false,"boss_relics":[{"not_picked":["Replay:Drink Me","Black Star"],"picked":"Philosopher\u0027s Stone"}],"items_purged_floors":[21],"is_endless":false,"potions_floor_spawned":[1,6,11,13,18,22],"killed_by":"Snecko","ascension_level":19}}