{"host":"aijg3q29dt6ws75i","time":1610568746,"event":{"mods":["Act Like it!","BaseMod","Downfall","Hallownest","Hermit","Jorbs\u0027s Wanderer Trilogy","Minty Spire (QoL Compilation)","Rare Cards Sparkle","StSLib","Td1madao Mod","The Bug Knight","The Cursed","The Hierophant","The Necromancer","The Servant 0.9.4","everything is the same but u backflip on backflip"],"gold_per_floor":[116,132,204,215,116,144,144,144,144,155,49,49,62,78,78,181,181,196,94,111,111,130,157,157,157,181,181,212,212,212],"floor_reached":29,"language":"ENG","playtime":3159,"items_purged":[],"score":338,"play_id":"4e45ce8f-02df-40fe-afae-66191661fedf","local_time":"20210113151226","is_ascension_mode":false,"campfire_choices":[{"floor":7,"key":"REST"},{"floor":12,"key":"REST"},{"data":"hermit:Vantage","floor":15,"key":"SMITH"},{"data":"hermit:Adapt","floor":25,"key":"SMITH"}],"circlet_count":0,"master_deck":["hermit:Strike_Hermit","hermit:Strike_Hermit","hermit:Strike_Hermit","hermit:Strike_Hermit","hermit:Defend_Hermit","hermit:Defend_Hermit","hermit:Defend_Hermit","hermit:Defend_Hermit","hermit:Snapshot","hermit:Covet","hermit:Vantage+1","hermit:TrackingShot","hermit:GoldenBullet","hermit:HoleUp","hermit:Ricochet","hermit:ShadowCloak","hermit:GhostlyPresence","hermit:Vantage+1","hermit:Combo","hermit:Deadeye","hermit:FlashPowder","hermit:Quickdraw","hermit:Adapt+1","hermit:Dive+1","hermit:TakeAim","hermit:Vantage","hermit:Vantage+1","Ghostly+1","Ghostly","Ghostly","Ghostly","Ghostly","hermit:Scavenge","hermit:Dive"],"relics":["hermit:Momento","Boot","Mummified Hand","Sozu","War Paint","Enchiridion","Orichalcum"],"acts_visited":["Exordium","TheCity"],"potions_floor_usage":[20],"damage_taken":[{"damage":0,"enemies":"2 Louse","floor":1,"turns":3},{"damage":6,"enemies":"Cultist","floor":2,"turns":3},{"damage":0,"enemies":"Jaw Worm","floor":4,"turns":3},{"damage":43,"enemies":"3 Sentries","floor":6,"turns":13},{"damage":0,"enemies":"Large Slime","floor":10,"turns":7},{"damage":0,"enemies":"Blue Slaver","floor":13,"turns":4},{"damage":1,"enemies":"3 Louse","floor":14,"turns":4},{"damage":34,"enemies":"Slime Boss","floor":16,"turns":12},{"damage":13,"enemies":"3 Byrds","floor":18,"turns":8},{"damage":6,"enemies":"Spheric Guardian","floor":20,"turns":5},{"damage":0,"enemies":"Snecko","floor":22,"turns":9},{"damage":0,"enemies":"Slavers","floor":23,"turns":11},{"damage":9,"enemies":"Book of Stabbing","floor":28,"turns":8},{"damage":17,"enemies":"Chosen and Byrds","floor":29,"turns":4}],"seed_played":"-4768148043411759963","potions_obtained":[{"floor":6,"key":"Weak Potion"},{"floor":10,"key":"AttackPotion"},{"floor":14,"key":"SkillPotion"}],"is_trial":false,"path_per_floor":["M","M","?","M","$","E","R","?","T","M","$","R","M","M","R","B",null,"M","$","M","?","M","E","?","R","T","?","E","M"],"character_chosen":"HERMIT","items_purchased":["hermit:HoleUp","hermit:Ricochet","hermit:Combo","hermit:Deadeye","hermit:TakeAim","hermit:Vantage"],"campfire_rested":2,"item_purchase_floors":[5,5,11,11,19,19],"current_hp_per_floor":[82,76,76,76,76,33,57,57,57,57,57,81,81,80,80,46,82,69,69,63,41,41,41,41,41,41,25,16,0,0],"gold":212,"neow_bonus":"TEN_PERCENT_HP_BONUS","is_daily":false,"chose_seed":false,"campfire_upgraded":2,"win_rate":0.0,"timestamp":1610568746,"path_taken":["M","M","?","M","$","E","R","?","T","M","$","R","?","M","R","BOSS","M","$","M","?","M","E","?","R","T","?","E","M"],"items_purchased_type":["Card","Card","Card","Card","Card","Card"],"build_version":"2020-12-22","purchased_purges":0,"victory":false,"max_hp_per_floor":[82,82,82,82,82,82,82,82,82,82,82,82,82,82,82,82,82,82,82,82,41,41,41,41,41,41,41,41,41,41],"card_choices":[{"not_picked":["hermit:BodyArmor","hermit:Feint"],"picked":"hermit:Vantage","floor":1},{"not_picked":["hermit:Glare","hermit:Horror"],"picked":"hermit:TrackingShot","floor":2},{"not_picked":["hermit:Shortfuse","hermit:Coalescence"],"picked":"hermit:GoldenBullet","floor":4},{"not_picked":["hermit:CalledShot","hermit:Horror"],"picked":"hermit:ShadowCloak","floor":6},{"not_picked":["hermit:Feint","hermit:Grudge"],"picked":"hermit:Vantage","floor":10},{"not_picked":["hermit:HighCaliber","hermit:Purgatory"],"picked":"hermit:FlashPowder","floor":13},{"not_picked":["hermit:Manifest","hermit:Spite"],"picked":"hermit:Quickdraw","floor":14},{"not_picked":["hermit:Dissolve","hermit:DeadOrAlive"],"picked":"hermit:Adapt","floor":16},{"not_picked":["hermit:WideOpen","hermit:BodyArmor"],"picked":"hermit:Dive+1","floor":18},{"not_picked":["hermit:Coalescence","hermit:BodyArmor+1"],"picked":"hermit:Vantage+1","floor":20},{"not_picked":["hermit:Snipe","hermit:Feint","hermit:Reprieve"],"picked":"SKIP","floor":22},{"not_picked":["hermit:Snipe","hermit:Determination"],"picked":"hermit:Scavenge","floor":23},{"not_picked":["hermit:Desperado","hermit:Showdown","hermit:ItchyTrigger"],"picked":"SKIP","floor":28}],"player_experience":105762,"relics_obtained":[{"floor":6,"key":"Boot"},{"floor":9,"key":"Mummified Hand"},{"floor":23,"key":"War Paint"},{"floor":27,"key":"Enchiridion"},{"floor":28,"key":"Orichalcum"}],"event_choices":[{"damage_healed":0,"gold_gain":72,"player_choice":"Gained Gold","damage_taken":0,"max_hp_gain":0,"max_hp_loss":0,"event_name":"Golden Wing","floor":3,"gold_loss":0},{"damage_healed":0,"gold_gain":0,"player_choice":"1 cards matched","damage_taken":0,"max_hp_gain":0,"max_hp_loss":0,"event_name":"Match and Keep!","floor":8,"gold_loss":0,"cards_obtained":["hermit:GhostlyPresence"]},{"damage_healed":0,"gold_gain":0,"player_choice":"Became a Ghost","damage_taken":0,"max_hp_gain":0,"max_hp_loss":41,"event_name":"Ghosts","floor":21,"gold_loss":0,"cards_obtained":["Ghostly","Ghostly","Ghostly","Ghostly","Ghostly"]},{"damage_healed":0,"gold_gain":0,"player_choice":"Read","damage_taken":0,"max_hp_gain":0,"max_hp_loss":0,"event_name":"The Library","floor":24,"gold_loss":0,"cards_obtained":["hermit:Dive"]},{"damage_healed":0,"gold_gain":0,"player_choice":"Obtained Book","damage_taken":16,"max_hp_gain":0,"max_hp_loss":0,"event_name":"Cursed Tome","floor":27,"gold_loss":0}],"is_beta":false,"boss_relics":[{"not_picked":["Empty Cage","Fusion Hammer"],"picked":"Sozu"}],"items_purged_floors":[],"is_endless":false,"potions_floor_spawned":[6,10,14,18,23],"killed_by":"Chosen and Byrds","ascension_level":0}}