{"host":"i0avyit1s6jb1siw","time":1610561528,"event":{"mods":["BaseMod","DeckTracker","Dota2Spire","Highlight Path","Minty Spire (QoL Compilation)","Quick Restart","StSLib","SuperFastMode"],"gold_per_floor":[110,35,35,35,45,45,74,74,100,128,139,154,154,54,54,54,54],"floor_reached":16,"language":"ENG","playtime":236,"items_purged":["Strike_G","Strike_G"],"score":216,"play_id":"35df42ac-d0a4-4dca-baa0-607c14257320","local_time":"20210113191208","is_ascension_mode":true,"campfire_choices":[{"data":"Neutralize","floor":6,"key":"SMITH"},{"floor":8,"key":"REST"},{"data":"Venomology","floor":13,"key":"SMITH"},{"data":"Blade Dance","floor":15,"key":"SMITH"}],"circlet_count":0,"master_deck":["AscendersBane","Strike_G","Strike_G","Strike_G","Defend_G","Defend_G","Defend_G","Defend_G","Defend_G","Survivor","Neutralize+1","Die Die Die","Crippling Poison","Blade Dance+1","Finisher","Venomology+1"],"relics":["Ring of the Snake","Dota2Spire:LotusOrb","Lantern"],"acts_visited":["Exordium"],"potions_floor_usage":[7,10,16,16,16],"damage_taken":[{"damage":0,"enemies":"Small Slimes","floor":1,"turns":3},{"damage":4,"enemies":"Cultist","floor":5,"turns":4},{"damage":41,"enemies":"Lagavulin","floor":7,"turns":8},{"damage":8,"enemies":"Gremlin Nob","floor":10,"turns":3},{"damage":0,"enemies":"2 Louse","floor":11,"turns":2},{"damage":3,"enemies":"Looter","floor":12,"turns":3},{"damage":31,"enemies":"Slime Boss","floor":16,"turns":6}],"seed_played":"3457605160545280475","potions_obtained":[{"floor":1,"key":"SteroidPotion"},{"floor":4,"key":"CunningPotion"},{"floor":7,"key":"CunningPotion"},{"floor":11,"key":"AttackPotion"},{"floor":12,"key":"DuplicationPotion"}],"is_trial":false,"path_per_floor":["M","$","?","?","M","R","E","R","T","E","M","M","R","$","R","B"],"character_chosen":"THE_SILENT","items_purchased":[],"campfire_rested":1,"item_purchase_floors":[],"current_hp_per_floor":[59,59,59,59,55,55,14,32,32,24,24,21,21,21,21,0,0],"gold":54,"neow_bonus":"THREE_RARE_CARDS","is_daily":false,"chose_seed":false,"campfire_upgraded":3,"win_rate":0.0,"timestamp":1610561528,"path_taken":["M","$","?","?","M","R","E","R","T","E","?","M","R","?","R","BOSS"],"items_purchased_type":[],"build_version":"2020-12-22","purchased_purges":2,"victory":false,"max_hp_per_floor":[60,60,60,60,60,60,60,60,60,60,60,60,60,60,60,60,60],"card_choices":[{"not_picked":["Malaise","Envenom"],"picked":"Die Die Die","floor":0},{"not_picked":["Quick Slash","Sucker Punch"],"picked":"Crippling Poison","floor":1},{"not_picked":["Deadly Poison","Leg Sweep"],"picked":"Blade Dance","floor":5},{"not_picked":["Dagger Throw","Crippling Poison"],"picked":"Finisher","floor":7},{"not_picked":["Flying Knee","Sucker Punch","Quick Slash"],"picked":"SKIP","floor":10},{"not_picked":["Riddle With Holes","Dagger Spray"],"picked":"Venomology","floor":11},{"not_picked":["Outmaneuver","Dagger Throw","Prepared"],"picked":"SKIP","floor":12}],"player_experience":2227943,"relics_obtained":[{"floor":7,"key":"Dota2Spire:LotusOrb"},{"floor":9,"key":"Lantern"}],"event_choices":[{"damage_healed":0,"gold_gain":0,"player_choice":"Leave","damage_taken":0,"max_hp_gain":0,"max_hp_loss":0,"event_name":"The Cleric","floor":3,"gold_loss":0},{"damage_healed":0,"gold_gain":0,"player_choice":"Got Potions","damage_taken":0,"max_hp_gain":0,"max_hp_loss":0,"event_name":"Lab","floor":4,"gold_loss":0}],"is_beta":false,"boss_relics":[],"items_purged_floors":[2,14],"is_endless":false,"potions_floor_spawned":[1,7,11,12],"killed_by":"Slime Boss","ascension_level":20}}