{"host":"q4axc00jr2bozlh9","time":1610528563,"event":{"mods":["AchievementEnabler","BaseMod","Bestiary","Colored Map","Colored Powertips","Curses Come First","Minty Spire (QoL Compilation)","Relic Stats","StSLib","SuperFastMode","UnlockEverythingMod"],"gold_per_floor":[18,36,47,65,84,84,104,120,120,138,173,193,0,50,50,153,153,172,172,172,172,172,197,197,210,210,210,227,152,152,172,172,172,172],"floor_reached":33,"language":"ENG","playtime":1780,"items_purged":[],"score":296,"play_id":"a6adea45-ff58-4497-b6c2-b600d6094554","local_time":"20210113100243","is_ascension_mode":false,"campfire_choices":[{"data":"Intimidate","floor":6.0,"key":"SMITH"},{"data":"Armaments","floor":15.0,"key":"SMITH"},{"data":"Corruption","floor":24.0,"key":"SMITH"},{"data":"Shockwave","floor":27.0,"key":"SMITH"},{"floor":30,"key":"REST"},{"floor":32,"key":"REST"}],"circlet_count":0,"master_deck":["Strike_R+1","Strike_R+1","Strike_R+1","Strike_R+1","Defend_R+1","Defend_R+1","Defend_R+1","Defend_R+1","Bash","Reckless Charge","Feel No Pain","Intimidate+1","Burning Pact","Dark Embrace","Fiend Fire","Warcry","Shockwave+1","Infernal Blade","Armaments+1","Panacea","Corruption+1","Rampage","RitualDagger","Clash","Carnage","Armaments"],"relics":["Burning Blood","Bronze Scales","Darkstone Periapt","Membership Card","SlaversCollar","MealTicket","Art of War","Self Forming Clay"],"acts_visited":["Exordium","TheCity"],"potions_floor_usage":[31,33],"damage_taken":[{"damage":5.0,"enemies":"Cultist","floor":1.0,"turns":4.0},{"damage":0.0,"enemies":"Small Slimes","floor":2.0,"turns":2.0},{"damage":11.0,"enemies":"Jaw Worm","floor":3.0,"turns":5.0},{"damage":13.0,"enemies":"Blue Slaver","floor":4.0,"turns":4.0},{"damage":18.0,"enemies":"2 Fungi Beasts","floor":5.0,"turns":5.0},{"damage":5.0,"enemies":"Large Slime","floor":7.0,"turns":7.0},{"damage":15.0,"enemies":"Blue Slaver","floor":8.0,"turns":7.0},{"damage":4.0,"enemies":"Exordium Thugs","floor":10.0,"turns":4.0},{"damage":18.0,"enemies":"Lagavulin","floor":11.0,"turns":8.0},{"damage":1.0,"enemies":"2 Fungi Beasts","floor":12.0,"turns":4.0},{"damage":44.0,"enemies":"Hexaghost","floor":16.0,"turns":9.0},{"damage":29.0,"enemies":"Spheric Guardian","floor":18.0,"turns":8.0},{"damage":23.0,"enemies":"Slavers","floor":23.0,"turns":6.0},{"damage":14.0,"enemies":"Shell Parasite","floor":25.0,"turns":5.0},{"damage":19.0,"enemies":"Shelled Parasite and Fungi","floor":28.0,"turns":4.0},{"damage":19,"enemies":"Centurion and Healer","floor":31,"turns":6},{"damage":82,"enemies":"Automaton","floor":33,"turns":8}],"seed_played":"-7851334741702773577","potions_obtained":[{"floor":2.0,"key":"Strength Potion"},{"floor":3.0,"key":"Regen Potion"},{"floor":5.0,"key":"DistilledChaos"},{"floor":10.0,"key":"Fire Potion"},{"floor":25.0,"key":"SteroidPotion"},{"floor":28,"key":"PowerPotion"}],"is_trial":false,"path_per_floor":["M","M","M","M","M","R","M","M","T","M","E","M","$","T","R","B",null,"M","?","?","?","?","E","R","M","T","R","M","?","R","M","R","B"],"character_chosen":"IRONCLAD","items_purchased":["Membership Card","Panacea"],"campfire_rested":2,"item_purchase_floors":[13,13],"current_hp_per_floor":[96,96,91,84,72,72,73,64,64,66,54,59,59,59,59,36,96,73,73,73,73,67,50,50,42,42,42,29,29,57,44,72,0,0],"gold":172,"neow_bonus":"TWENTY_PERCENT_HP_BONUS","is_daily":false,"chose_seed":false,"campfire_upgraded":4,"win_rate":0.0,"timestamp":1610528563,"path_taken":["M","M","?","M","M","R","M","M","T","M","E","?","$","?","R","BOSS","M","?","?","?","?","E","R","M","T","R","M","?","R","M","R","BOSS"],"items_purchased_type":["Relic","Card"],"build_version":"2020-12-22","purchased_purges":0,"victory":false,"max_hp_per_floor":[96,96,96,96,96,96,96,96,96,96,96,96,96,96,96,96,96,96,96,96,96,96,96,96,96,96,96,96,96,96,96,96,96,96],"relic_stats":{"Darkstone Periapt":0,"counters":[17,96],"Self Forming Clay":[39],"Bronze Scales":[181],"MealTicket":0,"Art of War":[4],"obtain_stats":[{"Darkstone Periapt":11,"SlaversCollar":17,"Self Forming Clay":26,"Bronze Scales":9,"MealTicket":19,"Art of War":23,"Membership Card":13,"Burning Blood":0},{"Darkstone Periapt":9,"SlaversCollar":11,"Self Forming Clay":14,"Bronze Scales":7,"MealTicket":12,"Art of War":13,"Membership Card":10,"Burning Blood":0},{"Darkstone Periapt":46,"SlaversCollar":59,"Self Forming Clay":78,"Bronze Scales":34,"MealTicket":67,"Art of War":73,"Membership Card":50,"Burning Blood":0}],"Burning Blood":89},"card_choices":[{"not_picked":["Body Slam","Pummel"],"picked":"Reckless Charge","floor":1.0},{"not_picked":["Warcry","Disarm"],"picked":"Feel No Pain","floor":2.0},{"not_picked":["Headbutt","Heavy Blade"],"picked":"Intimidate","floor":3.0},{"not_picked":["Searing Blow","Fire Breathing"],"picked":"Burning Pact","floor":4.0},{"not_picked":["Warcry","Shrug It Off"],"picked":"Dark Embrace","floor":5.0},{"not_picked":["Pommel Strike","Sword Boomerang"],"picked":"Fiend Fire","floor":7.0},{"not_picked":["Sword Boomerang","Havoc"],"picked":"Warcry","floor":8.0},{"not_picked":["Fire Breathing","Evolve"],"picked":"Shockwave","floor":10.0},{"not_picked":["Clothesline","Power Through"],"picked":"Infernal Blade","floor":11.0},{"not_picked":["Anger","Bloodletting"],"picked":"Armaments","floor":12.0},{"not_picked":["Offering","Limit Break"],"picked":"Corruption","floor":16.0},{"not_picked":["Armaments","Wild Strike"],"picked":"Rampage","floor":18.0},{"not_picked":["Heavy Blade","Perfected Strike"],"picked":"Clash","floor":23.0},{"not_picked":["Pummel+1","Armaments"],"picked":"Carnage","floor":25.0},{"not_picked":["Berserk","Flex","Body Slam"],"picked":"SKIP","floor":28},{"not_picked":["Iron Wave","Evolve"],"picked":"Armaments","floor":31}],"player_experience":219950,"relics_obtained":[{"floor":9.0,"key":"Bronze Scales"},{"floor":11.0,"key":"Darkstone Periapt"},{"floor":23.0,"key":"Art of War"},{"floor":26.0,"key":"Self Forming Clay"}],"event_choices":[{"damage_healed":0.0,"max_hp_gain":0.0,"max_hp_loss":0.0,"gold_gain":0.0,"event_name":"The Mausoleum","player_choice":"Opened","floor":19.0,"gold_loss":0.0,"damage_taken":0.0,"relics_obtained":["MealTicket"]},{"damage_healed":0.0,"max_hp_gain":0.0,"max_hp_loss":0.0,"gold_gain":0.0,"event_name":"Ghosts","player_choice":"Ignored","floor":20.0,"gold_loss":0.0,"damage_taken":0.0},{"damage_healed":0.0,"max_hp_gain":0.0,"max_hp_loss":0.0,"gold_gain":0.0,"event_name":"Back to Basics","player_choice":"Simplicity","floor":21.0,"gold_loss":0.0,"damage_taken":0.0,"cards_upgraded":["Strike_R","Strike_R","Strike_R","Strike_R","Strike_R","Defend_R","Defend_R","Defend_R","Defend_R"]},{"damage_healed":0.0,"max_hp_gain":0.0,"max_hp_loss":0.0,"gold_gain":0.0,"event_name":"Nest","player_choice":"Joined the Cult","floor":22.0,"gold_loss":0.0,"damage_taken":6.0,"cards_obtained":["RitualDagger"]},{"cards_removed":["Strike_R"],"damage_healed":0,"gold_gain":0,"player_choice":"Gave Gold","damage_taken":0,"max_hp_gain":0,"max_hp_loss":0,"event_name":"Beggar","floor":29,"gold_loss":75}],"is_beta":false,"boss_relics":[{"not_picked":["Black Blood","Philosopher\u0027s Stone"],"picked":"SlaversCollar"}],"items_purged_floors":[],"is_endless":false,"potions_floor_spawned":[2,3,5,7,10,25,28],"killed_by":"Automaton","ascension_level":0}}