{"host":"utcbn1j9ebmpc40m","time":1610562322,"event":{"mods":["BaseMod","Better Match","Minty Spire (QoL Compilation)","Poor People Problems","StSLib","SuperFastMode","The IronCluck"],"gold_per_floor":[116,133,133,133,151,183,183,40,63,63,79,42,124,157,157,260,260,280,294,294,294,394,394,422,266,289,289,138,138,138,138,138,235,235,250,250,263,263,283,283,283],"floor_reached":40,"language":"ENG","playtime":946,"items_purged":["Strike_R+1","Bash"],"score":599,"play_id":"09153a07-8631-4db2-93f1-e81dcf93a2cf","local_time":"20210113132522","is_ascension_mode":true,"campfire_choices":[{"floor":7.0,"key":"REST"},{"data":"Body Slam","floor":15.0,"key":"SMITH"},{"data":"Spot Weakness","floor":23.0,"key":"SMITH"},{"data":"Enlightenment","floor":30,"key":"SMITH"},{"floor":32,"key":"REST"}],"circlet_count":0,"master_deck":["Strike_R+1","Strike_R+1","Strike_R+1","Strike_R+1","Defend_R+1","Defend_R+1","Defend_R+1","Defend_R+1","Clash","Uppercut+1","Iron Wave","Immolate","Feel No Pain","Spot Weakness+1","Body Slam+1","Limit Break+1","Battle Trance+1","Rupture","Enlightenment+1","Havoc","Feed+1","Heavy Blade"],"relics":["Burning Blood","Ginger","FaceOfCleric","Centennial Puzzle","Medical Kit","Juzu Bracelet","Oddly Smooth Stone","Letter Opener","Nunchaku","Busted Crown","Magic Flower","Lantern","Snecko Eye"],"acts_visited":["Exordium","TheCity","TheBeyond"],"potions_floor_usage":[27,40],"damage_taken":[{"damage":10.0,"enemies":"2 Louse","floor":1.0,"turns":4.0},{"damage":0.0,"enemies":"Cultist","floor":2.0,"turns":3.0},{"damage":4.0,"enemies":"Jaw Worm","floor":5.0,"turns":3.0},{"damage":20.0,"enemies":"Lagavulin","floor":6.0,"turns":5.0},{"damage":0.0,"enemies":"3 Louse","floor":11.0,"turns":1.0},{"damage":19.0,"enemies":"Gremlin Nob","floor":14.0,"turns":4.0},{"damage":35.0,"enemies":"The Guardian","floor":16.0,"turns":7.0},{"damage":8.0,"enemies":"2 Thieves","floor":18.0,"turns":3.0},{"damage":0.0,"enemies":"Spheric Guardian","floor":19.0,"turns":3.0},{"damage":41.0,"enemies":"Slavers","floor":24.0,"turns":5.0},{"damage":0,"enemies":"Book of Stabbing","floor":27,"turns":1},{"damage":15,"enemies":"Collector","floor":33,"turns":6},{"damage":1,"enemies":"3 Shapes","floor":35,"turns":3},{"damage":19,"enemies":"3 Darklings","floor":37,"turns":5},{"damage":13,"enemies":"Transient","floor":39,"turns":5},{"damage":78,"enemies":"Giant Head","floor":40,"turns":8}],"seed_played":"2201576884514691030","potions_obtained":[{"floor":6.0,"key":"SkillPotion"},{"floor":11.0,"key":"Weak Potion"},{"floor":14.0,"key":"Strength Potion"},{"floor":16.0,"key":"SkillPotion"},{"floor":18.0,"key":"SmokeBomb"},{"floor":39,"key":"LiquidMemories"}],"is_trial":false,"path_per_floor":["M","M","?","?","M","E","R","$","T","?","M","$","T","E","R","B",null,"M","M","?","?","?","R","E","$","T","E","$","?","R","?","R","B",null,"M","?","M","?","M","E"],"character_chosen":"IRONCLAD","items_purchased":["Medical Kit","Spot Weakness","Enlightenment","Havoc"],"campfire_rested":2,"item_purchase_floors":[8,12,25,28],"current_hp_per_floor":[68,72,72,72,73,60,74,74,74,74,75,75,75,63,63,35,67,66,73,73,73,73,73,39,39,39,50,50,50,50,50,74,70,79,86,86,78,78,76,0,0],"gold":283,"neow_bonus":"ONE_RARE_RELIC","is_daily":false,"chose_seed":false,"campfire_upgraded":3,"win_rate":0.0,"timestamp":1610562322,"path_taken":["M","M","?","?","M","E","R","$","T","?","M","?","?","E","R","BOSS","M","M","?","?","?","R","E","?","T","E","$","?","R","?","R","BOSS","M","?","M","?","M","E"],"items_purchased_type":["Relic","Card","Card","Card"],"build_version":"2020-12-22","purchased_purges":2,"victory":false,"max_hp_per_floor":[72,72,72,72,73,74,74,74,74,74,75,75,75,76,76,77,77,78,79,79,79,79,79,80,80,80,81,81,81,81,81,81,82,82,86,86,87,87,88,88,88],"card_choices":[{"not_picked":["Sword Boomerang","Havoc"],"picked":"Clash","floor":1.0},{"not_picked":["Whirlwind","Sword Boomerang"],"picked":"Uppercut","floor":2.0},{"not_picked":["Cleave","Second Wind"],"picked":"Iron Wave","floor":5.0},{"not_picked":["Battle Trance","Impervious"],"picked":"Immolate","floor":6.0},{"not_picked":["Burning Pact","Iron Wave"],"picked":"Feel No Pain","floor":11.0},{"not_picked":["Uppercut","Bloodletting"],"picked":"Body Slam","floor":14.0},{"not_picked":["Feed","Fiend Fire"],"picked":"Limit Break","floor":16.0},{"not_picked":["Pommel Strike"],"picked":"SKIP","floor":18.0},{"not_picked":[],"picked":"Battle Trance+1","floor":19.0},{"not_picked":[],"picked":"Rupture","floor":24.0},{"not_picked":[],"picked":"Feed","floor":33},{"not_picked":["Headbutt"],"picked":"SKIP","floor":35},{"not_picked":[],"picked":"Heavy Blade","floor":37},{"not_picked":["Twin Strike"],"picked":"SKIP","floor":39}],"player_experience":467325,"relics_obtained":[{"floor":6.0,"key":"Centennial Puzzle"},{"floor":9.0,"key":"Juzu Bracelet"},{"floor":13.0,"key":"Letter Opener"},{"floor":14.0,"key":"Nunchaku"},{"floor":24.0,"key":"Magic Flower"},{"floor":26.0,"key":"Lantern"}],"event_choices":[{"damage_healed":0.0,"max_hp_gain":0.0,"max_hp_loss":0.0,"gold_gain":0.0,"event_name":"Living Wall","player_choice":"Grow","floor":3.0,"gold_loss":0.0,"damage_taken":0.0,"cards_upgraded":["Uppercut"]},{"damage_healed":0.0,"max_hp_gain":0.0,"max_hp_loss":0.0,"gold_gain":0.0,"event_name":"FaceTrader","player_choice":"Trade","floor":4.0,"gold_loss":0.0,"damage_taken":0.0,"relics_obtained":["FaceOfCleric"]},{"damage_healed":0.0,"max_hp_gain":0.0,"max_hp_loss":0.0,"gold_gain":0.0,"event_name":"WeMeetAgain","player_choice":"Gave Potion","floor":10.0,"gold_loss":0.0,"damage_taken":0.0,"relics_obtained":["Oddly Smooth Stone"]},{"damage_healed":0.0,"max_hp_gain":0.0,"max_hp_loss":0.0,"gold_gain":0.0,"event_name":"Upgrade Shrine","player_choice":"Upgraded","floor":20.0,"gold_loss":0.0,"damage_taken":0.0,"cards_upgraded":["Limit Break"]},{"damage_healed":0.0,"max_hp_gain":0.0,"max_hp_loss":0.0,"gold_gain":0.0,"event_name":"Back to Basics","player_choice":"Simplicity","floor":21.0,"gold_loss":0.0,"damage_taken":0.0,"cards_upgraded":["Strike_R","Strike_R","Strike_R","Strike_R","Strike_R","Defend_R","Defend_R","Defend_R","Defend_R"]},{"damage_healed":0.0,"max_hp_gain":0.0,"max_hp_loss":0.0,"gold_gain":100.0,"event_name":"Golden Shrine","player_choice":"Pray","floor":22.0,"gold_loss":0.0,"damage_taken":0.0},{"damage_healed":0,"gold_gain":0,"player_choice":"Ignored","damage_taken":0,"max_hp_gain":0,"max_hp_loss":0,"event_name":"Ghosts","floor":29,"gold_loss":0},{"damage_healed":0,"gold_gain":0,"player_choice":"Ignored","damage_taken":0,"max_hp_gain":0,"max_hp_loss":0,"event_name":"Vampires","floor":31,"gold_loss":0},{"damage_healed":0,"gold_gain":0,"player_choice":"Upgraded","damage_taken":0,"max_hp_gain":0,"max_hp_loss":0,"event_name":"Upgrade Shrine","floor":36,"gold_loss":0,"cards_upgraded":["Feed"]},{"damage_healed":0,"gold_gain":0,"player_choice":"Ignored","damage_taken":0,"max_hp_gain":0,"max_hp_loss":0,"event_name":"Tomb of Lord Red Mask","floor":38,"gold_loss":0}],"is_beta":false,"boss_relics":[{"not_picked":["Runic Cube","Cursed Key"],"picked":"Busted Crown"},{"not_picked":["Fusion Hammer","Tiny House"],"picked":"Snecko Eye"}],"items_purged_floors":[25,28],"is_endless":false,"potions_floor_spawned":[6,11,14,16,18,27,39],"killed_by":"Giant Head","ascension_level":8}}