{"host":"8u7tvcybuv0u72fd","time":1610516735,"event":{"mods":["BaseMod","BetterRewards","Colored Map","Colored Powertips","Minty Spire (QoL Compilation)","Quick Restart","Shop Mod"],"gold_per_floor":[117,129,60,60,20,20,36,61,61,61,61,61,96,116,116,221,221,233,233,246,246,246,246,281,298,352,370,370,370,370,45,45,147,147,163,163,21,37,37,48,76,0,24,24,24,24,42,92,92,92,92,92,15,45,45],"floor_reached":56,"language":"ENG","playtime":2780,"items_purged":["Strike_R","Strike_R","Clash+1"],"score":1649,"play_id":"40ecadd1-5e3a-47ac-807c-6f969feb97d0","local_time":"20210113004535","is_ascension_mode":false,"campfire_choices":[{"data":"Body Slam","floor":6.0,"key":"SMITH"},{"data":"Shrug It Off","floor":12.0,"key":"SMITH"},{"data":"Infernal Blade","floor":15.0,"key":"SMITH"},{"data":"Barricade","floor":23.0,"key":"SMITH"},{"data":"Defend_R","floor":28.0,"key":"SMITH"},{"data":"Defend_R","floor":30.0,"key":"SMITH"},{"data":"Defend_R","floor":32.0,"key":"SMITH"},{"data":"Impervious","floor":44.0,"key":"SMITH"},{"data":"Offering","floor":46.0,"key":"SMITH"},{"floor":49.0,"key":"RECALL"},{"data":"Panacea","floor":52,"key":"SMITH"}],"circlet_count":0,"master_deck":["Strike_R","Strike_R","Strike_R","Defend_R+1","Defend_R+1","Defend_R+1","Bash+1","Body Slam+1","Shrug It Off+1","Infernal Blade+1","Dropkick","Barricade+1","Necronomicurse","Rampage+1","Impervious+1","CurseOfTheBell","Headbutt+1","Blood for Blood+1","Flex+1","Offering+1","Panacea+1","Iron Wave+1","Entrench","True Grit+1"],"relics":["Burning Blood","PreservedInsect","Turnip","TungstenRod","FossilizedHelix","Letter Opener","Nunchaku","Mummified Hand","Velvet Choker","Necronomicon","Boot","Bronze Scales","Membership Card","Pantograph","Mercury Hourglass","Lizard Tail","Anchor","Champion Belt","Red Mask","Dead Branch","MerchantsRug","Happy Flower","Pear"],"acts_visited":["Exordium","TheCity","TheBeyond","TheEnding"],"potions_floor_usage":[50,55,55,55,55,55,55],"damage_taken":[{"damage":0.0,"enemies":"Small Slimes","floor":1.0,"turns":5.0},{"damage":0.0,"enemies":"Cultist","floor":2.0,"turns":3.0},{"damage":0.0,"enemies":"2 Louse","floor":7.0,"turns":2.0},{"damage":3.0,"enemies":"3 Sentries","floor":8.0,"turns":5.0},{"damage":0.0,"enemies":"Lagavulin","floor":13.0,"turns":3.0},{"damage":0.0,"enemies":"Red Slaver","floor":14.0,"turns":3.0},{"damage":0.0,"enemies":"Slime Boss","floor":16.0,"turns":6.0},{"damage":0.0,"enemies":"Shell Parasite","floor":18.0,"turns":4.0},{"damage":0.0,"enemies":"2 Thieves","floor":20.0,"turns":4.0},{"damage":5.0,"enemies":"Book of Stabbing","floor":24.0,"turns":3.0},{"damage":7.0,"enemies":"Cultist and Chosen","floor":25.0,"turns":5.0},{"damage":13.0,"enemies":"Sentry and Sphere","floor":27.0,"turns":4.0},{"damage":0.0,"enemies":"Champ","floor":33.0,"turns":12.0},{"damage":7.0,"enemies":"3 Darklings","floor":35.0,"turns":7.0},{"damage":0.0,"enemies":"3 Shapes","floor":38.0,"turns":3.0},{"damage":0.0,"enemies":"3 Darklings","floor":40.0,"turns":5.0},{"damage":28.0,"enemies":"Giant Head","floor":41.0,"turns":8.0},{"damage":0.0,"enemies":"Transient","floor":47.0,"turns":5.0},{"damage":8.0,"enemies":"2 Orb Walkers","floor":48.0,"turns":5.0},{"damage":36,"enemies":"Donu and Deca","floor":50,"turns":10},{"damage":18,"enemies":"Shield and Spear","floor":54,"turns":7},{"damage":107,"enemies":"The Heart","floor":55,"turns":8}],"seed_played":"5622832857190782272","potions_obtained":[{"floor":5.0,"key":"Strength Potion"},{"floor":5.0,"key":"CultistPotion"},{"floor":5.0,"key":"CultistPotion"},{"floor":8.0,"key":"EntropicBrew"},{"floor":13.0,"key":"Dexterity Potion"},{"floor":14.0,"key":"CultistPotion"},{"floor":24.0,"key":"Dexterity Potion"}],"is_trial":false,"path_per_floor":["M","M","?","$","?","R","M","E","T","?","?","R","E","M","R","B",null,"M","?","M","?","$","R","E","M","T","M","R","?","R","$","R","B",null,"M","?","$","M","$","M","E","?","T","R","?","R","M","?","R","B",null,"R","$","E","B",null],"character_chosen":"IRONCLAD","items_purchased":["Eternal Feather","PreservedInsect","TungstenRod","FossilizedHelix","Body Slam","Membership Card","Pantograph","Anchor","MerchantsRug","Entrench","EntropicBrew","Happy Flower"],"campfire_rested":0,"item_purchase_floors":[0,0,0,0,0,31,31,37,53,53,53,53],"current_hp_per_floor":[38,44,44,44,44,50,56,66,66,50,50,56,62,68,74,80,87,87,71,77,65,65,74,75,74,74,67,76,76,85,85,92,92,92,91,91,91,92,92,92,70,70,70,82,82,92,92,90,92,62,92,92,92,90,56],"gold":45,"neow_bonus":"","is_daily":false,"chose_seed":false,"campfire_upgraded":10,"win_rate":0.0,"timestamp":1610516735,"path_taken":["M","M","?","?","?","R","?","E","T","?","?","R","E","M","R","BOSS","M","?","M","?","$","R","E","M","T","M","R","?","R","$","R","BOSS","M","?","$","M","$","M","E","?","T","R","?","R","M","?","R","BOSS","R","$","E","BOSS"],"items_purchased_type":["Relic","Relic","Relic","Relic","Card","Relic","Relic","Relic","Relic","Card","Potion","Relic"],"build_version":"2020-12-22","purchased_purges":3,"victory":true,"max_hp_per_floor":[80,80,80,80,80,80,80,87,87,87,87,87,87,87,87,87,87,87,92,92,92,92,92,92,92,92,92,92,92,92,92,92,92,92,92,92,92,92,92,92,92,92,92,92,92,92,92,92,92,92,92,92,92,102,102],"card_choices":[{"not_picked":["True Grit","Sword Boomerang"],"picked":"Clash","floor":1.0},{"not_picked":["Battle Trance","Sword Boomerang"],"picked":"Shrug It Off","floor":2.0},{"not_picked":["Armaments","Clash","Warcry"],"picked":"SKIP","floor":7.0},{"not_picked":["Pummel","True Grit"],"picked":"Infernal Blade","floor":8.0},{"not_picked":["Ghostly Armor","Shrug It Off"],"picked":"Dropkick","floor":13.0},{"not_picked":["Pommel Strike","Heavy Blade","Bloodletting"],"picked":"SKIP","floor":14.0},{"not_picked":["Exhume","Offering"],"picked":"Barricade","floor":16.0},{"not_picked":["Pommel Strike","Bloodletting","Warcry"],"picked":"SKIP","floor":18.0},{"not_picked":["Anger","Cleave+1","Reckless Charge"],"picked":"SKIP","floor":20.0},{"not_picked":["Wild Strike","Cleave","Sever Soul"],"picked":"SKIP","floor":24.0},{"not_picked":["Warcry","Iron Wave"],"picked":"Rampage+1","floor":25.0},{"not_picked":["Iron Wave","Sword Boomerang+1","Searing Blow+1"],"picked":"SKIP","floor":27.0},{"not_picked":["Fiend Fire","Brutality"],"picked":"Impervious","floor":33.0},{"not_picked":["Wild Strike","Cleave+1"],"picked":"Headbutt+1","floor":35.0},{"not_picked":["Anger+1","Sever Soul"],"picked":"Blood for Blood+1","floor":38.0},{"not_picked":["Perfected Strike","Whirlwind+1"],"picked":"Flex+1","floor":40.0},{"not_picked":["Sword Boomerang","Clothesline"],"picked":"Offering","floor":41.0},{"not_picked":["Mayhem","Purity"],"picked":"Panacea","floor":45.0},{"not_picked":["Body Slam","Whirlwind+1","Sentinel"],"picked":"SKIP","floor":47.0},{"not_picked":["Thunderclap+1","Searing Blow+1"],"picked":"Iron Wave+1","floor":48.0},{"not_picked":["Havoc+1","Seeing Red"],"picked":"True Grit+1","floor":54}],"player_experience":1311869,"relics_obtained":[{"floor":8.0,"key":"Strawberry"},{"floor":9.0,"key":"Nunchaku"},{"floor":13.0,"key":"Mummified Hand"},{"floor":21.0,"key":"Necronomicon"},{"floor":24.0,"key":"Boot"},{"floor":26.0,"key":"Bronze Scales"},{"floor":34.0,"key":"Juzu Bracelet"},{"floor":34.0,"key":"Mercury Hourglass"},{"floor":34.0,"key":"Lizard Tail"},{"floor":41.0,"key":"Champion Belt"},{"floor":48.0,"key":"Dead Branch"},{"floor":54,"key":"Pear"}],"event_choices":[{"damage_healed":0.0,"max_hp_gain":0.0,"max_hp_loss":0.0,"gold_gain":0.0,"event_name":"WeMeetAgain","player_choice":"Paid Gold","floor":3.0,"gold_loss":69.0,"damage_taken":0.0,"relics_obtained":["Letter Opener"]},{"damage_healed":0.0,"max_hp_gain":0.0,"max_hp_loss":0.0,"gold_gain":0.0,"event_name":"The Woman in Blue","player_choice":"Bought 3 Potions","floor":5.0,"gold_loss":0.0,"damage_taken":0.0},{"damage_healed":0.0,"max_hp_gain":0.0,"max_hp_loss":0.0,"gold_gain":0.0,"event_name":"Shining Light","player_choice":"Entered Light","floor":10.0,"gold_loss":0.0,"damage_taken":17.0,"cards_upgraded":["Defend_R","Clash"]},{"damage_healed":0.0,"max_hp_gain":0.0,"max_hp_loss":0.0,"gold_gain":0.0,"event_name":"Living Wall","player_choice":"Grow","floor":11.0,"gold_loss":0.0,"damage_taken":0.0,"cards_upgraded":["Bash"]},{"damage_healed":0.0,"max_hp_gain":5.0,"max_hp_loss":0.0,"gold_gain":0.0,"event_name":"Forgotten Altar","player_choice":"Shed Blood","floor":19.0,"gold_loss":0.0,"damage_taken":22.0},{"damage_healed":0.0,"max_hp_gain":0.0,"max_hp_loss":0.0,"gold_gain":0.0,"event_name":"Cursed Tome","player_choice":"Obtained Book","floor":21.0,"gold_loss":0.0,"damage_taken":16.0},{"damage_healed":0.0,"max_hp_gain":0.0,"max_hp_loss":0.0,"gold_gain":0.0,"event_name":"Vampires","player_choice":"Ignored","floor":29.0,"gold_loss":0.0,"damage_taken":0.0},{"cards_removed":["Defend_R"],"damage_healed":0.0,"max_hp_gain":0.0,"max_hp_loss":0.0,"gold_gain":0.0,"event_name":"Falling","player_choice":"Removed Skill","floor":36.0,"gold_loss":0.0,"damage_taken":0.0},{"damage_healed":0.0,"max_hp_gain":0.0,"max_hp_loss":0.0,"gold_gain":0.0,"event_name":"Tomb of Lord Red Mask","player_choice":"Paid","floor":42.0,"gold_loss":76.0,"damage_taken":0.0,"relics_obtained":["Red Mask"]},{"damage_healed":0.0,"max_hp_gain":0.0,"max_hp_loss":0.0,"gold_gain":0.0,"event_name":"SensoryStone","player_choice":"Memory 1","floor":45.0,"gold_loss":0.0,"damage_taken":0.0},{"damage_healed":0.0,"max_hp_gain":0.0,"max_hp_loss":0.0,"gold_gain":0.0,"event_name":"Mysterious Sphere","player_choice":"Fight","floor":48.0,"gold_loss":0.0,"damage_taken":0.0}],"is_beta":false,"boss_relics":[{"not_picked":["Fusion Hammer","Philosopher\u0027s Stone"],"picked":"Velvet Choker"},{"not_picked":["Astrolabe","Black Star"],"picked":"Calling Bell"}],"items_purged_floors":[0,31,37],"is_endless":false,"potions_floor_spawned":[8,13,14,24,25,33,35,38,40,48],"ascension_level":0}}