{"host":"jn2qdns2nxijvlnt","time":1610510286,"event":{"mods":["BaseMod","Minty Spire (QoL Compilation)","Quick Restart"],"gold_per_floor":[110,285,5,19,19,46,46,46,69,87,98,98,115,127,127,224,224,239,239,253,263,13,13,47,67,148,180,180,34,34,34,34,34,34],"floor_reached":33,"language":"ENG","playtime":2549,"items_purged":["Doubt"],"score":371,"play_id":"f01e8ea2-1e10-47eb-824a-01288ab7e190","local_time":"20210112225806","is_ascension_mode":true,"campfire_choices":[{"floor":7.0,"key":"REST"},{"floor":12.0,"key":"REST"},{"floor":15.0,"key":"REST"},{"floor":23.0,"key":"REST"},{"floor":28.0,"key":"REST"},{"floor":32.0,"key":"REST"}],"circlet_count":0,"master_deck":["Strike_G","Strike_G","Strike_G","Strike_G","Strike_G","Defend_G","Defend_G","Defend_G","Defend_G","Defend_G","Survivor","Neutralize+1","Slice","Deflect","Dagger Spray+1","A Thousand Cuts","Masterful Stab","Deadly Poison","Poisoned Stab","Poisoned Stab","After Image","Backstab","Footwork+1"],"relics":["Ring of the Snake","Tiny Chest","Ornamental Fan","Potion Belt","Busted Crown","Molten Egg 2","Kunai","Bronze Scales","InkBottle","Bottled Flame","Art of War"],"acts_visited":["Exordium","TheCity"],"potions_floor_usage":[],"damage_taken":[{"damage":2.0,"enemies":"Jaw Worm","floor":1.0,"turns":3.0},{"damage":0.0,"enemies":"Small Slimes","floor":4.0,"turns":3.0},{"damage":14.0,"enemies":"Lagavulin","floor":6.0,"turns":7.0},{"damage":0.0,"enemies":"2 Louse","floor":10.0,"turns":2.0},{"damage":5.0,"enemies":"Exordium Thugs","floor":11.0,"turns":3.0},{"damage":8.0,"enemies":"Large Slime","floor":13.0,"turns":4.0},{"damage":9.0,"enemies":"Lots of Slimes","floor":14.0,"turns":5.0},{"damage":44.0,"enemies":"The Guardian","floor":16.0,"turns":9.0},{"damage":13.0,"enemies":"2 Thieves","floor":18.0,"turns":4.0},{"damage":0.0,"enemies":"Chosen","floor":20.0,"turns":4.0},{"damage":25.0,"enemies":"Snecko","floor":21.0,"turns":6.0},{"damage":41.0,"enemies":"Book of Stabbing","floor":24.0,"turns":6.0},{"damage":2.0,"enemies":"Centurion and Healer","floor":25.0,"turns":6.0},{"damage":2.0,"enemies":"Slavers","floor":27.0,"turns":6.0},{"damage":29,"enemies":"Automaton","floor":33,"turns":12}],"seed_played":"-6997124330855418433","potions_obtained":[{"floor":0.0,"key":"AttackPotion"},{"floor":0.0,"key":"Dexterity Potion"},{"floor":0.0,"key":"GhostInAJar"},{"floor":1.0,"key":"AttackPotion"},{"floor":6.0,"key":"EntropicBrew"},{"floor":14.0,"key":"DuplicationPotion"},{"floor":20.0,"key":"Fruit Juice"},{"floor":21.0,"key":"Swift Potion"},{"floor":24.0,"key":"Poison Potion"},{"floor":25.0,"key":"GhostInAJar"}],"is_trial":false,"path_per_floor":["M","?","$","M","?","E","R","?","T","M","M","R","M","M","R","B",null,"M","T","M","M","$","R","E","M","T","E","R","$","?","$","R","B"],"character_chosen":"THE_SILENT","items_purchased":["Tiny Chest","Deflect","Kunai","Art of War"],"campfire_rested":6,"item_purchase_floors":[3,3,22,29],"current_hp_per_floor":[61,61,61,61,61,47,68,68,68,68,63,70,62,53,70,26,59,46,46,51,26,26,48,7,5,5,3,25,25,11,11,35,6,6],"gold":34,"neow_bonus":"THREE_SMALL_POTIONS","is_daily":false,"chose_seed":false,"campfire_upgraded":0,"win_rate":0.0,"timestamp":1610510286,"path_taken":["M","?","$","M","?","E","R","?","T","?","M","R","M","M","R","BOSS","M","?","?","M","$","R","E","M","T","E","R","$","?","?","R","BOSS"],"items_purchased_type":["Relic","Card","Relic","Relic"],"build_version":"2020-12-22","purchased_purges":1,"victory":false,"max_hp_per_floor":[70,70,70,70,70,70,70,70,70,70,70,70,70,70,70,70,70,70,70,75,75,75,75,75,75,75,75,75,75,80,80,80,80,80],"card_choices":[{"not_picked":["Riddle With Holes","Dagger Spray"],"picked":"Slice","floor":1.0},{"not_picked":["Deadly Poison","Footwork"],"picked":"Dagger Spray","floor":4.0},{"not_picked":["Poisoned Stab","Slice"],"picked":"A Thousand Cuts","floor":6.0},{"not_picked":["Acrobatics","Underhanded Strike"],"picked":"Masterful Stab","floor":10.0},{"not_picked":["Bane","Prepared"],"picked":"Deadly Poison","floor":11.0},{"not_picked":["Deflect","PiercingWail"],"picked":"Poisoned Stab","floor":13.0},{"not_picked":["Prepared","Sucker Punch"],"picked":"Poisoned Stab","floor":14.0},{"not_picked":["Grand Finale","Storm of Steel"],"picked":"After Image","floor":16.0},{"not_picked":[],"picked":"Backstab","floor":18.0},{"not_picked":["Quick Slash+1"],"picked":"SKIP","floor":20.0},{"not_picked":[],"picked":"Footwork+1","floor":21.0},{"not_picked":["Tactician"],"picked":"SKIP","floor":24.0},{"not_picked":["Prepared"],"picked":"SKIP","floor":25.0},{"not_picked":["Dodge and Roll"],"picked":"SKIP","floor":27.0}],"player_experience":499327,"relics_obtained":[{"floor":6.0,"key":"Ornamental Fan"},{"floor":9.0,"key":"Potion Belt"},{"floor":19.0,"key":"Molten Egg 2"},{"floor":24.0,"key":"Bronze Scales"},{"floor":26.0,"key":"InkBottle"},{"floor":27.0,"key":"Bottled Flame"}],"event_choices":[{"damage_healed":0.0,"max_hp_gain":0.0,"max_hp_loss":0.0,"gold_gain":175.0,"event_name":"Liars Game","player_choice":"AGREE","floor":2.0,"gold_loss":0.0,"damage_taken":0.0,"cards_obtained":["Doubt"]},{"damage_healed":0.0,"max_hp_gain":0.0,"max_hp_loss":0.0,"gold_gain":0.0,"event_name":"Living Wall","player_choice":"Grow","floor":5.0,"gold_loss":0.0,"damage_taken":0.0,"cards_upgraded":["Dagger Spray"]},{"damage_healed":0.0,"max_hp_gain":0.0,"max_hp_loss":0.0,"gold_gain":0.0,"event_name":"Upgrade Shrine","player_choice":"Upgraded","floor":8.0,"gold_loss":0.0,"damage_taken":0.0,"cards_upgraded":["Neutralize"]},{"damage_healed":0.0,"max_hp_gain":5.0,"max_hp_loss":0.0,"gold_gain":0.0,"event_name":"Forgotten Altar","player_choice":"Shed Blood","floor":30.0,"gold_loss":0.0,"damage_taken":19.0}],"is_beta":false,"boss_relics":[{"not_picked":["Calling Bell","Runic Dome"],"picked":"Busted Crown"}],"items_purged_floors":[3],"is_endless":false,"potions_floor_spawned":[1,6,10,14,20,21,24,25],"killed_by":"Automaton","ascension_level":6}}