{"host":"ttzdpsscxkem3xrs","time":1610524347,"event":{"mods":["BaseMod","Colored Map","Downfall","Minty Spire (QoL Compilation)","Replay The Spire","StSLib","The Cursed","The Hierophant"],"gold_per_floor":[99,115,132,142,155,186,186,220,70,70,87,107,123,135,146,146,146,146],"floor_reached":16,"language":"ENG","playtime":748,"items_purged":[],"score":136,"play_id":"75cffa51-5712-41af-b7fe-17fea2e76c6b","local_time":"20210112235227","is_ascension_mode":true,"campfire_choices":[{"data":"Slimebound:MinionMaster","floor":10,"key":"SMITH"}],"circlet_count":0,"master_deck":["Slimebound:Strike_Slimebound","Slimebound:Strike_Slimebound","Slimebound:Strike_Slimebound","Slimebound:Tackle","Slimebound:Defend_Slimebound","Slimebound:Defend_Slimebound","Slimebound:Defend_Slimebound","Slimebound:Split","Slimebound:CorrosiveSpit","Slimebound:LevelUp","Slimebound:DivideAndConquer","Slimebound:SplitMire","Slimebound:SplitMire","Slimebound:LeechEnergy","Slimebound:MinionMaster+1","Slimebound:SplitAcid","Slimebound:SplitBruiser","Slimebound:RallyTheTroops","Slimebound:SplitAcid","Slimebound:GoopSpray","Slimebound:SplitAcid","Slimebound:LeadByExample","Slimebound:Prepare","Slimebound:LevelUp","Slimebound:SplitLeeching"],"relics":["Slimebound:AbsorbEndCombat","MealTicket","Replay:Bottled Snecko","Prayer Wheel"],"acts_visited":["Exordium"],"potions_floor_usage":[13,16],"damage_taken":[{"damage":8,"enemies":"Cultist","floor":2,"turns":3},{"damage":12,"enemies":"2 Louse","floor":3,"turns":3},{"damage":11,"enemies":"Jaw Worm","floor":4,"turns":3},{"damage":14,"enemies":"Exordium Wildlife","floor":5,"turns":3},{"damage":47,"enemies":"3 Sentries","floor":6,"turns":4},{"damage":23,"enemies":"Gremlin Nob","floor":8,"turns":3},{"damage":23,"enemies":"Lots of Slimes","floor":11,"turns":3},{"damage":18,"enemies":"2 Fungi Beasts","floor":12,"turns":3},{"damage":12,"enemies":"Large Slime","floor":13,"turns":4},{"damage":39,"enemies":"3 Louse","floor":14,"turns":3},{"damage":28,"enemies":"Gremlin Gang","floor":15,"turns":2},{"damage":24,"enemies":"downfall:Ironclad","floor":16,"turns":3}],"seed_played":"-5543501973758033259","potions_obtained":[{"floor":2,"key":"EssenceOfSteel"},{"floor":5,"key":"GamblersBrew"},{"floor":8,"key":"Strength Potion"},{"floor":15,"key":"Energy Potion"}],"is_trial":false,"path_per_floor":["R_BF","M","M","M","M","E","T","E","?","R","M","M","M","M","M","B"],"character_chosen":"SLIMEBOUND","items_purchased":[],"campfire_rested":0,"item_purchase_floors":[],"current_hp_per_floor":[60,60,60,60,60,41,41,42,70,70,67,61,70,51,31,7,7,7],"gold":146,"neow_bonus":"THREE_CARDS","is_daily":false,"chose_seed":false,"campfire_upgraded":1,"win_rate":0.0,"timestamp":1610524347,"path_taken":["R_BF","M","?","M","M","E","T","E","?","R","M","M","M","M","M","BOSS"],"items_purchased_type":[],"build_version":"2020-12-22","purchased_purges":0,"victory":false,"max_hp_per_floor":[60,60,60,60,60,60,60,60,70,70,70,70,70,70,70,70,70,70],"card_choices":[{"not_picked":["Slimebound:ComboTackle","Slimebound:HungryTackle"],"picked":"Slimebound:LevelUp","floor":0},{"not_picked":["Slimebound:FlameTackle","Slimebound:AcidTongue"],"picked":"Slimebound:SplitMire","floor":2},{"not_picked":["Slimebound:HungryTackle","Slimebound:ServeAndProtect"],"picked":"Slimebound:SplitMire","floor":3},{"not_picked":["Slimebound:SlimeSpikes","Slimebound:ServeAndProtect"],"picked":"Slimebound:LeechEnergy","floor":4},{"not_picked":["Slimebound:RejuvenatingLick","Slimebound:GrowthPunch","Slimebound:LeechingTouch"],"picked":"SKIP","floor":5},{"not_picked":["Slimebound:CheckThePlaybook","Slimebound:SplitBruiser"],"picked":"Slimebound:MinionMaster","floor":6},{"not_picked":["Slimebound:LeechingTouch","Slimebound:ProtectTheBoss"],"picked":"Slimebound:SplitAcid","floor":8},{"not_picked":["Slimebound:ViciousTackle","Slimebound:GrowthPunch"],"picked":"Slimebound:SplitBruiser","floor":11},{"not_picked":["Slimebound:Schlurp","Slimebound:SplitBruiser"],"picked":"Slimebound:RallyTheTroops","floor":11},{"not_picked":["Slimebound:LeechingTouch","Slimebound:SamplingLick"],"picked":"Slimebound:SplitAcid","floor":12},{"not_picked":["Slimebound:ForwardTackle","Slimebound:HungryTackle"],"picked":"Slimebound:GoopSpray","floor":12},{"not_picked":["Slimebound:TongueLash","Slimebound:SpikyOuterGoop"],"picked":"Slimebound:SplitAcid","floor":13},{"not_picked":["Slimebound:RainOfGoop","Slimebound:DivideAndConquer","Slimebound:SlimeTap"],"picked":"SKIP","floor":13},{"not_picked":["Slimebound:Gluttony","Slimebound:SlimeBrawl"],"picked":"Slimebound:LeadByExample","floor":14},{"not_picked":["Slimebound:RainOfGoop","Slimebound:SlimeSpikes"],"picked":"Slimebound:Prepare","floor":14},{"not_picked":["Slimebound:BestDefense","Slimebound:ComboTackle"],"picked":"Slimebound:LevelUp","floor":15},{"not_picked":["Slimebound:SpikyOuterGoop","Slimebound:Chomp"],"picked":"Slimebound:SplitLeeching","floor":15}],"player_experience":1353358,"relics_obtained":[{"floor":6,"key":"MealTicket"},{"floor":7,"key":"Replay:Bottled Snecko"},{"floor":8,"key":"Prayer Wheel"}],"event_choices":[],"is_beta":false,"boss_relics":[],"items_purged_floors":[],"is_endless":false,"potions_floor_spawned":[2,5,8,15],"killed_by":"downfall:Ironclad","ascension_level":3}}