{"host":"x21cvmfdo17nyhii","time":1610529416,"event":{"mods":["AchievementEnabler","BaseMod","Colored Map","Colored Powertips","DeckTracker","Highlight Path","Minty Spire (QoL Compilation)","Quick Restart","Rare Cards Sparkle","SuperFastMode"],"gold_per_floor":[99,99,99,99,99,99,99,99,99,99,99,99,24,24,24,24,24,24,24,24,0,0,0],"floor_reached":22,"language":"ENG","playtime":569,"items_purged":["Strike_R"],"score":176,"play_id":"52d6f1cd-d0d1-4b26-bf25-11a389a1ff0c","local_time":"20210113011656","is_ascension_mode":false,"campfire_choices":[{"data":"Entrench","floor":6.0,"key":"SMITH"},{"data":"Body Slam","floor":10.0,"key":"SMITH"},{"floor":15.0,"key":"REST"}],"circlet_count":0,"master_deck":["Strike_R","Strike_R","Defend_R","Defend_R","Defend_R","Defend_R","Bash","Carnage+1","Headbutt","Entrench+1","Body Slam+1","Berserk","Berserk","Battle Trance","Combust","Ghostly Armor"],"relics":["Ectoplasm"],"acts_visited":["Exordium","TheCity"],"potions_floor_usage":[21],"damage_taken":[{"damage":1.0,"enemies":"Jaw Worm","floor":1.0,"turns":2.0},{"damage":0.0,"enemies":"Cultist","floor":3.0,"turns":2.0},{"damage":2.0,"enemies":"Small Slimes","floor":5.0,"turns":3.0},{"damage":8.0,"enemies":"Gremlin Gang","floor":8.0,"turns":3.0},{"damage":0.0,"enemies":"Large Slime","floor":12.0,"turns":3.0},{"damage":2.0,"enemies":"Blue Slaver","floor":14.0,"turns":2.0},{"damage":49.0,"enemies":"The Guardian","floor":16.0,"turns":8.0},{"damage":32.0,"enemies":"3 Byrds","floor":18.0,"turns":6.0},{"damage":16,"enemies":"2 Thieves","floor":21,"turns":4},{"damage":31,"enemies":"Sentry and Sphere","floor":22,"turns":4}],"seed_played":"1948692374816135071","potions_obtained":[{"floor":3.0,"key":"Block Potion"},{"floor":14.0,"key":"SteroidPotion"},{"floor":18.0,"key":"Fruit Juice"}],"is_trial":false,"path_per_floor":["M","?","M","?","M","R","?","M","T","R","?","M","$","M","R","B",null,"M","$","?","M","M"],"character_chosen":"IRONCLAD","items_purchased":[],"campfire_rested":1,"item_purchase_floors":[],"current_hp_per_floor":[79,71,71,71,69,69,69,61,61,61,61,61,61,59,80,31,80,53,53,53,37,6,6],"gold":0,"neow_bonus":"BOSS_RELIC","is_daily":false,"chose_seed":false,"campfire_upgraded":2,"win_rate":0.0,"timestamp":1610529416,"path_taken":["M","?","?","?","?","R","?","M","T","R","?","M","?","M","R","BOSS","M","$","?","M","M"],"items_purchased_type":[],"build_version":"2020-12-22","purchased_purges":1,"victory":false,"max_hp_per_floor":[80,80,80,80,80,80,80,80,80,80,80,80,80,80,80,80,80,85,85,85,85,85,85],"card_choices":[{"not_picked":["Heavy Blade","Battle Trance"],"picked":"Carnage","floor":1.0},{"not_picked":["Clothesline","Pommel Strike"],"picked":"Headbutt","floor":3.0},{"not_picked":["Perfected Strike","Infernal Blade"],"picked":"Entrench","floor":5.0},{"not_picked":["Thunderclap","Armaments"],"picked":"Body Slam","floor":8.0},{"not_picked":["Cleave","Sword Boomerang"],"picked":"Berserk","floor":12.0},{"not_picked":["Clash","Perfected Strike","Pommel Strike"],"picked":"SKIP","floor":14.0},{"not_picked":["Limit Break","Bludgeon"],"picked":"Berserk","floor":16.0},{"not_picked":["Sever Soul","Hemokinesis+1","Wild Strike"],"picked":"SKIP","floor":18.0},{"not_picked":["Carnage","Thunderclap"],"picked":"Ghostly Armor","floor":21}],"player_experience":330469,"relics_obtained":[],"event_choices":[{"damage_healed":0.0,"max_hp_gain":0.0,"max_hp_loss":0.0,"gold_gain":75.0,"event_name":"FaceTrader","player_choice":"Touch","floor":2.0,"gold_loss":0.0,"damage_taken":8.0},{"damage_healed":0.0,"max_hp_gain":0.0,"max_hp_loss":0.0,"gold_gain":0.0,"event_name":"Accursed Blacksmith","player_choice":"Forge","floor":4.0,"gold_loss":0.0,"damage_taken":0.0,"cards_upgraded":["Carnage"]},{"damage_healed":0.0,"max_hp_gain":0.0,"max_hp_loss":0.0,"gold_gain":0.0,"event_name":"Golden Idol","player_choice":"Ignored","floor":7.0,"gold_loss":0.0,"damage_taken":0.0},{"damage_healed":0.0,"max_hp_gain":0.0,"max_hp_loss":0.0,"gold_gain":0.0,"event_name":"Dead Adventurer","player_choice":"Searched \u00270\u0027 times","floor":11.0,"gold_loss":0.0,"damage_taken":0.0},{"damage_healed":0.0,"max_hp_gain":0.0,"max_hp_loss":0.0,"gold_gain":0.0,"cards_transformed":["Strike_R","Strike_R"],"event_name":"Drug Dealer","player_choice":"Became Test Subject","floor":20.0,"gold_loss":0.0,"damage_taken":0.0,"cards_obtained":["Battle Trance","Combust"]}],"is_beta":false,"boss_relics":[{"not_picked":["Calling Bell","Snecko Eye","Tiny House"]}],"items_purged_floors":[13],"is_endless":false,"potions_floor_spawned":[3,14,18],"killed_by":"Sentry and Sphere","ascension_level":0}}