{"host":"2xjkbrmvrd7iq7pu","time":1610522179,"event":{"mods":["AchievementEnabler","Act Like it!","Arknights The Spire","BaseMod","Downfall","Gensokyo","Gremlin Mod","GungeonMod","KinomotoSakuraMod(ƒæ÷Æ±æ”£)","Lobotomy","Minty Spire (QoL Compilation)","Reimu£®≤©¿ˆ¡È√Œ£©","Replay The Spire","StSLib","The Alterego","The Bug Knight","The Cursed","Yakumo Yukari mod"],"gold_per_floor":[114,189,206,218,218,218,248,248,248,248,281,23,23,23],"floor_reached":13,"language":"ZHS","playtime":576,"items_purged":[],"score":96,"play_id":"19859550-91c9-46b3-a11c-b2c20912ca71","local_time":"20210113151619","is_ascension_mode":true,"campfire_choices":[{"data":"ats:Overload","floor":6,"key":"SMITH"},{"data":"ats:Soul Rend","floor":8,"key":"SMITH"},{"floor":10,"key":"REST"}],"circlet_count":0,"master_deck":["ats:Strike C","ats:Strike G","ats:Strike S","ats:Strike V","ats:Armor Crushing Shot","ats:Defend","ats:Defend","ats:Defend","ats:Defend","ats:Emotion Absorption","DemoMod:TableTechRage","ats:Shadow Assault","ats:Overload+1","ats:Apocalypse","ats:Shadow Raid","ats:Soul Rend+1"],"relics":["ats:Sanity","ats:Originium","Meat on the Bone","Centennial Puzzle","DemoMod:MemoryAlloy"],"acts_visited":["Exordium"],"potions_floor_usage":[7,11],"damage_taken":[{"damage":10,"enemies":"Cultist","floor":1,"turns":4},{"damage":0,"enemies":"2 Louse","floor":3,"turns":2},{"damage":0,"enemies":"Jaw Worm","floor":4,"turns":3},{"damage":22,"enemies":"3 Sentries","floor":7,"turns":8},{"damage":52,"enemies":"Gremlin Nob","floor":11,"turns":6},{"damage":39,"enemies":"Lagavulin","floor":13,"turns":7}],"seed_played":"-3433087739669518099","potions_obtained":[{"floor":1,"key":"SteroidPotion"},{"floor":4,"key":"Dexterity Potion"}],"is_trial":false,"path_per_floor":["M","?","M","M","?","R","E","R","T","R","E","$","E"],"character_chosen":"DOCTOR_CLASS","items_purchased":["DemoMod:MemoryAlloy"],"campfire_rested":1,"item_purchase_floors":[12],"current_hp_per_floor":[62,51,51,55,55,55,37,37,37,58,26,26,0,0],"gold":23,"neow_bonus":"THREE_RARE_CARDS","is_daily":false,"chose_seed":false,"campfire_upgraded":2,"win_rate":0.0,"timestamp":1610522179,"path_taken":["M","?","M","M","?","R","E","R","T","R","E","$","E"],"items_purchased_type":["Relic"],"build_version":"2020-12-22","purchased_purges":0,"victory":false,"max_hp_per_floor":[72,72,72,72,72,72,72,72,72,72,72,72,72,72],"card_choices":[{"not_picked":["ats:Roar Of Ursus","ats:Nebulous Foxfire"],"picked":"ats:Shadow Assault","floor":0},{"not_picked":["ats:Explosion Area Strengthen","ats:Assault Order"],"picked":"ats:Overload","floor":1},{"not_picked":["ats:Consecutive Shot Auto","ats:Childhood Dance"],"picked":"ats:Apocalypse","floor":3},{"not_picked":["ats:Apocalypse","ats:Hammer On","ats:Poison Spread"],"picked":"SKIP","floor":4},{"not_picked":["ats:Hammer On","ats:Curse Doll"],"picked":"ats:Soul Rend","floor":7},{"not_picked":["ats:LN2 Cannon","ats:Rapid Magazine","ats:Very Hot Blade"],"picked":"SKIP","floor":11}],"player_experience":692628,"relics_obtained":[{"floor":7,"key":"ats:Originium"},{"floor":7,"key":"Meat on the Bone"},{"floor":11,"key":"ats:Originium"},{"floor":11,"key":"Centennial Puzzle"}],"event_choices":[{"damage_healed":0,"gold_gain":75,"player_choice":"Gather Gold","damage_taken":11,"max_hp_gain":0,"max_hp_loss":0,"event_name":"World of Goop","floor":2,"gold_loss":0},{"damage_healed":0,"gold_gain":0,"cards_transformed":["Slimebound:Strike_Slimebound"],"player_choice":"Change","damage_taken":0,"max_hp_gain":0,"max_hp_loss":0,"event_name":"Living Wall","floor":5,"gold_loss":0,"cards_obtained":["ats:Shadow Raid"]}],"is_beta":false,"boss_relics":[],"items_purged_floors":[],"is_endless":false,"potions_floor_spawned":[1,4],"killed_by":"Lagavulin","ascension_level":1}}