{"host":"6azrrw3tf7wb0f4b","time":1610556728,"event":{"mods":["BaseMod","DeckTracker","Minty Spire (QoL Compilation)","SuperFastMode"],"gold_per_floor":[111,111,131,131,145,145,178,191,191,224,244,261,288,298,298,393,393,412,93,110,124,49,80,80,98,98,114,114,114,145,159,159,256,256,272,287,137,150,150,150],"floor_reached":39,"language":"KOR","playtime":898,"items_purged":["Strike_B"],"score":740,"play_id":"1ab09e0e-e54e-4308-a374-80591df68c45","local_time":"20210114015208","is_ascension_mode":true,"campfire_choices":[{"data":"Dualcast","floor":6.0,"key":"SMITH"},{"data":"Electrodynamics","floor":15.0,"key":"SMITH"},{"floor":24.0,"key":"REST"},{"floor":28,"key":"REST"},{"floor":32,"key":"REST"}],"circlet_count":0,"master_deck":["AscendersBane","Strike_B+1","Strike_B","Defend_B","Defend_B","Defend_B","Defend_B","Zap","Dualcast+1","Electrodynamics+1","Glacier","Ball Lightning+1","Chill","Melter","BootSequence","Loop","Turbo","Core Surge","Amplify","Consume","Redo+1","Leap+1","Writhe","Hologram+1","Stack+1","Echo Form","Defragment","Recycle+1","Seek+1","Hello World","Rebound+1"],"relics":["Cracked Core","FaceOfCleric","Mercury Hourglass","Whetstone","Ancient Tea Set","Orichalcum","Lantern","Inserter","Molten Egg 2","Toxic Egg 2","Blood Vial","Peace Pipe","Darkstone Periapt","SlaversCollar","Orrery"],"acts_visited":["Exordium","TheCity","TheBeyond"],"potions_floor_usage":[33],"damage_taken":[{"damage":0.0,"enemies":"2 Louse","floor":1.0,"turns":1.0},{"damage":1.0,"enemies":"Cultist","floor":3.0,"turns":3.0},{"damage":0.0,"enemies":"Small Slimes","floor":5.0,"turns":2.0},{"damage":4.0,"enemies":"3 Sentries","floor":7.0,"turns":4.0},{"damage":0.0,"enemies":"Looter","floor":8.0,"turns":2.0},{"damage":29.0,"enemies":"Lagavulin","floor":10.0,"turns":5.0},{"damage":2.0,"enemies":"Exordium Wildlife","floor":11.0,"turns":2.0},{"damage":0.0,"enemies":"3 Louse","floor":12.0,"turns":4.0},{"damage":17.0,"enemies":"Gremlin Nob","floor":13.0,"turns":4.0},{"damage":0.0,"enemies":"Red Slaver","floor":14.0,"turns":2.0},{"damage":12.0,"enemies":"Slime Boss","floor":16.0,"turns":7.0},{"damage":1.0,"enemies":"2 Thieves","floor":18.0,"turns":2.0},{"damage":12.0,"enemies":"Spheric Guardian","floor":20.0,"turns":4.0},{"damage":14.0,"enemies":"Cultist and Chosen","floor":21.0,"turns":6.0},{"damage":12.0,"enemies":"Slavers","floor":23.0,"turns":3.0},{"damage":13,"enemies":"3 Cultists","floor":25,"turns":3},{"damage":11,"enemies":"Sentry and Sphere","floor":27,"turns":3},{"damage":24,"enemies":"Gremlin Leader","floor":30,"turns":6},{"damage":17,"enemies":"Snake Plant","floor":31,"turns":4},{"damage":82,"enemies":"Automaton","floor":33,"turns":13},{"damage":0,"enemies":"3 Shapes","floor":35,"turns":7},{"damage":14,"enemies":"Orb Walker","floor":36,"turns":4},{"damage":19,"enemies":"3 Darklings","floor":38,"turns":6},{"damage":63,"enemies":"2 Orb Walkers","floor":39,"turns":3}],"seed_played":"6264925793178243428","potions_obtained":[{"floor":5.0,"key":"FairyPotion"},{"floor":8.0,"key":"Fruit Juice"},{"floor":10.0,"key":"BlessingOfTheForge"},{"floor":18.0,"key":"Strength Potion"}],"is_trial":false,"path_per_floor":["M","?","M","T","M","R","E","M","T","E","M","M","E","M","R","B",null,"M","$","M","M","?","E","R","M","T","M","R","?","E","M","R","B",null,"M","M","$","M","?"],"character_chosen":"DEFECT","items_purchased":["Molten Egg 2","Orrery"],"campfire_rested":3,"item_purchase_floors":[19,37],"current_hp_per_floor":[68,68,68,68,69,69,66,72,72,44,43,44,28,29,29,18,67,67,67,56,43,43,32,58,46,46,38,64,64,43,29,56,28,76,79,68,68,52,0,0],"gold":150,"neow_bonus":"THREE_RARE_CARDS","is_daily":false,"chose_seed":false,"campfire_upgraded":2,"win_rate":0.0,"timestamp":1610556728,"path_taken":["M","?","?","?","M","R","E","M","T","E","M","M","E","?","R","BOSS","M","$","M","M","?","E","R","M","T","M","R","?","E","M","R","BOSS","M","M","$","M","?"],"items_purchased_type":["Relic","Relic"],"build_version":"2020-12-22","purchased_purges":1,"victory":false,"max_hp_per_floor":[68,68,69,69,70,70,71,77,77,78,79,80,81,82,82,83,83,84,84,85,86,86,87,87,88,88,89,89,89,90,91,91,92,92,93,94,94,95,95,95],"card_choices":[{"not_picked":["All For One","Seek"],"picked":"Electrodynamics","floor":0.0},{"not_picked":["Barrage","Coolheaded"],"picked":"Glacier","floor":1.0},{"not_picked":["Leap","Hello World"],"picked":"Ball Lightning","floor":3.0},{"not_picked":["Skim","Ball Lightning"],"picked":"Chill","floor":5.0},{"not_picked":["Rebound","FTL"],"picked":"Melter","floor":7.0},{"not_picked":["Reboot","Coolheaded"],"picked":"BootSequence","floor":8.0},{"not_picked":["Cold Snap","Beam Cell"],"picked":"Loop","floor":10.0},{"not_picked":["Beam Cell","Sweeping Beam"],"picked":"Turbo","floor":11.0},{"not_picked":["Skim","Force Field","Barrage"],"picked":"SKIP","floor":12.0},{"not_picked":["Seek","Cold Snap"],"picked":"Core Surge","floor":13.0},{"not_picked":["Chill","Rebound","Double Energy"],"picked":"SKIP","floor":14.0},{"not_picked":["All For One","Hyperbeam"],"picked":"Amplify","floor":16.0},{"not_picked":["Heatsinks","Conserve Battery+1"],"picked":"Consume","floor":18.0},{"not_picked":["Reprogram","Beam Cell+1","Cold Snap+1"],"picked":"SKIP","floor":20.0},{"not_picked":["Ball Lightning+1","Turbo","Gash+1"],"picked":"SKIP","floor":21.0},{"not_picked":["Ball Lightning+1","Multi-Cast+1"],"picked":"Redo+1","floor":23.0},{"not_picked":["Lockon+1","Steam Power+1"],"picked":"Leap+1","floor":25},{"not_picked":["Melter+1","Ball Lightning+1","Gash+1"],"picked":"SKIP","floor":27},{"not_picked":["BootSequence+1","Darkness+1"],"picked":"Hologram+1","floor":30},{"not_picked":["Redo+1","Steam+1"],"picked":"Stack+1","floor":31},{"not_picked":["Fission+1","Electrodynamics"],"picked":"Echo Form","floor":33},{"not_picked":["Rip and Tear+1","Leap+1"],"picked":"Defragment","floor":35},{"not_picked":["Compile Driver+1","Stack+1","Cold Snap+1"],"picked":"SKIP","floor":36},{"not_picked":["Gash+1","Leap+1"],"picked":"Recycle+1","floor":37},{"not_picked":["Defragment","Loop+1"],"picked":"Seek+1","floor":37},{"not_picked":["Rebound+1","Stack+1"],"picked":"Hello World","floor":37},{"not_picked":["Reinforced Body+1","Sweeping Beam+1"],"picked":"Rebound+1","floor":37},{"not_picked":["Sweeping Beam+1","Go for the Eyes+1","Barrage+1"],"picked":"SKIP","floor":38}],"player_experience":709645,"relics_obtained":[{"floor":4.0,"key":"Mercury Hourglass"},{"floor":7.0,"key":"Whetstone"},{"floor":9.0,"key":"Ancient Tea Set"},{"floor":10.0,"key":"Orichalcum"},{"floor":13.0,"key":"Lantern"},{"floor":23.0,"key":"Toxic Egg 2"},{"floor":26,"key":"Blood Vial"},{"floor":30,"key":"Darkstone Periapt"}],"event_choices":[{"damage_healed":0.0,"max_hp_gain":0.0,"max_hp_loss":0.0,"gold_gain":0.0,"event_name":"FaceTrader","player_choice":"Trade","floor":2.0,"gold_loss":0.0,"damage_taken":0.0,"relics_obtained":["FaceOfCleric"]},{"cards_removed":["Strike_B"],"damage_healed":0.0,"max_hp_gain":0.0,"max_hp_loss":0.0,"gold_gain":0.0,"event_name":"Beggar","player_choice":"Gave Gold","floor":22.0,"gold_loss":75.0,"damage_taken":0.0},{"damage_healed":0,"gold_gain":0,"player_choice":"Opened","damage_taken":0,"relics_obtained":["Peace Pipe"],"max_hp_gain":0,"max_hp_loss":0,"event_name":"The Mausoleum","floor":29,"gold_loss":0,"cards_obtained":["Writhe"]},{"damage_healed":0,"gold_gain":0,"player_choice":"Fight","damage_taken":0,"max_hp_gain":0,"max_hp_loss":0,"event_name":"Mysterious Sphere","floor":39,"gold_loss":0}],"is_beta":false,"boss_relics":[{"not_picked":["Fusion Hammer","SacredBark"],"picked":"Inserter"},{"not_picked":["Black Star","Nuclear Battery"],"picked":"SlaversCollar"}],"items_purged_floors":[19],"is_endless":false,"potions_floor_spawned":[5,8,10,11,18,20,25,31],"killed_by":"2 Orb Walkers","ascension_level":12}}