{"host":"vlqejv0notyktumz","time":1610567520,"event":{"mods":["AchievementEnabler","BaseMod","Googly Eyes","Minty Spire (QoL Compilation)"],"gold_per_floor":[119,135,135,8,8,8,24,24,51,51,51,94,94,94,94,214,214,232,253,272,78,94,94,108,123,172,172,172,186,202,202,202],"floor_reached":31,"language":"ENG","playtime":644,"items_purged":["Strike_B","Defend_B"],"score":320,"play_id":"79930449-95fd-42ec-8719-7930b680527d","local_time":"20210113135200","is_ascension_mode":true,"campfire_choices":[{"data":"Streamline","floor":6,"key":"SMITH"},{"data":"Redo","floor":8,"key":"SMITH"},{"data":"Zap","floor":10,"key":"SMITH"},{"data":"Beam Cell","floor":13,"key":"SMITH"},{"floor":15,"key":"REST"},{"floor":23,"key":"REST"},{"data":"Leap","floor":27,"key":"SMITH"}],"circlet_count":0,"master_deck":["Strike_B","Strike_B","Defend_B","Defend_B","Defend_B","Zap+1","Dualcast","Streamline+1","Beam Cell+1","Ball Lightning","Go for the Eyes","Redo+1","Echo Form","Leap+1","Stack+1","Hologram+1","Auto Shields"],"relics":["Cracked Core","Smiling Mask","DataDisk","Bloody Idol","Nunchaku","TungstenRod","Inserter","Happy Flower","Toy Ornithopter"],"acts_visited":["Exordium","TheCity"],"potions_floor_usage":[20,22,24,29,31],"damage_taken":[{"damage":8,"enemies":"Small Slimes","floor":1,"turns":3},{"damage":0,"enemies":"2 Louse","floor":2,"turns":2},{"damage":1,"enemies":"Cultist","floor":7,"turns":3},{"damage":10,"enemies":"Gremlin Nob","floor":12,"turns":3},{"damage":17,"enemies":"Slime Boss","floor":16,"turns":5},{"damage":5,"enemies":"Spheric Guardian","floor":18,"turns":3},{"damage":6,"enemies":"Chosen","floor":19,"turns":3},{"damage":37,"enemies":"3 Cultists","floor":20,"turns":6},{"damage":0,"enemies":"Sentry and Sphere","floor":22,"turns":7},{"damage":6,"enemies":"Snecko","floor":24,"turns":3},{"damage":12,"enemies":"Chosen and Byrds","floor":25,"turns":6},{"damage":14,"enemies":"3 Cultists","floor":29,"turns":5},{"damage":11,"enemies":"Snake Plant","floor":30,"turns":4},{"damage":15,"enemies":"Centurion and Healer","floor":31,"turns":4}],"seed_played":"-1438040930806137299","potions_obtained":[{"floor":12,"key":"BlessingOfTheForge"},{"floor":16,"key":"Explosive Potion"},{"floor":20,"key":"SkillPotion"},{"floor":22,"key":"AttackPotion"},{"floor":24,"key":"EssenceOfSteel"},{"floor":29,"key":"PowerPotion"}],"is_trial":false,"path_per_floor":["M","M","?","$","?","R","M","R","T","R","?","E","R","?","R","B",null,"M","M","M","$","M","R","M","M","T","R","?","M","M","M"],"character_chosen":"DEFECT","items_purchased":["Go for the Eyes","Happy Flower"],"campfire_rested":2,"item_purchase_floors":[4,21],"current_hp_per_floor":[60,60,60,60,53,53,52,52,52,52,34,24,24,24,46,29,64,59,53,16,16,16,38,32,20,20,20,20,16,10,0,0],"gold":202,"neow_bonus":"TRANSFORM_CARD","is_daily":false,"chose_seed":false,"campfire_upgraded":5,"win_rate":0.0,"timestamp":1610567520,"path_taken":["M","M","?","$","?","R","M","R","T","R","?","E","R","?","R","BOSS","M","M","M","$","M","R","?","M","T","R","?","M","M","M"],"items_purchased_type":["Card","Relic"],"build_version":"2020-12-22","purchased_purges":2,"victory":false,"max_hp_per_floor":[75,75,75,75,75,75,75,75,75,75,75,75,75,75,75,75,75,75,75,75,75,75,75,75,75,75,75,75,75,75,75,75],"card_choices":[{"not_picked":["Genetic Algorithm","Rip and Tear"],"picked":"Beam Cell","floor":1},{"not_picked":["Gash","Stack"],"picked":"Ball Lightning","floor":2},{"not_picked":["Go for the Eyes","Redo","Stack"],"picked":"SKIP","floor":7},{"not_picked":["Go for the Eyes","Stack"],"picked":"Redo","floor":7},{"not_picked":["Compile Driver","Tempest","Recycle"],"picked":"SKIP","floor":12},{"not_picked":["Hyperbeam","Thunder Strike"],"picked":"Echo Form","floor":16},{"not_picked":["Ball Lightning","Melter"],"picked":"Leap","floor":18},{"not_picked":["Coolheaded","Steam Power"],"picked":"Stack+1","floor":19},{"not_picked":["Coolheaded","Skim","Capacitor+1"],"picked":"SKIP","floor":20},{"not_picked":["Reprogram+1","Streamline","Static Discharge"],"picked":"SKIP","floor":22},{"not_picked":["Go for the Eyes+1","Glacier+1"],"picked":"Hologram+1","floor":24},{"not_picked":["Ball Lightning+1","Hologram","Compile Driver"],"picked":"SKIP","floor":25},{"not_picked":["Go for the Eyes","Reprogram"],"picked":"Auto Shields","floor":29},{"not_picked":["Hello World","Doom and Gloom+1","Reprogram+1"],"picked":"SKIP","floor":30}],"player_experience":333069,"relics_obtained":[{"floor":9,"key":"DataDisk"},{"floor":12,"key":"Nunchaku"},{"floor":26,"key":"Toy Ornithopter"}],"event_choices":[{"damage_healed":0,"gold_gain":0,"player_choice":"Ignored","damage_taken":0,"max_hp_gain":0,"max_hp_loss":0,"event_name":"Liars Game","floor":3,"gold_loss":0},{"damage_healed":0,"gold_gain":0,"player_choice":"Success","damage_taken":7,"relics_obtained":["Smiling Mask"],"max_hp_gain":0,"max_hp_loss":0,"event_name":"Scrap Ooze","floor":5,"gold_loss":0},{"damage_healed":0,"gold_gain":0,"player_choice":"Take Damage","damage_taken":18,"relics_obtained":["Golden Idol"],"max_hp_gain":0,"max_hp_loss":0,"event_name":"Golden Idol","floor":11,"gold_loss":0},{"damage_healed":0,"gold_gain":0,"player_choice":"Gave Potion","damage_taken":0,"relics_obtained":["TungstenRod"],"max_hp_gain":0,"max_hp_loss":0,"event_name":"WeMeetAgain","floor":14,"gold_loss":0},{"damage_healed":0,"gold_gain":0,"player_choice":"Gave Idol","damage_taken":0,"relics_obtained":["Bloody Idol"],"max_hp_gain":0,"max_hp_loss":0,"event_name":"Forgotten Altar","floor":28,"relics_lost":["Golden Idol"],"gold_loss":0}],"is_beta":false,"boss_relics":[{"not_picked":["Tiny House","SacredBark"],"picked":"Inserter"}],"items_purged_floors":[4,21],"is_endless":false,"potions_floor_spawned":[12,16,20,22,24,29],"killed_by":"Centurion and Healer","ascension_level":7}}