{"host":"y3h3n3f7seyagppx","time":1610581148,"event":{"mods":["AlwaysNeverKeys","BaseMod","Better Vampires","Colored Powertips","DeckTracker","Emptier Cage","Minty Spire (QoL Compilation)","Permanent Neow","Quick Restart","Rare Cards Sparkle","Relic Sorter","Relic Stats","StSLib","Transform Curses"],"gold_per_floor":[112,77,96,114,114,145,145,177,177,177,177,47,47,75,75,152,152,162,162,162,177,11,37,50,50,50,50,83,99,14,44,44,118,118,137,162,162,162,182,216,241,260,260,292,317,317,352,369,369,369,369,369,369,106,106,106],"floor_reached":55,"language":"ENG","playtime":14373,"items_purged":["Strike_B","Strike_B"],"score":2249,"play_id":"072b2fed-14eb-42af-b63f-850edb29e481","local_time":"20210113183908","is_ascension_mode":true,"campfire_choices":[{"data":"Rebound","floor":7.0,"key":"SMITH"},{"floor":10.0,"key":"REST"},{"floor":13.0,"key":"REST"},{"data":"Cold Snap","floor":15.0,"key":"SMITH"},{"data":"Buffer","floor":25.0,"key":"SMITH"},{"floor":27.0,"key":"REST"},{"data":"Reinforced Body","floor":32.0,"key":"SMITH"},{"data":"Loop","floor":49,"key":"SMITH"},{"data":"Coolheaded","floor":53,"key":"SMITH"}],"circlet_count":0,"master_deck":["AscendersBane","Defend_B","Defend_B+1","Defend_B","Defend_B","Zap+1","FTL+1","Rebound+1","Glacier","Cold Snap+1","Go for the Eyes","Buffer+1","Static Discharge+1","Rip and Tear+1","Doom and Gloom+1","Loop+1","FTL+1","Self Repair","Reinforced Body+1","Echo Form","Redo+1","Creative AI","Hologram+1","Coolheaded+1","Coolheaded+1","Multi-Cast","Echo Form"],"relics":["Cracked Core","Kunai","Incense Burner","WingedGreaves","Strawberry","Cursed Key","Unceasing Top","Centennial Puzzle","Pear","Boot","Singing Bowl","Happy Flower","Coffee Dripper","Peace Pipe","Whetstone","Ice Cream","Turnip","Pen Nib","Mercury Hourglass","DollysMirror"],"acts_visited":["Exordium","TheCity","TheBeyond","TheEnding"],"potions_floor_usage":[47,55],"damage_taken":[{"damage":14.0,"enemies":"Jaw Worm","floor":1.0,"turns":4.0},{"damage":9.0,"enemies":"2 Louse","floor":3.0,"turns":3.0},{"damage":5.0,"enemies":"Small Slimes","floor":4.0,"turns":4.0},{"damage":10.0,"enemies":"Lagavulin","floor":6.0,"turns":6.0},{"damage":28.0,"enemies":"Gremlin Nob","floor":8.0,"turns":4.0},{"damage":11.0,"enemies":"3 Sentries","floor":14.0,"turns":10.0},{"damage":1.0,"enemies":"The Guardian","floor":16.0,"turns":11.0},{"damage":0.0,"enemies":"Spheric Guardian","floor":18.0,"turns":6.0},{"damage":0.0,"enemies":"Chosen","floor":21.0,"turns":4.0},{"damage":35.0,"enemies":"Gremlin Leader","floor":23.0,"turns":7.0},{"damage":11.0,"enemies":"Sentry and Sphere","floor":24.0,"turns":6.0},{"damage":31.0,"enemies":"Slavers","floor":28.0,"turns":3.0},{"damage":0.0,"enemies":"Snecko","floor":29.0,"turns":5.0},{"damage":17.0,"enemies":"Book of Stabbing","floor":31.0,"turns":4.0},{"damage":3.0,"enemies":"Automaton","floor":33.0,"turns":17.0},{"damage":0.0,"enemies":"3 Shapes","floor":35.0,"turns":9.0},{"damage":0.0,"enemies":"Mind Bloom Boss Battle","floor":36.0,"turns":8.0},{"damage":6.0,"enemies":"Orb Walker","floor":39.0,"turns":3.0},{"damage":0.0,"enemies":"Nemesis","floor":40.0,"turns":9.0},{"damage":0.0,"enemies":"Giant Head","floor":41.0,"turns":8.0},{"damage":9.0,"enemies":"4 Shapes","floor":42.0,"turns":8.0},{"damage":2,"enemies":"Reptomancer","floor":44,"turns":10},{"damage":8,"enemies":"Giant Head","floor":45,"turns":10},{"damage":18,"enemies":"Reptomancer","floor":47,"turns":9},{"damage":3,"enemies":"3 Darklings","floor":48,"turns":7},{"damage":16,"enemies":"Donu and Deca","floor":50,"turns":15},{"damage":44,"enemies":"Time Eater","floor":51,"turns":11},{"damage":83,"enemies":"Shield and Spear","floor":55,"turns":5}],"seed_played":"9113627368159468332","potions_obtained":[{"floor":1.0,"key":"SpeedPotion"},{"floor":8.0,"key":"CultistPotion"},{"floor":14.0,"key":"Dexterity Potion"},{"floor":16.0,"key":"FearPotion"},{"floor":24.0,"key":"Swift Potion"},{"floor":28.0,"key":"FocusPotion"},{"floor":31.0,"key":"Block Potion"},{"floor":40.0,"key":"Energy Potion"},{"floor":41.0,"key":"Explosive Potion"},{"floor":47,"key":"DistilledChaos"}],"is_trial":false,"path_per_floor":["M","?","M","M","?","E","R","E","T","R","?","$","R","E","R","B",null,"M","?","?","M","$","E","M","R","T","R","E","M","?","E","R","B",null,"M","?","?","?","M","E","E","M","T","E","E","?","E","M","R","B","B",null,"R","$","E"],"character_chosen":"DEFECT","items_purchased":["Swift Potion","Centennial Puzzle","DollysMirror"],"campfire_rested":3,"item_purchase_floors":[12,22,54],"current_hp_per_floor":[50,67,58,53,46,36,36,8,8,29,8,8,29,25,25,24,65,65,65,65,65,65,40,29,29,29,55,24,31,31,21,21,25,72,88,90,85,80,87,89,89,87,87,91,90,90,86,90,90,88,58,83,83,83,0,0],"gold":106,"neow_bonus":"UPGRADE_CARD","is_daily":false,"chose_seed":false,"campfire_upgraded":6,"win_rate":0.0,"timestamp":1610581148,"path_taken":["M","?","M","M","?","E","R","E","T","R","?","$","R","E","R","BOSS","M","?","?","M","$","E","?","R","T","R","E","M","?","E","R","BOSS","M","?","?","?","?","E","E","M","T","E","E","?","E","?","R","BOSS","BOSS","R","$","E"],"items_purchased_type":["Potion","Relic","Relic"],"build_version":"2020-12-22","purchased_purges":2,"victory":false,"max_hp_per_floor":[71,71,71,71,71,71,71,71,71,71,71,71,71,78,78,78,78,78,78,78,78,78,88,88,88,88,88,88,88,88,88,88,88,88,90,90,85,85,87,89,89,89,89,91,91,91,91,91,91,91,91,91,91,91,91,91],"relic_stats":{"Singing Bowl":8,"Happy Flower":[43],"counters":[28,206],"Pen Nib":[9],"Whetstone":["Doom and Gloom","Rip and Tear"],"Cursed Key":0,"Boot":[123],"Mercury Hourglass":[88],"Peace Pipe":1,"Centennial Puzzle":[42],"Turnip":[3],"Kunai":[69],"obtain_stats":[{"Ice Cream":41,"Pear":23,"Singing Bowl":30,"Happy Flower":31,"Pen Nib":45,"Incense Burner":8,"Whetstone":40,"Cursed Key":17,"Boot":28,"Mercury Hourglass":47,"Peace Pipe":36,"Centennial Puzzle":22,"DollysMirror":54,"Strawberry":14,"WingedGreaves":9,"Turnip":44,"Coffee Dripper":34,"Kunai":6,"Cracked Core":0,"Unceasing Top":20},{"Ice Cream":20,"Pear":10,"Singing Bowl":13,"Happy Flower":14,"Pen Nib":23,"Incense Burner":5,"Whetstone":19,"Cursed Key":7,"Boot":12,"Mercury Hourglass":24,"Peace Pipe":17,"Centennial Puzzle":9,"DollysMirror":27,"Strawberry":6,"WingedGreaves":5,"Turnip":22,"Coffee Dripper":15,"Kunai":4,"Cracked Core":0,"Unceasing Top":8},{"Ice Cream":131,"Pear":59,"Singing Bowl":73,"Happy Flower":77,"Pen Nib":159,"Incense Burner":21,"Whetstone":123,"Cursed Key":42,"Boot":68,"Mercury Hourglass":168,"Peace Pipe":111,"Centennial Puzzle":52,"DollysMirror":201,"Strawberry":31,"WingedGreaves":21,"Turnip":149,"Coffee Dripper":94,"Kunai":17,"Cracked Core":0,"Unceasing Top":48}],"Unceasing Top":[10]},"card_choices":[{"not_picked":["Gash","Turbo"],"picked":"FTL","floor":1.0},{"not_picked":["Redo","Barrage","Beam Cell"],"picked":"SKIP","floor":3.0},{"not_picked":["Reprogram","Redo"],"picked":"Rebound","floor":4.0},{"not_picked":["Consume","Hello World"],"picked":"Glacier","floor":6.0},{"not_picked":["Beam Cell","Compile Driver"],"picked":"Cold Snap","floor":8.0},{"not_picked":["Cold Snap","Aggregate"],"picked":"Go for the Eyes","floor":14.0},{"not_picked":["Rainbow","Thunder Strike"],"picked":"Buffer","floor":16.0},{"not_picked":["Darkness","Go for the Eyes"],"picked":"Static Discharge+1","floor":18.0},{"not_picked":["Sweeping Beam","Barrage"],"picked":"Loop","floor":21.0},{"not_picked":["Melter","Chaos","Leap"],"picked":"SKIP","floor":23.0},{"not_picked":["Gash+1","Double Energy"],"picked":"FTL+1","floor":24.0},{"not_picked":["Cold Snap","Sweeping Beam"],"picked":"Self Repair","floor":28.0},{"not_picked":["Cold Snap","Hello World+1","Self Repair"],"picked":"SKIP","floor":29.0},{"not_picked":["Turbo","Barrage"],"picked":"Reinforced Body","floor":31.0},{"not_picked":["Core Surge","Meteor Strike"],"picked":"Echo Form","floor":33.0},{"not_picked":["Sweeping Beam","Stack","Barrage"],"picked":"Singing Bowl","floor":35.0},{"not_picked":["FTL","Barrage"],"picked":"Redo+1","floor":36.0},{"not_picked":["Sunder","Stack+1","Leap"],"picked":"Singing Bowl","floor":39.0},{"not_picked":["Streamline+1","Consume","Sunder"],"picked":"Singing Bowl","floor":40.0},{"not_picked":["Cold Snap","Genetic Algorithm"],"picked":"Creative AI","floor":41.0},{"not_picked":["Fusion","Hello World"],"picked":"Hologram+1","floor":42.0},{"not_picked":["Cold Snap","Rebound","Force Field"],"picked":"Singing Bowl","floor":44},{"not_picked":["Sunder+1","Conserve Battery"],"picked":"Coolheaded","floor":45},{"not_picked":["Cold Snap","Lockon+1"],"picked":"Coolheaded+1","floor":47},{"not_picked":["Steam","Rip and Tear"],"picked":"Multi-Cast","floor":48}],"player_experience":20822160,"relics_obtained":[{"floor":6.0,"key":"Kunai"},{"floor":8.0,"key":"Incense Burner"},{"floor":9.0,"key":"WingedGreaves"},{"floor":14.0,"key":"Strawberry"},{"floor":20.0,"key":"Unceasing Top"},{"floor":23.0,"key":"Pear"},{"floor":28.0,"key":"Boot"},{"floor":31.0,"key":"Happy Flower"},{"floor":36.0,"key":"Peace Pipe"},{"floor":40.0,"key":"Whetstone"},{"floor":41.0,"key":"Ice Cream"},{"floor":44,"key":"Turnip"},{"floor":45,"key":"Pen Nib"},{"floor":47,"key":"Mercury Hourglass"}],"event_choices":[{"damage_healed":17.0,"max_hp_gain":0.0,"max_hp_loss":0.0,"gold_gain":0.0,"event_name":"The Cleric","player_choice":"Healed","floor":2.0,"gold_loss":35.0,"damage_taken":0.0},{"cards_removed":["Strike_B"],"damage_healed":0.0,"max_hp_gain":0.0,"max_hp_loss":0.0,"gold_gain":0.0,"event_name":"Golden Wing","player_choice":"Card Removal","floor":5.0,"gold_loss":0.0,"damage_taken":7.0},{"damage_healed":0.0,"max_hp_gain":0.0,"max_hp_loss":0.0,"gold_gain":0.0,"event_name":"Shining Light","player_choice":"Entered Light","floor":11.0,"gold_loss":0.0,"damage_taken":21.0,"cards_upgraded":["Defend_B","FTL"]},{"damage_healed":0.0,"max_hp_gain":0.0,"max_hp_loss":0.0,"gold_gain":0.0,"cards_transformed":["Dualcast","Strike_B"],"event_name":"Drug Dealer","player_choice":"Became Test Subject","floor":19.0,"gold_loss":0.0,"damage_taken":0.0,"cards_obtained":["Rip and Tear","Doom and Gloom"]},{"damage_healed":0.0,"max_hp_gain":0.0,"max_hp_loss":0.0,"gold_gain":0.0,"event_name":"Wheel of Change","player_choice":"Relic","floor":20.0,"gold_loss":0.0,"damage_taken":0.0},{"damage_healed":0.0,"max_hp_gain":0.0,"max_hp_loss":0.0,"gold_gain":0.0,"event_name":"Addict","player_choice":"Obtained Relic","floor":30.0,"gold_loss":85.0,"damage_taken":0.0,"relics_obtained":["Singing Bowl"]},{"damage_healed":0.0,"max_hp_gain":0.0,"max_hp_loss":0.0,"gold_gain":0.0,"event_name":"MindBloom","player_choice":"Fight","floor":36.0,"gold_loss":0.0,"damage_taken":0.0},{"damage_healed":0.0,"max_hp_gain":0.0,"max_hp_loss":5.0,"gold_gain":0.0,"event_name":"Winding Halls","player_choice":"Max HP","floor":37.0,"gold_loss":0.0,"damage_taken":0.0},{"damage_healed":0.0,"max_hp_gain":0.0,"max_hp_loss":0.0,"gold_gain":0.0,"event_name":"The Woman in Blue","player_choice":"Bought 0 Potions","floor":38.0,"gold_loss":0.0,"damage_taken":0.0},{"damage_healed":0,"gold_gain":0,"player_choice":"Ignored","damage_taken":0,"max_hp_gain":0,"max_hp_loss":0,"event_name":"SecretPortal","floor":46,"gold_loss":0}],"is_beta":false,"boss_relics":[{"not_picked":["SacredBark","SlaversCollar"],"picked":"Cursed Key"},{"not_picked":["Busted Crown","Velvet Choker"],"picked":"Coffee Dripper"}],"items_purged_floors":[12,54],"is_endless":false,"potions_floor_spawned":[1,8,14,16,24,28,31,33,40,41,47,48],"killed_by":"Shield and Spear","ascension_level":20}}