{"host":"rolltorest","time":1610515087,"event":{"mods":["BaseMod","Minty Spire (QoL Compilation)","Relic Stats","Slay the Relics Exporter","StSLib","The Bladedancer"],"gold_per_floor":[117,127,177,195,213,240,258,286,323,368,380,317,345,356,356,428,428,443,461,474,487,506,532,544,573,621,633,667,677,697,712,712,789,789,799,824,834,834,834,864,864,877,877,908,908,937,937,952,952,952,952,952,952,225,255,255],"floor_reached":57,"language":"ENG","playtime":2605,"items_purged":["blademaster:Strike","Injury"],"score":3480,"play_id":"e78cb9c7-15ea-44a3-a306-eae77de7e33f","local_time":"20210112211807","is_ascension_mode":true,"campfire_choices":[{"data":"blademaster:Breeze","floor":11,"key":"SMITH"},{"data":"blademaster:Empower","floor":15,"key":"SMITH"},{"data":"blademaster:SharpBlades","floor":32,"key":"SMITH"},{"data":"blademaster:Flurry","floor":41,"key":"SMITH"},{"data":"blademaster:DaggerAndCloak","floor":45,"key":"SMITH"},{"floor":47,"key":"RECALL"},{"data":"blademaster:ThreePointStrike","floor":49,"key":"SMITH"},{"data":"blademaster:ThreePointStrike","floor":53,"key":"SMITH"}],"circlet_count":0,"master_deck":["AscendersBane","blademaster:Strike","blademaster:Strike","blademaster:Strike","blademaster:Defend","blademaster:Defend","blademaster:Defend","blademaster:RagingBlow","blademaster:HighVoltage","blademaster:WindSlash","blademaster:AirSlash","blademaster:Breeze+1","blademaster:ThreePointStrike+1","blademaster:Flurry+1","blademaster:Safeguard","blademaster:Empower+1","blademaster:RagingBlow","blademaster:DeadlyDance+1","blademaster:Thrust+1","blademaster:TraverseCut","blademaster:ThreePointStrike","blademaster:DaggerAndCloak+1","Clumsy","blademaster:ThunderingOpener","blademaster:DaggerAndCloak+1","blademaster:SharpBlades+1","blademaster:Havoc","blademaster:ThreePointStrike+1","blademaster:Frontflip+1","blademaster:DaggerAndCloak+1","blademaster:Slice","blademaster:Blockade+1","Finesse","blademaster:ColdBlood+1"],"relics":["blademaster:DancersAmulet","Torii","Anchor","MawBank","Akabeko","Strawberry","Dream Catcher","Cursed Key","Nunchaku","Ancient Tea Set","White Beast Statue","SlaversCollar","Thread and Needle","Frozen Egg 2","Meat on the Bone","Pantograph","Turnip","Shuriken","Vajra","Pear"],"acts_visited":["Exordium","TheCity","TheBeyond","TheEnding"],"potions_floor_usage":[6,8,42,56,56],"damage_taken":[{"damage":2,"enemies":"Cultist","floor":1,"turns":4},{"damage":10,"enemies":"Small Slimes","floor":2,"turns":3},{"damage":1,"enemies":"Jaw Worm","floor":4,"turns":4},{"damage":7,"enemies":"Looter","floor":5,"turns":3},{"damage":1,"enemies":"Gremlin Nob","floor":6,"turns":3},{"damage":0,"enemies":"Large Slime","floor":7,"turns":6},{"damage":8,"enemies":"Lagavulin","floor":8,"turns":4},{"damage":11,"enemies":"3 Sentries","floor":10,"turns":5},{"damage":1,"enemies":"Gremlin Nob","floor":13,"turns":3},{"damage":0,"enemies":"Exordium Thugs","floor":14,"turns":1},{"damage":4,"enemies":"The Guardian","floor":16,"turns":10},{"damage":0,"enemies":"Spheric Guardian","floor":18,"turns":1},{"damage":0,"enemies":"3 Byrds","floor":19,"turns":2},{"damage":0,"enemies":"Centurion and Healer","floor":20,"turns":2},{"damage":1,"enemies":"Shelled Parasite and Fungi","floor":21,"turns":2},{"damage":0,"enemies":"3 Cultists","floor":22,"turns":3},{"damage":8,"enemies":"Slavers","floor":23,"turns":2},{"damage":0,"enemies":"Snake Plant","floor":24,"turns":2},{"damage":0,"enemies":"Book of Stabbing","floor":25,"turns":3},{"damage":2,"enemies":"Shelled Parasite and Fungi","floor":27,"turns":3},{"damage":7,"enemies":"Gremlin Leader","floor":28,"turns":3},{"damage":0,"enemies":"3 Cultists","floor":29,"turns":2},{"damage":0,"enemies":"Centurion and Healer","floor":30,"turns":2},{"damage":1,"enemies":"Snecko","floor":31,"turns":3},{"damage":0,"enemies":"Champ","floor":33,"turns":4},{"damage":0,"enemies":"Orb Walker","floor":35,"turns":2},{"damage":0,"enemies":"Mind Bloom Boss Battle","floor":36,"turns":2},{"damage":0,"enemies":"3 Darklings","floor":37,"turns":2},{"damage":0,"enemies":"Giant Head","floor":40,"turns":3},{"damage":36,"enemies":"Jaw Worm Horde","floor":42,"turns":4},{"damage":7,"enemies":"Nemesis","floor":44,"turns":3},{"damage":0,"enemies":"Giant Head","floor":46,"turns":3},{"damage":0,"enemies":"Sphere and 2 Shapes","floor":48,"turns":2},{"damage":0,"enemies":"Awakened One","floor":50,"turns":6},{"damage":0,"enemies":"Donu and Deca","floor":51,"turns":3},{"damage":0,"enemies":"Shield and Spear","floor":55,"turns":2},{"damage":46,"enemies":"The Heart","floor":56,"turns":5}],"seed_played":"1761723548286414213","potions_obtained":[{"floor":4,"key":"Fire Potion"},{"floor":5,"key":"Weak Potion"},{"floor":6,"key":"PowerPotion"},{"floor":14,"key":"SpeedPotion"},{"floor":18,"key":"LiquidMemories"},{"floor":22,"key":"PowerPotion"},{"floor":42,"key":"LiquidMemories"}],"is_trial":false,"path_per_floor":["M","M","?","M","M","E","M","E","T","E","R","$","E","M","R","B",null,"M","M","M","M","M","E","M","E","T","M","E","M","M","M","R","B",null,"M","?","M","?","?","E","R","M","T","E","R","E","R","M","R","B","B",null,"R","$","E","B",null],"character_chosen":"THE_BLADEMASTER","items_purchased":["blademaster:Blockade+1","Shuriken","Vajra","Finesse"],"campfire_rested":0,"item_purchase_floors":[54,54,54,54],"current_hp_per_floor":[62,52,46,45,38,37,37,29,29,25,25,25,30,30,30,32,61,67,71,71,71,71,69,71,71,71,71,70,71,71,71,71,71,71,71,71,71,71,71,71,71,41,41,52,52,58,58,64,64,71,71,71,71,71,81,53],"gold":255,"neow_bonus":"ONE_RARE_RELIC","is_daily":false,"chose_seed":false,"campfire_upgraded":7,"win_rate":0.0,"timestamp":1610515087,"path_taken":["M","?","?","M","M","E","M","E","T","E","R","$","E","M","R","BOSS","M","?","M","M","M","E","?","E","T","M","E","M","M","?","R","BOSS","M","?","M","?","?","E","R","M","T","E","R","E","R","?","R","BOSS","BOSS","R","$","E","BOSS"],"items_purchased_type":["Card","Relic","Relic","Card"],"build_version":"2020-12-18","purchased_purges":2,"victory":true,"max_hp_per_floor":[64,64,64,64,64,64,64,64,64,71,71,71,71,71,71,71,71,71,71,71,71,71,71,71,71,71,71,71,71,71,71,71,71,71,71,71,71,71,71,71,71,71,71,71,71,71,71,71,71,71,71,71,71,71,81,81],"relic_stats":{"Dream Catcher":0,"Nunchaku":[33],"Torii":36,"counters":[37,117],"Shuriken":[11],"Pantograph":7,"Turnip":[2],"MawBank":48,"Cursed Key":2,"obtain_stats":[{"Torii":0,"blademaster:BonusFuryPerk":36,"Vajra":54,"Cursed Key":17,"Ancient Tea Set":25,"Dream Catcher":13,"Nunchaku":23,"Strawberry":10,"Pantograph":44,"blademaster:FinisherDrawCardPerk":28,"blademaster:ComboEveryTurnPerk":23,"blademaster:DextrousPerk":44,"Pear":55,"blademaster:StrongPerk":8,"blademaster:BonusComboPerk":40,"Thread and Needle":36,"blademaster:RandomBladePerk":6,"blademaster:OnAttackedChargePerk":55,"Frozen Egg 2":40,"MawBank":8,"Akabeko":9,"White Beast Statue":28,"SlaversCollar":34,"Anchor":6,"blademaster:FuryEveryTurnPerk":13,"Shuriken":54,"blademaster:BleedingMoreDamagePerk":25,"Turnip":46,"blademaster:StanceHealPerk":10,"blademaster:DancersAmulet":0,"blademaster:WindChargePerk":46,"Meat on the Bone":43},{"Torii":0,"blademaster:BonusFuryPerk":27,"Vajra":35,"Cursed Key":11,"Ancient Tea Set":19,"Dream Catcher":9,"Nunchaku":17,"Strawberry":8,"Pantograph":31,"blademaster:FinisherDrawCardPerk":21,"blademaster:ComboEveryTurnPerk":17,"blademaster:DextrousPerk":31,"Pear":36,"blademaster:StrongPerk":7,"blademaster:BonusComboPerk":29,"Thread and Needle":27,"blademaster:RandomBladePerk":5,"blademaster:OnAttackedChargePerk":36,"Frozen Egg 2":29,"MawBank":7,"Akabeko":7,"White Beast Statue":21,"SlaversCollar":25,"Anchor":5,"blademaster:FuryEveryTurnPerk":9,"Shuriken":35,"blademaster:BleedingMoreDamagePerk":19,"Turnip":32,"blademaster:StanceHealPerk":8,"blademaster:DancersAmulet":0,"blademaster:WindChargePerk":32,"Meat on the Bone":30},{"Torii":0,"blademaster:BonusFuryPerk":84,"Vajra":110,"Cursed Key":46,"Ancient Tea Set":63,"Dream Catcher":35,"Nunchaku":58,"Strawberry":32,"Pantograph":96,"blademaster:FinisherDrawCardPerk":69,"blademaster:ComboEveryTurnPerk":58,"blademaster:DextrousPerk":96,"Pear":112,"blademaster:StrongPerk":27,"blademaster:BonusComboPerk":89,"Thread and Needle":84,"blademaster:RandomBladePerk":17,"blademaster:OnAttackedChargePerk":112,"Frozen Egg 2":89,"MawBank":27,"Akabeko":27,"White Beast Statue":69,"SlaversCollar":80,"Anchor":17,"blademaster:FuryEveryTurnPerk":35,"Shuriken":110,"blademaster:BleedingMoreDamagePerk":63,"Turnip":99,"blademaster:StanceHealPerk":32,"blademaster:DancersAmulet":0,"blademaster:WindChargePerk":99,"Meat on the Bone":93}],"Meat on the Bone":24},"card_choices":[{"not_picked":["blademaster:BloodyBlow","blademaster:Safeguard"],"picked":"blademaster:WindSlash","floor":1},{"not_picked":["blademaster:AwakeningDefend","blademaster:AspectOfLightning"],"picked":"blademaster:AirSlash","floor":2},{"not_picked":["blademaster:AwakeningStrike","blademaster:CullingStrike"],"picked":"blademaster:Breeze","floor":4},{"not_picked":["blademaster:EyeOfTheTornado","blademaster:AncestralHealing"],"picked":"blademaster:ThreePointStrike","floor":5},{"not_picked":["blademaster:Momentum","blademaster:Frontflip","blademaster:Sharpen"],"picked":"SKIP","floor":6},{"not_picked":["blademaster:BloodyBlow","blademaster:AwakeningDefend"],"picked":"blademaster:Flurry","floor":7},{"not_picked":["blademaster:AwakeningStrike","blademaster:CombatPrep"],"picked":"blademaster:Safeguard","floor":8},{"not_picked":["blademaster:Discharge","blademaster:CloudOfSteel","blademaster:AncestralHealing"],"picked":"SKIP","floor":10},{"not_picked":["blademaster:Stormstrike","blademaster:Sunder","blademaster:ParryingStrike"],"picked":"SKIP","floor":13},{"not_picked":["blademaster:Safeguard","blademaster:AirSlash"],"picked":"blademaster:Empower","floor":14},{"not_picked":["blademaster:RollingTyphoon","blademaster:CloudOfSteel"],"picked":"blademaster:RagingBlow","floor":16},{"not_picked":["blademaster:AirSlash","blademaster:ThunderSlash","blademaster:Stability"],"picked":"SKIP","floor":18},{"not_picked":["blademaster:KiBarrier","blademaster:DeadlyDance","blademaster:Quickstep"],"picked":"SKIP","floor":19},{"not_picked":["blademaster:KiBarrier","blademaster:Quickstep"],"picked":"blademaster:DeadlyDance","floor":19},{"not_picked":["blademaster:Discharge","blademaster:AwakeningStrike"],"picked":"blademaster:Thrust+1","floor":20},{"not_picked":["blademaster:Cut","blademaster:AspectOfLightning"],"picked":"blademaster:TraverseCut","floor":21},{"not_picked":["blademaster:Quickstep","blademaster:Sunder","blademaster:OneTrickPony"],"picked":"SKIP","floor":22},{"not_picked":["blademaster:Quickness","blademaster:AspectOfWind"],"picked":"blademaster:ThreePointStrike","floor":23},{"not_picked":["blademaster:ThunderSlash","blademaster:AwakeningDefend","blademaster:CombatPrep"],"picked":"SKIP","floor":24},{"not_picked":["blademaster:AspectOfLightning","blademaster:ParryingStrike+1"],"picked":"blademaster:DaggerAndCloak","floor":25},{"not_picked":["blademaster:Vortex","blademaster:ParryingStrike"],"picked":"blademaster:ThunderingOpener","floor":27},{"not_picked":["blademaster:Frenzy","blademaster:StanceMastery","blademaster:DaggerAndCloak"],"picked":"SKIP","floor":28},{"not_picked":["blademaster:Vortex","blademaster:Stability+1"],"picked":"blademaster:DaggerAndCloak+1","floor":29},{"not_picked":["blademaster:ChargingUp","blademaster:AwakeningDefend"],"picked":"blademaster:SharpBlades","floor":30},{"not_picked":["blademaster:AwakeningStrike","blademaster:Sharpen"],"picked":"blademaster:Havoc","floor":31},{"not_picked":["blademaster:RagingBlow","blademaster:CloudOfSteel"],"picked":"blademaster:ThreePointStrike","floor":33},{"not_picked":["blademaster:Sunder","blademaster:AirSlash","blademaster:ThunderingOpener+1"],"picked":"SKIP","floor":35},{"not_picked":["blademaster:AirSlash","blademaster:AspectOfWind","blademaster:Rupture"],"picked":"SKIP","floor":37},{"not_picked":["blademaster:SlyStabs","blademaster:ThunderSlash"],"picked":"blademaster:Frontflip+1","floor":40},{"not_picked":["blademaster:SlyStabs+1","blademaster:Sharpen"],"picked":"blademaster:DaggerAndCloak+1","floor":42},{"not_picked":["blademaster:ParryingStrike","blademaster:Stability+1","blademaster:AspectOfWind"],"picked":"SKIP","floor":44},{"not_picked":["blademaster:Havoc","blademaster:AspectOfWind"],"picked":"blademaster:Slice","floor":46},{"not_picked":["blademaster:ChargingUp+1","blademaster:Quickstep+1","blademaster:LeechingStrike+1"],"picked":"SKIP","floor":48},{"not_picked":["blademaster:BloodyBlow+1","blademaster:SharpBlades+1"],"picked":"blademaster:ColdBlood+1","floor":55}],"player_experience":1774447,"relics_obtained":[{"floor":6,"key":"Anchor"},{"floor":6,"key":"blademaster:RandomBladePerk"},{"floor":8,"key":"MawBank"},{"floor":8,"key":"blademaster:StrongPerk"},{"floor":9,"key":"Akabeko"},{"floor":10,"key":"Strawberry"},{"floor":10,"key":"blademaster:StanceHealPerk"},{"floor":13,"key":"Dream Catcher"},{"floor":13,"key":"blademaster:FuryEveryTurnPerk"},{"floor":23,"key":"Nunchaku"},{"floor":23,"key":"blademaster:ComboEveryTurnPerk"},{"floor":25,"key":"Ancient Tea Set"},{"floor":25,"key":"blademaster:BleedingMoreDamagePerk"},{"floor":28,"key":"White Beast Statue"},{"floor":28,"key":"blademaster:FinisherDrawCardPerk"},{"floor":36,"key":"Thread and Needle"},{"floor":36,"key":"blademaster:BonusFuryPerk"},{"floor":40,"key":"Frozen Egg 2"},{"floor":40,"key":"blademaster:BonusComboPerk"},{"floor":43,"key":"Meat on the Bone"},{"floor":44,"key":"Pantograph"},{"floor":44,"key":"blademaster:DextrousPerk"},{"floor":46,"key":"Turnip"},{"floor":46,"key":"blademaster:WindChargePerk"},{"floor":55,"key":"Pear"},{"floor":55,"key":"blademaster:OnAttackedChargePerk"}],"event_choices":[{"damage_healed":0,"gold_gain":50,"player_choice":"Touch","damage_taken":6,"max_hp_gain":0,"max_hp_loss":0,"event_name":"FaceTrader","floor":3,"gold_loss":0},{"damage_healed":0,"gold_gain":0,"player_choice":"Fight","damage_taken":0,"max_hp_gain":0,"max_hp_loss":0,"event_name":"MindBloom","floor":36,"gold_loss":0},{"cards_removed":["blademaster:Defend"],"damage_healed":0,"gold_gain":0,"player_choice":"Removed Skill","damage_taken":0,"max_hp_gain":0,"max_hp_loss":0,"event_name":"Falling","floor":38,"gold_loss":0},{"damage_healed":0,"gold_gain":0,"player_choice":"Upgraded","damage_taken":0,"max_hp_gain":0,"max_hp_loss":0,"event_name":"Upgrade Shrine","floor":39,"gold_loss":0,"cards_upgraded":["blademaster:DeadlyDance"]}],"is_beta":true,"boss_relics":[{"not_picked":["Fusion Hammer","Runic Dome"],"picked":"Cursed Key"},{"not_picked":["Coffee Dripper","Black Star"],"picked":"SlaversCollar"}],"items_purged_floors":[12,54],"is_endless":false,"potions_floor_spawned":[4,5,6,14,16,18,21,22,25,29,30,31,33,35,36,37,40,42,44,46,48,55],"ascension_level":20}}