{"host":"utcbn1j9ebmpc40m","time":1610564022,"event":{"mods":["BaseMod","Better Match","Minty Spire (QoL Compilation)","Poor People Problems","StSLib","SuperFastMode","The IronCluck"],"gold_per_floor":[113,129,29,29,29,68,68,68,68,88,108,108,151,165,165,295,295,319,343,361,105,125,125,125],"floor_reached":23,"language":"ENG","playtime":549,"items_purged":["Defend_R","Injury"],"score":319,"play_id":"67b25b66-5093-40a7-a9d4-1802e60454a4","local_time":"20210113135342","is_ascension_mode":true,"campfire_choices":[{"data":"Flex","floor":8,"key":"SMITH"},{"data":"Heavy Blade","floor":12,"key":"SMITH"},{"data":"Armaments","floor":15,"key":"SMITH"}],"circlet_count":0,"master_deck":["Strike_R","Strike_R","Strike_R","Strike_R","Defend_R","Defend_R","Defend_R","Bash","Flex+1","Cleave","Disarm","Headbutt","Clash","Heavy Blade+1","Armaments+1","Berserk","Blood for Blood","Heavy Blade"],"relics":["Burning Blood","NeowsBlessing","Golden Idol","CaptainsWheel","Potion Belt","Peace Pipe","Velvet Choker","Lee\u0027s Waffle"],"acts_visited":["Exordium","TheCity"],"potions_floor_usage":[13,16,16],"damage_taken":[{"damage":0,"enemies":"2 Louse","floor":1,"turns":1},{"damage":0,"enemies":"Jaw Worm","floor":2,"turns":1},{"damage":0,"enemies":"Gremlin Nob","floor":6,"turns":1},{"damage":0,"enemies":"Small Slimes","floor":10,"turns":2},{"damage":1,"enemies":"3 Louse","floor":11,"turns":3},{"damage":9,"enemies":"Lagavulin","floor":13,"turns":5},{"damage":12,"enemies":"Exordium Thugs","floor":14,"turns":4},{"damage":53,"enemies":"The Guardian","floor":16,"turns":11},{"damage":7,"enemies":"Chosen","floor":18,"turns":6},{"damage":19,"enemies":"3 Byrds","floor":19,"turns":6},{"damage":42,"enemies":"Snake Plant","floor":20,"turns":5},{"damage":35,"enemies":"Chosen and Byrds","floor":22,"turns":7},{"damage":59,"enemies":"Slavers","floor":23,"turns":4}],"seed_played":"-1245064407301971269","potions_obtained":[{"floor":11,"key":"EssenceOfSteel"},{"floor":13,"key":"Dexterity Potion"},{"floor":14,"key":"ColorlessPotion"},{"floor":19,"key":"DuplicationPotion"},{"floor":22,"key":"CultistPotion"}],"is_trial":false,"path_per_floor":["M","M","$","?","?","E","$","R","T","M","M","R","E","M","R","B",null,"M","M","M","$","M","E"],"character_chosen":"IRONCLAD","items_purchased":["Cleave","Lee\u0027s Waffle"],"campfire_rested":0,"item_purchase_floors":[3,21],"current_hp_per_floor":[78,80,80,80,80,80,80,80,80,80,80,80,77,71,71,24,66,65,52,16,87,58,0,0],"gold":125,"neow_bonus":"THREE_ENEMY_KILL","is_daily":false,"chose_seed":false,"campfire_upgraded":3,"win_rate":0.0,"timestamp":1610564022,"path_taken":["M","M","$","?","?","E","?","R","T","M","M","R","E","M","R","BOSS","M","M","M","$","M","E"],"items_purchased_type":["Card","Relic"],"build_version":"2020-12-22","purchased_purges":2,"victory":false,"max_hp_per_floor":[80,80,80,80,80,80,80,80,80,80,80,80,80,80,80,80,80,80,80,80,87,87,87,87],"card_choices":[{"not_picked":["Wild Strike","True Grit"],"picked":"Flex","floor":1},{"not_picked":["Thunderclap","Anger","Havoc"],"picked":"SKIP","floor":2},{"not_picked":["Sword Boomerang","Perfected Strike"],"picked":"Headbutt","floor":6},{"not_picked":["Headbutt","Flex"],"picked":"Clash","floor":10},{"not_picked":["Metallicize","Sever Soul"],"picked":"Heavy Blade","floor":11},{"not_picked":["Havoc","Warcry","Searing Blow"],"picked":"SKIP","floor":13},{"not_picked":["Sentinel","Intimidate"],"picked":"Armaments","floor":14},{"not_picked":["Exhume","Fiend Fire"],"picked":"Berserk","floor":16},{"not_picked":["Shrug It Off","Body Slam","Second Wind"],"picked":"SKIP","floor":18},{"not_picked":["Clothesline","Shockwave","Havoc"],"picked":"SKIP","floor":19},{"not_picked":["Hemokinesis","Fire Breathing"],"picked":"Blood for Blood","floor":20},{"not_picked":["Sword Boomerang","Havoc"],"picked":"Heavy Blade","floor":22}],"player_experience":469230,"relics_obtained":[{"floor":6,"key":"CaptainsWheel"},{"floor":9,"key":"Potion Belt"},{"floor":13,"key":"Peace Pipe"}],"event_choices":[{"damage_healed":0,"gold_gain":0,"player_choice":"Take Wound","damage_taken":0,"relics_obtained":["Golden Idol"],"max_hp_gain":0,"max_hp_loss":0,"event_name":"Golden Idol","floor":4,"gold_loss":0,"cards_obtained":["Injury"]},{"damage_healed":0,"gold_gain":0,"cards_transformed":["Strike_R"],"player_choice":"Change","damage_taken":0,"max_hp_gain":0,"max_hp_loss":0,"event_name":"Living Wall","floor":5,"gold_loss":0,"cards_obtained":["Disarm"]}],"is_beta":false,"boss_relics":[{"not_picked":["Mark of Pain","Cursed Key"],"picked":"Velvet Choker"}],"items_purged_floors":[3,21],"is_endless":false,"potions_floor_spawned":[11,13,14,19,22],"killed_by":"Slavers","ascension_level":8}}