{"host":"ojme7g6xlqwffsso","time":1610549699,"event":{"mods":["Act Like it!","BaseMod","Downfall","Hermit","Infinite Spire","MarisaÅiñ∂âJÅ@ñÇóùçπÅj","Minty Spire (QoL Compilation)","Replay The Spire","Shop Mod","StSLib","The Alterego","The Cursed","The Hierophant","Yuri Mod"],"gold_per_floor":[99,112,139,139,158,174,252,45,60,70,89,101,26,56,67,67,67,67],"floor_reached":16,"language":"ENG","playtime":691,"items_purged":[],"score":127,"play_id":"7bb445f4-605c-4895-be27-b82a0b91bcad","local_time":"20210113235459","is_ascension_mode":true,"campfire_choices":[{"data":"hexamod:Float","floor":13,"key":"SMITH"}],"circlet_count":0,"master_deck":["hexamod:Strike","hexamod:Strike","hexamod:Strike","hexamod:Strike","hexamod:Defend","hexamod:Defend","hexamod:Sear","hexamod:Float+1","hexamod:ShieldOfDarkness","hexamod:Hexaguard","hexamod:WildfireWeapon","hexamod:GhostflameBarrier","hexamod:PowerFromBeyond","hexamod:InspiringFlames","hexamod:GhostOfSpireFuture","hexamod:SwordOfDarkness","hexamod:ThirdSeal","hexamod:NightmareGuise","hexamod:HauntingEcho","hexamod:NecessarySacrifice","hexamod:SuperheatedStrike","hexamod:NightmareStrike"],"relics":["hexamod:SpiritBrand","Bronze Scales","MerchantsRug","downfall:HeartBlessingBlue","ReplayTheSpireMod:Lightbulb"],"acts_visited":["Exordium"],"potions_floor_usage":[8,16],"damage_taken":[{"damage":0,"enemies":"Cultist","floor":2,"turns":3},{"damage":0,"enemies":"Small Slimes","floor":5,"turns":3},{"damage":0,"enemies":"2 Louse","floor":6,"turns":2},{"damage":0,"enemies":"downfall:FleeingMerchant","floor":8,"turns":4},{"damage":4,"enemies":"Gremlin Gang","floor":9,"turns":5},{"damage":0,"enemies":"Large Slime","floor":10,"turns":4},{"damage":0,"enemies":"Exordium Wildlife","floor":11,"turns":3},{"damage":6,"enemies":"2 Fungi Beasts","floor":12,"turns":3},{"damage":14,"enemies":"Gremlin Nob","floor":14,"turns":3},{"damage":22,"enemies":"Lots of Slimes","floor":15,"turns":4},{"damage":35,"enemies":"downfall:Defect","floor":16,"turns":6}],"seed_played":"-728934141678967705","potions_obtained":[{"floor":0,"key":"ColorlessPotion"},{"floor":0,"key":"Swift Potion"},{"floor":0,"key":"hexamod:DoubleChargePotion"},{"floor":11,"key":"Block Potion"},{"floor":12,"key":"PowerPotion"}],"is_trial":false,"path_per_floor":["R","M","T","?","M","M","T","$","M","M","M","M","R","E","M","B"],"character_chosen":"THE_SPIRIT","items_purchased":["MerchantsRug","hexamod:InspiringFlames"],"campfire_rested":0,"item_purchase_floors":[8,8],"current_hp_per_floor":[70,70,70,70,70,70,70,70,66,66,66,60,70,56,34,0,0,0],"gold":67,"neow_bonus":"THREE_SMALL_POTIONS","is_daily":false,"chose_seed":false,"campfire_upgraded":1,"win_rate":0.0,"timestamp":1610549699,"path_taken":["R","M","?","?","M","?","T","$","M","M","M","M","R","E","M","BOSS"],"items_purchased_type":["Relic","Card"],"build_version":"2020-12-22","purchased_purges":0,"victory":false,"max_hp_per_floor":[70,70,70,70,70,70,70,70,70,70,70,70,80,80,80,80,80,80],"card_choices":[{"not_picked":["hexamod:CatchUp","hexamod:GhostShield"],"picked":"hexamod:Hexaguard","floor":2},{"not_picked":["hexamod:BurningTouch","hexamod:HeatMetal"],"picked":"hexamod:WildfireWeapon","floor":5},{"not_picked":["hexamod:BurningTouch","hexamod:SoulSteal"],"picked":"hexamod:GhostflameBarrier","floor":6},{"not_picked":["hexamod:Hexaguard","hexamod:ShieldOfDarkness"],"picked":"hexamod:PowerFromBeyond","floor":8},{"not_picked":["hexamod:NightmareStrike","hexamod:UnleashSpirits"],"picked":"hexamod:GhostOfSpireFuture","floor":9},{"not_picked":["hexamod:HauntingEcho","hexamod:Firestarter"],"picked":"hexamod:SwordOfDarkness","floor":10},{"not_picked":["hexamod:GhostLash","hexamod:Firestarter"],"picked":"hexamod:ThirdSeal","floor":11},{"not_picked":["hexamod:RadiantFlame","hexamod:RainOfEmbers"],"picked":"hexamod:NightmareGuise","floor":12},{"not_picked":["hexamod:BacktrackSmack","hexamod:GhostOfSpirePresent"],"picked":"hexamod:HauntingEcho","floor":12},{"not_picked":["hexamod:ParanormalForm","hexamod:Rewind"],"picked":"hexamod:NecessarySacrifice","floor":14},{"not_picked":["hexamod:BurningTouch","hexamod:ChargedBarrage","hexamod:CatchUp"],"picked":"SKIP","floor":14},{"not_picked":["hexamod:HeatCrush","hexamod:BurningTouch"],"picked":"hexamod:SuperheatedStrike","floor":15},{"not_picked":["hexamod:BurningTouch","hexamod:RainOfEmbers"],"picked":"hexamod:NightmareStrike","floor":15}],"player_experience":941115,"relics_obtained":[{"floor":3,"key":"Bronze Scales"},{"floor":14,"key":"ReplayTheSpireMod:Lightbulb"}],"event_choices":[{"cards_removed":["hexamod:Defend"],"damage_healed":0,"gold_gain":0,"player_choice":"Purged","damage_taken":0,"max_hp_gain":0,"max_hp_loss":0,"event_name":"Purifier","floor":4,"gold_loss":0}],"is_beta":false,"boss_relics":[],"items_purged_floors":[],"is_endless":false,"potions_floor_spawned":[5,11,12,14,15],"killed_by":"downfall:Defect","ascension_level":4}}