{"host":"v1m5rkjj38qutr02","time":1610533262,"event":{"mods":["Act Like it!","BaseMod","Challenge The Spire","Conspire","Gensokyo","GungeonMod","Hallownest","Minty Spire (QoL Compilation)","Replay The Spire","StSLib","The Bug Knight","Youmu£®ªÍ∆«—˝√Œ£©"],"gold_per_floor":[116,116,126,126,24,24,59,59,59,90,90,123,123,123,123,137,137,233,233],"floor_reached":18,"language":"ZHS","playtime":417,"items_purged":["Strike_B"],"score":302,"play_id":"c1b41611-3784-4171-ae0c-f89da2fbb90a","local_time":"20210113182102","is_ascension_mode":true,"campfire_choices":[{"data":"Heatsinks","floor":6.0,"key":"SMITH"},{"data":"Electrodynamics","floor":8.0,"key":"SMITH"},{"data":"Seek","floor":13.0,"key":"SMITH"},{"floor":17.0,"key":"REST"}],"circlet_count":0,"master_deck":["AscendersBane","Strike_B","Strike_B","Strike_B","Defend_B","Defend_B","Defend_B","Defend_B","Zap","Dualcast","Heatsinks+1","Ball Lightning","Electrodynamics+1","Seek+1"],"relics":["Cracked Core","NeowsBlessing","conspire:TopHat","DemoMod:MeltedRock","Potion Belt","CultistMask","Counterbalance"],"acts_visited":["Exordium"],"potions_floor_usage":[18,18,18],"damage_taken":[{"damage":0.0,"enemies":"2 Louse","floor":1.0,"turns":1.0},{"damage":0.0,"enemies":"Small Slimes","floor":3.0,"turns":1.0},{"damage":0.0,"enemies":"Replay:BlueRogue","floor":7.0,"turns":1.0},{"damage":22.0,"enemies":"Lagavulin","floor":10.0,"turns":5.0},{"damage":9.0,"enemies":"3 Sentries","floor":12.0,"turns":3.0},{"damage":0.0,"enemies":"Cultist","floor":16.0,"turns":3.0},{"damage":38,"enemies":"Hexaghost","floor":18,"turns":11}],"seed_played":"3942487933395145464","potions_obtained":[{"floor":1.0,"key":"Languid Potion"},{"floor":7.0,"key":"AttackPotion"},{"floor":12.0,"key":"Block Potion"},{"floor":16.0,"key":"SkillPotion"}],"is_trial":false,"path_per_floor":["M","?","M","?","$","R","E","R","T","E","?","E","R","PTL","PTL","M","R","B"],"character_chosen":"DEFECT","items_purchased":["Ball Lightning"],"campfire_rested":1,"item_purchase_floors":[5],"current_hp_per_floor":[68,68,68,68,68,68,68,68,68,46,46,37,37,37,37,37,59,21,21],"gold":233,"neow_bonus":"THREE_ENEMY_KILL","is_daily":false,"chose_seed":false,"campfire_upgraded":3,"win_rate":0.0,"timestamp":1610533262,"path_taken":["M","?","M","?","$","R","E","R","T","E","?","E","R","PTL","PTL","?","R","BOSS"],"items_purchased_type":["Card"],"build_version":"2020-12-22","purchased_purges":1,"victory":false,"max_hp_per_floor":[75,75,75,75,75,75,75,75,75,75,75,75,75,75,75,75,75,75,75],"card_choices":[{"not_picked":["Gash","Hologram"],"picked":"Heatsinks","floor":1.0},{"not_picked":["Streamline","Lockon","Tempest"],"picked":"SKIP","floor":3.0},{"not_picked":["ReplayGash","Streamline"],"picked":"Electrodynamics","floor":7.0},{"not_picked":["conspire:SharedLibrary","Lockon","Core Surge"],"picked":"SKIP","floor":10.0},{"not_picked":["Coolheaded","ReplayTheSpireMod:Dual Polarity"],"picked":"Seek","floor":12.0},{"not_picked":["Redo","Tempest","Leap"],"picked":"SKIP","floor":16.0}],"player_experience":404018,"relics_obtained":[{"floor":7.0,"key":"conspire:TopHat"},{"floor":9.0,"key":"DemoMod:MeltedRock"},{"floor":10.0,"key":"Potion Belt"},{"floor":12.0,"key":"Counterbalance"}],"event_choices":[{"damage_healed":0.0,"max_hp_gain":0.0,"max_hp_loss":0.0,"gold_gain":0.0,"event_name":"conspire:Investor","player_choice":"Leave","floor":2.0,"gold_loss":0.0,"damage_taken":0.0},{"damage_healed":0.0,"max_hp_gain":0.0,"max_hp_loss":0.0,"gold_gain":0.0,"event_name":"FaceTrader","player_choice":"Trade","floor":11.0,"gold_loss":0.0,"damage_taken":0.0,"relics_obtained":["CultistMask"]}],"is_beta":false,"boss_relics":[],"items_purged_floors":[5],"is_endless":false,"potions_floor_spawned":[1,7,12,16],"killed_by":"Hexaghost","ascension_level":10}}