{"host":"jpol0bbzretdyr3c","time":1610539975,"event":{"mods":["100% Spire Juice","Act Like it!","BaseMod","Colored Map","Downfall","Gensokyo","Googly Eyes","Hallownest","Koishi","Marisa????????","Minty Spire (QoL Compilation)","Remilia??????","Replay The Spire","StSLib","The Jungle","The Servant 0.9.4","Yuyuko"],"gold_per_floor":[111,111,128,143,23,49,49,76,123,139,139,168,185,205,205,308,308,80,80,96,110,133,133,28,28,80,106,118,130,142,154,46,160,172,202,265,297,309,13,25,50,62,74,86,98,110,175,219,231,243],"floor_reached":51,"language":"ENG","playtime":2688,"items_purged":[],"score":801,"play_id":"4fd522a8-81b1-467d-919f-f1b8b37c586a","local_time":"20210113041255","is_ascension_mode":false,"campfire_choices":[{"floor":11,"key":"REST"},{"floor":15,"key":"REST"},{"floor":25,"key":"REST"},{"data":"Moonworks:MiracleWalker","floor":30,"key":"SMITH"},{"floor":32,"key":"REST"},{"data":"Moonworks:MeltingMemories","floor":40,"key":"SMITH"},{"data":"Moonworks:MiracleRedBeanIceCream","floor":42,"key":"SMITH"},{"data":"Moonworks:EvilSpyWorkPreparation","floor":44,"key":"SMITH"},{"data":"Moonworks:CloudOfSeagulls","floor":49,"key":"SMITH"}],"circlet_count":0,"master_deck":["Moonworks:Strike","Moonworks:Strike","Moonworks:Strike","Moonworks:Strike","Moonworks:Defend","Moonworks:Defend","Moonworks:Defend","Moonworks:Defend","Moonworks:Ambush","Moonworks:LongDistanceShot","Strike_P","Strike_B","Moonworks:StarBlastingFuse+1","Moonworks:JonathanRush","Moonworks:MiracleRedBeanIceCream+1","Moonworks:Poppoformation","Moonworks:CloudOfSeagulls+1","Moonworks:StiffCrystal","Moonworks:Assault","Pain","Moonworks:CompletionReward","Moonworks:MiracleWalker+1","Moonworks:EvilSpyWorkPreparation+1","Moonworks:ImOnFire","Moonworks:CrystalBarrier+1","Moonworks:Heat300Percent+1","Clumsy","Moonworks:BigBangBell","Moonworks:SakisCookie+1","Moonworks:AngelHand+1","Moonworks:JonathanRush","Moonworks:MeltingMemories+1","Moonworks:RagingMadness+1","Moonworks:EvilSpyWorkPreparation+1","Moonworks:JonathanRush","Moonworks:CloudOfSeagulls+1"],"relics":["Moonworks:SBBomb","Moonworks:Homemark","Regal Pillow","Gensokyo:LunaticRedEyes","Tiny Chest","Happy Flower","Potion Belt","Sundial","Toy Ornithopter","Snack Pack","Strawberry","MawBank","Enchiridion","MutagenicStrength","Runic Dome","Blood Vial","Guide Book","Medical Kit","Golden Egg","Smiling Mask","Replay:Baseball"],"acts_visited":["Gensokyo:Gensokyo","TheCity","Gensokyo:Gensokyoest"],"potions_floor_usage":[12,16,24,24,50,50,50,50,50],"damage_taken":[{"damage":1,"enemies":"Gensokyo:Python","floor":1,"turns":4},{"damage":14,"enemies":"Gensokyo:3_Fairies","floor":3,"turns":4},{"damage":1,"enemies":"Gensokyo:2_Kodama","floor":4,"turns":3},{"damage":34,"enemies":"Gensokyo:Cirno","floor":6,"turns":9},{"damage":10,"enemies":"Gensokyo:Kitsune","floor":10,"turns":3},{"damage":12,"enemies":"Gensokyo:Aya","floor":12,"turns":2},{"damage":11,"enemies":"Gensokyo:VengefulSpirit","floor":13,"turns":4},{"damage":18,"enemies":"Gensokyo:2_Rabbits","floor":14,"turns":4},{"damage":54,"enemies":"Gensokyo:Kokoro","floor":16,"turns":11},{"damage":6,"enemies":"Shell Parasite","floor":18,"turns":5},{"damage":10,"enemies":"Spheric Guardian","floor":20,"turns":3},{"damage":53,"enemies":"3 Cultists","floor":21,"turns":5},{"damage":4,"enemies":"Shelled Parasite and Fungi","floor":24,"turns":3},{"damage":17,"enemies":"Gremlin Leader","floor":27,"turns":5},{"damage":46,"enemies":"Champ","floor":33,"turns":11},{"damage":13,"enemies":"Gensokyo:3_Boulders","floor":35,"turns":7},{"damage":18,"enemies":"Gensokyo:3_Bats","floor":37,"turns":4},{"damage":4,"enemies":"Gensokyo:Dusk_and_Dawn","floor":41,"turns":4},{"damage":19,"enemies":"Gensokyo:Marisa","floor":48,"turns":4},{"damage":32,"enemies":"Gensokyo:Yuyuko","floor":50,"turns":7}],"seed_played":"4274110565721260562","potions_obtained":[{"floor":1,"key":"Death Potion"},{"floor":6,"key":"Strength Potion"},{"floor":14,"key":"Adrenaline Potion"},{"floor":18,"key":"Energy Potion"},{"floor":21,"key":"Weak Potion"},{"floor":27,"key":"Strength Potion"},{"floor":33,"key":"Weak Potion"},{"floor":37,"key":"Milkshake"},{"floor":41,"key":"LifebloodPotion"}],"is_trial":false,"path_per_floor":["M","?","M","M","?","E","?","T","T","M","R","E","M","M","R","B",null,"M","?","M","M","T","T","M","R","T","E","$","?","R","?","R","B",null,"M","T","M","?","COS","R","M","R","T","R","$","?","T","E","R","B",null],"character_chosen":"THE_STARBREAKER","items_purchased":[],"campfire_rested":4,"item_purchase_floors":[],"current_hp_per_floor":[59,59,45,44,44,15,15,15,15,10,43,31,25,17,50,1,60,59,59,49,1,1,1,14,47,54,49,49,33,33,33,67,27,67,59,59,53,53,53,53,63,63,63,63,63,63,63,59,59,59],"gold":255,"neow_bonus":"THREE_RARE_CARDS","is_daily":false,"chose_seed":false,"campfire_upgraded":5,"win_rate":0.0,"timestamp":1610539975,"path_taken":["M","?","?","M","?","E","?","?","T","M","R","E","M","M","R","BOSS","M","?","M","?","?","?","?","R","T","E","$","?","R","?","R","BOSS","M","?","?","?","COS","R","M","R","T","R","$","?","?","E","R","BOSS"],"items_purchased_type":[],"build_version":"2020-12-22","purchased_purges":0,"victory":true,"max_hp_per_floor":[60,60,60,60,60,60,60,60,60,60,60,60,60,60,60,60,60,60,60,60,60,60,60,60,60,67,67,67,67,67,67,67,67,67,67,67,67,67,67,67,67,67,67,67,67,67,67,67,67,67],"card_choices":[{"not_picked":["Moonworks:OutOfAmmo","Moonworks:ReflectiveShell"],"picked":"Moonworks:StarBlastingFuse","floor":0},{"not_picked":["Moonworks:Dash","Moonworks:LuckyCharm"],"picked":"Moonworks:JonathanRush","floor":1},{"not_picked":["Moonworks:Flamethrower","Moonworks:Assault"],"picked":"Moonworks:MiracleRedBeanIceCream","floor":3},{"not_picked":["Moonworks:SealedMemories","Moonworks:DevilHand"],"picked":"Moonworks:Poppoformation","floor":4},{"not_picked":["Moonworks:ForcedRevival","Moonworks:IndiscriminateFireSupport"],"picked":"Moonworks:CloudOfSeagulls","floor":5},{"not_picked":["Moonworks:ScrambledEve","Moonworks:Assault"],"picked":"Moonworks:StiffCrystal","floor":5},{"not_picked":["Moonworks:Accelerator","Moonworks:FinalBattle"],"picked":"Moonworks:Assault","floor":6},{"not_picked":["Moonworks:BigMagnum","Moonworks:MiracleWalker"],"picked":"Moonworks:CompletionReward","floor":10},{"not_picked":["Moonworks:LulusLuckyEgg","Moonworks:BackdoorTrade"],"picked":"Moonworks:MiracleWalker","floor":12},{"not_picked":["Moonworks:LulusLuckyEgg","Moonworks:TacticalRetreat"],"picked":"Moonworks:EvilSpyWorkPreparation","floor":13},{"not_picked":["Moonworks:ReproductionOfRecords","Moonworks:IndiscriminateFireSupport"],"picked":"Moonworks:ImOnFire","floor":14},{"not_picked":["Moonworks:WeAreWaruda","Moonworks:ShieldCounter"],"picked":"Moonworks:CrystalBarrier","floor":16},{"not_picked":["Moonworks:ImOnFire+1","Moonworks:DevilHand"],"picked":"Moonworks:Heat300Percent+1","floor":18},{"not_picked":["Moonworks:ImOnFire","Moonworks:IndiscriminateFireSupport+1"],"picked":"Moonworks:BigBangBell","floor":20},{"not_picked":["Moonworks:Poppoformation","Moonworks:TreasureThief+1"],"picked":"Moonworks:SakisCookie+1","floor":21},{"not_picked":["Moonworks:ImOnFire+1","Moonworks:CookingTime"],"picked":"Moonworks:AngelHand+1","floor":24},{"not_picked":["Moonworks:Heat300Percent+1","Moonworks:LulusLuckyEgg"],"picked":"Moonworks:JonathanRush","floor":27},{"not_picked":["Moonworks:WeAreWaruda","Moonworks:AccelHyper"],"picked":"Moonworks:MeltingMemories","floor":33},{"not_picked":["Moonworks:ImOnFire","Moonworks:CastOff"],"picked":"Moonworks:RagingMadness+1","floor":35},{"not_picked":["Moonworks:LulusLuckyEgg+1","Moonworks:TreasureThief"],"picked":"Moonworks:EvilSpyWorkPreparation+1","floor":37},{"not_picked":["Moonworks:EvilSpyWorkPreparation","Moonworks:NicePresent"],"picked":"Moonworks:JonathanRush","floor":41},{"not_picked":["Moonworks:MiracleWalker","Moonworks:ImOnFire+1"],"picked":"Moonworks:CloudOfSeagulls+1","floor":48}],"player_experience":441515,"relics_obtained":[{"floor":6,"key":"Regal Pillow"},{"floor":8,"key":"Tiny Chest"},{"floor":9,"key":"Happy Flower"},{"floor":12,"key":"Potion Belt"},{"floor":22,"key":"Toy Ornithopter"},{"floor":23,"key":"Snack Pack"},{"floor":26,"key":"Strawberry"},{"floor":27,"key":"MawBank"},{"floor":29,"key":"Enchiridion"},{"floor":36,"key":"Blood Vial"},{"floor":43,"key":"Golden Egg"},{"floor":47,"key":"Smiling Mask"},{"floor":48,"key":"Replay:Baseball"}],"event_choices":[{"damage_healed":0,"gold_gain":0,"player_choice":"Obtained Book","damage_taken":16,"max_hp_gain":0,"max_hp_loss":0,"event_name":"Cursed Tome","floor":29,"gold_loss":0},{"damage_healed":0,"gold_gain":0,"player_choice":"Inject Mutagens","damage_taken":0,"relics_obtained":["MutagenicStrength"],"max_hp_gain":0,"max_hp_loss":0,"event_name":"Drug Dealer","floor":31,"gold_loss":0}],"is_beta":false,"boss_relics":[{"not_picked":["Abe\u0027s Treasure","Replay:Bronze Core"],"picked":"Moonworks:SBBomb"},{"not_picked":["Velvet Choker","ReplayTheSpireMod:DimensionalGlitch"],"picked":"Runic Dome"}],"items_purged_floors":[],"is_endless":false,"potions_floor_spawned":[1,6,14,18,21,27,33,37,41],"ascension_level":0}}