{"host":"1fgbilnqahig8ycc","time":1610512132,"event":{"mods":["AchievementEnabler","Astrologer","BaseMod","Bestiary","BetterRewards","Clockwork Mod","Colored Map","Colored Powertips","Downfall","Energized Spire","Friendly Minions","Hermit","Hubris","Jorbs\u0027s Wanderer Trilogy","Minty Spire (QoL Compilation)","Quick Restart","Replay The Spire","StSLib","The Administrix","The Bug Knight","The Cursed","The Gatherer","The Marked","The Servant 0.9.4"],"gold_per_floor":[99,99,99,99,99,99,125,143,176,176,187,187,60,360,370,469,469,394,407,407,557,577,577,577,577],"floor_reached":23,"language":"ENG","playtime":1252,"items_purged":["Regret"],"score":185,"play_id":"f0e26850-06d1-430f-8801-42ad68f28ac9","local_time":"20210112202852","is_ascension_mode":false,"campfire_choices":[{"data":"Guardian:EvasiveProtocol","floor":6,"key":"SMITH"},{"floor":18,"key":"RECALL"}],"circlet_count":0,"master_deck":["Guardian:Strike_Guardian","Guardian:Strike_Guardian","Guardian:Strike_Guardian","Guardian:Defend_Guardian","Guardian:Defend_Guardian+1","Guardian:Defend_Guardian","Guardian:Defend_Guardian+1","Guardian:CurlUp","Guardian:TwinSlam+1","Guardian:EvasiveProtocol+1","Guardian:Reroute","Guardian:Preprogram","Guardian:FierceBash","Guardian:Recover+1","Slimebound:Icky","Slimebound:Icky","Guardian:TimeSifter","Guardian:Gem_Blue","RitualDagger","Guardian:WalkerClaw+1"],"relics":["Guardian:ModeShifterPlus","downfall:HeartsMalice","Pet Ghost","ReplayTheSpireMod:Ring of Collecting","Ring of Fury","downfall:HeartBlessingGreen"],"acts_visited":["Exordium","TheCity"],"potions_floor_usage":[9,11,23],"damage_taken":[{"damage":0,"enemies":"2 Louse","floor":2,"turns":1},{"damage":0,"enemies":"Small Slimes","floor":3,"turns":1},{"damage":0,"enemies":"Jaw Worm","floor":5,"turns":1},{"damage":0,"enemies":"Large Slime","floor":8,"turns":6},{"damage":2,"enemies":"Lagavulin","floor":9,"turns":6},{"damage":0,"enemies":"Blue Slaver","floor":11,"turns":2},{"damage":5,"enemies":"downfall:FleeingMerchant","floor":13,"turns":4},{"damage":6,"enemies":"Exordium Thugs","floor":15,"turns":4},{"damage":8,"enemies":"downfall:Silent","floor":16,"turns":9},{"damage":4,"enemies":"Spheric Guardian","floor":19,"turns":4},{"damage":0,"enemies":"Shell Parasite","floor":22,"turns":6},{"damage":73,"enemies":"Gremlin Leader","floor":23,"turns":8}],"seed_played":"1963035212323045322","potions_obtained":[{"floor":8,"key":"Strength Potion"},{"floor":9,"key":"AttackPotion"},{"floor":15,"key":"Milkshake"},{"floor":16,"key":"BlessingOfTheForge"},{"floor":19,"key":"LiquidBronze"}],"is_trial":false,"path_per_floor":["R_BF","M","M","?","M","R","T","M","E","?","M","?","$","?","M","B",null,"R","M","?","?","M","E"],"character_chosen":"GUARDIAN","items_purchased":["Guardian:Recover+1"],"campfire_rested":0,"item_purchase_floors":[13],"current_hp_per_floor":[80,80,80,80,80,80,80,80,78,78,78,78,73,73,67,59,80,80,76,70,70,70,0,0,0],"gold":577,"neow_bonus":"THREE_ENEMY_KILL","is_daily":false,"chose_seed":false,"campfire_upgraded":1,"win_rate":0.0,"timestamp":1610512132,"path_taken":["R_BF","M","M","?","M","R","T","M","E","?","M","?","?","?","M","BOSS","R","M","?","?","?","E"],"items_purchased_type":["Card"],"build_version":"2020-12-22","purchased_purges":1,"victory":false,"max_hp_per_floor":[80,80,80,80,80,80,80,80,80,80,80,80,80,80,80,80,80,80,80,80,80,80,80,80,80],"card_choices":[{"not_picked":["Guardian:Emergency","Guardian:BronzeArmor"],"picked":"Guardian:Gem_Blue","floor":2},{"not_picked":["Guardian:TemporalStrike","Guardian:GuardianWhirl"],"picked":"Guardian:EvasiveProtocol","floor":3},{"not_picked":["Guardian:MultiBeam","Guardian:Incinerate"],"picked":"Guardian:Reroute","floor":5},{"not_picked":["Guardian:PolyBeam","Guardian:ShieldSpikes","Guardian:AncientConstruct"],"picked":"SKIP","floor":8},{"not_picked":["Guardian:Recover","Guardian:Gem_Green"],"picked":"Guardian:Gem_Red","floor":9},{"not_picked":["Guardian:Gem_Green","Guardian:ChargeCore"],"picked":"Guardian:Preprogram","floor":11},{"not_picked":["Guardian:TimeBomb","Guardian:BronzeArmor"],"picked":"Guardian:FierceBash","floor":13},{"not_picked":["Guardian:PrimingBeam","Guardian:PolyBeam","Guardian:MultiBeam"],"picked":"SKIP","floor":15},{"not_picked":["Guardian:Gem_Synthetic","Guardian:StasisStrike"],"picked":"Guardian:TimeSifter","floor":16},{"not_picked":["Guardian:Recover","Guardian:EvasiveProtocol"],"picked":"Guardian:Gem_Blue","floor":19},{"not_picked":["Guardian:TemporalShield","Guardian:Reroute"],"picked":"Guardian:WalkerClaw+1","floor":22}],"player_experience":363078,"relics_obtained":[{"floor":7,"key":"Pet Ghost"},{"floor":9,"key":"hubris:BottledRain"},{"floor":10,"key":"ReplayTheSpireMod:Ring of Collecting"},{"floor":10,"key":"Ring of Fury"}],"event_choices":[],"is_beta":false,"boss_relics":[{"not_picked":["Honey Jar","Calling Bell"],"picked":"Guardian:ModeShifterPlus"}],"items_purged_floors":[13],"is_endless":false,"potions_floor_spawned":[8,9,15,16,19],"killed_by":"Gremlin Leader","ascension_level":0}}