{"host":"y36bp6mnm73x3iob","time":1610548139,"event":{"mods":["2.2 Compatiblity","Aspiration","BaseMod","Downfall","GifTheSpireLib","Hermit","Hubris","Marisa????????","Minty Spire (QoL Compilation)","Replay The Spire","Retaliation","StSLib","Stuff the Spire","The Cursed","The Disciple","The Servant 0.9.4"],"gold_per_floor":[118,118,118,118,134,134,158,144,193,118,288,302,472,496,496,619,619,610,624,624,24,24,24],"floor_reached":22,"language":"ENG","playtime":1110,"items_purged":["StuffTheSpire:CuriosityCurse"],"score":225,"play_id":"22a2156d-38fb-4907-89a8-c1b07c670b52","local_time":"20210113162859","is_ascension_mode":true,"campfire_choices":[{"data":"Armaments","floor":6,"key":"SMITH"}],"circlet_count":0,"master_deck":["Strike_R","Strike_R","Strike_R","Defend_R","Defend_R","Defend_R","Defend_R","Bash","Armaments+1","Headbutt","Demon Form","Clothesline","Shrug It Off","Burst","Battle Trance","Bloodletting","Reboot","Limit Break","DDmod:EasePowerCard+1","Headbutt","Fiend Fire","DDmod:EasePowerCard+1"],"relics":["Burning Blood","aspiration:Nostalgia","m_SnakeBloodCore","CaptainsWheel","Golden Idol","hubris:Towel","StuffTheSpire:TintedRock","aspiration:HiddenCompartment","Regal Pillow","SlaversCollar","Thread and Needle","Paper Frog"],"acts_visited":["Exordium","TheCity"],"potions_floor_usage":[13,13,13],"damage_taken":[{"damage":11,"enemies":"Jaw Worm","floor":1,"turns":7},{"damage":9,"enemies":"Small Slimes","floor":5,"turns":4},{"damage":9,"enemies":"2 Louse","floor":7,"turns":3},{"damage":7,"enemies":"Exordium Thugs","floor":8,"turns":4},{"damage":26,"enemies":"Lagavulin","floor":11,"turns":6},{"damage":5,"enemies":"Lots of Slimes","floor":12,"turns":5},{"damage":27,"enemies":"3 Sentries","floor":13,"turns":6},{"damage":3,"enemies":"Looter","floor":14,"turns":4},{"damage":42,"enemies":"The Guardian","floor":16,"turns":8},{"damage":31,"enemies":"2 Thieves","floor":18,"turns":4},{"damage":40,"enemies":"Spheric Guardian","floor":19,"turns":8},{"damage":64,"enemies":"Cultist and Chosen","floor":22,"turns":6}],"seed_played":"-1029145887756013082","potions_obtained":[{"floor":7,"key":"SteroidPotion"},{"floor":11,"key":"SkillPotion"},{"floor":12,"key":"Dexterity Potion"},{"floor":19,"key":"Milkshake"}],"is_trial":false,"path_per_floor":["M","?","?","?","M","R","M","M","T","$","E","M","E","M","R","B",null,"M","M","?","$","M"],"character_chosen":"IRONCLAD","items_purchased":["DDmod:EasePowerCard+1","Thread and Needle","Paper Frog"],"campfire_rested":0,"item_purchase_floors":[21,21,21],"current_hp_per_floor":[78,78,74,74,74,74,74,74,74,74,57,61,43,49,49,16,74,52,23,23,23,0,0],"gold":24,"neow_bonus":"NOSTALGIA","is_daily":false,"chose_seed":false,"campfire_upgraded":1,"win_rate":0.0,"timestamp":1610548139,"path_taken":["M","?","?","?","M","R","M","M","T","$","E","?","E","M","R","BOSS","M","M","?","$","M"],"items_purchased_type":["Card","Relic","Relic"],"build_version":"2020-12-22","purchased_purges":1,"victory":false,"max_hp_per_floor":[80,80,74,74,74,74,74,74,74,74,74,74,74,74,74,74,74,74,74,74,74,74,74],"card_choices":[{"not_picked":["Infernal Blade","Replay:Undeath\u0027s Touch"],"picked":"Armaments","floor":1},{"not_picked":["Pommel Strike","Wild Strike"],"picked":"Headbutt","floor":5},{"not_picked":["Power Through","DDmod:EasePowerCard"],"picked":"Demon Form","floor":7},{"not_picked":["Twin Strike","ReplayTheSpireMod:Strike From Hell"],"picked":"Clothesline","floor":8},{"not_picked":["ReplayTheSpireMod:LeadingStrike","DDmod:EasePowerCard"],"picked":"Shrug It Off","floor":11},{"not_picked":["Hello World","Headbutt"],"picked":"Burst","floor":12},{"not_picked":["DDmod:SpikedSkill","Dagger Throw"],"picked":"Battle Trance","floor":13},{"not_picked":["Headbutt","DDmod:SpikedSkill"],"picked":"Bloodletting","floor":14},{"not_picked":["Amplify","DDmod:RechargeSkill"],"picked":"Limit Break","floor":16},{"not_picked":["Massacre","Wild Strike"],"picked":"DDmod:EasePowerCard+1","floor":18},{"not_picked":["Body Slam","Perfected Strike"],"picked":"Headbutt","floor":19}],"player_experience":474272,"relics_obtained":[{"floor":9,"key":"StuffTheSpire:TintedRock"},{"floor":11,"key":"aspiration:HiddenCompartment"},{"floor":13,"key":"Regal Pillow"}],"event_choices":[{"damage_healed":0,"gold_gain":0,"player_choice":"Lose Max HP","damage_taken":0,"relics_obtained":["Golden Idol"],"max_hp_gain":0,"max_hp_loss":6,"event_name":"Golden Idol","floor":3,"gold_loss":0},{"damage_healed":0,"gold_gain":0,"cards_transformed":["Strike_R"],"player_choice":"Transformed","damage_taken":0,"max_hp_gain":0,"max_hp_loss":0,"event_name":"Transmorgrifier","floor":15,"gold_loss":0,"cards_obtained":["Reboot"]},{"damage_healed":0,"gold_gain":0,"cards_transformed":["Strike_R"],"player_choice":"Transformed","damage_taken":0,"max_hp_gain":0,"max_hp_loss":0,"event_name":"Transmorgrifier","floor":20,"gold_loss":0,"cards_obtained":["Fiend Fire"]}],"is_beta":false,"boss_relics":[{"not_picked":["Calling Bell","hubris:VirtuousBlindfold"],"picked":"SlaversCollar"}],"items_purged_floors":[10],"is_endless":false,"potions_floor_spawned":[7,11,12,19],"killed_by":"Cultist and Chosen","ascension_level":3}}