{"host":"4ek4eq5z32z3zgvw","time":1610509220,"event":{"mods":["2.2 Compatiblity","AchievementEnabler","Act Like it!","AlwaysNeverKeys","Aspiration","BaseMod","Better Match","Better Note","Better Sensory Stone","Better Third Choice","BetterRewards","Block Reminder","Colored Map","Colored Powertips","DeckTracker","Defuse TimeMaze Blight","Downfall","Energized Spire","Halation","Hubris","Infinite Spire","Minty Spire (QoL Compilation)","Permanent Neow","Quick Restart","Rare Cards Sparkle","Relic Filter","Relic Sorter","Replay The Spire","Shop Mod","Spikes Relics","StSLib","SuperFastMode","Synergy Search","Unceasing Turn Reminder","UnlockEverythingMod","egg","vexMod"],"gold_per_floor":[116,127,8,8,8,8,8,8,78,78,108,126,138,148,148,148,148],"floor_reached":16,"language":"ENG","playtime":412,"items_purged":[],"score":250,"play_id":"8361c8ca-2848-4432-b566-fe20c6408515","local_time":"20210112214020","is_ascension_mode":true,"campfire_choices":[{"data":"White Noise","floor":6,"key":"SMITH"},{"data":"Midas Touch","floor":8,"key":"SMITH"},{"data":"Crystallizer","floor":10,"key":"SMITH"},{"data":"Creative AI","floor":15,"key":"SMITH"}],"circlet_count":0,"master_deck":["AscendersBane","Strike_B","Strike_B","Strike_B","Strike_B","Defend_B","Defend_B","Defend_B","Defend_B","Zap","Dualcast","Hologram","BootSequence","Crystallizer+1","Sweeping Beam","White Noise+1","Midas Touch+1","RefreshScreen","Coolheaded","Creative AI+1"],"relics":["Cracked Core","NeowsBlessing","Bag of Preparation","ReplayTheSpireMod:Ninjato","infinitespire:Lychee Nut"],"acts_visited":["Exordium"],"potions_floor_usage":[16,16],"damage_taken":[{"damage":0,"enemies":"Jaw Worm","floor":1,"turns":1},{"damage":0,"enemies":"2 Louse","floor":2,"turns":1},{"damage":0,"enemies":"Gremlin Nob","floor":11,"turns":1},{"damage":0,"enemies":"Cultist","floor":12,"turns":2},{"damage":4,"enemies":"Looter","floor":13,"turns":4},{"damage":16,"enemies":"2 Fungi Beasts","floor":14,"turns":3},{"damage":45,"enemies":"Hexaghost","floor":16,"turns":9}],"seed_played":"4129418534485563719","potions_obtained":[{"floor":1,"key":"Fire Potion"},{"floor":13,"key":"Block Potion"}],"is_trial":false,"path_per_floor":["M","M","$","?","?","R","?","R","T","R","E","M","M","M","R","B"],"character_chosen":"DEFECT","items_purchased":["Crystallizer","Sweeping Beam"],"campfire_rested":0,"item_purchase_floors":[3,3],"current_hp_per_floor":[64,64,64,64,64,64,64,64,64,64,53,53,50,37,37,0,0],"gold":148,"neow_bonus":"THREE_ENEMY_KILL","is_daily":false,"chose_seed":false,"campfire_upgraded":4,"win_rate":0.0,"timestamp":1610509220,"path_taken":["M","M","$","?","?","R","?","R","T","R","E","?","M","M","R","BOSS"],"items_purchased_type":["Card","Card"],"build_version":"2020-12-22","purchased_purges":0,"victory":false,"max_hp_per_floor":[71,71,71,71,71,71,71,71,71,71,53,53,53,53,53,53,53],"card_choices":[{"not_picked":["ReplayTheSpireMod:Reroute Power","Darkness"],"picked":"Hologram","floor":1},{"not_picked":["ReplaySort","Rebound"],"picked":"BootSequence","floor":2},{"not_picked":["ReplayTheSpireMod:Private Reserves","Deep Breath"],"picked":"Midas Touch","floor":7},{"not_picked":["Recycle","Turbo"],"picked":"RefreshScreen","floor":11},{"not_picked":["Consume","Compile Driver","ReplayTheSpireMod:Repulse"],"picked":"SKIP","floor":12},{"not_picked":["Steam","Fusion"],"picked":"Coolheaded","floor":13},{"not_picked":["Streamline","BasicCrystalCard"],"picked":"Creative AI","floor":14}],"player_experience":596911,"relics_obtained":[{"floor":4,"key":"Bag of Preparation"},{"floor":9,"key":"ReplayTheSpireMod:Ninjato"},{"floor":11,"key":"infinitespire:Lychee Nut"}],"event_choices":[{"damage_healed":0,"gold_gain":1,"player_choice":"1","damage_taken":0,"max_hp_gain":0,"max_hp_loss":0,"event_name":"betterStone:BetterStone","floor":7,"gold_loss":0}],"is_beta":false,"boss_relics":[],"items_purged_floors":[],"is_endless":false,"potions_floor_spawned":[1,13],"killed_by":"Hexaghost","ascension_level":20}}