{"host":"0t7ytk9pge2ncgeb","time":1610579174,"event":{"mods":["2.2 Compatiblity","Act Like it!","Aspiration","BaseMod","BetterRewards","Conspire","Downfall","Googly Eyes","Hubris","Minty Spire (QoL Compilation)","Relic Stats","Replay The Spire","Shop Mod","Spicy Shops","StSLib","slay the spire mod where everything is the same but ironclad has a cowboy hat"],"gold_per_floor":[112,154,154,154,167,167,224,224,224,254,57,68,94,110,110,212,212,225,225,242,10,10,10,42,42,94,65,65,75,87,118,203,299,299,315,325,337,355,365,393,145,145,145,145,158,178,193,193,276,276],"floor_reached":51,"language":"ENG","playtime":5416,"items_purged":[],"score":827,"play_id":"05ee6bbe-a785-4409-be10-4bb04df7049d","local_time":"20210113180614","is_ascension_mode":false,"campfire_choices":[{"floor":6.0,"key":"REST"},{"floor":8,"key":"REST"},{"data":"Apotheosis","floor":15,"key":"SMITH"},{"floor":23,"key":"REST"},{"floor":25,"key":"REST"},{"floor":42,"key":"REST"},{"floor":44,"key":"REST"}],"circlet_count":0,"master_deck":["Strike_G","Strike_G","Strike_G","Strike_G","Strike_G","Defend_G","Defend_G","Defend_G","Defend_G","Defend_G","Survivor","Neutralize","Replay:Bag of Tricks","Dagger Throw","Prepared","Cloak And Dagger","Choke","Sucker Punch","Apotheosis+1","Dagger Throw","Replay:Bag of Tricks","Caltrops+1","Malaise","ReplayTheSpireMod:Exploit Weakness","Necronomicurse","Dodge and Roll","ReplayTheSpireMod:Scrap Shanks+1","Backstab","hubris:Sniper","Acrobatics+1","Outmaneuver","Noxious Fumes+1","After Image+1","hubris:Counter+1","Prepared+1","Fluid Movement+1","Prepared"],"relics":["Ring of the Snake","Frozen Egg 2","Meat on the Bone","aspiration:StickyExplosives_weak","ReplayFunnel","Replay:Rubber Ducky","Necronomicon","MerchantsRug","Quantum Egg","Anchor","Ancient Tea Set","WristBlade","Potion Belt","Ninja Scroll","Paper Crane","hubris:BottledRain"],"acts_visited":["Exordium","TheCity","TheBeyond"],"potions_floor_usage":[7,24,24,31,33,50],"damage_taken":[{"damage":0.0,"enemies":"Small Slimes","floor":1.0,"turns":5.0},{"damage":30.0,"enemies":"conspire:MimicChest","floor":2.0,"turns":10.0},{"damage":0.0,"enemies":"conspire:RoseBush","floor":5.0,"turns":3.0},{"damage":17,"enemies":"Lagavulin Event","floor":7,"turns":8},{"damage":20,"enemies":"Gremlin Nob","floor":10,"turns":5},{"damage":2,"enemies":"2 Louse","floor":12,"turns":3},{"damage":3,"enemies":"Lagavulin","floor":13,"turns":6},{"damage":0,"enemies":"2 Fungi Beasts","floor":14,"turns":3},{"damage":0,"enemies":"The Guardian","floor":16,"turns":7},{"damage":0,"enemies":"Chosen","floor":18,"turns":5},{"damage":9,"enemies":"Shell Parasite","floor":20,"turns":5},{"damage":6,"enemies":"Gremlin Leader","floor":24,"turns":7},{"damage":1,"enemies":"conspire:HollyBat","floor":29,"turns":7},{"damage":13,"enemies":"Snecko","floor":30,"turns":3},{"damage":0,"enemies":"Replay:Snechameleon","floor":31,"turns":5},{"damage":29,"enemies":"conspire:MysteriousRune","floor":33,"turns":8},{"damage":0,"enemies":"Orb Walker","floor":35,"turns":3},{"damage":0,"enemies":"3 Shapes","floor":36,"turns":4},{"damage":18,"enemies":"3 Darklings","floor":37,"turns":6},{"damage":0,"enemies":"Spire Growth","floor":38,"turns":4},{"damage":0,"enemies":"Transient","floor":39,"turns":5},{"damage":16,"enemies":"Giant Head","floor":40,"turns":7},{"damage":1,"enemies":"3 Darklings","floor":45,"turns":4},{"damage":0,"enemies":"4 Shapes","floor":46,"turns":5},{"damage":0,"enemies":"Maw","floor":47,"turns":5},{"damage":0,"enemies":"hubris:GrandSnecko","floor":50,"turns":12}],"seed_played":"-3288828587314918534","potions_obtained":[{"floor":2.0,"key":"Toxic Potion"},{"floor":5.0,"key":"Weak Potion"},{"floor":14,"key":"Flashbang"},{"floor":18,"key":"SteroidPotion"},{"floor":29,"key":"Regen Potion"},{"floor":31,"key":"Dexterity Potion"},{"floor":35,"key":"AttackPotion"},{"floor":40,"key":"Languid Potion"},{"floor":45,"key":"FairyPotion"},{"floor":46,"key":"CultistPotion"}],"is_trial":false,"path_per_floor":["M","?","?","?","M","R","?","R","T","E","$","M","E","M","R","B",null,"M","?","M","$","?","R","E","R","T","$","?","M","M","E","R","B",null,"M","M","M","M","M","E","$","R","T","R","M","M","M","T","R","B",null],"character_chosen":"THE_SILENT","items_purchased":["Apotheosis","ReplayTheSpireMod:Scrap Shanks+1","MerchantsRug","hubris:Sniper","Ninja Scroll"],"campfire_rested":6,"item_purchase_floors":[11,21,21,27,41],"current_hp_per_floor":[70,40,40,40,40,61,44,65,65,45,45,43,40,40,40,40,70,70,54,45,45,37,58,52,70,70,70,70,69,56,70,70,41,70,70,70,52,52,52,36,36,57,57,70,69,69,69,69,69,69],"gold":276,"neow_bonus":"THREE_RARE_CARDS","is_daily":false,"chose_seed":false,"campfire_upgraded":1,"win_rate":0.0,"timestamp":1610579174,"path_taken":["M","?","?","?","?","R","?","R","T","E","$","M","E","M","R","BOSS","M","?","M","$","?","R","E","R","T","$","?","M","M","E","R","BOSS","M","M","M","M","M","E","$","R","T","R","M","M","M","?","R","BOSS"],"items_purchased_type":["Card","Card","Relic","Card","Relic"],"build_version":"2020-12-22","purchased_purges":0,"victory":true,"max_hp_per_floor":[70,70,70,70,70,70,70,70,70,70,70,70,70,70,70,70,70,70,70,70,70,70,70,70,70,70,70,70,70,70,70,70,70,70,70,70,70,70,70,70,70,70,70,70,70,70,70,70,70,70],"relic_stats":{"counters":[26,144],"Necronomicon":[13],"obtain_stats":[{"ReplayFunnel":10,"Potion Belt":40,"MerchantsRug":21,"Quantum Egg":24,"Frozen Egg 2":3,"Paper Crane":43,"PrismaticShard":22,"Ancient Tea Set":31,"aspiration:StickyExplosives_weak":9,"Replay:Rubber Ducky":13,"Replay:Baseball":2,"Anchor":26,"WristBlade":34,"Ninja Scroll":41,"Necronomicon":19,"Ring of the Snake":0,"Meat on the Bone":7,"hubris:BottledRain":48},{"ReplayFunnel":5,"Potion Belt":22,"MerchantsRug":11,"Quantum Egg":12,"Frozen Egg 2":2,"Paper Crane":22,"PrismaticShard":11,"Ancient Tea Set":15,"aspiration:StickyExplosives_weak":4,"Replay:Rubber Ducky":7,"Replay:Baseball":2,"Anchor":12,"WristBlade":16,"Ninja Scroll":22,"Necronomicon":10,"Ring of the Snake":0,"Meat on the Bone":3,"hubris:BottledRain":25},{"ReplayFunnel":31,"Potion Belt":118,"MerchantsRug":60,"Quantum Egg":67,"Frozen Egg 2":15,"Paper Crane":118,"PrismaticShard":60,"Ancient Tea Set":81,"aspiration:StickyExplosives_weak":26,"Replay:Rubber Ducky":40,"Replay:Baseball":15,"Anchor":67,"WristBlade":89,"Ninja Scroll":118,"Necronomicon":55,"Ring of the Snake":0,"Meat on the Bone":18,"hubris:BottledRain":132}],"Ring of the Snake":[52],"Meat on the Bone":0},"card_choices":[{"not_picked":["ReplayTheSpireMod:Necrosis","Poison Darts"],"picked":"Replay:Bag of Tricks","floor":0.0},{"not_picked":["Calculated Gamble","hubris:SlightOfHand"],"picked":"Dagger Throw","floor":1.0},{"not_picked":["Underhanded Strike","Reflex"],"picked":"Prepared","floor":2.0},{"not_picked":["Setup","Dagger Spray"],"picked":"Cloak And Dagger","floor":5.0},{"not_picked":["hubris:SlightOfHand","Deadly Poison"],"picked":"Choke","floor":7},{"not_picked":["Dagger Spray","Poison Darts"],"picked":"Sucker Punch","floor":10},{"not_picked":["hubris:SlightOfHand","Replay:Poison Smokescreen"],"picked":"Dagger Throw","floor":12},{"not_picked":["Poisoned Stab","Replay:Poison Smokescreen"],"picked":"Replay:Bag of Tricks","floor":13},{"not_picked":["Dagger Throw","Hidden Blade"],"picked":"Caltrops+1","floor":14},{"not_picked":["Unload","Night Terror"],"picked":"Malaise","floor":16},{"not_picked":["Underhanded Strike","Slice+1"],"picked":"ReplayTheSpireMod:Exploit Weakness","floor":18},{"not_picked":["Backflip","Eviscerate+1"],"picked":"Dodge and Roll","floor":20},{"not_picked":["Underhanded Strike","Sneak Up"],"picked":"Backstab","floor":22},{"not_picked":["hexamod:NightmareStrike+1","Slimebound:SpikyOuterGoop+1","Guardian:PrismaticBeam"],"picked":"SKIP","floor":24},{"not_picked":["Dagger Spray","Sneak Up"],"picked":"Acrobatics+1","floor":29},{"not_picked":["Quick Slash+1","Bane"],"picked":"Outmaneuver","floor":30},{"not_picked":["Footwork+1","Blade Dance"],"picked":"Noxious Fumes+1","floor":31},{"not_picked":["Adrenaline","Bullet Time"],"picked":"After Image+1","floor":33},{"not_picked":["Bane","Acrobatics"],"picked":"hubris:Counter+1","floor":35},{"not_picked":["Backflip","Acrobatics","Flying Knee"],"picked":"SKIP","floor":36},{"not_picked":["Deadly Poison+1","Underhanded Strike+1","Replay:Bag of Tricks"],"picked":"SKIP","floor":37},{"not_picked":["Deadly Poison+1","Sucker Punch","Concentrate"],"picked":"SKIP","floor":38},{"not_picked":["Dodge and Roll","Leg Sweep"],"picked":"Prepared+1","floor":39},{"not_picked":["Acrobatics","Toxin Wave+1","Hidden Blade+1"],"picked":"SKIP","floor":40},{"not_picked":["Poisoned Stab+1","Backflip+1","Sucker Punch"],"picked":"SKIP","floor":45},{"not_picked":["Doppelganger","Bane+1"],"picked":"Fluid Movement+1","floor":46},{"not_picked":["Sucker Punch+1","PiercingWail"],"picked":"Prepared","floor":47}],"player_experience":302529,"relics_obtained":[{"floor":2.0,"key":"Replay:Baseball"},{"floor":9,"key":"aspiration:StickyExplosives_weak"},{"floor":10,"key":"ReplayFunnel"},{"floor":13,"key":"Replay:Rubber Ducky"},{"floor":19,"key":"Necronomicon"},{"floor":22,"key":"PrismaticShard"},{"floor":24,"key":"Quantum Egg"},{"floor":26,"key":"Anchor"},{"floor":31,"key":"Ancient Tea Set"},{"floor":40,"key":"Potion Belt"},{"floor":43,"key":"Paper Crane"},{"floor":48,"key":"hubris:BottledRain"}],"event_choices":[{"cards_removed":["Injury","ReplayTheSpireMod:Doomed"],"damage_healed":0.0,"max_hp_gain":0.0,"max_hp_loss":0.0,"gold_gain":0.0,"event_name":"Fountain of Cleansing","player_choice":"Removed Curses","floor":4.0,"gold_loss":0.0,"damage_taken":0.0},{"damage_healed":0,"gold_gain":30,"player_choice":"Searched \u00273\u0027 times","damage_taken":0,"relics_obtained":["Meat on the Bone"],"max_hp_gain":0,"max_hp_loss":0,"event_name":"Dead Adventurer","floor":7,"gold_loss":0},{"damage_healed":0,"gold_gain":0,"player_choice":"Obtained Book","damage_taken":16,"max_hp_gain":0,"max_hp_loss":0,"event_name":"Cursed Tome","floor":19,"gold_loss":0},{"damage_healed":0,"gold_gain":0,"player_choice":"Bought 0 Potions","damage_taken":0,"max_hp_gain":0,"max_hp_loss":0,"event_name":"The Woman in Blue","floor":28,"gold_loss":0}],"is_beta":false,"boss_relics":[{"not_picked":["hubris:VirtuousBlindfold","ChewingGum","Ring of Chaos"]},{"not_picked":["Busted Crown","Replay:Drink Me"],"picked":"WristBlade"}],"items_purged_floors":[],"is_endless":false,"potions_floor_spawned":[2,5,14,18,29,31,35,40,45,46,47],"ascension_level":0}}