{"host":"ds3v42j7tpaaz1mg","time":1610522079,"event":{"mods":["AchievementEnabler","Aspiration","BaseMod","Bestiary","Better Altar","Better Note","Better Sensory Stone","BetterRewards","Block Reminder","Colored Powertips","Conspire","Downfall","Energized Spire","Halation","Hermit","Highlight Path","Hubris","Infinite Spire","Jorbs\u0027s Wanderer Trilogy","Minty Spire (QoL Compilation)","Relic Stats","Replay The Spire","StSLib","The Elementalist","The Servant 0.9.4","vexMod"],"gold_per_floor":[115,115,134,134,146,146,164,221,244,244,244,264,264,264,282,282,337,432,432,450,450,450,500,518,518,531,543,543,188,200,213,213,213,213,311,311,325,325,19,19,19,48,48,59,59,71,82,82,94,94,94,94],"floor_reached":53,"language":"ENG","playtime":2257,"items_purged":["ReplayTheSpireMod:Splinters","hermit:OverwhelmingPower"],"score":829,"play_id":"d1f7fa15-cc3d-47f5-9616-514a9bc8a177","local_time":"20210113021439","is_ascension_mode":false,"campfire_choices":[{"data":"hermit:Quickdraw","floor":6,"key":"SMITH"},{"data":"hermit:Ricochet","floor":10,"key":"SMITH"},{"data":"infinitespire:SevenWalls","floor":25,"key":"SMITH"},{"floor":34,"key":"REST"},{"data":"hermit:TakeAim","floor":43,"key":"SMITH"},{"floor":48,"key":"REST"}],"circlet_count":0,"master_deck":["hermit:Strike_Hermit","hermit:Strike_Hermit","hermit:Strike_Hermit","hermit:Defend_Hermit","hermit:Defend_Hermit","hermit:Defend_Hermit","hermit:Snapshot","hermit:Covet+1","hermit:Quickdraw+1","hermit:TakeAim+1","hermit:Ricochet+1","hermit:FatalDesire+1","hermit:Midnight","hermit:FromBeyond","hermit:Brawl","infinitespire:SevenWalls+1","infinitespire:UltimateForm","hermit:HeroicBravado","hermit:SprayPray","hermit:Maintenance","hermit:Cheat","MurderousAura","Battle Trance+1"],"relics":["hermit:Momento","halation:PinkSoulGem","halation:PrussianBluePaint","Question Card","ReplayTheSpireMod:Onyx Gauntlets","aspiration:Lifesprig","Pocketwatch","Pen Nib","PrismaticShard","conspire:SpecialSausage","halation:EternalFortune","Gambling Chip","Juzu Bracelet","Sundial","halation:Toothbrush"],"acts_visited":["Exordium","TheCity","TheBeyond"],"potions_floor_usage":[18,18,20,26,27,35,42,49,52,52,52],"damage_taken":[{"damage":1,"enemies":"Small Slimes","floor":1,"turns":3},{"damage":1,"enemies":"Cultist","floor":3,"turns":4},{"damage":6,"enemies":"2 Louse","floor":5,"turns":3},{"damage":10,"enemies":"Large Slime","floor":7,"turns":8},{"damage":7,"enemies":"Looter","floor":12,"turns":2},{"damage":9,"enemies":"Red Slaver","floor":15,"turns":3},{"damage":36,"enemies":"Hexaghost","floor":18,"turns":11},{"damage":7,"enemies":"3 Byrds","floor":20,"turns":4},{"damage":2,"enemies":"Shell Parasite","floor":24,"turns":5},{"damage":0,"enemies":"Sentry and Sphere","floor":26,"turns":4},{"damage":26,"enemies":"Shelled Parasite and Fungi","floor":27,"turns":3},{"damage":12,"enemies":"Centurion and Healer","floor":30,"turns":6},{"damage":0,"enemies":"3 Cultists","floor":31,"turns":4},{"damage":0,"enemies":"Collector","floor":35,"turns":9},{"damage":2,"enemies":"Orb Walker","floor":37,"turns":2},{"damage":2,"enemies":"Nemesis","floor":42,"turns":7},{"damage":0,"enemies":"3 Shapes","floor":44,"turns":4},{"damage":17,"enemies":"Writhing Mass","floor":46,"turns":5},{"damage":8,"enemies":"Spire Growth","floor":47,"turns":4},{"damage":2,"enemies":"Maw","floor":49,"turns":5},{"damage":28,"enemies":"conspire:OrnateMirror","floor":52,"turns":8}],"seed_played":"-2341486048700389467","potions_obtained":[{"floor":3,"key":"SpeedPotion"},{"floor":12,"key":"sneckomod:MuddlingPotion"},{"floor":17,"key":"Regen Potion"},{"floor":18,"key":"Fire Potion"},{"floor":24,"key":"Swift Potion"},{"floor":26,"key":"Fire Potion"},{"floor":27,"key":"BlessingOfTheForge"},{"floor":35,"key":"hexamod:EctoCoolerPotion"},{"floor":37,"key":"Energy Potion"},{"floor":42,"key":"ColorlessPotion"},{"floor":51,"key":"LifebloodPotion"},{"floor":51,"key":"Flashbang"}],"is_trial":false,"path_per_floor":["M","?","M","?","M","R","M","?","T","R","$","M","PTL","PTL","M","?","R","B",null,"M","AVR","?","?","M","R","M","M","T","$","M","M","?","?","R","B",null,"M","?","$","?","AVR","E","R","M","T","M","M","R","M","?","R","B",null],"character_chosen":"HERMIT","items_purchased":["Pen Nib","hermit:HeroicBravado","hermit:SprayPray","Gambling Chip"],"campfire_rested":2,"item_purchase_floors":[29,29,29,39],"current_hp_per_floor":[74,74,73,73,67,67,57,57,57,57,57,50,50,50,41,26,26,5,75,68,68,68,68,66,66,66,40,40,40,28,28,28,20,42,42,75,73,76,76,76,76,74,74,74,74,57,49,72,70,70,70,42],"gold":94,"neow_bonus":"THREE_CARDS","is_daily":false,"chose_seed":false,"campfire_upgraded":4,"win_rate":0.0,"timestamp":1610522079,"path_taken":["M","?","M","?","?","R","M","?","T","R","$","M","PTL","PTL","M","?","R","BOSS","M","AVR","?","?","M","R","M","M","T","$","M","M","?","?","R","BOSS","M","?","$","?","AVR","E","R","M","T","M","M","R","M","?","R","BOSS"],"items_purchased_type":["Relic","Card","Card","Relic"],"build_version":"2020-12-22","purchased_purges":2,"victory":true,"max_hp_per_floor":[75,75,75,75,75,75,75,75,75,75,75,75,75,75,75,75,75,75,75,75,75,75,75,75,75,75,75,75,75,75,75,75,75,75,75,75,75,78,78,78,78,78,78,78,78,78,78,78,78,78,78,78],"relic_stats":{"counters":[21,104],"Sundial":[6],"Gambling Chip":[18],"Pen Nib":[11],"Juzu Bracelet":1,"Question Card":21,"obtain_stats":[{"aspiration:Lifesprig":21,"conspire:SpecialSausage":36,"Pen Nib":29,"Juzu Bracelet":41,"Question Card":17,"PrismaticShard":33,"halation:PrussianBluePaint":9,"Sundial":42,"Gambling Chip":39,"halation:EternalFortune":38,"halation:Toothbrush":45,"ReplayTheSpireMod:Onyx Gauntlets":19,"halation:PinkSoulGem":2,"hermit:Momento":0,"Pocketwatch":28},{"aspiration:Lifesprig":8,"conspire:SpecialSausage":14,"Pen Nib":11,"Juzu Bracelet":15,"Question Card":6,"PrismaticShard":13,"halation:PrussianBluePaint":4,"Sundial":16,"Gambling Chip":15,"halation:EternalFortune":15,"halation:Toothbrush":17,"ReplayTheSpireMod:Onyx Gauntlets":7,"halation:PinkSoulGem":1,"hermit:Momento":0,"Pocketwatch":11},{"aspiration:Lifesprig":38,"conspire:SpecialSausage":69,"Pen Nib":50,"Juzu Bracelet":71,"Question Card":23,"PrismaticShard":60,"halation:PrussianBluePaint":18,"Sundial":78,"Gambling Chip":71,"halation:EternalFortune":71,"halation:Toothbrush":82,"ReplayTheSpireMod:Onyx Gauntlets":34,"halation:PinkSoulGem":3,"hermit:Momento":0,"Pocketwatch":50}],"Pocketwatch":[13]},"card_choices":[{"not_picked":["hermit:Glare","hermit:LoneWolf"],"picked":"hermit:Quickdraw","floor":0},{"not_picked":["hermit:TrackingShot","hermit:HighCaliber","hermit:Feint"],"picked":"SKIP","floor":1},{"not_picked":["hermit:Scavenge","hermit:CalledShot"],"picked":"hermit:TakeAim","floor":3},{"not_picked":["hermit:Spite","hermit:BodyArmor","hermit:Snipe"],"picked":"SKIP","floor":5},{"not_picked":["hermit:Deadeye","hermit:HoleUp"],"picked":"hermit:Ricochet","floor":7},{"not_picked":["hermit:HighCaliber","hermit:BodyArmor"],"picked":"hermit:FatalDesire","floor":12},{"not_picked":["hermit:Desperado","hermit:Spite","hermit:Shortfuse"],"picked":"SKIP","floor":15},{"not_picked":["hermit:Desperado","hermit:PistolWhip"],"picked":"hermit:Midnight","floor":17},{"not_picked":["hermit:Gambit","hermit:DeadOrAlive","hermit:HeroicBravado"],"picked":"hermit:FromBeyond","floor":18},{"not_picked":["hermit:Deadeye+1","hermit:Determination+1","hermit:Coalescence"],"picked":"hermit:Brawl","floor":20},{"not_picked":["hermit:Spite","hermit:SprayPray","hermit:TrackingShot","hermit:CalledShot+1"],"picked":"SKIP","floor":24},{"not_picked":["hermit:BodyArmor+1","hermit:FromBeyond","hermit:Shortfuse","hermit:Horror"],"picked":"SKIP","floor":26},{"not_picked":["hermit:Coalescence","hermit:BodyArmor","hermit:CursedWeapon","hermit:Spite"],"picked":"SKIP","floor":27},{"not_picked":["hermit:Feint","hermit:Snipe","hermit:LowProfile","hermit:Virtue"],"picked":"SKIP","floor":30},{"not_picked":["hermit:HighCaliber","hermit:TrackingShot+1","hermit:SprayPray+1","hermit:LowProfile"],"picked":"SKIP","floor":31},{"not_picked":["hermit:BigShot","hermit:Dive+1","hermit:Midnight+1"],"picked":"hermit:Cheat","floor":33},{"not_picked":["elementalist:Multification","sneckomod:Unknown3Cost","Slimebound:DouseInSlime"],"picked":"MurderousAura","floor":35},{"not_picked":["Infinite Blades+1","Twin Strike","champ:AdrenalArmor","Slimebound:SamplingLick"],"picked":"SKIP","floor":37},{"not_picked":["expansioncontent:DonusPower+1","hermit:HighCaliber+1","Protect","sneckomod:UnknownClassTHE_CHAMP_GRAY"],"picked":"SKIP","floor":42},{"not_picked":["Replace","Spin+1","sneckomod:Unknown1Cost"],"picked":"Battle Trance+1","floor":44},{"not_picked":["hermit:NoHoldsBarred","Guardian:Clone","ReplayTheSpireMod:Tripwire","hexamod:BurningTouch+1"],"picked":"SKIP","floor":46},{"not_picked":["elementalist:Prepared_Sand+1","stsjorbsmod:ArcaneWeapon+1","ReplayTheSpireMod:Dual Polarity+1","stsjorbsmod:Concentrate+1"],"picked":"SKIP","floor":47},{"not_picked":["champ:EndlessRage","Heel Hook","Dodge and Roll","InnerPeace"],"picked":"SKIP","floor":49}],"player_experience":619203,"relics_obtained":[{"floor":9,"key":"halation:PrussianBluePaint"},{"floor":17,"key":"Question Card"},{"floor":28,"key":"Pocketwatch"},{"floor":33,"key":"PrismaticShard"},{"floor":42,"key":"Sundial"},{"floor":45,"key":"halation:Toothbrush"}],"event_choices":[{"cards_removed":["hermit:Strike_Hermit"],"damage_healed":0,"gold_gain":0,"player_choice":"Offered Basic","damage_taken":0,"max_hp_gain":0,"max_hp_loss":0,"event_name":"Bonfire Elementals","floor":4,"gold_loss":0},{"damage_healed":0,"gold_gain":57,"player_choice":"Gained Gold","damage_taken":0,"max_hp_gain":0,"max_hp_loss":0,"event_name":"Golden Wing","floor":8,"gold_loss":0},{"damage_healed":0,"gold_gain":0,"player_choice":"Entered Light","damage_taken":15,"max_hp_gain":0,"max_hp_loss":0,"event_name":"Shining Light","floor":16,"gold_loss":0,"cards_upgraded":["hermit:Covet","hermit:FatalDesire"]},{"cards_removed":["infinitespire:SevenWalls"],"damage_healed":0,"gold_gain":0,"player_choice":"Take \u0026 Give","damage_taken":0,"max_hp_gain":0,"max_hp_loss":0,"event_name":"betterNote:BetterNote","floor":22,"gold_loss":0,"cards_obtained":["infinitespire:UltimateForm"]},{"damage_healed":0,"gold_gain":0,"cards_transformed":["hermit:Defend_Hermit"],"player_choice":"Transformed","damage_taken":0,"max_hp_gain":0,"max_hp_loss":0,"event_name":"Transmorgrifier","floor":40,"gold_loss":0,"cards_obtained":["hermit:OverwhelmingPower"]},{"damage_healed":0,"gold_gain":0,"player_choice":"Leave","damage_taken":0,"max_hp_gain":0,"max_hp_loss":0,"event_name":"conspire:Investor","floor":50,"gold_loss":0}],"is_beta":false,"boss_relics":[{"not_picked":["Abe\u0027s Treasure","halation:Risk"],"picked":"ReplayTheSpireMod:Onyx Gauntlets"},{"not_picked":["Runic Pyramid","Tiny House"],"picked":"conspire:SpecialSausage"}],"items_purged_floors":[21,41],"is_endless":false,"potions_floor_spawned":[3,12,18,24,26,27,35,37,42],"ascension_level":0}}