{"host":"c2vrdknshfutmcsq","time":1610577272,"event":{"mods":["BaseMod","Minty Spire (QoL Compilation)"],"gold_per_floor":[114,264,264,278,15,67,104,164,164,208,243,280,317,317,317,416,416,454,379,113,122,175,175,212,41,65,65,87,87,122,201,201,201,201],"floor_reached":33,"language":"ENG","playtime":1874,"items_purged":["Pain","Capacitor"],"score":562,"play_id":"ff2e8092-1146-4403-b757-7292d2823556","local_time":"20210113233432","is_ascension_mode":true,"campfire_choices":[{"data":"HandOfGreed","floor":15.0,"key":"SMITH"},{"floor":23.0,"key":"REST"},{"floor":27.0,"key":"REST"},{"floor":29,"key":"REST"},{"floor":32,"key":"REST"}],"circlet_count":0,"master_deck":["AscendersBane","Strike_B","Strike_B","Strike_B","Strike_B","Defend_B","Defend_B","Defend_B","Defend_B","Zap","Dualcast","Sweeping Beam","Compile Driver","HandOfGreed+1","Ball Lightning","Seek","Melter","Sweeping Beam","Sunder","Lockon","Electrodynamics","Ball Lightning","Writhe","Rip and Tear","Self Repair","Glacier","Aggregate"],"relics":["Cracked Core","NeowsBlessing","WarpedTongs","TungstenRod","Calipers","Torii","Inserter","Lantern","CeramicFish","Blood Vial","Bronze Scales","Art of War"],"acts_visited":["Exordium","TheCity"],"potions_floor_usage":[28,31,33],"damage_taken":[{"damage":0.0,"enemies":"Small Slimes","floor":1.0,"turns":1.0},{"damage":0.0,"enemies":"Cultist","floor":4.0,"turns":1.0},{"damage":0.0,"enemies":"3 Sentries","floor":6.0,"turns":2.0},{"damage":0.0,"enemies":"Jaw Worm","floor":7.0,"turns":3.0},{"damage":12.0,"enemies":"Exordium Thugs","floor":8.0,"turns":4.0},{"damage":5.0,"enemies":"Looter","floor":10.0,"turns":4.0},{"damage":11.0,"enemies":"Gremlin Nob","floor":11.0,"turns":5.0},{"damage":9.0,"enemies":"Gremlin Gang","floor":12.0,"turns":5.0},{"damage":17.0,"enemies":"Large Slime","floor":13.0,"turns":4.0},{"damage":50.0,"enemies":"Hexaghost","floor":16.0,"turns":9.0},{"damage":6.0,"enemies":"Chosen","floor":18.0,"turns":5.0},{"damage":41.0,"enemies":"3 Byrds","floor":22.0,"turns":5.0},{"damage":30.0,"enemies":"Gremlin Leader","floor":24.0,"turns":6.0},{"damage":28,"enemies":"Shelled Parasite and Fungi","floor":28,"turns":4},{"damage":15,"enemies":"3 Cultists","floor":30,"turns":4},{"damage":13,"enemies":"Centurion and Healer","floor":31,"turns":5},{"damage":47,"enemies":"Automaton","floor":33,"turns":6}],"seed_played":"-1839558786852044096","potions_obtained":[{"floor":4.0,"key":"PowerPotion"},{"floor":6.0,"key":"SteroidPotion"},{"floor":10.0,"key":"Dexterity Potion"},{"floor":13.0,"key":"Regen Potion"},{"floor":18.0,"key":"SteroidPotion"},{"floor":22.0,"key":"Ancient Potion"},{"floor":28,"key":"AttackPotion"},{"floor":31,"key":"PowerPotion"}],"is_trial":false,"path_per_floor":["M","?","?","M","$","E","M","M","T","M","E","M","M","?","R","B",null,"M","?","$","?","M","R","E","$","T","R","M","R","M","M","R","B"],"character_chosen":"DEFECT","items_purchased":["HandOfGreed","Lantern","Bronze Scales"],"campfire_rested":4,"item_purchase_floors":[5,20,25],"current_hp_per_floor":[64,64,64,64,64,64,64,52,52,47,36,27,10,71,71,21,59,53,53,53,53,24,45,15,15,15,36,17,38,32,21,42,0,0],"gold":201,"neow_bonus":"THREE_ENEMY_KILL","is_daily":false,"chose_seed":false,"campfire_upgraded":1,"win_rate":0.0,"timestamp":1610577272,"path_taken":["M","?","?","?","$","E","M","M","T","M","E","M","M","?","R","BOSS","M","?","$","?","?","R","E","$","T","R","M","R","M","M","R","BOSS"],"items_purchased_type":["Card","Relic","Relic"],"build_version":"2020-12-22","purchased_purges":2,"victory":false,"max_hp_per_floor":[71,71,71,71,71,71,71,71,71,71,71,71,71,71,71,71,71,71,71,71,71,71,71,71,71,71,71,71,71,71,71,71,71,71],"card_choices":[{"not_picked":["Barrage","Gash"],"picked":"Sweeping Beam","floor":1.0},{"not_picked":["Coolheaded","Hologram"],"picked":"Compile Driver","floor":4.0},{"not_picked":["Redo","Beam Cell"],"picked":"Ball Lightning","floor":6.0},{"not_picked":["Reinforced Body","Coolheaded"],"picked":"Seek","floor":7.0},{"not_picked":["Static Discharge","Turbo"],"picked":"Melter","floor":8.0},{"not_picked":["Steam","Rebound"],"picked":"Sweeping Beam","floor":10.0},{"not_picked":["Darkness","Hello World"],"picked":"Capacitor","floor":11.0},{"not_picked":["Sweeping Beam","Barrage"],"picked":"Sunder","floor":12.0},{"not_picked":["Barrage","Static Discharge"],"picked":"Lockon","floor":13.0},{"not_picked":["Thunder Strike","Creative AI"],"picked":"Electrodynamics","floor":16.0},{"not_picked":["Cold Snap","Rebound+1"],"picked":"Ball Lightning","floor":18.0},{"not_picked":["Blizzard","Heatsinks"],"picked":"Rip and Tear","floor":22.0},{"not_picked":["Coolheaded+1","Hello World"],"picked":"Self Repair","floor":24.0},{"not_picked":["Steam","Conserve Battery"],"picked":"Glacier","floor":28},{"not_picked":["Redo","Coolheaded","Cold Snap"],"picked":"SKIP","floor":30},{"not_picked":["Fusion","Heatsinks"],"picked":"Aggregate","floor":31}],"player_experience":1251617,"relics_obtained":[{"floor":6.0,"key":"TungstenRod"},{"floor":9.0,"key":"Calipers"},{"floor":11.0,"key":"Torii"},{"floor":24.0,"key":"Blood Vial"},{"floor":26.0,"key":"Art of War"}],"event_choices":[{"damage_healed":0.0,"max_hp_gain":0.0,"max_hp_loss":0.0,"gold_gain":150.0,"event_name":"Liars Game","player_choice":"AGREE","floor":2.0,"gold_loss":0.0,"damage_taken":0.0,"cards_obtained":["Doubt"]},{"damage_healed":0.0,"max_hp_gain":0.0,"max_hp_loss":0.0,"gold_gain":0.0,"event_name":"Accursed Blacksmith","player_choice":"Rummage","floor":3.0,"gold_loss":0.0,"damage_taken":0.0,"relics_obtained":["WarpedTongs"],"cards_obtained":["Pain"]},{"damage_healed":61.0,"max_hp_gain":0.0,"max_hp_loss":0.0,"gold_gain":0.0,"event_name":"Wheel of Change","player_choice":"Full Heal","floor":14.0,"gold_loss":0.0,"damage_taken":0.0},{"cards_removed":["Doubt"],"damage_healed":0.0,"max_hp_gain":0.0,"max_hp_loss":0.0,"gold_gain":0.0,"event_name":"Beggar","player_choice":"Gave Gold","floor":19.0,"gold_loss":75.0,"damage_taken":0.0},{"damage_healed":0.0,"max_hp_gain":0.0,"max_hp_loss":0.0,"gold_gain":0.0,"event_name":"The Mausoleum","player_choice":"Opened","floor":21.0,"gold_loss":0.0,"damage_taken":0.0,"relics_obtained":["CeramicFish"],"cards_obtained":["Writhe"]}],"is_beta":false,"boss_relics":[{"not_picked":["Cursed Key","Pandora\u0027s Box"],"picked":"Inserter"}],"items_purged_floors":[5,20],"is_endless":false,"potions_floor_spawned":[4,6,10,13,18,22,28,31],"killed_by":"Automaton","ascension_level":17}}