{"host":"msa0wxqjs3jv1k3j","time":1610544910,"event":{"mods":["AchievementEnabler","BaseMod","BetterRewards","Colored Map","Highlight Path","KOR Keyword Fix","Keyboard Shortcuts","Minty Spire (QoL Compilation)","Quick Restart","SuperFastMode","everything is the same but u backflip on backflip"],"gold_per_floor":[115,125,300,315,315,344,344,344,344,73,73,73,1,56,56,159,159,176,176,192,107,107,132,152,183,183,108,126,1,15,15,15,119,119,133,150,150,165,165,192,192,192,492,492,522,200,255,305,305,305,305],"floor_reached":50,"language":"KOR","playtime":2689,"items_purged":["Defend_P","Defend_P"],"score":632,"play_id":"724d5381-4a54-43fc-a711-732a1d939099","local_time":"20210113223510","is_ascension_mode":false,"campfire_choices":[{"floor":7.0,"key":"REST"},{"data":"MentalFortress","floor":12.0,"key":"SMITH"},{"data":"Eruption","floor":15.0,"key":"SMITH"},{"data":"EmptyFist","floor":32.0,"key":"SMITH"},{"floor":41.0,"key":"REST"},{"floor":49.0,"key":"REST"}],"circlet_count":0,"master_deck":["Strike_P","Strike_P+1","Strike_P+1","Strike_P","Defend_P","Defend_P","Eruption+1","Vigilance+1","MentalFortress+1","EmptyFist+1","ClearTheMind","MentalFortress","ClearTheMind","Indignation+1","Crescendo","SandsOfTime","BattleHymn+1","MentalFortress","Alpha","FollowUp+1","Forethought","Apotheosis","SandsOfTime+1","TalkToTheHand+1"],"relics":["HolyWater","Juzu Bracelet","Turnip","PreservedInsect","Bottled Flame","HornCleat","Membership Card","Anchor","Kunai","Happy Flower","InkBottle","Lantern","Shuriken","War Paint","Bag of Marbles","Smiling Mask","Matryoshka","Philosopher\u0027s Stone","Mercury Hourglass","Akabeko","Old Coin","Prayer Wheel","Singing Bowl","Whetstone","ClockworkSouvenir","Unceasing Top","Gambling Chip"],"acts_visited":["Exordium","TheCity","TheBeyond"],"potions_floor_usage":[50,50],"damage_taken":[{"damage":4.0,"enemies":"Cultist","floor":1.0,"turns":4.0},{"damage":3.0,"enemies":"Jaw Worm","floor":2.0,"turns":3.0},{"damage":18.0,"enemies":"Small Slimes","floor":4.0,"turns":3.0},{"damage":20.0,"enemies":"Lagavulin","floor":6.0,"turns":6.0},{"damage":4.0,"enemies":"3 Sentries","floor":14.0,"turns":7.0},{"damage":10.0,"enemies":"Hexaghost","floor":16.0,"turns":11.0},{"damage":0.0,"enemies":"Shell Parasite","floor":18.0,"turns":6.0},{"damage":0.0,"enemies":"3 Byrds","floor":20.0,"turns":6.0},{"damage":21.0,"enemies":"Book of Stabbing","floor":23.0,"turns":6.0},{"damage":13.0,"enemies":"Snake Plant","floor":24.0,"turns":3.0},{"damage":16.0,"enemies":"Gremlin Leader","floor":25.0,"turns":4.0},{"damage":0.0,"enemies":"Cultist and Chosen","floor":28.0,"turns":4.0},{"damage":20.0,"enemies":"Sentry and Sphere","floor":30.0,"turns":6.0},{"damage":3.0,"enemies":"Collector","floor":33.0,"turns":8.0},{"damage":5.0,"enemies":"3 Darklings","floor":35.0,"turns":5.0},{"damage":35.0,"enemies":"3 Shapes","floor":36.0,"turns":6.0},{"damage":0.0,"enemies":"Sphere and 2 Shapes","floor":38.0,"turns":3.0},{"damage":28.0,"enemies":"Reptomancer","floor":40.0,"turns":5.0},{"damage":8.0,"enemies":"Giant Head","floor":45.0,"turns":5.0},{"damage":6.0,"enemies":"2 Orb Walkers","floor":47.0,"turns":3.0},{"damage":0.0,"enemies":"Mind Bloom Boss Battle","floor":48.0,"turns":1.0},{"damage":58,"enemies":"Awakened One","floor":50,"turns":7}],"seed_played":"-2843473378137856587","potions_obtained":[{"floor":8.0,"key":"FairyPotion"},{"floor":25.0,"key":"CultistPotion"},{"floor":33.0,"key":"LiquidMemories"},{"floor":36.0,"key":"Energy Potion"},{"floor":45.0,"key":"DuplicationPotion"}],"is_trial":false,"path_per_floor":["M","M","?","M","?","E","R","?","T","$","?","R","$","?","R","B",null,"M","?","M","?","?","E","M","E","T","?","M","$","M","$","R","B",null,"M","M","?","M","?","E","R","?","T","?","E","$","?","?","R","B"],"character_chosen":"WATCHER","items_purchased":["Juzu Bracelet","PreservedInsect","MentalFortress","Energy Potion","SmokeBomb","GamblersBrew","Membership Card","Anchor","MentalFortress","ClearTheMind","Happy Flower","Matryoshka","Singing Bowl","Whetstone","ClockworkSouvenir"],"campfire_rested":3,"item_purchase_floors":[0,0,0,0,0,0,10,10,10,10,13,29,46,46,46],"current_hp_per_floor":[68,65,65,47,47,27,48,48,48,48,41,41,41,37,37,27,72,72,72,72,72,72,51,38,22,22,22,22,22,2,2,2,21,72,67,32,63,63,58,30,48,48,48,48,40,40,36,36,54,0,0],"gold":305,"neow_bonus":"","is_daily":false,"chose_seed":false,"campfire_upgraded":3,"win_rate":0.0,"timestamp":1610544910,"path_taken":["M","M","?","M","?","E","R","?","T","$","?","R","$","?","R","BOSS","M","?","M","?","?","E","M","E","T","?","M","$","M","?","R","BOSS","M","M","?","M","?","E","R","?","T","?","E","$","?","?","R","BOSS"],"items_purchased_type":["Relic","Relic","Card","Potion","Potion","Potion","Relic","Relic","Card","Card","Relic","Relic","Relic","Relic","Relic"],"build_version":"2020-12-22","purchased_purges":2,"victory":false,"max_hp_per_floor":[72,72,72,72,72,72,72,72,72,72,72,72,72,72,72,72,72,72,72,72,72,72,72,72,72,72,72,72,72,72,72,72,72,72,72,72,63,63,63,63,63,60,60,60,60,60,62,62,62,62,62],"card_choices":[{"not_picked":["Evaluate","Wallop"],"picked":"EmptyFist","floor":1.0},{"not_picked":["DeceiveReality","Halt","EmptyFist"],"picked":"SKIP","floor":2.0},{"not_picked":["CrushJoints","ThirdEye","JustLucky"],"picked":"SKIP","floor":4.0},{"not_picked":["LikeWater","EmptyBody"],"picked":"ClearTheMind","floor":6.0},{"not_picked":["Halt","Meditate"],"picked":"Indignation","floor":18.0},{"not_picked":["CrushJoints","SashWhip","WreathOfFlame"],"picked":"SKIP","floor":20.0},{"not_picked":["WindmillStrike+1","ForeignInfluence"],"picked":"SandsOfTime","floor":23.0},{"not_picked":["Halt","Prostrate","CrushJoints"],"picked":"SKIP","floor":24.0},{"not_picked":["ClearTheMind+1","Omniscience"],"picked":"BattleHymn+1","floor":25.0},{"not_picked":["JustLucky","Perseverance"],"picked":"MentalFortress","floor":28.0},{"not_picked":["Consecrate","JustLucky+1","Worship"],"picked":"SKIP","floor":30.0},{"not_picked":["MasterReality","Ragnarok"],"picked":"Alpha","floor":33.0},{"not_picked":["FlyingSleeves+1","Conclude+1","ThirdEye"],"picked":"SKIP","floor":35.0},{"not_picked":["ClearTheMind","Collect+1"],"picked":"FollowUp+1","floor":36.0},{"not_picked":["SandsOfTime+1","InnerPeace","ClearTheMind"],"picked":"SKIP","floor":38.0},{"not_picked":["Trip","Swift Strike"],"picked":"Forethought","floor":39.0},{"not_picked":["Bandage Up","Finesse"],"picked":"Apotheosis","floor":39.0},{"not_picked":["Swivel","Evaluate"],"picked":"SandsOfTime+1","floor":40.0},{"not_picked":["CrushJoints","WheelKick+1","DeceiveReality+1"],"picked":"SKIP","floor":45.0},{"not_picked":["Tantrum","ForeignInfluence+1","PathToVictory"],"picked":"Singing Bowl","floor":47.0},{"not_picked":["BattleHymn+1","Alpha"],"picked":"TalkToTheHand+1","floor":48.0}],"player_experience":104587,"relics_obtained":[{"floor":6.0,"key":"Bottled Flame"},{"floor":9.0,"key":"HornCleat"},{"floor":23.0,"key":"War Paint"},{"floor":25.0,"key":"Bag of Marbles"},{"floor":26.0,"key":"Smiling Mask"},{"floor":40.0,"key":"Mercury Hourglass"},{"floor":43.0,"key":"Akabeko"},{"floor":43.0,"key":"Old Coin"},{"floor":45.0,"key":"Prayer Wheel"},{"floor":47.0,"key":"Unceasing Top"},{"floor":48.0,"key":"Gambling Chip"}],"event_choices":[{"damage_healed":0.0,"max_hp_gain":0.0,"max_hp_loss":0.0,"gold_gain":175.0,"event_name":"Liars Game","player_choice":"AGREE","floor":3.0,"gold_loss":0.0,"damage_taken":0.0,"cards_obtained":["Doubt"]},{"cards_removed":["Doubt"],"damage_healed":0.0,"max_hp_gain":0.0,"max_hp_loss":0.0,"gold_gain":0.0,"event_name":"Living Wall","player_choice":"Forget","floor":5.0,"gold_loss":0.0,"damage_taken":0.0},{"damage_healed":0.0,"max_hp_gain":0.0,"max_hp_loss":0.0,"gold_gain":0.0,"event_name":"Lab","player_choice":"Got Potions","floor":8.0,"gold_loss":0.0,"damage_taken":0.0},{"damage_healed":0.0,"max_hp_gain":0.0,"max_hp_loss":0.0,"gold_gain":0.0,"event_name":"Scrap Ooze","player_choice":"Success","floor":11.0,"gold_loss":0.0,"damage_taken":7.0,"relics_obtained":["Kunai"]},{"damage_healed":0.0,"max_hp_gain":0.0,"max_hp_loss":0.0,"gold_gain":0.0,"event_name":"Dead Adventurer","player_choice":"Searched \u00273\u0027 times","floor":14.0,"gold_loss":0.0,"damage_taken":0.0,"relics_obtained":["InkBottle"]},{"damage_healed":0.0,"max_hp_gain":0.0,"max_hp_loss":0.0,"gold_gain":0.0,"event_name":"The Mausoleum","player_choice":"Opened","floor":19.0,"gold_loss":0.0,"damage_taken":0.0,"relics_obtained":["Lantern"],"cards_obtained":["Writhe"]},{"damage_healed":0.0,"max_hp_gain":0.0,"max_hp_loss":0.0,"gold_gain":0.0,"event_name":"Addict","player_choice":"Obtained Relic","floor":21.0,"gold_loss":85.0,"damage_taken":0.0,"relics_obtained":["Shuriken"]},{"damage_healed":0.0,"max_hp_gain":0.0,"max_hp_loss":0.0,"gold_gain":0.0,"event_name":"The Library","player_choice":"Read","floor":22.0,"gold_loss":0.0,"damage_taken":0.0,"cards_obtained":["Crescendo"]},{"cards_removed":["Writhe"],"damage_healed":0.0,"max_hp_gain":0.0,"max_hp_loss":0.0,"gold_gain":0.0,"event_name":"Beggar","player_choice":"Gave Gold","floor":27.0,"gold_loss":75.0,"damage_taken":0.0},{"damage_healed":63.0,"max_hp_gain":0.0,"max_hp_loss":9.0,"gold_gain":0.0,"event_name":"The Moai Head","player_choice":"Heal","floor":37.0,"gold_loss":0.0,"damage_taken":0.0},{"damage_healed":0.0,"max_hp_gain":0.0,"max_hp_loss":0.0,"gold_gain":0.0,"event_name":"SensoryStone","player_choice":"Memory 2","floor":39.0,"gold_loss":0.0,"damage_taken":5.0},{"damage_healed":0.0,"max_hp_gain":0.0,"max_hp_loss":3.0,"gold_gain":0.0,"event_name":"Winding Halls","player_choice":"Max HP","floor":42.0,"gold_loss":0.0,"damage_taken":0.0},{"damage_healed":0.0,"max_hp_gain":0.0,"max_hp_loss":0.0,"gold_gain":0.0,"event_name":"Tomb of Lord Red Mask","player_choice":"Ignored","floor":44.0,"gold_loss":0.0,"damage_taken":0.0},{"damage_healed":0.0,"max_hp_gain":0.0,"max_hp_loss":0.0,"gold_gain":0.0,"event_name":"Mysterious Sphere","player_choice":"Fight","floor":47.0,"gold_loss":0.0,"damage_taken":0.0},{"damage_healed":0.0,"max_hp_gain":0.0,"max_hp_loss":0.0,"gold_gain":0.0,"event_name":"MindBloom","player_choice":"Fight","floor":48.0,"gold_loss":0.0,"damage_taken":0.0}],"is_beta":false,"boss_relics":[{"not_picked":["Sozu","Astrolabe"],"picked":"HolyWater"},{"not_picked":["Busted Crown","SlaversCollar"],"picked":"Philosopher\u0027s Stone"}],"items_purged_floors":[0,46],"is_endless":false,"potions_floor_spawned":[2,4,6,23,25,28,33,36,45],"killed_by":"Awakened One","ascension_level":0}}