{"host":"0jile2yd1dg679g0","time":1610579254,"event":{"mods":["AchievementEnabler","Act Like it!","BaseMod","Better Third Choice","Colored Map","Colored Powertips","Gensokyo","Hermit","Luminous","Marisa????????","Minty Spire (QoL Compilation)","Random Character Button","Spicy Shops","StSLib","The Servant 0.9.4","Transform Curses","Waifu the Spire"],"gold_per_floor":[112,122,122,132,143,143,155,155,155,186,198,198,31,44,44,145,145,161,161,177,21,21,21,36,36,36,69,69,69,88,104,104,204,204,219,233,233,244,254,254,254,269,296,25,25,44,44,58,58,58],"floor_reached":51,"language":"ENG","playtime":4670,"items_purged":["Injury"],"score":916,"play_id":"2e8acc46-1626-4bca-a0c1-63ca4fbd6245","local_time":"20210113180734","is_ascension_mode":true,"campfire_choices":[{"floor":6.0,"key":"REST"},{"data":"A Thousand Cuts","floor":8.0,"key":"SMITH"},{"floor":12.0,"key":"REST"},{"data":"Bullet Time","floor":15.0,"key":"SMITH"},{"floor":23.0,"key":"REST"},{"floor":25.0,"key":"REST"},{"floor":29.0,"key":"REST"},{"floor":32.0,"key":"REST"},{"data":"1","floor":40.0,"key":"LIFT"},{"data":"2","floor":45,"key":"LIFT"},{"floor":47,"key":"REST"},{"floor":49,"key":"REST"}],"circlet_count":0,"master_deck":["Strike_G","Strike_G","Strike_G","Strike_G","Strike_G","Defend_G","Defend_G","Defend_G","Defend_G","Survivor","Neutralize","A Thousand Cuts+1","Backflip","Blade Dance","Leg Sweep","Backstab","Predator","Bullet Time+1","Blur","Blade Dance","Predator+1","Envenom+1","Noxious Fumes","Accuracy+1","Footwork","Prepared+1","Ghostly","Ghostly","Ghostly","Ghostly","Ghostly","Blur","Accuracy","Corpse Explosion","CurseOfTheBell","Infinite Blades","Blade Dance+1","Footwork","Blade Dance+1"],"relics":["Ring of the Snake","Mercury Hourglass","Molten Egg 2","OrangePellets","TungstenRod","Fusion Hammer","ClockworkSouvenir","Girya","Mummified Hand","Calling Bell","Anchor","Paper Crane","StoneCalendar","Smiling Mask","Membership Card","Pear","Snake Skull"],"acts_visited":["Exordium","TheCity","TheBeyond"],"potions_floor_usage":[],"damage_taken":[{"damage":1.0,"enemies":"2 Louse","floor":1.0,"turns":3.0},{"damage":3.0,"enemies":"Jaw Worm","floor":2.0,"turns":6.0},{"damage":1.0,"enemies":"Cultist","floor":4.0,"turns":3.0},{"damage":12.0,"enemies":"Blue Slaver","floor":5.0,"turns":3.0},{"damage":10.0,"enemies":"Large Slime","floor":7.0,"turns":5.0},{"damage":5.0,"enemies":"Gremlin Nob","floor":10.0,"turns":3.0},{"damage":10.0,"enemies":"Exordium Thugs","floor":11.0,"turns":3.0},{"damage":0.0,"enemies":"3 Louse","floor":14.0,"turns":2.0},{"damage":26.0,"enemies":"Slime Boss","floor":16.0,"turns":6.0},{"damage":12.0,"enemies":"Shell Parasite","floor":18.0,"turns":4.0},{"damage":4.0,"enemies":"3 Byrds","floor":20.0,"turns":4.0},{"damage":19.0,"enemies":"Snake Plant","floor":24.0,"turns":3.0},{"damage":59.0,"enemies":"Book of Stabbing","floor":27.0,"turns":5.0},{"damage":0.0,"enemies":"Sentry and Sphere","floor":30.0,"turns":4.0},{"damage":0.0,"enemies":"Cultist and Chosen","floor":31.0,"turns":5.0},{"damage":0.0,"enemies":"Collector","floor":33.0,"turns":8.0},{"damage":8.0,"enemies":"3 Darklings","floor":35.0,"turns":5.0},{"damage":0.0,"enemies":"3 Shapes","floor":36.0,"turns":3.0},{"damage":0.0,"enemies":"Jaw Worm Horde","floor":38.0,"turns":4.0},{"damage":5.0,"enemies":"4 Shapes","floor":39.0,"turns":5.0},{"damage":0.0,"enemies":"Transient","floor":42.0,"turns":5.0},{"damage":0,"enemies":"Maw","floor":46,"turns":5},{"damage":17,"enemies":"Jaw Worm Horde","floor":48,"turns":4},{"damage":44,"enemies":"Awakened One","floor":50,"turns":8}],"seed_played":"-2320746741312705008","potions_obtained":[{"floor":2.0,"key":"EssenceOfSteel"},{"floor":4.0,"key":"SpeedPotion"},{"floor":16.0,"key":"PowerPotion"},{"floor":18.0,"key":"PowerPotion"},{"floor":30.0,"key":"CunningPotion"},{"floor":35.0,"key":"Swift Potion"},{"floor":38.0,"key":"LiquidBronze"},{"floor":39.0,"key":"GhostInAJar"},{"floor":46,"key":"FairyPotion"}],"is_trial":false,"path_per_floor":["M","M","?","M","M","R","M","R","T","E","M","R","$","M","R","B",null,"M","?","M","$","?","R","M","R","T","E","?","R","M","M","R","B",null,"M","M","?","M","M","R","?","M","T","$","R","M","R","M","R","B",null],"character_chosen":"THE_SILENT","items_purchased":["Blade Dance","OrangePellets","TungstenRod","ClockworkSouvenir","Membership Card","Pear","Snake Skull"],"campfire_rested":8,"item_purchase_floors":[13,13,13,21,44,44,44],"current_hp_per_floor":[69,66,66,65,53,70,60,60,60,55,45,66,66,66,66,40,63,51,39,35,35,35,57,38,60,60,1,1,12,12,12,23,23,34,26,26,26,26,21,21,21,21,21,31,31,31,44,27,40,13],"gold":58,"neow_bonus":"ONE_RANDOM_RARE_CARD","is_daily":false,"chose_seed":false,"campfire_upgraded":2,"win_rate":0.0,"timestamp":1610579254,"path_taken":["M","M","?","M","M","R","M","R","T","E","M","R","$","M","R","BOSS","M","?","M","$","?","R","M","R","T","E","?","R","M","M","R","BOSS","M","M","?","M","M","R","?","M","T","$","R","M","R","M","R","BOSS"],"items_purchased_type":["Card","Relic","Relic","Relic","Relic","Relic","Relic"],"build_version":"2020-12-22","purchased_purges":1,"victory":true,"max_hp_per_floor":[70,70,70,70,70,70,70,70,70,70,70,70,70,70,70,70,70,70,75,75,75,75,75,75,75,75,75,37,37,37,37,37,37,37,37,37,35,35,35,35,35,35,35,45,45,45,45,45,45,45],"card_choices":[{"not_picked":["Bane","Crippling Poison"],"picked":"Backflip","floor":1.0},{"not_picked":["Tactician","Quick Slash"],"picked":"Blade Dance","floor":2.0},{"not_picked":["Skewer","Bane"],"picked":"Backstab","floor":4.0},{"not_picked":["Setup","PiercingWail"],"picked":"Predator","floor":5.0},{"not_picked":["Sucker Punch","Grand Finale","Dagger Throw"],"picked":"SKIP","floor":7.0},{"not_picked":["Tactician","Leg Sweep"],"picked":"Bullet Time","floor":10.0},{"not_picked":["Dodge and Roll","Bane+1"],"picked":"Blur","floor":11.0},{"not_picked":["Bouncing Flask","Dagger Spray+1"],"picked":"Predator+1","floor":14.0},{"not_picked":["Tools of the Trade","Storm of Steel"],"picked":"Envenom","floor":16.0},{"not_picked":["Endless Agony+1","Sucker Punch+1"],"picked":"Noxious Fumes","floor":18.0},{"not_picked":["All Out Attack+1","Predator+1"],"picked":"Accuracy+1","floor":20.0},{"not_picked":["Deadly Poison","Masterful Stab+1"],"picked":"Footwork","floor":24.0},{"not_picked":["Well Laid Plans+1","Bane+1"],"picked":"Prepared+1","floor":27.0},{"not_picked":["Outmaneuver","Dagger Throw+1"],"picked":"Blur","floor":30.0},{"not_picked":["Caltrops","Skewer+1"],"picked":"Accuracy","floor":31.0},{"not_picked":["Glass Knife+1","Wraith Form v2"],"picked":"Corpse Explosion","floor":33.0},{"not_picked":["Backflip+1","Slice+1"],"picked":"Infinite Blades","floor":35.0},{"not_picked":["Quick Slash+1","Backflip+1","Deadly Poison+1"],"picked":"SKIP","floor":36.0},{"not_picked":["Dagger Throw+1","Bane+1"],"picked":"Blade Dance+1","floor":38.0},{"not_picked":["Dagger Spray+1","Dodge and Roll","Bane+1"],"picked":"SKIP","floor":39.0},{"not_picked":["Dagger Throw+1","Prepared+1"],"picked":"Footwork","floor":42.0},{"not_picked":["Expertise+1","Crippling Poison","Cloak And Dagger"],"picked":"SKIP","floor":46},{"not_picked":["Reflex+1","Concentrate+1"],"picked":"Blade Dance+1","floor":48}],"player_experience":277562,"relics_obtained":[{"floor":9.0,"key":"Mercury Hourglass"},{"floor":10.0,"key":"Molten Egg 2"},{"floor":26.0,"key":"Girya"},{"floor":27.0,"key":"Mummified Hand"},{"floor":34.0,"key":"Anchor"},{"floor":34.0,"key":"Paper Crane"},{"floor":34.0,"key":"StoneCalendar"},{"floor":43.0,"key":"Smiling Mask"}],"event_choices":[{"damage_healed":0.0,"max_hp_gain":0.0,"max_hp_loss":0.0,"gold_gain":0.0,"cards_transformed":["Defend_G"],"event_name":"Living Wall","player_choice":"Change","floor":3.0,"gold_loss":0.0,"damage_taken":0.0,"cards_obtained":["Leg Sweep"]},{"damage_healed":0.0,"max_hp_gain":5.0,"max_hp_loss":0.0,"gold_gain":0.0,"event_name":"Forgotten Altar","player_choice":"Shed Blood","floor":19.0,"gold_loss":0.0,"damage_taken":18.0},{"damage_healed":0.0,"max_hp_gain":0.0,"max_hp_loss":0.0,"gold_gain":0.0,"event_name":"Cursed Tome","player_choice":"Ignored","floor":22.0,"gold_loss":0.0,"damage_taken":0.0},{"damage_healed":0.0,"max_hp_gain":0.0,"max_hp_loss":38.0,"gold_gain":0.0,"event_name":"Ghosts","player_choice":"Became a Ghost","floor":28.0,"gold_loss":0.0,"damage_taken":0.0,"cards_obtained":["Ghostly","Ghostly","Ghostly","Ghostly","Ghostly"]},{"damage_healed":0.0,"max_hp_gain":0.0,"max_hp_loss":2.0,"gold_gain":0.0,"event_name":"Winding Halls","player_choice":"Max HP","floor":37.0,"gold_loss":0.0,"damage_taken":0.0},{"damage_healed":0.0,"max_hp_gain":0.0,"max_hp_loss":0.0,"gold_gain":0.0,"event_name":"Accursed Blacksmith","player_choice":"Forge","floor":41.0,"gold_loss":0.0,"damage_taken":0.0,"cards_upgraded":["Envenom"]}],"is_beta":false,"boss_relics":[{"not_picked":["SlaversCollar","Empty Cage"],"picked":"Fusion Hammer"},{"not_picked":["Velvet Choker","Runic Dome"],"picked":"Calling Bell"}],"items_purged_floors":[44],"is_endless":false,"potions_floor_spawned":[2,4,16,18,20,30,35,38,39,46],"ascension_level":5}}