{"host":"x205naxbihvu3p76","time":1610521395,"event":{"mods":["AchievementEnabler","BaseMod","Minty Spire (QoL Compilation)","StSLib","SuperFastMode"],"gold_per_floor":[114,132,150,20,20,20,76,87,113,128,24,40,40,58,58,58,58],"floor_reached":16,"language":"KOR","playtime":297,"items_purged":["Strike_B"],"score":188,"play_id":"571fc2dc-e774-438a-b51d-641c8213e171","local_time":"20210113160315","is_ascension_mode":true,"campfire_choices":[{"data":"Zap","floor":6,"key":"SMITH"},{"data":"Loop","floor":15,"key":"SMITH"}],"circlet_count":0,"master_deck":["AscendersBane","Strike_B","Strike_B","Defend_B","Defend_B","Defend_B","Defend_B","Zap+1","Dualcast","Ball Lightning","FTL","Sweeping Beam","Conserve Battery","Storm","Chill","Storm","Leap","Loop+1"],"relics":["Cracked Core","Nunchaku","PreservedInsect","Anchor"],"acts_visited":["Exordium"],"potions_floor_usage":[7,16],"damage_taken":[{"damage":1,"enemies":"Cultist","floor":1,"turns":3},{"damage":7,"enemies":"2 Louse","floor":2,"turns":4},{"damage":2,"enemies":"Jaw Worm","floor":3,"turns":3},{"damage":11,"enemies":"Gremlin Nob","floor":7,"turns":3},{"damage":6,"enemies":"Exordium Thugs","floor":8,"turns":3},{"damage":0,"enemies":"Lots of Slimes","floor":10,"turns":3},{"damage":0,"enemies":"3 Louse","floor":12,"turns":2},{"damage":3,"enemies":"Large Slime","floor":14,"turns":4},{"damage":46,"enemies":"Slime Boss","floor":16,"turns":5}],"seed_played":"5032436258760527005","potions_obtained":[{"floor":1,"key":"PotionOfCapacity"},{"floor":2,"key":"PowerPotion"},{"floor":14,"key":"Dexterity Potion"}],"is_trial":false,"path_per_floor":["M","M","M","$","?","R","?","M","T","M","$","M","$","M","R","B"],"character_chosen":"DEFECT","items_purchased":["Sweeping Beam","Storm","Leap"],"campfire_rested":0,"item_purchase_floors":[4,11,11],"current_hp_per_floor":[63,56,54,54,54,54,43,37,37,37,37,37,37,34,34,0,0],"gold":58,"neow_bonus":"RANDOM_COMMON_RELIC","is_daily":false,"chose_seed":false,"campfire_upgraded":2,"win_rate":0.0,"timestamp":1610521395,"path_taken":["M","M","M","$","?","R","?","M","T","M","?","?","?","M","R","BOSS"],"items_purchased_type":["Card","Card","Card"],"build_version":"2020-12-22","purchased_purges":1,"victory":false,"max_hp_per_floor":[71,71,71,71,71,71,71,71,71,71,71,71,71,71,71,71,71],"card_choices":[{"not_picked":["Go for the Eyes","Auto Shields"],"picked":"Ball Lightning","floor":1},{"not_picked":["Rip and Tear","Ball Lightning","Double Energy"],"picked":"SKIP","floor":2},{"not_picked":["Leap","Static Discharge"],"picked":"FTL","floor":3},{"not_picked":["Compile Driver","Beam Cell"],"picked":"Storm","floor":7},{"not_picked":["Melter","Barrage"],"picked":"Chill","floor":8},{"not_picked":["Redo","Aggregate","Ball Lightning"],"picked":"SKIP","floor":10},{"not_picked":["Hologram","Barrage"],"picked":"Loop","floor":12},{"not_picked":["Sunder","Turbo","Compile Driver"],"picked":"SKIP","floor":14}],"player_experience":971826,"relics_obtained":[{"floor":7,"key":"PreservedInsect"},{"floor":9,"key":"Anchor"}],"event_choices":[{"damage_healed":0,"gold_gain":0,"cards_transformed":["Strike_B"],"player_choice":"Change","damage_taken":0,"max_hp_gain":0,"max_hp_loss":0,"event_name":"Living Wall","floor":5,"gold_loss":0,"cards_obtained":["Conserve Battery"]},{"damage_healed":0,"gold_gain":0,"player_choice":"Searched \u00271\u0027 times","damage_taken":0,"max_hp_gain":0,"max_hp_loss":0,"event_name":"Dead Adventurer","floor":7,"gold_loss":0}],"is_beta":false,"boss_relics":[],"items_purged_floors":[4],"is_endless":false,"potions_floor_spawned":[1,2,3,14],"killed_by":"Slime Boss","ascension_level":20}}