{"host":"2ulm0pyp8jok7fk5","time":1610525886,"event":{"mods":["Act Like it!","Arknights The Spire","BaseMod","Decade(Õı–°√˜)","Gensokyo","Koishi","Marisa£®ÏF”Í°°ƒß¿Ì…≥£©","Minty Spire (QoL Compilation)","Reimu£®≤©¿ˆ¡È√Œ£©","Remilia£®¿Ÿ√◊¿Ú—«£©","Replay The Spire","Shop Mod","Spicy Shops","StSLib","The Bug Knight","The Hierophant","The Servant 0.9.4","Waifu the Spire","Youmu£®ªÍ∆«—˝√Œ£©","Yuyuko"],"gold_per_floor":[141,145,145,145,145,222,222,142,142,222,222,289,358,132,132,271,271,332,332,332,310,310,377,455,513,513,583,583,687,687,686,686,732,732,735,735,735,735,735,735,584,695,721,846,846,991,991,1077,1077,1077],"floor_reached":51,"language":"ZHS","playtime":1923,"items_purged":["hierophant:Doubloon"],"score":923,"play_id":"27bfb1c0-9d92-4748-bd1c-b8278b0a7611","local_time":"20210113161806","daily_mods":["SealedDeck","Heirloom","Time Dilation","Flight"],"is_ascension_mode":false,"campfire_choices":[{"floor":15,"key":"REST"},{"data":"hierophant:Refuge","floor":28,"key":"SMITH"},{"floor":32,"key":"REST"},{"data":"hierophant:Charity","floor":40,"key":"SMITH"},{"data":"hierophant:Charity","floor":49,"key":"SMITH"}],"circlet_count":0,"master_deck":["hierophant:Zeal","hierophant:Encroach","hierophant:Encroach+1","hierophant:Zeal","hierophant:Zeal+1","hierophant:OrnateBuckler","hierophant:RustyCrate","hierophant:AuricShield","hierophant:Charity+1","hierophant:ConvertCurrency","hierophant:Doubloon","hierophant:Doubloon","hierophant:Doubloon","hierophant:Doubloon","hierophant:SealAway+1","hierophant:CursedGold","hierophant:RepressedViolence","hierophant:Mercenaries","hierophant:Generosity","hierophant:Doubloon","hierophant:CoinFling","hierophant:OrnateBuckler","hierophant:Doubloon","hierophant:Refuge+1","hierophant:Embezzle","hierophant:Doubloon","hierophant:Charity","hierophant:Doubloon","hierophant:Remorse","hierophant:Charity+1","hierophant:Doubloon","hierophant:Mercenaries","hierophant:Doubloon+1","hierophant:Zeal"],"relics":["hierophant:PropheticMaskRelic","Ice Cream","NeowsBlessing","Bronze Scales","NeowsBlessing","Replay:Accelerometer","Whetstone","NeowsBlessing","PreservedInsect","BranchBurnRelic","Black Star","NeowsBlessing","NeowsBlessing","HollowMod:PaleOreRelic","Juzu Bracelet","Gremlin Horn","ReplayTheSpireMod:TigerMarble","Darkstone Periapt","Bag of Marbles","Pondfish Scales","NeowsBlessing","Garlic","TungstenRod","Happy Flower","Replay:Mystery Machine","FossilizedHelix","NeowsBlessing","Durian"],"acts_visited":["Exordium","TheCity","TheBeyond"],"potions_floor_usage":[33,33],"damage_taken":[{"damage":7,"enemies":"Jaw Worm","floor":1,"turns":5},{"damage":0,"enemies":"Cultist","floor":2,"turns":3},{"damage":0,"enemies":"Gremlin Nob","floor":6,"turns":1},{"damage":9,"enemies":"3 Sentries","floor":10,"turns":1},{"damage":0,"enemies":"Small Slimes","floor":12,"turns":1},{"damage":0,"enemies":"Lagavulin","floor":13,"turns":1},{"damage":0,"enemies":"The Guardian","floor":16,"turns":1},{"damage":0,"enemies":"Chosen","floor":18,"turns":1},{"damage":13,"enemies":"Slavers","floor":23,"turns":1},{"damage":0,"enemies":"Shell Parasite","floor":24,"turns":1},{"damage":1,"enemies":"Centurion and Healer","floor":25,"turns":1},{"damage":2,"enemies":"Gremlin Leader","floor":27,"turns":1},{"damage":0,"enemies":"Book of Stabbing","floor":29,"turns":1},{"damage":1,"enemies":"3 Cultists","floor":31,"turns":5},{"damage":18,"enemies":"Pondfish","floor":33,"turns":11},{"damage":3,"enemies":"3 Shapes","floor":35,"turns":4},{"damage":0,"enemies":"Reptomancer","floor":42,"turns":1},{"damage":0,"enemies":"R_Hoarder","floor":44,"turns":1},{"damage":0,"enemies":"2 Orb Walkers","floor":46,"turns":1},{"damage":0,"enemies":"3 Darklings","floor":48,"turns":1},{"damage":0,"enemies":"Donu and Deca","floor":50,"turns":2}],"seed_played":"-4339274478555322821","potions_obtained":[{"floor":6,"key":"Fruit Juice"},{"floor":12,"key":"Dexterity Potion"},{"floor":13,"key":"ColorlessPotion"},{"floor":16,"key":"Venom Potion"},{"floor":35,"key":"Strength Potion"},{"floor":42,"key":"Dexterity Potion"}],"is_trial":true,"path_per_floor":["M","M","?","WH","$","E","WH","$","T","E","WH","M","E","$","R","B",null,"M","WH","?","$","WH","E","M","M","T","E","R","E","WH","M","R","B",null,"M","?","WH","$","?","R","$","E","T","E","WH","?","WH","M","R","B",null],"character_chosen":"HIEROPHANT","items_purchased":["hierophant:CursedGold","PreservedInsect","hierophant:OrnateBuckler","hierophant:Charity","hierophant:Mercenaries"],"campfire_rested":2,"item_purchase_floors":[8,14,21,41,41],"current_hp_per_floor":[68,68,68,68,68,68,68,68,68,59,59,59,59,59,75,75,75,75,75,75,75,75,62,62,61,61,59,59,59,66,65,82,75,87,84,84,84,84,84,84,84,84,84,84,84,89,98,98,98,101],"gold":1077,"neow_bonus":"TEN_PERCENT_HP_BONUS","is_daily":false,"chose_seed":false,"campfire_upgraded":3,"win_rate":0.0,"timestamp":1610525886,"path_taken":["M","M","?","WH","$","E","WH","?","T","E","WH","M","E","$","R","BOSS","M","WH","?","$","WH","E","M","M","T","E","R","E","WH","M","R","BOSS","M","?","WH","$","?","R","$","E","T","E","WH","?","WH","M","R","BOSS"],"items_purchased_type":["Card","Relic","Card","Card","Card"],"build_version":"2020-12-22","purchased_purges":1,"victory":true,"max_hp_per_floor":[75,75,75,75,75,75,75,75,75,75,75,75,75,75,75,75,75,75,75,75,75,75,75,75,75,75,75,75,75,82,82,82,87,87,87,87,87,87,87,87,87,87,87,87,87,92,101,101,101,101],"card_choices":[{"not_picked":["hierophant:Exaltation","hierophant:RustyCrate"],"picked":"hierophant:SealAway","floor":1},{"not_picked":["hierophant:Exaltation","hierophant:Glossolalia","hierophant:FaithHealing"],"picked":"SKIP","floor":2},{"not_picked":["hierophant:FaithHealing","hierophant:FieryStrike","hierophant:LocustPlague"],"picked":"SKIP","floor":6},{"not_picked":["hierophant:Purify","hierophant:DisplayOfPower"],"picked":"hierophant:RepressedViolence","floor":10},{"not_picked":["hierophant:Alms","hierophant:Blessing","hierophant:EyeForCoin"],"picked":"SKIP","floor":12},{"not_picked":["hierophant:Embezzle","hierophant:LocustPlague"],"picked":"hierophant:Mercenaries","floor":13},{"not_picked":["hierophant:Batter","hierophant:DeathKnell"],"picked":"hierophant:Generosity","floor":16},{"not_picked":["hierophant:PassingBell","hierophant:ConvertCurrency"],"picked":"hierophant:CoinFling","floor":18},{"not_picked":["hierophant:Glossolalia","hierophant:Empathy"],"picked":"hierophant:Refuge","floor":23},{"not_picked":["hierophant:Zeal","hierophant:Purify","hierophant:Sermon+1"],"picked":"SKIP","floor":24},{"not_picked":["hierophant:Zeal","hierophant:Purify","hierophant:Sermon+1"],"picked":"SKIP","floor":24},{"not_picked":["hierophant:Community+1","hierophant:DivineIntervention"],"picked":"hierophant:Embezzle","floor":25},{"not_picked":["hierophant:Refuge","hierophant:Martyrdom","hierophant:CursedGold"],"picked":"SKIP","floor":27},{"not_picked":["hierophant:Refuge","hierophant:Martyrdom","hierophant:CursedGold"],"picked":"SKIP","floor":27},{"not_picked":["hierophant:FlamingChariot","hierophant:Smite+1","hierophant:Rebuild"],"picked":"SKIP","floor":29},{"not_picked":["hierophant:SecretStash","hierophant:Remorse"],"picked":"hierophant:Charity","floor":31},{"not_picked":["hierophant:Chorus","hierophant:MorningPrayer"],"picked":"hierophant:Remorse","floor":35},{"not_picked":["hierophant:SealAway","hierophant:Purify"],"picked":"hierophant:Doubloon+1","floor":42},{"not_picked":["hierophant:LocustPlague","hierophant:Encroach","hierophant:FlamingChariot+1"],"picked":"SKIP","floor":44},{"not_picked":["hierophant:PassingBell","hierophant:HammerAndAnvil"],"picked":"hierophant:Zeal","floor":46},{"not_picked":["hierophant:RepressedViolence+1","hierophant:CursedGold","hierophant:MorningPrayer+1"],"picked":"SKIP","floor":48}],"player_experience":94358,"relics_obtained":[{"floor":6,"key":"Bronze Scales"},{"floor":9,"key":"Replay:Accelerometer"},{"floor":10,"key":"Whetstone"},{"floor":13,"key":"Dead Branch"},{"floor":23,"key":"HollowMod:PaleOreRelic"},{"floor":23,"key":"Juzu Bracelet"},{"floor":26,"key":"Gremlin Horn"},{"floor":27,"key":"ReplayTheSpireMod:TigerMarble"},{"floor":27,"key":"Darkstone Periapt"},{"floor":29,"key":"Bag of Marbles"},{"floor":29,"key":"Pondfish Scales"},{"floor":42,"key":"Garlic"},{"floor":42,"key":"TungstenRod"},{"floor":43,"key":"Happy Flower"},{"floor":44,"key":"Replay:Mystery Machine"},{"floor":44,"key":"FossilizedHelix"},{"floor":46,"key":"Durian"}],"event_choices":[{"damage_healed":0,"gold_gain":0,"player_choice":"Forge","damage_taken":0,"max_hp_gain":0,"max_hp_loss":0,"event_name":"Accursed Blacksmith","floor":3,"gold_loss":0,"cards_upgraded":["hierophant:Encroach"]},{"damage_healed":0,"gold_gain":0,"player_choice":"Ignored","damage_taken":0,"max_hp_gain":0,"max_hp_loss":0,"event_name":"Tomb of Lord Red Mask","floor":36,"gold_loss":0},{"cards_removed":["hierophant:Doubloon"],"damage_healed":0,"gold_gain":0,"player_choice":"Removed Skill","damage_taken":0,"max_hp_gain":0,"max_hp_loss":0,"event_name":"Falling","floor":39,"gold_loss":0},{"damage_healed":0,"gold_gain":0,"player_choice":"Fight","damage_taken":0,"max_hp_gain":0,"max_hp_loss":0,"event_name":"Mysterious Sphere","floor":46,"gold_loss":0}],"is_beta":false,"boss_relics":[{"not_picked":["Runic Dome","Astrolabe"],"picked":"Black Star"},{"not_picked":["ChewingGum","Sozu","Fusion Hammer"]}],"items_purged_floors":[14],"is_endless":false,"potions_floor_spawned":[6,12,13,16,18,23,24,31,35,42],"ascension_level":0}}