{"host":"ga4s3hj9m6nkn6gp","time":1610576654,"event":{"mods":["AchievementEnabler","BaseMod","Bestiary","Colored Powertips","Highlight Path","Minty Spire (QoL Compilation)","Relic Stats","everything is the same but u backflip on backflip"],"gold_per_floor":[113,133,147,147,147,147,180,180,180,180,180,180,192,223,223,223,223],"floor_reached":16,"language":"ENG","playtime":595,"items_purged":[],"score":216,"play_id":"aa8ec153-8b4f-4dfc-b8b5-d9e02dcf65af","local_time":"20210113232414","is_ascension_mode":true,"campfire_choices":[{"data":"Eviscerate","floor":6.0,"key":"SMITH"},{"data":"Setup","floor":8.0,"key":"SMITH"},{"data":"Neutralize","floor":10.0,"key":"SMITH"},{"floor":12.0,"key":"REST"},{"data":"Endless Agony","floor":15.0,"key":"SMITH"}],"circlet_count":0,"master_deck":["AscendersBane","Strike_G","Strike_G+1","Strike_G","Defend_G","Defend_G","Defend_G","Defend_G","Survivor","Neutralize+1","Escape Plan","Setup+1","Eviscerate+1","Noxious Fumes+1","Flying Knee","Endless Agony+1"],"relics":["Ring of the Snake","Ornamental Fan","Prayer Wheel","Bag of Marbles","Bottled Flame"],"acts_visited":["Exordium"],"potions_floor_usage":[],"damage_taken":[{"damage":1.0,"enemies":"2 Louse","floor":1.0,"turns":3.0},{"damage":0.0,"enemies":"Jaw Worm","floor":2.0,"turns":4.0},{"damage":0.0,"enemies":"Cultist","floor":3.0,"turns":4.0},{"damage":8.0,"enemies":"Lagavulin","floor":7.0,"turns":6.0},{"damage":0.0,"enemies":"Blue Slaver","floor":13.0,"turns":3.0},{"damage":10.0,"enemies":"3 Sentries","floor":14.0,"turns":7.0},{"damage":0,"enemies":"Slime Boss","floor":16,"turns":5}],"seed_played":"98933904123538821","potions_obtained":[{"floor":1.0,"key":"Strength Potion"},{"floor":14.0,"key":"Energy Potion"}],"is_trial":false,"path_per_floor":["M","M","M","?","?","R","E","R","T","R","?","R","M","E","R","B"],"character_chosen":"THE_SILENT","items_purchased":[],"campfire_rested":1,"item_purchase_floors":[],"current_hp_per_floor":[58,58,58,40,35,35,27,27,27,27,20,38,38,28,28,28,28],"gold":223,"neow_bonus":"TRANSFORM_TWO_CARDS","is_daily":false,"chose_seed":false,"campfire_upgraded":4,"win_rate":0.0,"timestamp":1610576654,"path_taken":["M","M","M","?","?","R","E","R","T","R","?","R","?","E","R","BOSS"],"items_purchased_type":[],"build_version":"2020-12-22","purchased_purges":0,"victory":false,"max_hp_per_floor":[60,60,60,60,60,60,60,60,60,60,60,60,60,60,60,60,60],"relic_stats":{"counters":[7,32],"Ornamental Fan":[24],"Prayer Wheel":1,"obtain_stats":[{"Bottled Flame":14,"Ornamental Fan":5,"Prayer Wheel":7,"Bag of Marbles":9,"Ring of the Snake":0},{"Bottled Flame":6,"Ornamental Fan":3,"Prayer Wheel":4,"Bag of Marbles":4,"Ring of the Snake":0},{"Bottled Flame":27,"Ornamental Fan":11,"Prayer Wheel":17,"Bag of Marbles":17,"Ring of the Snake":0}],"Ring of the Snake":[14]},"card_choices":[{"not_picked":["Deadly Poison","Prepared"],"picked":"Eviscerate","floor":1.0},{"not_picked":["Flying Knee","PiercingWail"],"picked":"Noxious Fumes","floor":2.0},{"not_picked":["Prepared","Backflip"],"picked":"Flying Knee","floor":3.0},{"not_picked":["Accuracy","Sucker Punch","Reflex"],"picked":"SKIP","floor":7.0},{"not_picked":["Acrobatics","Cloak And Dagger"],"picked":"Endless Agony","floor":13.0},{"not_picked":["Bane","Riddle With Holes","Outmaneuver"],"picked":"SKIP","floor":13.0},{"not_picked":["Deadly Poison","Outmaneuver","Underhanded Strike"],"picked":"SKIP","floor":14.0}],"player_experience":619020,"relics_obtained":[{"floor":7.0,"key":"Prayer Wheel"},{"floor":9.0,"key":"Bag of Marbles"},{"floor":14.0,"key":"Bottled Flame"}],"event_choices":[{"damage_healed":0.0,"max_hp_gain":0.0,"max_hp_loss":0.0,"gold_gain":0.0,"event_name":"Shining Light","player_choice":"Entered Light","floor":4.0,"gold_loss":0.0,"damage_taken":18.0,"cards_upgraded":["Strike_G","Noxious Fumes"]},{"damage_healed":0.0,"max_hp_gain":0.0,"max_hp_loss":0.0,"gold_gain":0.0,"event_name":"Scrap Ooze","player_choice":"Success","floor":5.0,"gold_loss":0.0,"damage_taken":5.0,"relics_obtained":["Ornamental Fan"]},{"cards_removed":["Strike_G"],"damage_healed":0.0,"max_hp_gain":0.0,"max_hp_loss":0.0,"gold_gain":0.0,"event_name":"Golden Wing","player_choice":"Card Removal","floor":11.0,"gold_loss":0.0,"damage_taken":7.0}],"is_beta":false,"boss_relics":[],"items_purged_floors":[],"is_endless":false,"potions_floor_spawned":[1,14],"killed_by":"Slime Boss","ascension_level":20}}