{"host":"5x08nt64u3vxxcfi","time":1610524511,"event":{"mods":["BaseMod","Minty Spire (QoL Compilation)","StSLib","SuperFastMode"],"gold_per_floor":[119,219,239,61,61,95,115,115,115,115,142,142,157,19,19,94,94,111,128,128,128],"floor_reached":20,"language":"KOR","playtime":462,"items_purged":[],"score":338,"play_id":"42561249-1067-4331-801c-a1156ed8c4af","local_time":"20210113165511","is_ascension_mode":true,"campfire_choices":[{"data":"Poisoned Stab","floor":8,"key":"SMITH"},{"floor":15,"key":"REST"}],"circlet_count":0,"master_deck":["AscendersBane","Strike_G","Strike_G","Strike_G","Strike_G","Defend_G","Defend_G","Defend_G","Defend_G","Defend_G","Survivor","Neutralize","Dagger Throw","Cloak And Dagger","Footwork","Quick Slash","Cloak And Dagger","Poisoned Stab+1","Sucker Punch","Well Laid Plans","Accuracy","After Image","After Image","Quick Slash+1","Acrobatics+1"],"relics":["Ring of the Snake","NeowsBlessing","Snake Skull","Odd Mushroom","HornCleat","Juzu Bracelet","Ninja Scroll","SacredBark"],"acts_visited":["Exordium","TheCity"],"potions_floor_usage":[11,16,20,20],"damage_taken":[{"damage":0,"enemies":"Jaw Worm","floor":1,"turns":1},{"damage":0,"enemies":"Cultist","floor":3,"turns":1},{"damage":0,"enemies":"Lagavulin","floor":6,"turns":1},{"damage":15,"enemies":"The Mushroom Lair","floor":7,"turns":6},{"damage":33,"enemies":"Gremlin Nob","floor":11,"turns":6},{"damage":0,"enemies":"Small Slimes","floor":13,"turns":2},{"damage":31,"enemies":"The Guardian","floor":16,"turns":12},{"damage":3,"enemies":"Chosen","floor":18,"turns":7},{"damage":22,"enemies":"Spheric Guardian","floor":19,"turns":7},{"damage":36,"enemies":"Masked Bandits","floor":20,"turns":5}],"seed_played":"-9187481959158129132","potions_obtained":[{"floor":3,"key":"Explosive Potion"},{"floor":11,"key":"GamblersBrew"},{"floor":13,"key":"Strength Potion"},{"floor":19,"key":"Ancient Potion"}],"is_trial":false,"path_per_floor":["M","?","M","$","?","E","?","R","T","?","E","T","M","$","R","B",null,"M","M","?"],"character_chosen":"THE_SILENT","items_purchased":["Footwork","Quick Slash","Cloak And Dagger","After Image"],"campfire_rested":1,"item_purchase_floors":[4,4,4,14],"current_hp_per_floor":[63,63,63,63,68,68,53,53,53,46,13,13,13,13,35,4,57,54,32,0,0],"gold":128,"neow_bonus":"THREE_ENEMY_KILL","is_daily":false,"chose_seed":false,"campfire_upgraded":1,"win_rate":0.0,"timestamp":1610524511,"path_taken":["M","?","M","?","?","E","?","R","T","?","E","?","M","$","R","BOSS","M","M","?"],"items_purchased_type":["Card","Card","Card","Card"],"build_version":"2020-12-22","purchased_purges":0,"victory":false,"max_hp_per_floor":[70,70,70,70,75,75,75,75,75,75,75,75,75,75,75,75,75,75,75,75,75],"card_choices":[{"not_picked":["Bane","Caltrops"],"picked":"Dagger Throw","floor":1},{"not_picked":["Sucker Punch","Setup"],"picked":"Cloak And Dagger","floor":3},{"not_picked":["Tactician","Backstab"],"picked":"Poisoned Stab","floor":6},{"not_picked":["Flying Knee","Cloak And Dagger"],"picked":"Sucker Punch","floor":7},{"not_picked":["Prepared","Calculated Gamble"],"picked":"Well Laid Plans","floor":11},{"not_picked":["Masterful Stab","Dagger Spray"],"picked":"Accuracy","floor":13},{"not_picked":["Storm of Steel","Malaise"],"picked":"After Image","floor":16},{"not_picked":["Deflect","Acrobatics"],"picked":"Quick Slash+1","floor":18},{"not_picked":["Skewer","Poisoned Stab"],"picked":"Acrobatics+1","floor":19}],"player_experience":95846,"relics_obtained":[{"floor":6,"key":"Snake Skull"},{"floor":7,"key":"Odd Mushroom"},{"floor":9,"key":"HornCleat"},{"floor":11,"key":"Juzu Bracelet"},{"floor":12,"key":"Ninja Scroll"}],"event_choices":[{"damage_healed":0,"gold_gain":100,"player_choice":"Pray","damage_taken":0,"max_hp_gain":0,"max_hp_loss":0,"event_name":"Golden Shrine","floor":2,"gold_loss":0},{"damage_healed":0,"gold_gain":0,"player_choice":"Donut","damage_taken":0,"max_hp_gain":5,"max_hp_loss":0,"event_name":"Big Fish","floor":5,"gold_loss":0},{"damage_healed":0,"gold_gain":0,"player_choice":"Fought Mushrooms","damage_taken":0,"max_hp_gain":0,"max_hp_loss":0,"event_name":"Mushrooms","floor":7,"gold_loss":0},{"cards_removed":["Strike_G"],"damage_healed":0,"gold_gain":0,"player_choice":"Card Removal","damage_taken":7,"max_hp_gain":0,"max_hp_loss":0,"event_name":"Golden Wing","floor":10,"gold_loss":0},{"damage_healed":0,"gold_gain":0,"player_choice":"Fought Bandits","damage_taken":0,"max_hp_gain":0,"max_hp_loss":0,"event_name":"Masked Bandits","floor":20,"gold_loss":0}],"is_beta":false,"boss_relics":[{"not_picked":["Runic Pyramid","Runic Dome"],"picked":"SacredBark"}],"items_purged_floors":[],"is_endless":false,"potions_floor_spawned":[3,11,13,19],"killed_by":"Masked Bandits","ascension_level":13}}