{"host":"grli52lbdph2722t","time":1610562209,"event":{"mods":["AchievementEnabler","BaseMod","Downfall","Minty Spire (QoL Compilation)","Quick Restart","StSLib"],"gold_per_floor":[99,110,124,124,140,140,164,71,71,101,101,129,129,157,177,280,280,280,296,316,330,7,7,7,35,35,65,50,80,80,98,114,114,114,114],"floor_reached":33,"language":"ENG","playtime":1226,"items_purged":["Guardian:Strike_Guardian"],"score":541,"play_id":"24836e6c-744a-48c7-9074-ee7cff0202ee","local_time":"20210113192329","is_ascension_mode":true,"campfire_choices":[{"data":"Guardian:TwinSlam","floor":1,"key":"SMITH"},{"data":"Guardian:HyperBeam_Guardian","floor":9,"key":"SMITH"},{"floor":13,"key":"REST"},{"floor":18,"key":"RECALL"},{"data":"Guardian:ConstructionForm","floor":26,"key":"SMITH"},{"data":"Guardian:Emergency","floor":30,"key":"SMITH"}],"circlet_count":0,"master_deck":["Guardian:Strike_Guardian","Guardian:Strike_Guardian","Guardian:Defend_Guardian","Guardian:Defend_Guardian","Guardian:Defend_Guardian","Guardian:Defend_Guardian","Guardian:CurlUp","Guardian:TwinSlam+1","Guardian:CrystalBeam","Guardian:Orbwalk","Guardian:ChargeCore","Guardian:HyperBeam_Guardian+1","Guardian:Preprogram","Guardian:TimeBomb","Guardian:HyperBeam_Guardian+1","Guardian:Clone","Guardian:ConstructionForm+1","Guardian:DonusPower","Guardian:TimeSifter","Guardian:Recover+1","Guardian:Repulse+1","Guardian:Emergency+1","Guardian:TemporalShield+1","Guardian:CompilePackage","Guardian:Preprogram+1"],"relics":["Velvet Choker","Torii","Anchor","Pen Nib","Ancient Tea Set","Runic Pyramid","Eternal Feather","Nloth\u0027s Gift","Happy Flower","Toy Ornithopter","Bag of Preparation","Omamori"],"acts_visited":["Exordium","TheCity"],"potions_floor_usage":[14,16,16,16,25,27],"damage_taken":[{"damage":2,"enemies":"Jaw Worm","floor":2,"turns":3},{"damage":0,"enemies":"Cultist","floor":3,"turns":3},{"damage":2,"enemies":"Small Slimes","floor":5,"turns":3},{"damage":3,"enemies":"downfall:FleeingMerchant","floor":8,"turns":4},{"damage":29,"enemies":"Gremlin Nob","floor":10,"turns":4},{"damage":10,"enemies":"3 Sentries","floor":12,"turns":3},{"damage":1,"enemies":"Lagavulin","floor":14,"turns":6},{"damage":0,"enemies":"2 Fungi Beasts","floor":15,"turns":2},{"damage":12,"enemies":"downfall:Watcher","floor":16,"turns":7},{"damage":15,"enemies":"Shell Parasite","floor":19,"turns":4},{"damage":0,"enemies":"Chosen","floor":20,"turns":5},{"damage":28,"enemies":"Snake Plant","floor":21,"turns":3},{"damage":3,"enemies":"downfall:FleeingMerchant","floor":22,"turns":4},{"damage":0,"enemies":"Gremlin Leader","floor":25,"turns":6},{"damage":9,"enemies":"Slavers","floor":27,"turns":2},{"damage":3,"enemies":"downfall:FleeingMerchant","floor":28,"turns":4},{"damage":7,"enemies":"Gremlin Leader","floor":29,"turns":5},{"damage":0,"enemies":"Sentry and Sphere","floor":31,"turns":1},{"damage":27,"enemies":"Snecko","floor":32,"turns":5},{"damage":12,"enemies":"ArchetypeAct2MushroomsNewAge","floor":33,"turns":1}],"seed_played":"-8718719417298917843","potions_obtained":[{"floor":10,"key":"PowerPotion"},{"floor":14,"key":"EntropicBrew"},{"floor":15,"key":"Swift Potion"},{"floor":16,"key":"Guardian:AcceleratePotion"},{"floor":20,"key":"LiquidMemories"},{"floor":21,"key":"AttackPotion"},{"floor":29,"key":"Dexterity Potion"},{"floor":31,"key":"ColorlessPotion"}],"is_trial":false,"path_per_floor":["R","M","M","?","M","T","T","$","R","E","?","E","R","E","M","B",null,"R","M","M","M","$","?","T","E","R","E","$","E","R","M","M","B"],"character_chosen":"GUARDIAN","items_purchased":["Guardian:Preprogram","Eternal Feather"],"campfire_rested":1,"item_purchase_floors":[8,22],"current_hp_per_floor":[72,70,70,70,68,68,68,65,65,36,36,26,50,49,49,37,69,69,54,54,26,23,23,23,23,35,31,28,21,33,33,6,0,0,0],"gold":114,"neow_bonus":"BOSS_RELIC","is_daily":false,"chose_seed":false,"campfire_upgraded":4,"win_rate":0.0,"timestamp":1610562209,"path_taken":["R","M","M","?","?","?","T","?","R","E","?","E","R","E","M","BOSS","R","M","M","?","$","?","T","E","R","E","?","E","R","M","M","BOSS"],"items_purchased_type":["Card","Relic"],"build_version":"2020-12-22","purchased_purges":1,"victory":false,"max_hp_per_floor":[80,80,80,80,80,80,80,80,80,80,80,80,80,80,80,80,80,80,80,80,80,80,80,80,80,80,80,80,80,80,80,80,80,80,80],"card_choices":[{"not_picked":["Guardian:PiercingHide","Guardian:Gem_Green"],"picked":"Guardian:CrystalBeam","floor":2},{"not_picked":["Guardian:Gem_Crimson","Guardian:PrismaticBeam"],"picked":"Guardian:Orbwalk","floor":3},{"not_picked":["Guardian:TimeCapacitor","Guardian:Gem_Lightblue"],"picked":"Guardian:ChargeCore","floor":5},{"not_picked":["Guardian:MultiBeam","Guardian:Gem_Cyan"],"picked":"Guardian:HyperBeam_Guardian","floor":8},{"not_picked":["Guardian:Recover","Guardian:CrystalBeam"],"picked":"Guardian:TimeBomb","floor":10},{"not_picked":["Guardian:Gem_Purple","Guardian:Gem_Cyan"],"picked":"Guardian:Clone","floor":12},{"not_picked":["Guardian:Orbwalk","Guardian:Gem_Crimson"],"picked":"Guardian:ConstructionForm","floor":14},{"not_picked":["Guardian:MultiBeam","Guardian:BodySlam"],"picked":"Guardian:DonusPower","floor":15},{"not_picked":["Guardian:GemFire","Guardian:FierceBash"],"picked":"Guardian:TimeSifter","floor":16},{"not_picked":["Guardian:PrimingBeam","Guardian:CrystalBeam"],"picked":"Guardian:Recover+1","floor":19},{"not_picked":["Guardian:Emergency","Guardian:Planning"],"picked":"Guardian:Gem_Synthetic","floor":20},{"not_picked":["Guardian:PrismaticBeam+1","Guardian:Gem_Lightblue","Guardian:PrimingBeam+1"],"picked":"SKIP","floor":21},{"not_picked":["Guardian:SpikerProtocol","Guardian:Gem_Red"],"picked":"Guardian:Repulse+1","floor":22},{"not_picked":["Guardian:Incinerate","Guardian:Gem_Red"],"picked":"Guardian:Emergency","floor":25},{"not_picked":["Guardian:ArmoredProtocol","Guardian:CrystalBeam+1"],"picked":"Guardian:TemporalShield+1","floor":27},{"not_picked":["Guardian:RollAttack","Guardian:PrimingBeam","Guardian:FloatingOrbs+1"],"picked":"SKIP","floor":28},{"not_picked":["Guardian:Preprogram","Guardian:DecasProtection"],"picked":"Guardian:CompilePackage","floor":29},{"not_picked":["Guardian:RollAttack","Guardian:PrismaticBarrier"],"picked":"Guardian:Preprogram+1","floor":31},{"not_picked":["Guardian:TemporalShield","Guardian:Gem_Cyan","Guardian:Gem_Lightblue"],"picked":"SKIP","floor":32}],"player_experience":4984786,"relics_obtained":[{"floor":6,"key":"Torii"},{"floor":7,"key":"Anchor"},{"floor":10,"key":"Smiling Mask"},{"floor":12,"key":"Pen Nib"},{"floor":14,"key":"Ancient Tea Set"},{"floor":24,"key":"Happy Flower"},{"floor":25,"key":"Toy Ornithopter"},{"floor":27,"key":"Bag of Preparation"},{"floor":29,"key":"Omamori"}],"event_choices":[{"cards_removed":["Guardian:Strike_Guardian"],"damage_healed":0,"gold_gain":0,"player_choice":"Offered Basic","damage_taken":0,"max_hp_gain":0,"max_hp_loss":0,"event_name":"Bonfire Elementals","floor":4,"gold_loss":0}],"is_beta":false,"boss_relics":[{"not_picked":["Runic Dome","SlaversCollar"],"picked":"Runic Pyramid"}],"items_purged_floors":[22],"is_endless":false,"potions_floor_spawned":[10,14,15,16,20,21,29,31],"killed_by":"ArchetypeAct2MushroomsNewAge","ascension_level":9}}