{"host":"yv7ijgyl7mqt7c0r","time":1610507339,"event":{"mods":["2.2 Compatiblity","Act Like it!","Aspiration","BaseMod","Bestiary","Better Note","Better Skull","Conspire","DeckTracker","Elementarium","Energized Spire","Friendly Minions","Gensokyo","GifTheSpireLib","Hallownest","Mari Mod (Legacy)","Mari\u0027s V1 Patch","Marisa????????","Menagerie","Minty Spire (QoL Compilation)","Prisma Mod","Random Character Button","Reimu??????","Remilia_Scarlet Moed?????·?????3.3.5","StSLib","Stuff the Spire","The Bug Knight","The Factory","The Jungle","The Senshi","The Servant 0.9.4","Wandering Minibosses"],"gold_per_floor":[115,127,127,162,182,182,24,24,24,57,57,90,90,410,410,512,512,529,549,549,562,562,562,588,588,588,601,51,81,180,196,196,294,294,306,323,178,478,30,64,76,76,76,92,192,192,209,219,219,219],"floor_reached":51,"language":"ENG","playtime":5439,"items_purged":["StuffTheSpire:CuriosityCurse"],"score":785,"play_id":"ff9404a6-0cf7-4148-8561-4acd79622390","local_time":"20210112210859","is_ascension_mode":false,"campfire_choices":[{"floor":6,"key":"REST"},{"data":"1","floor":11,"key":"LIFT"},{"data":"2","floor":13,"key":"LIFT"},{"data":"3","floor":15,"key":"LIFT"},{"floor":23,"key":"REST"},{"floor":25,"key":"REST"},{"data":"EnergyFlow","floor":32,"key":"SMITH"},{"data":"OortCloud","floor":42,"key":"SMITH"},{"data":"MagicChant","floor":46,"key":"SMITH"},{"data":"MillisecondPulsars","floor":49,"key":"SMITH"}],"circlet_count":0,"master_deck":["Strike_MRS","Strike_MRS","Strike_MRS","Strike_MRS","Defend_MRS","Defend_MRS","Defend_MRS","MasterSpark","UpSweep","MilkyWay","PropBag","SuperPerseids","IllusionStar","EnergyFlow+1","SporeBomb","EnergyRecoil","EnergyRecoil","TreasureHunter","MachineGunSpark","MysteriousBeam","6A","PropBag","6A+1","Orbital","Acceleration","SporeBomb","MysteriousBeam","SporeBomb","EventHorizon","OortCloud+1","Singularity","AlicesGift","MilkyWay+1","AsteroidBelt","ShootTheMoon","MagicChant+1","MaximisePower","MilkyWay","RefractionSpark","UnstableBomb","Singularity","DoubleSpark","UltimateShortwave","EscapeVelocity","AbsoluteMagnitude","MaximisePower","conspire:Banana","BinaryStars","GrandCross","ManaConvection","PulseMagic+1","EnergyFlow+1","MillisecondPulsars+1","UnstableBomb+1","MysteriousBeam"],"relics":["MiniHakkero","theSenshi:SpiralHeartMoonRodRelic","Centennial Puzzle","SimpleLauncher","Incense Burner","Girya","Boot","energizedSpire:StickyHand","Unceasing Top","Dream Catcher","conspire:TopHat","StuffTheSpire:Tea","StuffTheSpire:CocoNut","StuffTheSpire:ForceGauntlet","Matryoshka","WingedGreaves","StuffTheSpire:RunicHypercube","Regal Pillow","Smiling Mask","Bag of Preparation","theSenshi:SailorFukuRelic","conspire:DecoderRing"],"acts_visited":["Gensokyo:Gensokyo","TheCity","TheBeyond"],"potions_floor_usage":[14,24,50,50],"damage_taken":[{"damage":1,"enemies":"Gensokyo:Python","floor":1,"turns":3},{"damage":3,"enemies":"Gensokyo:Gryphon","floor":2,"turns":4},{"damage":54,"enemies":"Gensokyo:Cirno","floor":4,"turns":9},{"damage":5,"enemies":"Gensokyo:2_Kodama","floor":5,"turns":4},{"damage":5,"enemies":"Gensokyo:Cirno","floor":10,"turns":6},{"damage":2,"enemies":"Gensokyo:Aya","floor":12,"turns":5},{"damage":13,"enemies":"Gensokyo:5_Fairies","floor":14,"turns":9},{"damage":13,"enemies":"Gensokyo:Kokoro","floor":16,"turns":9},{"damage":19,"enemies":"conspire:FuzzyDice","floor":18,"turns":3},{"damage":22,"enemies":"conspire:HollyBat","floor":19,"turns":7},{"damage":10,"enemies":"Chosen and Byrds","floor":21,"turns":3},{"damage":14,"enemies":"Book of Stabbing","floor":24,"turns":3},{"damage":11,"enemies":"Snake Plant","floor":27,"turns":2},{"damage":0,"enemies":"HollowMod:Nosk","floor":29,"turns":4},{"damage":7,"enemies":"Snecko","floor":31,"turns":3},{"damage":4,"enemies":"Collector","floor":33,"turns":3},{"damage":9,"enemies":"3 Shapes","floor":35,"turns":2},{"damage":0,"enemies":"Orb Walker","floor":36,"turns":2},{"damage":13,"enemies":"Nemesis","floor":40,"turns":3},{"damage":0,"enemies":"Jaw Worm Horde","floor":41,"turns":2},{"damage":6,"enemies":"Spire Growth","floor":44,"turns":2},{"damage":10,"enemies":"Sphere and 2 Shapes","floor":47,"turns":3},{"damage":0,"enemies":"4 Shapes","floor":48,"turns":2},{"damage":17,"enemies":"Time Eater","floor":50,"turns":3}],"seed_played":"2558202430348827828","potions_obtained":[{"floor":1,"key":"DistilledChaos"},{"floor":2,"key":"EssenceOfSteel"},{"floor":16,"key":"ColorlessPotion"},{"floor":19,"key":"Regen Potion"},{"floor":24,"key":"FairyPotion"},{"floor":47,"key":"Strength Potion"}],"is_trial":false,"path_per_floor":["M","M","?","?","M","R","COS","?","T","E","R","E","R","M","R","B",null,"M","M","?","M","?","R","E","R","T","M","$","E","?","M","R","B",null,"M","M","$","?","$","E","M","R","T","M","?","R","M","M","R","B",null],"character_chosen":"MARISA","items_purchased":["StuffTheSpire:CocoNut","MaximisePower","MilkyWay","RefractionSpark","Regal Pillow","MaximisePower","conspire:Banana","BinaryStars","GrandCross"],"campfire_rested":3,"item_purchase_floors":[28,28,28,28,37,39,39,39,39],"current_hp_per_floor":[74,71,71,17,16,38,38,42,42,39,39,39,39,46,46,35,75,58,38,46,40,40,62,50,72,72,63,70,72,72,67,67,65,82,77,79,79,79,79,69,75,75,75,73,73,73,69,79,79,65],"gold":219,"neow_bonus":"TRANSFORM_CARD","is_daily":false,"chose_seed":false,"campfire_upgraded":4,"win_rate":0.0,"timestamp":1610507339,"path_taken":["M","M","?","?","M","R","COS","?","T","E","R","E","R","M","R","BOSS","M","?","?","M","?","R","E","R","T","?","$","E","?","M","R","BOSS","M","M","$","?","$","E","?","R","T","M","?","R","?","?","R","BOSS"],"items_purchased_type":["Relic","Card","Card","Card","Relic","Card","Card","Card","Card"],"build_version":"2020-12-22","purchased_purges":1,"victory":true,"max_hp_per_floor":[75,75,75,75,75,75,75,75,75,75,75,75,75,75,75,75,75,75,75,75,75,75,75,75,75,75,75,82,82,82,82,82,82,82,82,82,82,82,82,83,83,83,83,85,85,85,85,87,87,88],"card_choices":[{"not_picked":["Occultation","IllusionStar"],"picked":"PropBag","floor":1},{"not_picked":["IllusionStar","GrandCross"],"picked":"SuperPerseids","floor":2},{"not_picked":["GravityBeat","LuminesStrike"],"picked":"IllusionStar","floor":4},{"not_picked":["ShootingEcho","OrrerysSun"],"picked":"EnergyFlow","floor":5},{"not_picked":["SprinkleStarSeal","NonDirectionalLaser"],"picked":"SporeBomb","floor":10},{"not_picked":["EventHorizon","MysteriousBeam"],"picked":"EnergyRecoil","floor":12},{"not_picked":["GasGiant","BigCrunch"],"picked":"EnergyRecoil","floor":14},{"not_picked":["UltimateShortwave","MaximisePower"],"picked":"TreasureHunter","floor":16},{"not_picked":["MachineGunSpark","MysteriousBeam"],"picked":"6A","floor":18},{"not_picked":["PropBag","6A+1"],"picked":"Orbital","floor":19},{"not_picked":["Acceleration","SporeBomb"],"picked":"MysteriousBeam","floor":21},{"not_picked":["SporeBomb","OortCloud"],"picked":"EventHorizon","floor":24},{"not_picked":["Singularity","AlicesGift"],"picked":"MilkyWay+1","floor":25},{"not_picked":["AsteroidBelt","MagicChant"],"picked":"ShootTheMoon","floor":27},{"not_picked":["ShootingEcho","ManaRampage","Acceleration+1"],"picked":"SKIP","floor":29},{"not_picked":["UnstableBomb","Singularity"],"picked":"DoubleSpark","floor":31},{"not_picked":["UltimateShortwave","AbsoluteMagnitude"],"picked":"EscapeVelocity","floor":33},{"not_picked":["6A","DC+1","LuminesStrike+1"],"picked":"SKIP","floor":35},{"not_picked":["EventHorizon","OneTimeOff+1","GravityBeat"],"picked":"SKIP","floor":36},{"not_picked":["ShootingEcho+1","6A+1","OpenUniverse"],"picked":"SKIP","floor":40},{"not_picked":["GasGiant+1","Acceleration","MilkyWay+1"],"picked":"SKIP","floor":41},{"not_picked":["ManaConvection","PulseMagic+1"],"picked":"EnergyFlow+1","floor":44},{"not_picked":["UnstableBomb+1","MysteriousBeam"],"picked":"MillisecondPulsars","floor":47},{"not_picked":["SporeBomb","WitchOfGreed+1","Robbery"],"picked":"SKIP","floor":48}],"player_experience":469807,"relics_obtained":[{"floor":4,"key":"Centennial Puzzle"},{"floor":9,"key":"Incense Burner"},{"floor":10,"key":"Girya"},{"floor":12,"key":"Boot"},{"floor":22,"key":"Unceasing Top"},{"floor":24,"key":"Dream Catcher"},{"floor":24,"key":"conspire:TopHat"},{"floor":26,"key":"StuffTheSpire:Tea"},{"floor":29,"key":"StuffTheSpire:ForceGauntlet"},{"floor":29,"key":"Matryoshka"},{"floor":33,"key":"WingedGreaves"},{"floor":40,"key":"Smiling Mask"},{"floor":40,"key":"Bag of Preparation"},{"floor":43,"key":"theSenshi:SailorFukuRelic"},{"floor":43,"key":"conspire:DecoderRing"}],"event_choices":[{"damage_healed":4,"gold_gain":0,"player_choice":"LEAVE ","damage_taken":0,"relics_obtained":[],"max_hp_gain":0,"max_hp_loss":0,"event_name":"betterSkull:BetterSkull","floor":8,"gold_loss":0,"cards_upgraded":[]},{"damage_healed":0,"gold_gain":0,"player_choice":"Relic","damage_taken":0,"max_hp_gain":0,"max_hp_loss":0,"event_name":"Wheel of Change","floor":22,"gold_loss":0},{"damage_healed":0,"gold_gain":99,"player_choice":"Stole From Cult","damage_taken":0,"max_hp_gain":0,"max_hp_loss":0,"event_name":"Nest","floor":30,"gold_loss":0},{"damage_healed":0,"gold_gain":300,"player_choice":"Gold","damage_taken":0,"max_hp_gain":0,"max_hp_loss":0,"event_name":"Wheel of Change","floor":38,"gold_loss":0},{"damage_healed":0,"gold_gain":100,"player_choice":"Pray","damage_taken":0,"max_hp_gain":0,"max_hp_loss":0,"event_name":"Golden Shrine","floor":45,"gold_loss":0}],"is_beta":false,"boss_relics":[{"not_picked":["Velvet Choker","Fusion Hammer"],"picked":"energizedSpire:StickyHand"},{"not_picked":["Pandora\u0027s Box","StuffTheSpire:ModemDavis"],"picked":"StuffTheSpire:RunicHypercube"}],"items_purged_floors":[28],"is_endless":false,"potions_floor_spawned":[1,2,16,19,24,33,35,44,47],"ascension_level":0}}