{"host":"jl3raagrljzztomj","time":1610510774,"event":{"mods":["BaseMod","BetterRewards","Colored Map","Colored Powertips","Custom Start","Hermit","Highlight Path","Minty Spire (QoL Compilation)","Permanent Neow","StSLib","SuperFastMode"],"gold_per_floor":[118,130,50,50,64,64,82,82,82,107,117,117,40,52,52,157,157,167,127,139,151,151,176,176,189,214,225,244,244,244,159,159,159,159],"floor_reached":33,"language":"ENG","playtime":1200,"items_purged":[],"score":269,"play_id":"ef43eb15-4363-4909-a91c-33f5fcd43acb","local_time":"20210112220614","is_ascension_mode":false,"campfire_choices":[{"data":"hermit:Roughhouse","floor":6,"key":"SMITH"},{"data":"hermit:BlackWind","floor":15,"key":"SMITH"},{"floor":24,"key":"REST"},{"floor":30,"key":"REST"},{"floor":32,"key":"REST"}],"circlet_count":0,"master_deck":["hermit:Strike_Hermit","hermit:Strike_Hermit","hermit:Strike_Hermit","hermit:Strike_Hermit","hermit:Defend_Hermit+1","hermit:Defend_Hermit","hermit:Defend_Hermit","hermit:Defend_Hermit+1","hermit:Snapshot","hermit:Roughhouse+1","hermit:LoneWolf+1","hermit:GhostlyPresence","hermit:BlackWind","Regret","hermit:BigShot","hermit:BlackWind+1","hermit:Roughhouse","CurseOfTheBell","hermit:GhostlyPresence","hermit:TrackingShot+1","hermit:LoneWolf+1","hermit:Snipe+1"],"relics":["hermit:Momento","Peace Pipe","Prayer Wheel","Shuriken","Calling Bell","Anchor","The Courier","Toxic Egg 2","hermit:Spyglass","Nunchaku","MutagenicStrength","Boot"],"acts_visited":["Exordium","TheCity"],"potions_floor_usage":[16,20,25,33,33,33],"damage_taken":[{"damage":1,"enemies":"Cultist","floor":1,"turns":3},{"damage":0,"enemies":"Small Slimes","floor":2,"turns":3},{"damage":6,"enemies":"2 Louse","floor":5,"turns":2},{"damage":0,"enemies":"Exordium Wildlife","floor":7,"turns":2},{"damage":10,"enemies":"Lagavulin","floor":10,"turns":6},{"damage":2,"enemies":"2 Fungi Beasts","floor":11,"turns":4},{"damage":9,"enemies":"Gremlin Gang","floor":14,"turns":8},{"damage":47,"enemies":"Slime Boss","floor":16,"turns":12},{"damage":16,"enemies":"Spheric Guardian","floor":18,"turns":5},{"damage":20,"enemies":"2 Thieves","floor":20,"turns":3},{"damage":24,"enemies":"3 Cultists","floor":21,"turns":7},{"damage":13,"enemies":"Slavers","floor":23,"turns":6},{"damage":17,"enemies":"Centurion and Healer","floor":25,"turns":5},{"damage":0,"enemies":"Snecko","floor":27,"turns":2},{"damage":0,"enemies":"3 Cultists","floor":28,"turns":3},{"damage":64,"enemies":"Automaton","floor":33,"turns":6}],"seed_played":"989564928244106520","potions_obtained":[{"floor":2,"key":"DistilledChaos"},{"floor":8,"key":"Strength Potion"},{"floor":8,"key":"CultistPotion"},{"floor":8,"key":"PowerPotion"},{"floor":10,"key":"FairyPotion"},{"floor":16,"key":"Swift Potion"},{"floor":23,"key":"Weak Potion"},{"floor":27,"key":"BlessingOfTheForge"},{"floor":28,"key":"Ancient Potion"}],"is_trial":false,"path_per_floor":["M","M","$","?","M","R","M","?","T","E","M","?","$","M","R","B",null,"M","?","M","M","?","E","R","M","T","M","M","?","R","?","R","B"],"character_chosen":"HERMIT","items_purchased":["hermit:LoneWolf","hermit:BigShot"],"campfire_rested":3,"item_purchase_floors":[3,13],"current_hp_per_floor":[74,74,74,74,68,68,68,68,68,58,56,56,56,47,47,22,75,59,59,39,15,15,2,24,7,7,7,7,7,29,29,51,0,0],"gold":159,"neow_bonus":"TRANSFORM_CARD","is_daily":false,"chose_seed":false,"campfire_upgraded":2,"win_rate":0.0,"timestamp":1610510774,"path_taken":["M","M","$","?","M","R","?","?","T","E","?","?","?","M","R","BOSS","M","?","?","M","?","E","R","M","T","M","M","?","R","?","R","BOSS"],"items_purchased_type":["Card","Card"],"build_version":"2020-12-22","purchased_purges":0,"victory":false,"max_hp_per_floor":[75,75,75,75,75,75,75,75,75,75,75,75,75,75,75,75,75,75,75,75,75,75,75,75,75,75,75,75,75,75,75,75,75,75],"card_choices":[{"not_picked":["hermit:Vantage","hermit:Glare","hermit:Manifest"],"picked":"SKIP","floor":1},{"not_picked":["hermit:HighCaliber","hermit:Manifest","hermit:Shortfuse"],"picked":"SKIP","floor":2},{"not_picked":["hermit:BodyArmor","hermit:Feint","hermit:ItchyTrigger"],"picked":"SKIP","floor":5},{"not_picked":["hermit:Maintenance","hermit:Coalescence"],"picked":"hermit:GhostlyPresence","floor":7},{"not_picked":["hermit:BodyArmor","hermit:PistolWhip"],"picked":"hermit:BlackWind","floor":10},{"not_picked":["hermit:FullyLoaded","hermit:LowProfile","hermit:SprayPray"],"picked":"SKIP","floor":11},{"not_picked":["hermit:BodyArmor","hermit:LowProfile","hermit:Desperado"],"picked":"SKIP","floor":11},{"not_picked":["hermit:TrackingShot","hermit:WideOpen"],"picked":"hermit:BlackWind","floor":14},{"not_picked":["hermit:Headshot","hermit:SprayPray","hermit:Vantage"],"picked":"SKIP","floor":14},{"not_picked":["hermit:BlackWind","hermit:FromBeyond"],"picked":"hermit:Roughhouse","floor":16},{"not_picked":["hermit:BodyArmor","hermit:Gestalt"],"picked":"hermit:GhostlyPresence","floor":18},{"not_picked":["hermit:ShadowCloak","hermit:Roulette","hermit:HoleUp"],"picked":"SKIP","floor":18},{"not_picked":["hermit:Roulette+1","hermit:Desperado"],"picked":"hermit:TrackingShot+1","floor":20},{"not_picked":["hermit:LuckOfTheDraw","hermit:Ricochet","hermit:PistolWhip"],"picked":"SKIP","floor":20},{"not_picked":["hermit:CalledShot","hermit:Malice+1","hermit:HoleUp"],"picked":"SKIP","floor":21},{"not_picked":["hermit:TrackingShot","hermit:Horror","hermit:Roulette+1"],"picked":"SKIP","floor":21},{"not_picked":["hermit:Snipe+1","hermit:BodyArmor+1"],"picked":"hermit:LoneWolf+1","floor":23},{"not_picked":["hermit:TrackingShot","hermit:Coalescence+1","hermit:Manifest+1"],"picked":"SKIP","floor":25},{"not_picked":["hermit:TakeCover+1","hermit:Maintenance+1","hermit:DeadMansHand+1"],"picked":"SKIP","floor":25},{"not_picked":["hermit:Maintenance+1","hermit:CalledShot+1","hermit:Spite+1"],"picked":"SKIP","floor":27},{"not_picked":["hermit:RoundhouseKick","hermit:Headshot","hermit:DeadMansHand+1"],"picked":"SKIP","floor":27},{"not_picked":["hermit:TrackingShot","hermit:Coalescence+1"],"picked":"hermit:Snipe+1","floor":28},{"not_picked":["hermit:Spite","hermit:Quickdraw","hermit:CalledShot+1"],"picked":"SKIP","floor":28}],"player_experience":919743,"relics_obtained":[{"floor":9,"key":"Peace Pipe"},{"floor":10,"key":"Prayer Wheel"},{"floor":17,"key":"Anchor"},{"floor":17,"key":"The Courier"},{"floor":23,"key":"hermit:Spyglass"},{"floor":26,"key":"Nunchaku"}],"event_choices":[{"damage_healed":0,"gold_gain":0,"player_choice":"Upgraded","damage_taken":0,"max_hp_gain":0,"max_hp_loss":0,"event_name":"Upgrade Shrine","floor":4,"gold_loss":0,"cards_upgraded":["hermit:LoneWolf"]},{"damage_healed":0,"gold_gain":0,"player_choice":"Got Potions","damage_taken":0,"max_hp_gain":0,"max_hp_loss":0,"event_name":"Lab","floor":8,"gold_loss":0},{"damage_healed":0,"gold_gain":0,"player_choice":"Box","damage_taken":0,"relics_obtained":["Shuriken"],"max_hp_gain":0,"max_hp_loss":0,"event_name":"Big Fish","floor":12,"gold_loss":0,"cards_obtained":["Regret"]},{"damage_healed":0,"gold_gain":0,"player_choice":"Upgraded Two","damage_taken":0,"max_hp_gain":0,"max_hp_loss":0,"event_name":"Designer","floor":19,"gold_loss":40,"cards_upgraded":["hermit:Defend_Hermit","hermit:Defend_Hermit"]},{"damage_healed":0,"gold_gain":0,"player_choice":"Opened","damage_taken":0,"relics_obtained":["Toxic Egg 2"],"max_hp_gain":0,"max_hp_loss":0,"event_name":"The Mausoleum","floor":22,"gold_loss":0},{"damage_healed":0,"gold_gain":0,"player_choice":"Inject Mutagens","damage_taken":0,"relics_obtained":["MutagenicStrength"],"max_hp_gain":0,"max_hp_loss":0,"event_name":"Drug Dealer","floor":29,"gold_loss":0},{"damage_healed":0,"gold_gain":0,"player_choice":"Obtained Relic","damage_taken":0,"relics_obtained":["Boot"],"max_hp_gain":0,"max_hp_loss":0,"event_name":"Addict","floor":31,"gold_loss":85}],"is_beta":false,"boss_relics":[{"not_picked":["SacredBark","Busted Crown"],"picked":"Calling Bell"}],"items_purged_floors":[],"is_endless":false,"potions_floor_spawned":[2,10,11,14,16,23,27,28],"killed_by":"Automaton","ascension_level":0}}