{"host":"uflv0e3ja7hvnij7","time":1610502733,"event":{"mods":["BaseMod","Better Altar","Better Match","Better Note","Better Sensory Stone","Better Skull","Better Third Choice","Marisa????????","Minty Spire (QoL Compilation)","Permanent Neow","Replay The Spire","StSLib"],"gold_per_floor":[112,125,125,50,63,63,63,74,74,74,94,119,119,133,133,238,238,256,267,267,167,179,179,179,198,198,73,87,87,87,105,105,202,202,220,267,36,36,50,50,50,50],"floor_reached":41,"language":"ENG","playtime":1824,"items_purged":["Strike_R","Strike_R","Strike_R","Inflame"],"score":596,"play_id":"2e0a8310-60a0-413b-889f-746873ddbfea","local_time":"20210112205213","is_ascension_mode":true,"campfire_choices":[{"data":"Searing Blow","floor":6,"key":"SMITH"},{"data":"Searing Blow+2","floor":10,"key":"SMITH"},{"data":"Searing Blow+3","floor":13,"key":"SMITH"},{"data":"Searing Blow+4","floor":15,"key":"SMITH"},{"data":"Searing Blow+5","floor":23,"key":"SMITH"},{"data":"Searing Blow+6","floor":29,"key":"SMITH"},{"data":"Searing Blow+7","floor":32,"key":"SMITH"},{"floor":40,"key":"REST"}],"circlet_count":0,"master_deck":["Bash","Searing Blow+8","Armaments","Shrug It Off","Berserk","Shrug It Off","Flame Barrier","Apotheosis","Juggernaut","Twin Strike","Carnage","Entrench","Metallicize"],"relics":["Burning Blood","Replay:Towering Pillar of Hats","Odd Mushroom","ReplayTheSpireMod:DimensionalGlitch","Art of War","Replay:Grab Bag","Sozu","Pandora\u0027s Box","Ice Cream","Membership Card"],"acts_visited":["Exordium","TheCity","TheBeyond"],"potions_floor_usage":[12,12,16,18,22,36,41],"damage_taken":[{"damage":18,"enemies":"Jaw Worm","floor":1,"turns":5},{"damage":13,"enemies":"Small Slimes","floor":2,"turns":4},{"damage":2,"enemies":"2 Louse","floor":5,"turns":3},{"damage":4,"enemies":"2 Fungi Beasts","floor":8,"turns":5},{"damage":3,"enemies":"Blue Slaver","floor":11,"turns":5},{"damage":6,"enemies":"The Mushroom Lair","floor":12,"turns":4},{"damage":7,"enemies":"Looter","floor":14,"turns":3},{"damage":29,"enemies":"The Guardian","floor":16,"turns":7},{"damage":2,"enemies":"Chosen","floor":18,"turns":4},{"damage":21,"enemies":"Spheric Guardian","floor":19,"turns":4},{"damage":24,"enemies":"Snake Plant","floor":22,"turns":3},{"damage":0,"enemies":"3 Cultists","floor":25,"turns":5},{"damage":0,"enemies":"Cultist and Chosen","floor":28,"turns":4},{"damage":0,"enemies":"Snecko","floor":31,"turns":3},{"damage":20,"enemies":"Champ","floor":33,"turns":10},{"damage":8,"enemies":"3 Darklings","floor":35,"turns":4},{"damage":26,"enemies":"2 Orb Walkers","floor":36,"turns":5},{"damage":41,"enemies":"3 Shapes","floor":39,"turns":5},{"damage":7,"enemies":"Reptomancer","floor":41,"turns":2}],"seed_played":"-1822431442711848781","potions_obtained":[{"floor":8,"key":"Explosive Potion"},{"floor":11,"key":"LiquidBronze"},{"floor":14,"key":"BlessingOfTheForge"},{"floor":16,"key":"Adrenaline Potion"},{"floor":18,"key":"BloodPotion"},{"floor":28,"key":"LiquidBronze"},{"floor":31,"key":"Swift Potion"}],"is_trial":false,"path_per_floor":["M","M","?","$","M","R","?","M","T","R","M","?","R","M","R","B",null,"M","M","?","$","M","R","?","M","T","$","M","R","?","M","R","B",null,"M","?","$","?","M","R","E"],"character_chosen":"IRONCLAD","items_purchased":["Membership Card"],"campfire_rested":1,"item_purchase_floors":[37],"current_hp_per_floor":[55,48,48,48,52,52,52,54,54,54,57,57,57,56,56,33,80,81,63,63,63,52,52,52,55,55,55,58,58,58,61,61,44,83,78,55,55,55,17,45,38,38],"gold":50,"neow_bonus":"TWENTY_PERCENT_HP_BONUS","is_daily":false,"chose_seed":false,"campfire_upgraded":7,"win_rate":0.0,"timestamp":1610502733,"path_taken":["M","M","?","$","M","R","?","M","T","R","M","?","R","M","R","BOSS","M","M","?","$","M","R","?","M","T","$","M","R","?","?","R","BOSS","M","?","$","?","M","R","E"],"items_purchased_type":["Relic"],"build_version":"2020-12-22","purchased_purges":4,"victory":false,"max_hp_per_floor":[96,96,96,96,96,96,96,96,96,96,96,96,96,96,96,96,96,96,96,96,96,96,96,96,96,96,96,96,96,96,96,96,96,96,96,96,96,96,96,96,96,96],"card_choices":[{"not_picked":["Anger","Heavy Blade"],"picked":"Searing Blow","floor":1},{"not_picked":["Heavy Blade","Pommel Strike"],"picked":"Armaments","floor":2},{"not_picked":["Clothesline","Wild Strike","Body Slam"],"picked":"SKIP","floor":5},{"not_picked":["Fire Breathing","Cleave"],"picked":"Dual Wield","floor":8},{"not_picked":["Replay:Undeath\u0027s Touch","Sword Boomerang","Armaments"],"picked":"SKIP","floor":11},{"not_picked":["Armaments","Twin Strike"],"picked":"Shrug It Off","floor":14},{"not_picked":["Immolate","Exhume"],"picked":"Berserk","floor":16},{"not_picked":["Rupture","Cleave+1"],"picked":"Shrug It Off","floor":18},{"not_picked":["Flex","Replay:Undeath\u0027s Touch","Run Through"],"picked":"SKIP","floor":19},{"not_picked":["ReplayTheSpireMod:Strike From Hell","Fire Breathing","Abandon"],"picked":"SKIP","floor":22},{"not_picked":["True Grit","Body Slam","Thunderclap"],"picked":"SKIP","floor":25},{"not_picked":["Cleave","Run Through","Armaments"],"picked":"SKIP","floor":28},{"not_picked":["Enlightenment","Swift Strike"],"picked":"Apotheosis","floor":30},{"not_picked":["Flex","Pommel Strike","ReplayTheSpireMod:Limb From Limb"],"picked":"SKIP","floor":31},{"not_picked":["Limit Break","Immolate"],"picked":"Juggernaut","floor":33},{"not_picked":["Disarm+1","Clash+1","Headbutt"],"picked":"SKIP","floor":35},{"not_picked":["Headbutt+1","Life Link","Uppercut+1"],"picked":"SKIP","floor":39}],"player_experience":569370,"relics_obtained":[{"floor":9,"key":"Replay:Towering Pillar of Hats"},{"floor":12,"key":"Odd Mushroom"},{"floor":26,"key":"Art of War"},{"floor":36,"key":"Ice Cream"}],"event_choices":[{"damage_healed":0,"gold_gain":0,"player_choice":"Ignored","damage_taken":0,"max_hp_gain":0,"max_hp_loss":0,"event_name":"Golden Idol","floor":3,"gold_loss":0},{"damage_healed":0,"gold_gain":0,"player_choice":"Grow","damage_taken":0,"max_hp_gain":0,"max_hp_loss":0,"event_name":"Living Wall","floor":7,"gold_loss":0,"cards_upgraded":["Searing Blow"]},{"damage_healed":0,"gold_gain":0,"player_choice":"Fought Mushrooms","damage_taken":0,"max_hp_gain":0,"max_hp_loss":0,"event_name":"Mushrooms","floor":12,"gold_loss":0},{"damage_healed":0,"gold_gain":0,"cards_transformed":["Dual Wield"],"player_choice":"Transformed","damage_taken":0,"max_hp_gain":0,"max_hp_loss":0,"event_name":"Transmorgrifier","floor":20,"gold_loss":0,"cards_obtained":["Flame Barrier"]},{"damage_healed":0,"gold_gain":0,"player_choice":"Ignored","damage_taken":0,"max_hp_gain":0,"max_hp_loss":0,"event_name":"betterNote:BetterNote","floor":24,"gold_loss":0,"cards_obtained":["ReplayTheSpireMod:Strike From Hell"]},{"damage_healed":0,"gold_gain":2,"player_choice":"1","damage_taken":0,"max_hp_gain":0,"max_hp_loss":0,"event_name":"betterStone:BetterStone","floor":30,"gold_loss":0},{"damage_healed":0,"gold_gain":0,"player_choice":"Fight","damage_taken":0,"max_hp_gain":0,"max_hp_loss":0,"event_name":"Mysterious Sphere","floor":36,"gold_loss":0},{"cards_removed":["Brutality"],"damage_healed":0,"gold_gain":0,"player_choice":"Removed Power","damage_taken":0,"max_hp_gain":0,"max_hp_loss":0,"event_name":"Falling","floor":38,"gold_loss":0}],"is_beta":false,"boss_relics":[{"not_picked":["Ectoplasm","Runic Dome"],"picked":"ReplayTheSpireMod:DimensionalGlitch"},{"not_picked":["Honey Jar","SacredBark"],"picked":"Replay:Grab Bag"},{"not_picked":["Coffee Dripper","Electric Blood"],"picked":"Sozu"},{"not_picked":["Replay:Drink Me","Runic Pyramid"],"picked":"Pandora\u0027s Box"}],"items_purged_floors":[4,21,27,37],"is_endless":false,"potions_floor_spawned":[8,11,14,16,18,28,31,36,39],"killed_by":"Reptomancer","ascension_level":8}}