{"host":"ockkdcgl3b18tfz9","time":1610527364,"event":{"mods":["2.2 Compatiblity","BaseMod","Better Skull","Better Third Choice","BetterRewards","Hermit","Minty Spire (QoL Compilation)","Quick Restart","Replay The Spire","Spicy Shops","StSLib","SuperFastMode","The Jungle"],"gold_per_floor":[111,111,124,140,140,140,140,158,181,181,181,212,212,223,223,324,324,338,338,188,200,216,221,221],"floor_reached":23,"language":"ENG","playtime":595,"items_purged":[],"score":349,"play_id":"0d823b2f-0b14-42d2-a953-f3fbc47538c0","local_time":"20210113154244","is_ascension_mode":true,"campfire_choices":[{"floor":6.0,"key":"REST"},{"data":"hermit:Maintenance","floor":10.0,"key":"SMITH"},{"data":"hermit:HighCaliber","floor":13,"key":"SMITH"},{"floor":15,"key":"REST"}],"circlet_count":0,"master_deck":["hermit:Strike_Hermit","hermit:Strike_Hermit","hermit:Strike_Hermit","hermit:Strike_Hermit","hermit:Defend_Hermit","hermit:Defend_Hermit","hermit:Defend_Hermit","hermit:Defend_Hermit","hermit:Snapshot","hermit:Covet","hermit:Manifest+1","hermit:Maintenance+1","hermit:Vantage","Burn","hermit:ShadowCloak","hermit:HighCaliber+1","hermit:TakeCover","hermit:HeroicBravado+1","CurseOfTheBell","hermit:FullyLoaded"],"relics":["hermit:Momento","Mummified Hand","Golden Egg","PreservedInsect","Calling Bell","ReplayTheSpireMod:TigerMarble","Gremlin Horn","Dead Branch","Lee\u0027s Waffle"],"acts_visited":["Exordium","Exordium"],"potions_floor_usage":[18,18,23],"damage_taken":[{"damage":5.0,"enemies":"2 Louse","floor":1.0,"turns":3.0},{"damage":6.0,"enemies":"Cultist","floor":3.0,"turns":3.0},{"damage":12.0,"enemies":"Small Slimes","floor":4.0,"turns":3.0},{"damage":2.0,"enemies":"Exordium Wildlife","floor":8.0,"turns":4.0},{"damage":19,"enemies":"Lagavulin","floor":12,"turns":8},{"damage":10,"enemies":"Large Slime","floor":14,"turns":5},{"damage":14,"enemies":"The Guardian","floor":16,"turns":17},{"damage":27,"enemies":"theJungle:5_Spyders","floor":18,"turns":9},{"damage":9,"enemies":"theJungle:MUSHROOMGANG","floor":21,"turns":4},{"damage":34,"enemies":"theJungle:SlimyTreeVines","floor":22,"turns":10},{"damage":48,"enemies":"theJungle:2_Snecko_Cultists","floor":23,"turns":6}],"seed_played":"2025667875740972085","potions_obtained":[{"floor":8.0,"key":"hermit:Tonic"},{"floor":14,"key":"SteroidPotion"},{"floor":16,"key":"EntropicBrew"},{"floor":19,"key":"hermit:Tonic"},{"floor":19,"key":"FearPotion"}],"is_trial":false,"path_per_floor":["M","?","M","M","?","R","$","M","T","R","T","E","R","M","R","B",null,"M","?","$","M","M","M"],"character_chosen":"HERMIT","items_purchased":["Mummified Hand","Lee\u0027s Waffle"],"campfire_rested":2,"item_purchase_floors":[0,20],"current_hp_per_floor":[57,57,51,39,39,61,61,59,59,59,59,40,40,30,52,38,75,48,48,82,73,45,0,0],"gold":221,"neow_bonus":"","is_daily":false,"chose_seed":false,"campfire_upgraded":2,"win_rate":0.0,"timestamp":1610527364,"path_taken":["M","?","?","M","?","R","$","M","T","R","?","E","R","M","R","BOSS","M","?","?","M","?","M"],"items_purchased_type":["Relic","Relic"],"build_version":"2020-12-22","purchased_purges":0,"victory":false,"max_hp_per_floor":[75,75,75,75,75,75,75,75,75,75,75,75,75,75,75,75,75,75,75,82,82,82,82,82],"card_choices":[{"not_picked":["hermit:CursedWeapon","hermit:Quickdraw"],"picked":"hermit:Manifest","floor":1.0},{"not_picked":["hermit:DeadMansHand","hermit:Scavenge"],"picked":"hermit:Maintenance","floor":3.0},{"not_picked":["hermit:Manifest","hermit:Glare"],"picked":"hermit:Vantage","floor":4.0},{"not_picked":["hermit:Manifest","hermit:CalledShot"],"picked":"hermit:ShadowCloak","floor":8.0},{"not_picked":["hermit:Misfire","hermit:ItchyTrigger"],"picked":"hermit:HighCaliber","floor":12},{"not_picked":["hermit:Feint","hermit:Ricochet"],"picked":"hermit:TakeCover","floor":14},{"not_picked":["hermit:EternalForm","hermit:RoundhouseKick"],"picked":"hermit:HeroicBravado","floor":16},{"not_picked":["hermit:Enervate+1","hermit:HoleUp+1","hermit:Spite+1"],"picked":"SKIP","floor":18},{"not_picked":["hermit:Vantage","hermit:Headshot","hermit:Cheat"],"picked":"SKIP","floor":21},{"not_picked":["hermit:Feint","hermit:BodyArmor"],"picked":"hermit:FullyLoaded","floor":22}],"player_experience":269519,"relics_obtained":[{"floor":11.0,"key":"Golden Egg"},{"floor":12,"key":"PreservedInsect"},{"floor":17,"key":"ReplayTheSpireMod:TigerMarble"},{"floor":17,"key":"Gremlin Horn"},{"floor":17,"key":"Dead Branch"}],"event_choices":[{"damage_healed":0.0,"max_hp_gain":0.0,"max_hp_loss":0.0,"gold_gain":0.0,"event_name":"Upgrade Shrine","player_choice":"Upgraded","floor":2.0,"gold_loss":0.0,"damage_taken":0.0,"cards_upgraded":["hermit:Manifest"]},{"damage_healed":39.0,"max_hp_gain":0.0,"max_hp_loss":75.0,"gold_gain":0.0,"event_name":"betterThird:BetterShining","player_choice":"Embrace Burn","floor":5.0,"gold_loss":0.0,"damage_taken":0.0},{"damage_healed":0,"gold_gain":0,"player_choice":"Got Potions","damage_taken":0,"max_hp_gain":0,"max_hp_loss":0,"event_name":"Lab","floor":19,"gold_loss":0}],"is_beta":false,"boss_relics":[{"not_picked":["Empty Cage","Replay:Ancient Bell"],"picked":"Calling Bell"}],"items_purged_floors":[],"is_endless":false,"potions_floor_spawned":[8,14,16],"killed_by":"theJungle:2_Snecko_Cultists","ascension_level":4}}