{"host":"sav7uxregyirlf69","time":1610544599,"event":{"mods":["AchievementEnabler","BaseMod","Colored Map","DeckTracker","Keyboard Shortcuts","Minty Spire (QoL Compilation)","READ ME - Guardian Mod","StSLib","SuperFastMode"],"gold_per_floor":[113,113,38,188,34,65,84,84,132,174,206,230,259,303,315,404,416,445,457,151,168,168,168,43,43,43,61,90,109,140,140,140],"floor_reached":31,"language":"KOR","playtime":571,"items_purged":["Doubt","Writhe","Strike_B"],"score":636,"play_id":"c408c1ea-79f9-48c3-9f11-6c22f890e36c","local_time":"20210113222959","is_ascension_mode":true,"campfire_choices":[{"data":"Zap","floor":8.0,"key":"SMITH"},{"data":"Sweeping Beam","floor":15,"key":"SMITH"},{"floor":23,"key":"REST"}],"circlet_count":0,"master_deck":["AscendersBane","Strike_B","Strike_B","Defend_B","Defend_B","Defend_B","Defend_B","Zap+1","Dualcast","Ball Lightning","Sweeping Beam+1","Gash","Chill","Leap","Undo","Cold Snap","Biased Cognition","Coolheaded","Turbo","Defragment","Go for the Eyes","Hologram","Ball Lightning+1"],"relics":["Cracked Core","NeowsBlessing","Eternal Feather","MawBank","Cables","Happy Flower","Fusion Hammer","Ancient Tea Set","Omamori","Frozen Egg 2","StrikeDummy","Blood Vial"],"acts_visited":["Exordium","TheCity"],"potions_floor_usage":[14,16,28,30],"damage_taken":[{"damage":0.0,"enemies":"Jaw Worm","floor":1.0,"turns":1.0},{"damage":0.0,"enemies":"3 Sentries","floor":6.0,"turns":1.0},{"damage":0.0,"enemies":"2 Louse","floor":7.0,"turns":1.0},{"damage":23.0,"enemies":"Lagavulin","floor":10.0,"turns":7.0},{"damage":4.0,"enemies":"Small Slimes","floor":11.0,"turns":3.0},{"damage":7.0,"enemies":"Exordium Wildlife","floor":12.0,"turns":2.0},{"damage":13,"enemies":"Large Slime","floor":13,"turns":4},{"damage":8,"enemies":"Gremlin Nob","floor":14,"turns":3},{"damage":4,"enemies":"Slime Boss","floor":16,"turns":8},{"damage":0,"enemies":"Chosen","floor":18,"turns":4},{"damage":11,"enemies":"2 Thieves","floor":21,"turns":4},{"damage":3,"enemies":"Snake Plant","floor":27,"turns":5},{"damage":30,"enemies":"Slavers","floor":28,"turns":8},{"damage":0,"enemies":"Centurion and Healer","floor":29,"turns":8},{"damage":25,"enemies":"Book of Stabbing","floor":30,"turns":7},{"damage":15,"enemies":"Shelled Parasite and Fungi","floor":31,"turns":1}],"seed_played":"-769588912067435278","potions_obtained":[{"floor":7.0,"key":"GamblersBrew"},{"floor":12,"key":"FearPotion"},{"floor":14,"key":"Dexterity Potion"},{"floor":16,"key":"FocusPotion"},{"floor":28,"key":"ColorlessPotion"}],"is_trial":false,"path_per_floor":["M","?","?","?","$","E","M","R","T","E","M","M","M","E","R","B",null,"M","?","$","M","?","R","$","T","T","M","E","M","E","M"],"character_chosen":"DEFECT","items_purchased":["Sweeping Beam","BlessingOfTheForge","Omamori","Turbo"],"campfire_rested":1,"item_purchase_floors":[5,5,20,20],"current_hp_per_floor":[64,69,69,69,69,69,69,75,75,52,48,41,28,20,29,25,63,63,63,63,52,30,66,66,66,66,63,33,33,8,0,0],"gold":140,"neow_bonus":"THREE_ENEMY_KILL","is_daily":false,"chose_seed":false,"campfire_upgraded":2,"win_rate":0.0,"timestamp":1610544599,"path_taken":["M","?","?","?","$","E","M","R","T","E","M","M","M","E","R","BOSS","M","?","$","M","?","R","$","?","T","M","E","?","E","M"],"items_purchased_type":["Card","Potion","Relic","Card"],"build_version":"2020-12-22","purchased_purges":3,"victory":false,"max_hp_per_floor":[71,76,76,76,76,76,76,76,76,76,76,76,76,76,76,76,76,76,76,76,76,81,81,81,81,81,81,81,81,81,81,81],"card_choices":[{"not_picked":["Conserve Battery","Chaos"],"picked":"Ball Lightning","floor":1.0},{"not_picked":["Chaos","Scrape"],"picked":"Gash","floor":6.0},{"not_picked":["Ball Lightning","Machine Learning"],"picked":"Chill","floor":7.0},{"not_picked":["Fusion","Barrage"],"picked":"Leap","floor":10.0},{"not_picked":["Ball Lightning","Blizzard"],"picked":"Undo","floor":11.0},{"not_picked":["Chaos","Gash"],"picked":"Cold Snap","floor":12},{"not_picked":["Beam Cell","Barrage","Storm"],"picked":"SKIP","floor":13},{"not_picked":["Rebound","Force Field","Hello World"],"picked":"SKIP","floor":14},{"not_picked":["Machine Learning","Fission"],"picked":"Biased Cognition","floor":16},{"not_picked":["FTL","Melter"],"picked":"Coolheaded","floor":18},{"not_picked":["Aggregate","Cold Snap"],"picked":"Defragment","floor":21},{"not_picked":["Ball Lightning","Auto Shields+1"],"picked":"Go for the Eyes","floor":27},{"not_picked":["BootSequence","Steam"],"picked":"Hologram","floor":28},{"not_picked":["Reinforced Body","Hologram","Steam"],"picked":"SKIP","floor":29},{"not_picked":["Undo","Hologram+1"],"picked":"Ball Lightning+1","floor":30}],"player_experience":1272332,"relics_obtained":[{"floor":6.0,"key":"Eternal Feather"},{"floor":9.0,"key":"MawBank"},{"floor":10.0,"key":"Cables"},{"floor":14,"key":"Happy Flower"},{"floor":25,"key":"Frozen Egg 2"},{"floor":28,"key":"StrikeDummy"},{"floor":30,"key":"Blood Vial"}],"event_choices":[{"damage_healed":0.0,"max_hp_gain":5.0,"max_hp_loss":0.0,"gold_gain":0.0,"event_name":"Big Fish","player_choice":"Donut","floor":2.0,"gold_loss":0.0,"damage_taken":0.0},{"cards_removed":["Strike_B"],"damage_healed":0.0,"max_hp_gain":0.0,"max_hp_loss":0.0,"gold_gain":0.0,"event_name":"The Cleric","player_choice":"Card Removal","floor":3.0,"gold_loss":75.0,"damage_taken":0.0},{"damage_healed":0.0,"max_hp_gain":0.0,"max_hp_loss":0.0,"gold_gain":150.0,"event_name":"Liars Game","player_choice":"AGREE","floor":4.0,"gold_loss":0.0,"damage_taken":0.0,"cards_obtained":["Doubt"]},{"damage_healed":0,"gold_gain":0,"player_choice":"Opened","damage_taken":0,"relics_obtained":["Ancient Tea Set"],"max_hp_gain":0,"max_hp_loss":0,"event_name":"The Mausoleum","floor":19,"gold_loss":0,"cards_obtained":["Writhe"]},{"damage_healed":0,"gold_gain":0,"player_choice":"Shed Blood","damage_taken":27,"max_hp_gain":5,"max_hp_loss":0,"event_name":"Forgotten Altar","floor":22,"gold_loss":0}],"is_beta":false,"boss_relics":[{"not_picked":["Ectoplasm","Velvet Choker"],"picked":"Fusion Hammer"}],"items_purged_floors":[5,20,24],"is_endless":false,"potions_floor_spawned":[7,10,12,13,14,16,18,28],"killed_by":"Shelled Parasite and Fungi","ascension_level":20}}