{"host":"qswkx8hggytna0kc","time":1610528320,"event":{"mods":["Aspiration","BaseMod","BetterRewards","Colored Map","Colored Powertips","Highlight Path","Hubris","Mimic Mod","Minty Spire (QoL Compilation)","MostiFishMod","Quick Restart","Replay The Spire","StSLib","SuperFastMode"],"gold_per_floor":[118,129,140,152,302,329,329,329,360,246,246,246,272,285,285,359,359,370,386,386,402,302,302,334,334,334,368,385,435,454,487,487,565,565,585,599,599,1213,1225,1857,1857,2491,2491,3110,3140,3151,2269,2269,2269,2269,2269,2269,2269,534,560,560],"floor_reached":57,"language":"ZHS","playtime":1759,"items_purged":["Doubt","Strike_B","Writhe","Defend_B"],"score":4014,"play_id":"bae0f2f0-b5a9-4378-80a1-b280fd3ed0cb","local_time":"20210113165840","is_ascension_mode":true,"campfire_choices":[{"data":"Zap","floor":8,"key":"SMITH"},{"data":"Dualcast","floor":12,"key":"SMITH"},{"data":"MostiFishMod:Hijack","floor":15,"key":"SMITH"},{"floor":23,"key":"REST"},{"data":"White Noise","floor":32,"key":"SMITH"},{"data":"Machine Learning","floor":41,"key":"SMITH"},{"floor":49,"key":"RECALL"},{"data":"White Noise","floor":53,"key":"SMITH"}],"circlet_count":0,"master_deck":["AscendersBane","Defend_B","Defend_B","Defend_B","Zap+1","Dualcast+1","Beam Cell","Hologram","Gash","Sweeping Beam","Gash","Scrape","MostiFishMod:Hijack+1","Steam","Machine Learning","Beam Cell","BootSequence","Steam Power","White Noise+1","Scrape","Go for the Eyes","Turbo","Go for the Eyes+1","Go for the Eyes+1","Hologram","Go for the Eyes","Machine Learning+1","Scrape","Hologram","MostiFishMod:DeathFromBelow","White Noise+1","Turbo","Gash","Scrape+1","FTL","Panic Button+1","Core Surge","Gash","Scrape","Hologram"],"relics":["Cracked Core","DaveBox","ShadowXiaoBlade","SynthV:TestCard","Bottled Lightning","Bag of Preparation","Akabeko","Black Star","aspiration:RitualStick","aspiration:HummingbirdHeart","Eternal Feather","DianPoetry","Prayer Wheel","Replay:Ringing Soul","Thread and Needle","aspiration:EnhancedActuators","Happy Flower","Pear","hubris:PeanutButter","HereWithMe","aspiration:HiddenCompartment","Replay:WaspNest","aspiration:StickyExplosives_weak","Oddly Smooth Stone","hubris:BottledRain","Juzu Bracelet","Replay:Antivirus Software","StoneCalendar","Raider\u0027s Mask","BirthdayGift-Tetrahedron","Nunchaku","Geode","hubris:BundleOfHerbs","Cables"],"acts_visited":["Exordium","TheCity","TheBeyond","TheEnding"],"potions_floor_usage":[],"damage_taken":[{"damage":7,"enemies":"Jaw Worm","floor":1,"turns":3},{"damage":0,"enemies":"2 Louse","floor":2,"turns":3},{"damage":0,"enemies":"Small Slimes","floor":3,"turns":2},{"damage":0,"enemies":"Looter","floor":4,"turns":2},{"damage":32,"enemies":"3 Sentries","floor":6,"turns":8},{"damage":1,"enemies":"3 Louse","floor":9,"turns":4},{"damage":0,"enemies":"Lagavulin","floor":13,"turns":2},{"damage":0,"enemies":"3 Louse","floor":14,"turns":2},{"damage":19,"enemies":"Hexaghost","floor":16,"turns":5},{"damage":9,"enemies":"2 Thieves","floor":18,"turns":2},{"damage":0,"enemies":"3 Byrds","floor":19,"turns":1},{"damage":4,"enemies":"Centurion and Healer","floor":21,"turns":3},{"damage":5,"enemies":"Book of Stabbing","floor":24,"turns":3},{"damage":0,"enemies":"Gremlin Leader","floor":27,"turns":3},{"damage":0,"enemies":"Chosen and Byrds","floor":28,"turns":2},{"damage":0,"enemies":"Book of Stabbing","floor":29,"turns":3},{"damage":0,"enemies":"Sentry and Sphere","floor":30,"turns":2},{"damage":0,"enemies":"Replay:Snechameleon","floor":31,"turns":2},{"damage":0,"enemies":"hubris:MusketHawk","floor":33,"turns":4},{"damage":0,"enemies":"Orb Walker","floor":35,"turns":2},{"damage":0,"enemies":"3 Darklings","floor":36,"turns":3},{"damage":0,"enemies":"Spire Growth","floor":38,"turns":2},{"damage":0,"enemies":"Maw","floor":39,"turns":3},{"damage":0,"enemies":"R_Hoarder","floor":40,"turns":6},{"damage":0,"enemies":"Giant Head","floor":42,"turns":4},{"damage":1,"enemies":"Sphere and 2 Shapes","floor":44,"turns":3},{"damage":0,"enemies":"R_Hoarder","floor":45,"turns":4},{"damage":0,"enemies":"Jaw Worm Horde","floor":46,"turns":2},{"damage":0,"enemies":"hubris:GrandSnecko","floor":50,"turns":2},{"damage":0,"enemies":"Donu and Deca","floor":51,"turns":4},{"damage":0,"enemies":"Shield and Spear","floor":55,"turns":2},{"damage":88,"enemies":"The Heart","floor":56,"turns":4}],"seed_played":"3641129496065549633","potions_obtained":[{"floor":2,"key":"Strength Potion"},{"floor":3,"key":"FocusPotion"}],"is_trial":false,"path_per_floor":["M","M","M","M","?","E","?","R","MIM","$","?","R","E","M","R","B",null,"M","M","?","M","$","R","E","?","T","E","M","E","M","E","R","B",null,"M","M","?","M","M","E","R","E","T","M","E","M","$","?","R","B","B",null,"R","$","E","B",null],"character_chosen":"DEFECT","items_purchased":["Scrape","Replay:Antivirus Software","Scrape","StoneCalendar","Raider\u0027s Mask","BirthdayGift-Tetrahedron","Nunchaku","Geode"],"campfire_rested":1,"item_purchase_floors":[10,47,47,47,47,54,54,54],"current_hp_per_floor":[57,57,57,57,57,25,25,25,24,24,47,47,47,48,48,29,61,52,52,34,30,30,51,46,46,46,51,54,57,60,74,89,92,97,100,103,106,106,109,112,114,117,117,119,122,125,128,128,129,129,129,129,129,129,132,44],"gold":560,"neow_bonus":"RANDOM_EVENT","is_daily":false,"chose_seed":false,"campfire_upgraded":6,"win_rate":0.0,"timestamp":1610528320,"path_taken":["M","M","M","M","?","E","?","R","MIM","$","?","R","E","M","R","BOSS","M","M","?","M","$","R","E","?","T","E","M","E","?","E","R","BOSS","M","M","?","?","M","E","R","E","T","M","E","M","$","?","R","BOSS","BOSS","R","$","E","BOSS"],"items_purchased_type":["Card","Relic","Card","Relic","Relic","Relic","Relic","Relic"],"build_version":"2020-12-22","purchased_purges":4,"victory":true,"max_hp_per_floor":[71,71,71,71,71,71,71,71,71,71,71,71,71,71,71,71,71,71,71,71,71,71,71,71,71,71,74,77,80,83,96,96,99,99,102,105,108,108,111,114,114,117,117,120,123,126,129,129,129,129,129,129,129,129,132,132],"card_choices":[{"not_picked":["Cold Snap","Force Field","Fusion"],"picked":"SKIP","floor":1},{"not_picked":["ReplayTheSpireMod:Calculation Training","Rebound","Barrage","Hologram"],"picked":"Beam Cell","floor":2},{"not_picked":["Undo","Streamline","Consume","BasicCrystalCard"],"picked":"Hologram","floor":3},{"not_picked":["Steam Power","Panic Button","MostiFishMod:ActiveDefenseSystem","Stack"],"picked":"Gash","floor":4},{"not_picked":["ReplaySolidLightProjector","Fusion","Steam Power","Barrage"],"picked":"Sweeping Beam","floor":6},{"not_picked":["Coolheaded","MostiFishMod:PushDownKick","Hello World","Chill"],"picked":"Gash","floor":9},{"not_picked":["Compile Driver","Steam","Reprogram","ReplayTheSpireMod:Reroute Power"],"picked":"MostiFishMod:Hijack","floor":13},{"not_picked":["Force Field","Conserve Battery","Rebound","Aggregate"],"picked":"Steam","floor":14},{"not_picked":["MostiFishMod:ATRI","Hyperbeam","ReplayTheSpireMod:Fabricate Wheel","MostiFishMod:DeathFromBelow"],"picked":"Machine Learning","floor":16},{"not_picked":["Stack+1","MostiFishMod:LinkProtocol","Recycle","Streamline"],"picked":"Beam Cell","floor":18},{"not_picked":["Redo","Auto Shields","Streamline+1","Storm"],"picked":"BootSequence","floor":19},{"not_picked":["ReplayTheSpireMod:System Scan","Hologram","Coolheaded","Go for the Eyes"],"picked":"Steam Power","floor":21},{"not_picked":["Streamline","Force Field","Hologram","MostiFishMod:LinkProtocol"],"picked":"ReplayTheSpireMod:Fabricate Wheel","floor":24},{"not_picked":["Leap","Consume","hubris:PowerSurge+1","Ball Lightning"],"picked":"Scrape","floor":27},{"not_picked":["Streamline","Barrage","Crystallizer+1","ReplaySolidLightProjector"],"picked":"Go for the Eyes","floor":28},{"not_picked":["Panic Button","ReplayRNGCard","MostiFishMod:ReprogramOld","Chaos"],"picked":"Turbo","floor":28},{"not_picked":["Recycle","Reprogram","Auto Shields","Barrage"],"picked":"Go for the Eyes+1","floor":29},{"not_picked":["Redo","Beam Cell","BasicCrystalCard","Panic Button"],"picked":"Go for the Eyes+1","floor":30},{"not_picked":["Hello World+1","Compile Driver","Reprogram","Chill"],"picked":"Hologram","floor":30},{"not_picked":["Ball Lightning","Rebound","Thunder Strike","Hologram"],"picked":"Go for the Eyes","floor":31},{"not_picked":["hubris:DoWhile","Hyperbeam","hubris:Prefetch","Fission"],"picked":"Machine Learning","floor":33},{"not_picked":["Sunder","Streamline","Go for the Eyes+1","Self Repair"],"picked":"Scrape","floor":35},{"not_picked":["Rebound","Compile Driver","Redo+1","Barrage+1"],"picked":"Hologram","floor":35},{"not_picked":["Stack","Redo","Turbo","Consume+1"],"picked":"MostiFishMod:DeathFromBelow","floor":36},{"not_picked":["Loop+1","Panic Button","Storm","Conserve Battery"],"picked":"White Noise","floor":36},{"not_picked":["BasicCrystalCard","Melter","Crystallizer","Barrage","MostiFishMod:PushDownKick"],"picked":"SKIP","floor":38},{"not_picked":["Barrage","Reprogram","Chaos","Time Bomb","ReplaySolidLightProjector"],"picked":"SKIP","floor":38},{"not_picked":["Self Repair","Stack+1","Storm","ReplayTheSpireMod:Calculation Training"],"picked":"Turbo","floor":39},{"not_picked":["aspiration:Polymerization","ReplayTheSpireMod:GoodbyeWorld+1","Defragment","Leap","MostiFishMod:IntelligentEquipment"],"picked":"SKIP","floor":39},{"not_picked":["BasicCrystalCard+1","Lockon","Steam","Sweeping Beam+1"],"picked":"Gash","floor":40},{"not_picked":["ReplaySort+1","ReplayTheSpireMod:Calculation Training+1","Panic Button+1","Beam Cell"],"picked":"Scrape+1","floor":42},{"not_picked":["Hello World","Cold Snap","Auto Shields","aspiration:Polymerization"],"picked":"FTL","floor":44},{"not_picked":["Genetic Algorithm","Stack+1","Turbo+1","Compile Driver"],"picked":"Panic Button+1","floor":44},{"not_picked":["Tempest+1","Redo","MostiFishMod:PushDownKick","Doom and Gloom+1"],"picked":"Core Surge","floor":45},{"not_picked":["hubris:Ukulele+1","Chaos+1","Crystallizer","Barrage"],"picked":"Gash","floor":46},{"not_picked":["MostiFishMod:PushDownKick","Blizzard","BasicCrystalCard","ReplaySort","Coolheaded"],"picked":"SKIP","floor":46},{"not_picked":["ReplayTheSpireMod:Reroute Power","Coolheaded","Blizzard","Ball Lightning+1"],"picked":"Hologram","floor":55}],"player_experience":289163,"relics_obtained":[{"floor":1,"key":"SynthV:TestCard"},{"floor":6,"key":"Bottled Lightning"},{"floor":9,"key":"Bag of Preparation"},{"floor":13,"key":"Akabeko"},{"floor":24,"key":"aspiration:HummingbirdHeart"},{"floor":24,"key":"Eternal Feather"},{"floor":26,"key":"DianPoetry"},{"floor":27,"key":"Replay:Ringing Soul"},{"floor":27,"key":"Thread and Needle"},{"floor":29,"key":"aspiration:EnhancedActuators"},{"floor":29,"key":"Happy Flower"},{"floor":31,"key":"Pear"},{"floor":31,"key":"hubris:PeanutButter"},{"floor":40,"key":"aspiration:HiddenCompartment"},{"floor":40,"key":"Replay:WaspNest"},{"floor":42,"key":"aspiration:StickyExplosives_weak"},{"floor":42,"key":"Oddly Smooth Stone"},{"floor":45,"key":"hubris:BottledRain"},{"floor":45,"key":"Juzu Bracelet"},{"floor":55,"key":"hubris:BundleOfHerbs"},{"floor":55,"key":"Cables"}],"event_choices":[{"damage_healed":0,"gold_gain":150,"player_choice":"AGREE","damage_taken":0,"max_hp_gain":0,"max_hp_loss":0,"event_name":"Liars Game","floor":5,"gold_loss":0,"cards_obtained":["Doubt"]},{"damage_healed":0,"gold_gain":0,"player_choice":"Fled","damage_taken":0,"max_hp_gain":0,"max_hp_loss":0,"event_name":"Scrap Ooze","floor":7,"gold_loss":0},{"damage_healed":23,"gold_gain":0,"player_choice":"Banana","damage_taken":0,"max_hp_gain":0,"max_hp_loss":0,"event_name":"Big Fish","floor":11,"gold_loss":0},{"damage_healed":0,"gold_gain":0,"cards_transformed":["Strike_B"],"player_choice":"Transformed","damage_taken":0,"max_hp_gain":0,"max_hp_loss":0,"event_name":"Transmorgrifier","floor":25,"gold_loss":0,"cards_obtained":["White Noise"]},{"damage_healed":0,"gold_gain":0,"player_choice":"1 cards matched","damage_taken":0,"max_hp_gain":0,"max_hp_loss":0,"event_name":"Match and Keep!","floor":37,"gold_loss":0,"cards_obtained":["Writhe"]},{"cards_removed":["Strike_B"],"damage_healed":0,"gold_gain":0,"player_choice":"Offered Basic","damage_taken":0,"max_hp_gain":0,"max_hp_loss":0,"event_name":"Bonfire Elementals","floor":48,"gold_loss":0}],"is_beta":false,"boss_relics":[{"not_picked":["aspiration:RunicSpoon","ChiXiaoBlade"],"picked":"Black Star"},{"not_picked":["Runic Dome","hubris:VirtuousBlindfold"],"picked":"HereWithMe"}],"items_purged_floors":[10,22,47,54],"is_endless":false,"potions_floor_spawned":[2,3,13,16,18,19,21,28,35,39,44,45,46,55],"ascension_level":20}}