{"host":"wqsqub3crsxqknzv","time":1610556611,"event":{"mods":["BaseMod","Colored Powertips","Downfall","Minty Spire (QoL Compilation)","StSLib"],"gold_per_floor":[99,113,113,26,26,42,42,42,217,217,127,157,169,184,194,194,194,194],"floor_reached":16,"playtime":578,"items_purged":["Doubt"],"score":100,"play_id":"0758b843-1c12-43b5-ae94-70c08d42aa58","local_time":"20210113185011","is_ascension_mode":false,"campfire_choices":[{"data":"champ:ViciousMockery","floor":1,"key":"SMITH"},{"floor":8,"key":"REST"},{"data":"champ:PerfectedStrike","floor":10,"key":"SMITH"}],"circlet_count":0,"master_deck":["champ:Strike","champ:Strike","champ:Strike","champ:Strike","champ:Defend","champ:Defend","champ:Defend","champ:Defend","champ:Execute","champ:Taunt","champ:ViciousMockery+1","champ:PerfectedStrike+1","champ:PerfectedStrike","champ:IronFortress","champ:BerserkersShout","champ:HeartStrike","champ:IgnorePain","champ:Shatter","champ:PreciseThrust"],"relics":["champ:ChampionCrown","downfall:BrokenWingStatue","Dream Catcher","Lizard Tail","Pocketwatch"],"acts_visited":["Exordium"],"potions_floor_usage":[4,13,16,16],"damage_taken":[{"damage":16,"enemies":"Small Slimes","floor":2,"turns":5},{"damage":13,"enemies":"downfall:FleeingMerchant","floor":4,"turns":4},{"damage":5,"enemies":"2 Louse","floor":6,"turns":2},{"damage":13,"enemies":"downfall:FleeingMerchant","floor":11,"turns":4},{"damage":34,"enemies":"Gremlin Nob","floor":12,"turns":5},{"damage":3,"enemies":"Jaw Worm","floor":13,"turns":1},{"damage":0,"enemies":"2 Fungi Beasts","floor":14,"turns":3},{"damage":25,"enemies":"Lots of Slimes","floor":15,"turns":6},{"damage":60,"enemies":"downfall:Defect","floor":16,"turns":6}],"seed_played":"1219520073692070975","potions_obtained":[{"floor":2,"key":"LiquidBronze"},{"floor":12,"key":"Explosive Potion"},{"floor":13,"key":"CultistPotion"},{"floor":14,"key":"Swift Potion"}],"is_trial":false,"path_per_floor":["R","M","?","$","?","M","T","R","?","R","$","E","M","M","M","B"],"character_chosen":"THE_CHAMP","items_purchased":["champ:IronFortress"],"campfire_rested":1,"item_purchase_floors":[4],"current_hp_per_floor":[90,79,79,76,43,38,38,65,65,65,65,31,31,31,9,0,0,0],"gold":194,"neow_bonus":"THREE_CARDS","is_daily":false,"chose_seed":false,"campfire_upgraded":2,"win_rate":0.0,"timestamp":1610556611,"path_taken":["R","M","?","$","?","M","T","R","?","R","$","E","?","M","M","BOSS"],"items_purchased_type":["Card"],"build_version":"2020-11-29","purchased_purges":1,"victory":false,"max_hp_per_floor":[90,90,90,90,90,90,90,90,90,90,90,90,90,90,90,90,90,90],"card_choices":[{"not_picked":["champ:AdrenalArmor","champ:TornadoPunch"],"picked":"champ:ViciousMockery","floor":0},{"not_picked":["champ:BladeFlurry","champ:ViciousMockery"],"picked":"champ:PerfectedStrike","floor":2},{"not_picked":["champ:GutPunch","champ:RisingSlash"],"picked":"champ:PerfectedStrike","floor":4},{"not_picked":["champ:DefensiveStyle","champ:PerfectedStrike"],"picked":"champ:BerserkersShout","floor":6},{"not_picked":["champ:StanceDance","champ:DefensiveStyle"],"picked":"champ:HeartStrike","floor":8},{"not_picked":["champ:StanceDance","champ:Encircle","champ:BladeFlurry"],"picked":"SKIP","floor":11},{"not_picked":["champ:BerserkersShout","champ:GutPunch"],"picked":"champ:IgnorePain","floor":12},{"not_picked":["champ:SkillfulDodge","champ:FanOfKnives"],"picked":"champ:Shatter","floor":13},{"not_picked":["champ:BladeFlurry","champ:GladiatorsShout","champ:PerfectedStrike"],"picked":"SKIP","floor":14},{"not_picked":["champ:Haymaker","champ:SkillfulDodge"],"picked":"champ:PreciseThrust","floor":15}],"player_experience":18756,"relics_obtained":[{"floor":7,"key":"Lizard Tail"},{"floor":12,"key":"Pocketwatch"}],"event_choices":[{"damage_healed":0,"gold_gain":0,"player_choice":"Success","damage_taken":33,"relics_obtained":["Dream Catcher"],"max_hp_gain":0,"max_hp_loss":0,"event_name":"Scrap Ooze","floor":5,"gold_loss":0}],"is_beta":false,"boss_relics":[],"items_purged_floors":[11],"is_endless":false,"potions_floor_spawned":[2,12,13,14],"killed_by":"downfall:Defect","ascension_level":0}}