{"host":"6pgtslebjnyv5xmi","time":1610515588,"event":{"mods":["AchievementEnabler","BaseMod","Colored Map","Minty Spire (QoL Compilation)","Rare Cards Sparkle","StSLib","SuperFastMode","The Cursed","everything is the same but u backflip on backflip"],"gold_per_floor":[112,127,127,52,52,52,65,65,112,112,124,124,137,151,151,225,225,238,255,255,120,120,120,120,140,210,210,210,222,233,248,248,248,248],"floor_reached":33,"language":"KOR","playtime":1017,"items_purged":["Strike_R","Defend_R"],"score":418,"play_id":"b98bfcd0-1cab-41cf-adf9-216a4c381572","local_time":"20210113142628","is_ascension_mode":true,"campfire_choices":[{"data":"Searing Blow","floor":6.0,"key":"SMITH"},{"data":"Searing Blow+1","floor":8.0,"key":"SMITH"},{"data":"Searing Blow+2","floor":12.0,"key":"SMITH"},{"data":"Searing Blow+3","floor":15.0,"key":"SMITH"},{"data":"Searing Blow+4","floor":23.0,"key":"SMITH"},{"data":"Searing Blow+5","floor":28,"key":"SMITH"},{"data":"Searing Blow+6","floor":32,"key":"SMITH"}],"circlet_count":0,"master_deck":["AscendersBane","Strike_R","Strike_R","Strike_R","Defend_R","Defend_R","Defend_R+1","Bash+1","Clash","Searing Blow+7","Fire Breathing","Ghostly Armor","Clash","Armaments+1","Sever Soul","Heavy Blade+1","Metallicize"],"relics":["Burning Blood","Omamori","Mark of Pain","Mummified Hand","Paper Frog"],"acts_visited":["Exordium","TheCity"],"potions_floor_usage":[25,25,29,33],"damage_taken":[{"damage":10.0,"enemies":"Small Slimes","floor":1.0,"turns":4.0},{"damage":7.0,"enemies":"2 Louse","floor":2.0,"turns":3.0},{"damage":12.0,"enemies":"Jaw Worm","floor":7.0,"turns":2.0},{"damage":7.0,"enemies":"Exordium Wildlife","floor":11.0,"turns":5.0},{"damage":7.0,"enemies":"Exordium Thugs","floor":13.0,"turns":4.0},{"damage":0.0,"enemies":"Large Slime","floor":14.0,"turns":5.0},{"damage":42.0,"enemies":"The Guardian","floor":16.0,"turns":11.0},{"damage":12.0,"enemies":"Spheric Guardian","floor":18.0,"turns":4.0},{"damage":20.0,"enemies":"3 Byrds","floor":19.0,"turns":6.0},{"damage":27,"enemies":"Snecko","floor":25,"turns":4},{"damage":15,"enemies":"Snake Plant","floor":29,"turns":3},{"damage":0,"enemies":"Cultist and Chosen","floor":30,"turns":4},{"damage":30,"enemies":"Snecko","floor":31,"turns":6},{"damage":13,"enemies":"Automaton","floor":33,"turns":2}],"seed_played":"-1536256480726629909","potions_obtained":[{"floor":7.0,"key":"Regen Potion"},{"floor":11.0,"key":"DuplicationPotion"},{"floor":20.0,"key":"SneckoOil"},{"floor":20.0,"key":"Fruit Juice"},{"floor":25,"key":"SneckoOil"},{"floor":30,"key":"CultistPotion"}],"is_trial":false,"path_per_floor":["M","M","?","$","?","R","M","R","T","?","M","R","M","M","R","B",null,"M","M","?","$","T","R","?","M","T","?","R","M","M","M","R","B"],"character_chosen":"IRONCLAD","items_purchased":["Sever Soul"],"campfire_rested":0,"item_purchase_floors":[21],"current_hp_per_floor":[64,63,40,40,65,65,59,59,59,52,51,51,50,56,56,35,65,59,45,45,45,45,45,60,44,44,38,38,29,35,11,11,0,0],"gold":248,"neow_bonus":"THREE_CARDS","is_daily":false,"chose_seed":false,"campfire_upgraded":7,"win_rate":0.0,"timestamp":1610515588,"path_taken":["M","M","?","$","?","R","M","R","T","?","M","R","M","?","R","BOSS","M","M","?","$","?","R","?","M","T","?","R","?","M","M","R","BOSS"],"items_purchased_type":["Card"],"build_version":"2020-12-22","purchased_purges":2,"victory":false,"max_hp_per_floor":[75,75,75,75,75,75,75,75,75,75,75,75,75,75,75,75,75,75,75,75,75,75,75,75,80,80,80,80,80,80,80,80,80,80],"card_choices":[{"not_picked":["Entrench","Shrug It Off"],"picked":"Clash","floor":0.0},{"not_picked":["Cleave","Flame Barrier"],"picked":"Searing Blow","floor":1.0},{"not_picked":["Clash","Twin Strike"],"picked":"Fire Breathing","floor":2.0},{"not_picked":["Inflame","Dark Embrace"],"picked":"Ghostly Armor","floor":7.0},{"not_picked":["Power Through","Dropkick"],"picked":"Clash","floor":11.0},{"not_picked":["Intimidate","Carnage","Sentinel"],"picked":"SKIP","floor":13.0},{"not_picked":["Carnage","Warcry","Twin Strike"],"picked":"SKIP","floor":14.0},{"not_picked":["Rampage","Anger","Iron Wave"],"picked":"SKIP","floor":18.0},{"not_picked":["Clash","Warcry"],"picked":"Armaments+1","floor":19.0},{"not_picked":["Twin Strike","Pommel Strike"],"picked":"Heavy Blade+1","floor":25},{"not_picked":["Spot Weakness","Anger","Pommel Strike"],"picked":"SKIP","floor":29},{"not_picked":["Bloodletting","Shockwave"],"picked":"Metallicize","floor":30},{"not_picked":["Pummel","Dark Embrace","Sentinel"],"picked":"SKIP","floor":31}],"player_experience":945103,"relics_obtained":[{"floor":9.0,"key":"Omamori"},{"floor":22.0,"key":"Mummified Hand"},{"floor":26,"key":"Paper Frog"}],"event_choices":[{"damage_healed":0.0,"max_hp_gain":0.0,"max_hp_loss":0.0,"gold_gain":0.0,"event_name":"Shining Light","player_choice":"Entered Light","floor":3.0,"gold_loss":0.0,"damage_taken":23.0,"cards_upgraded":["Bash","Defend_R"]},{"damage_healed":25.0,"max_hp_gain":0.0,"max_hp_loss":0.0,"gold_gain":0.0,"event_name":"Big Fish","player_choice":"Banana","floor":5.0,"gold_loss":0.0,"damage_taken":0.0},{"cards_removed":["Strike_R"],"damage_healed":0.0,"max_hp_gain":0.0,"max_hp_loss":0.0,"gold_gain":0.0,"event_name":"Golden Wing","player_choice":"Card Removal","floor":10.0,"gold_loss":0.0,"damage_taken":7.0},{"damage_healed":0.0,"max_hp_gain":0.0,"max_hp_loss":0.0,"gold_gain":0.0,"event_name":"Lab","player_choice":"Got Potions","floor":20.0,"gold_loss":0.0,"damage_taken":0.0},{"damage_healed":15,"gold_gain":0,"player_choice":"Heal","damage_taken":0,"max_hp_gain":0,"max_hp_loss":0,"event_name":"The Library","floor":24,"gold_loss":0},{"damage_healed":0,"gold_gain":0,"player_choice":"","damage_taken":6,"max_hp_gain":0,"max_hp_loss":0,"event_name":"Knowing Skull","floor":27,"potions_obtained":[],"gold_loss":0,"cards_obtained":[]}],"is_beta":false,"boss_relics":[{"not_picked":["Black Blood","Snecko Eye"],"picked":"Mark of Pain"}],"items_purged_floors":[4,21],"is_endless":false,"potions_floor_spawned":[7,11,14,25,30],"killed_by":"Automaton","ascension_level":15}}