{"host":"f2dtkdj52ep8eeb0","time":1610580764,"event":{"mods":["2.2 Compatiblity","AchievementEnabler","Aspiration","BaseMod","Block Reminder","Defuse TimeMaze Blight","Hubris","Infinite Spire","Luminous","Marisa????????","Minty Spire (QoL Compilation)","Replay The Spire","Shade Mod","Spicy Shops","StSLib","SuperFastMode","The Alterego","The Blue Laboratory","The Cursed","TheSwordswoman","Treasure Hunter"],"gold_per_floor":[1830,1830,1830,1846,1011,1011,1033,1076,1085,1128,1152,1200,811,855,855,1020,1020,1047,1146,1061,1103,1103,1175,1175,1223,1259,1259,1259,515,602,629,629,839,839,920,1029,1029,1029,1147,1147,1242,1242,1251,1251,1251],"floor_reached":44,"language":"ENG","playtime":1699,"items_purged":[],"score":663,"play_id":"3fd99f62-04fe-4601-96aa-a610a02b9c9b","local_time":"20210113183244","is_ascension_mode":false,"campfire_choices":[{"data":"PulseMagic","floor":6,"key":"SMITH"},{"data":"Apotheosis","floor":15,"key":"SMITH"},{"floor":24,"key":"REST"},{"floor":28,"key":"REST"},{"floor":32,"key":"REST"},{"data":"IllusionStar","floor":42,"key":"SMITH"}],"circlet_count":0,"master_deck":["Strike_MRS","Strike_MRS","Strike_MRS","Strike_MRS","Defend_MRS","Defend_MRS","Defend_MRS","Defend_MRS","MasterSpark","UpSweep+1","WitchLeyline","ShootingEcho+1","PulseMagic+1","Robbery+1","WitchLeyline+1","TH:CopperCoins","EarthLightRay","TH:DeckOfManyThings","NonDirectionalLaser+1","IllusionStar+1","TH:TreasureMap","LuminesStrike+1","DC+1","GalacticHalo","Thinking Ahead","Flash of Steel+1","Apotheosis+1","DeepEcoloBomb+1","TH:PixieDust","FinalSpark+1","UnstableBomb+1","NonDirectionalLaser+1","TH:ArmorSpikes","IllusionStar+1","SatelliteIllusion","TH:ArmorSpikes","MysteriousBeam+1","EventHorizon","DoubleSpark+1","PropBag+1","TH:CopperCoins","UltimateShortwave+1","PowerUp+1","6A+1","MilkyWay+1","IllusionStar+1","TH:CursedSword"],"relics":["MiniHakkero","NeowsBlessing","Molten Egg 2","CeramicFish","aspiration:SeaSaltIceCream","Chameleon Ring","PreservedInsect","aspiration:Lifesprig","Replay:Baseball","Vajra","Lantern","ReplayTheSpireMod:ShopPack","hubris:Stopwatch","Toxic Egg 2","Omamori","Orichalcum","alterego_mod:SomeoneToFightFor","Replay:Ringing Soul","ClockworkSouvenir","FossilizedHelix","hubris:SlimyHat","infinitespire:EvilPickle","Ring of Chaos","Replay:Bottled Flurry","aspiration:RunicSpoon","hubris:BottledRain","Mercury Hourglass"],"acts_visited":["Exordium","TheCity","TheBeyond"],"potions_floor_usage":[8,11,12,16,16,16,23,23,31,41,41],"damage_taken":[{"damage":0,"enemies":"Jaw Worm","floor":1,"turns":1},{"damage":0,"enemies":"2 Louse","floor":4,"turns":1},{"damage":0,"enemies":"Cultist","floor":7,"turns":1},{"damage":0,"enemies":"Gremlin Nob","floor":8,"turns":2},{"damage":0,"enemies":"3 Louse","floor":10,"turns":3},{"damage":0,"enemies":"Looter","floor":11,"turns":1},{"damage":11,"enemies":"Replay:BlueRogue","floor":12,"turns":3},{"damage":0,"enemies":"Exordium Wildlife","floor":14,"turns":1},{"damage":28,"enemies":"Hexaghost","floor":16,"turns":6},{"damage":15,"enemies":"2 Thieves","floor":18,"turns":3},{"damage":10,"enemies":"Spheric Guardian","floor":21,"turns":3},{"damage":29,"enemies":"Gremlin Leader","floor":23,"turns":3},{"damage":10,"enemies":"Chosen and Byrds","floor":25,"turns":4},{"damage":14,"enemies":"Snake Plant","floor":31,"turns":2},{"damage":27,"enemies":"Pondfish","floor":33,"turns":10},{"damage":48,"enemies":"3 Darklings","floor":35,"turns":4},{"damage":9,"enemies":"3 Shapes","floor":36,"turns":4},{"damage":18,"enemies":"Maw","floor":39,"turns":7},{"damage":0,"enemies":"Spire Growth","floor":41,"turns":2},{"damage":23,"enemies":"3 Darklings","floor":44,"turns":2}],"seed_played":"-2124933177688334967","potions_obtained":[{"floor":4,"key":"Regen Potion"},{"floor":7,"key":"Dexterity Potion"},{"floor":10,"key":"Adrenaline Potion"},{"floor":12,"key":"EssenceOfSteel"},{"floor":16,"key":"BlessingOfTheForge"},{"floor":21,"key":"Ancient Potion"},{"floor":23,"key":"BlessingOfTheForge"},{"floor":31,"key":"Energy Potion"},{"floor":39,"key":"blueLaboratory:FruitPunch"},{"floor":40,"key":"BottledSpark"}],"is_trial":false,"path_per_floor":["M","?","?","M","$","R","M","E","T","M","M","E","$","M","R","B",null,"M","?","?","M","?","E","R","M","T","?","R","$","?","M","R","B",null,"M","M","AVR","?","M","R","M","R","T","M"],"character_chosen":"MARISA","items_purchased":["CeramicFish","aspiration:SeaSaltIceCream","Chameleon Ring","PulseMagic","Robbery+1","ColorlessPotion","Lantern","DC+1","ReplayTheSpireMod:ShopPack","GalacticHalo","ColorlessPotion","Replay:Ringing Soul","ClockworkSouvenir","FossilizedHelix","MysteriousBeam+1"],"campfire_rested":3,"item_purchase_floors":[5,5,5,5,5,5,13,13,13,13,13,29,29,29,29],"current_hp_per_floor":[75,75,75,75,75,75,75,75,75,75,75,75,75,75,75,53,75,60,60,60,50,50,21,43,37,37,37,59,62,34,27,52,32,87,63,78,78,78,63,63,69,69,72,49,49],"gold":1251,"neow_bonus":"THREE_ENEMY_KILL","is_daily":false,"chose_seed":false,"campfire_upgraded":3,"win_rate":0.0,"timestamp":1610580764,"path_taken":["M","?","?","M","$","R","M","E","T","M","M","E","?","M","R","BOSS","M","?","?","M","?","E","R","?","T","?","R","$","?","M","R","BOSS","M","?","AVR","?","M","R","M","R","T","M"],"items_purchased_type":["Relic","Relic","Relic","Card","Card","Potion","Relic","Card","Relic","Card","Potion","Relic","Relic","Relic","Card"],"build_version":"2020-12-22","purchased_purges":0,"victory":false,"max_hp_per_floor":[75,75,75,75,75,75,75,75,75,75,75,75,75,75,75,75,75,75,75,75,75,75,75,75,75,75,75,75,78,81,84,84,87,87,90,93,93,93,96,96,102,102,105,105,105],"card_choices":[{"not_picked":["BlazeAway","DragonMeteor"],"picked":"WitchLeyline","floor":1},{"not_picked":["Acceleration","UnstableBomb+1"],"picked":"ShootingEcho+1","floor":4},{"not_picked":["DarkMatter","GravityBeat+1"],"picked":"WitchLeyline+1","floor":7},{"not_picked":["TH:PixieDust"],"picked":"TH:CopperCoins","floor":8},{"not_picked":["UltimateShortwave","Acceleration"],"picked":"EarthLightRay","floor":8},{"not_picked":["TH:Mimic"],"picked":"TH:DeckOfManyThings","floor":9},{"not_picked":["OortCloud","LuminesStrike+1"],"picked":"NonDirectionalLaser+1","floor":10},{"not_picked":["PulseMagic","MilkyWay"],"picked":"IllusionStar","floor":11},{"not_picked":["TH:PixieDust"],"picked":"TH:TreasureMap","floor":12},{"not_picked":["EarthLightRay","ManaConvection"],"picked":"LuminesStrike+1","floor":12},{"not_picked":["Secret Technique","Replay:Dark Deal"],"picked":"Thinking Ahead","floor":13},{"not_picked":["Finesse","Jack Of All Trades"],"picked":"Flash of Steel","floor":13},{"not_picked":["Good Instincts","Magnetism"],"picked":"Apotheosis","floor":13},{"not_picked":["DragonMeteor+1","LuminesStrike+1"],"picked":"DeepEcoloBomb+1","floor":14},{"not_picked":["TH:BikiniMail"],"picked":"TH:PixieDust","floor":16},{"not_picked":["SuperNova","BinaryStars"],"picked":"FinalSpark+1","floor":16},{"not_picked":["GalacticHalo","ShootTheMoon+1"],"picked":"UnstableBomb+1","floor":18},{"not_picked":["UnstableBomb+1","Occultation+1"],"picked":"NonDirectionalLaser+1","floor":21},{"not_picked":["TH:CopperCoins"],"picked":"TH:ArmorSpikes","floor":23},{"not_picked":["LuminesStrike+1","Acceleration+1"],"picked":"IllusionStar+1","floor":23},{"not_picked":["WitchOfGreed","DC+1"],"picked":"SatelliteIllusion","floor":25},{"not_picked":["TH:ElvenBoots"],"picked":"TH:ArmorSpikes","floor":26},{"not_picked":["GasGiant+1","EnergyRecoil+1"],"picked":"EventHorizon","floor":30},{"not_picked":["GalacticHalo+1","AsteroidBelt+1"],"picked":"DoubleSpark+1","floor":30},{"not_picked":["NonDirectionalLaser+1","DarkSpark+1"],"picked":"PropBag+1","floor":31},{"not_picked":["TH:TreasureMap"],"picked":"TH:CopperCoins","floor":33},{"not_picked":["BigCrunch+1","JA+1"],"picked":"UltimateShortwave+1","floor":33},{"not_picked":["WitchLeyline+1","EnergyFlow"],"picked":"PowerUp+1","floor":35},{"not_picked":["DoubleSpark+1","ShootingEcho+1"],"picked":"6A+1","floor":36},{"not_picked":["AsteroidBelt+1","WitchOfGreed+1"],"picked":"MilkyWay+1","floor":39},{"not_picked":["DoubleSpark+1","WitchLeyline+1"],"picked":"IllusionStar+1","floor":41},{"not_picked":["TH:BikiniMail"],"picked":"TH:CursedSword","floor":43}],"player_experience":313464,"relics_obtained":[{"floor":8,"key":"aspiration:Lifesprig"},{"floor":9,"key":"Replay:Baseball"},{"floor":12,"key":"Vajra"},{"floor":23,"key":"Omamori"},{"floor":26,"key":"Orichalcum"},{"floor":30,"key":"hubris:SlimyHat"},{"floor":43,"key":"hubris:BottledRain"}],"event_choices":[{"damage_healed":0,"gold_gain":99,"player_choice":"Stole From Cult","damage_taken":0,"max_hp_gain":0,"max_hp_loss":0,"event_name":"Nest","floor":19,"gold_loss":0},{"damage_healed":0,"gold_gain":0,"player_choice":"Obtained Relic","damage_taken":0,"relics_obtained":["Toxic Egg 2"],"max_hp_gain":0,"max_hp_loss":0,"event_name":"Addict","floor":20,"gold_loss":85},{"cards_removed":["Injury"],"damage_healed":0,"gold_gain":0,"player_choice":"Purged","damage_taken":0,"max_hp_gain":0,"max_hp_loss":0,"event_name":"Purifier","floor":22,"gold_loss":0},{"damage_healed":0,"gold_gain":0,"player_choice":"Choice 2","damage_taken":0,"relics_obtained":["alterego_mod:SomeoneToFightFor"],"max_hp_gain":0,"max_hp_loss":0,"event_name":"Secret Garden","floor":27,"gold_loss":0},{"damage_healed":0,"gold_gain":0,"player_choice":"Ignored","damage_taken":0,"max_hp_gain":0,"max_hp_loss":0,"event_name":"Tomb of Lord Red Mask","floor":38,"gold_loss":0}],"is_beta":false,"boss_relics":[{"not_picked":["hubris:TerracottaHorce","aspiration:DefectSkillbook"],"picked":"hubris:Stopwatch"},{"not_picked":["Honey Jar","hubris:VirtuousBlindfold"],"picked":"Ring of Chaos"}],"items_purged_floors":[],"is_endless":false,"potions_floor_spawned":[4,7,8,10,12,16,21,23,31,35,39,41],"killed_by":"3 Darklings","ascension_level":0}}