{"host":"bux1pdxjwq4dkad9","time":1610510426,"event":{"mods":["100% Spire Juice","BaseMod","Colored Map","Minty Spire (QoL Compilation)","Quick Restart","Spicy Shops","StSLib","SuperFastMode","°æ“≈ŒÔMod°øºÚµ•”Œœ∑"],"gold_per_floor":[119,44,44,44,58,98,98,98,122,161,177,220,295,314,314,445,445,466,466,479,479,132,174,174,210,210,263,284,327,341,15,15,148,148,173,506,367,384,384,423,438,480,480,498,537,549,575,485,485,485,485,485,485,517,517],"floor_reached":56,"language":"ZHS","playtime":1604,"items_purged":["Moonworks:Strike","Moonworks:Strike","Moonworks:Defend"],"score":2067,"play_id":"51bc35d0-089f-4605-b73a-4806f186205f","local_time":"20210113120026","is_ascension_mode":true,"campfire_choices":[{"data":"Moonworks:Ambush","floor":8.0,"key":"SMITH"},{"data":"Moonworks:JonathanRush","floor":15.0,"key":"SMITH"},{"floor":24.0,"key":"RECALL"},{"data":"Moonworks:MiracleWalker","floor":32.0,"key":"SMITH"},{"data":"Moonworks:CrystalBarrier","floor":49,"key":"SMITH"},{"data":"Moonworks:Dash","floor":52,"key":"SMITH"}],"circlet_count":0,"master_deck":["Moonworks:Strike","Moonworks:Defend","Moonworks:Ambush+1","Moonworks:LongDistanceShot","Moonworks:CrystalBarrier+1","Moonworks:JonathanRush+1","Moonworks:BackdoorTrade+1","Moonworks:BackdoorTrade","Moonworks:Dash+1","Moonworks:MiracleWalker+1","Moonworks:LeapThroughSpace+1","Moonworks:WeAreWaruda","Moonworks:JonathanRush+1","Moonworks:EvilSpyWorkPreparation+1"],"relics":["Moonworks:BrokenBomb","Moonworks:Homemark","ImprovedEquipment","Calipers","Mummified Hand","Happy Flower","Bag of Preparation","Mercury Hourglass","SacredBark","MutagenicStrength","CeramicFish","Moonworks:LittleGull","Lantern","Pen Nib","Frozen Egg 2","Membership Card","Shuriken","Black Star","ClockworkSouvenir","Akabeko","Pear","Juzu Bracelet","StrikeDummy","InkBottle","Toxic Egg 2","White Beast Statue","Incense Burner","Toy Ornithopter","Anchor"],"acts_visited":["Exordium","TheCity","TheBeyond","TheEnding"],"potions_floor_usage":[55,55,55,55,55],"damage_taken":[{"damage":0.0,"enemies":"2 Louse","floor":1.0,"turns":2.0},{"damage":0.0,"enemies":"Cultist","floor":5.0,"turns":2.0},{"damage":0.0,"enemies":"Lagavulin","floor":6.0,"turns":4.0},{"damage":0.0,"enemies":"Gremlin Nob","floor":10.0,"turns":3.0},{"damage":0.0,"enemies":"Jaw Worm","floor":11.0,"turns":3.0},{"damage":0.0,"enemies":"3 Sentries","floor":12.0,"turns":3.0},{"damage":0.0,"enemies":"2 Fungi Beasts","floor":14.0,"turns":1.0},{"damage":0.0,"enemies":"Slime Boss","floor":16.0,"turns":5.0},{"damage":0.0,"enemies":"Spheric Guardian","floor":18.0,"turns":3.0},{"damage":0.0,"enemies":"Chosen","floor":20.0,"turns":2.0},{"damage":0.0,"enemies":"Snake Plant","floor":22.0,"turns":3.0},{"damage":0.0,"enemies":"Slavers","floor":23.0,"turns":3.0},{"damage":0.0,"enemies":"Book of Stabbing","floor":25.0,"turns":2.0},{"damage":0.0,"enemies":"Slavers","floor":27.0,"turns":2.0},{"damage":0.0,"enemies":"Snecko","floor":28.0,"turns":2.0},{"damage":0.0,"enemies":"Book of Stabbing","floor":29.0,"turns":2.0},{"damage":0.0,"enemies":"Cultist and Chosen","floor":30.0,"turns":2.0},{"damage":0.0,"enemies":"Champ","floor":33.0,"turns":3.0},{"damage":0.0,"enemies":"3 Darklings","floor":35.0,"turns":1.0},{"damage":0.0,"enemies":"Orb Walker","floor":38.0,"turns":2.0},{"damage":0.0,"enemies":"Nemesis","floor":40.0,"turns":3.0},{"damage":0.0,"enemies":"Jaw Worm Horde","floor":41.0,"turns":1.0},{"damage":6.0,"enemies":"Giant Head","floor":42.0,"turns":1.0},{"damage":0,"enemies":"Spire Growth","floor":44,"turns":1},{"damage":0,"enemies":"Nemesis","floor":45,"turns":1},{"damage":0,"enemies":"Writhing Mass","floor":46,"turns":1},{"damage":0,"enemies":"Reptomancer","floor":47,"turns":1},{"damage":0,"enemies":"Time Eater","floor":50,"turns":2},{"damage":0,"enemies":"Shield and Spear","floor":54,"turns":1},{"damage":0,"enemies":"The Heart","floor":55,"turns":3}],"seed_played":"-2395224006787818597","potions_obtained":[{"floor":1.0,"key":"Explosive Potion"},{"floor":5.0,"key":"SpeedPotion"},{"floor":6.0,"key":"EntropicBrew"},{"floor":11.0,"key":"Energy Potion"},{"floor":16.0,"key":"DistilledChaos"},{"floor":22.0,"key":"Fruit Juice"},{"floor":23.0,"key":"Weak Potion"},{"floor":28.0,"key":"LiquidMemories"}],"is_trial":false,"path_per_floor":["M","$","?","?","M","E","?","R","T","E","M","E","?","M","R","B",null,"M","?","M","?","M","E","R","E","T","E","M","E","M","$","R","B",null,"M","?","$","M","?","E","M","E","T","M","E","M","E","?","R","B",null,"R","$","E","B",null],"character_chosen":"THE_STARBREAKER","items_purchased":["Membership Card","Shuriken","ClockworkSouvenir"],"campfire_rested":0,"item_purchase_floors":[31,31,37],"current_hp_per_floor":[42,42,27,27,27,27,27,27,27,27,27,27,16,16,16,16,60,60,60,60,60,70,70,70,70,70,70,70,70,70,70,70,70,70,70,70,70,70,70,80,80,80,80,80,80,80,80,80,80,80,80,80,80,80,80],"gold":517,"neow_bonus":"ONE_RARE_RELIC","is_daily":false,"chose_seed":false,"campfire_upgraded":5,"win_rate":0.0,"timestamp":1610510426,"path_taken":["M","$","?","?","?","E","?","R","T","E","M","E","?","M","R","BOSS","M","?","M","?","M","E","R","E","T","E","M","E","?","$","R","BOSS","M","?","$","M","?","E","M","E","T","M","E","M","E","?","R","BOSS","R","$","E","BOSS"],"items_purchased_type":["Relic","Relic","Relic"],"build_version":"2020-12-22","purchased_purges":3,"victory":true,"max_hp_per_floor":[60,60,60,60,60,60,60,60,60,60,60,60,60,60,60,60,60,60,60,60,60,70,70,70,70,70,70,70,70,70,70,70,70,70,70,70,70,70,70,80,80,80,80,80,80,80,80,80,80,80,80,80,80,80,80],"card_choices":[{"not_picked":["Moonworks:AngelHand","Moonworks:BigMagnum","Moonworks:EvilSpyWorkPreparation"],"picked":"SKIP","floor":1.0},{"not_picked":["Moonworks:ImmovableObject","Moonworks:BigMagnum"],"picked":"Moonworks:IndiscriminateFireSupport","floor":5.0},{"not_picked":["Moonworks:ImOnFire","Moonworks:AwakeningOfTalent","Moonworks:SweetBattle"],"picked":"SKIP","floor":6.0},{"not_picked":["Moonworks:CloudOfSeagulls","Moonworks:ImmovableObject"],"picked":"Moonworks:CrystalBarrier","floor":10.0},{"not_picked":["Moonworks:CloudOfSeagulls","Moonworks:LulusLuckyEgg","Moonworks:SakisCookie"],"picked":"SKIP","floor":11.0},{"not_picked":["Moonworks:StarBlastingFuse","Moonworks:SakisCookie","Moonworks:UnpaidWork"],"picked":"SKIP","floor":12.0},{"not_picked":["Moonworks:IndiscriminateFireSupport","Moonworks:RedAndBlue"],"picked":"Moonworks:JonathanRush","floor":14.0},{"not_picked":["Moonworks:CloudOfSeagulls","Moonworks:LulusLuckyEgg","Moonworks:FinalSurgery+1"],"picked":"SKIP","floor":18.0},{"not_picked":["Moonworks:SakisCookie","Moonworks:EvilSpyWorkPreparation"],"picked":"Moonworks:BackdoorTrade","floor":20.0},{"not_picked":["Moonworks:Assault","Moonworks:IndiscriminateFireSupport","Moonworks:ExtendedPhotonRifle+1"],"picked":"SKIP","floor":22.0},{"not_picked":["Moonworks:SakisCookie+1","Moonworks:Bloodlust"],"picked":"Moonworks:BackdoorTrade","floor":23.0},{"not_picked":["Moonworks:CrystalBarrier","Moonworks:BindingChains","Moonworks:SelfDestruct+1"],"picked":"SKIP","floor":25.0},{"not_picked":["Moonworks:SealedMemories","Moonworks:SweetBattle"],"picked":"Moonworks:Dash","floor":27.0},{"not_picked":["Moonworks:NicePresent","Moonworks:CookingTime","Moonworks:DeployBits"],"picked":"SKIP","floor":28.0},{"not_picked":["Moonworks:IndiscriminateFireSupport","Moonworks:FullSpeedAlicianrone"],"picked":"Moonworks:MiracleWalker","floor":29.0},{"not_picked":["Moonworks:DeployBits","Moonworks:BigMagnum","Moonworks:CastOff"],"picked":"SKIP","floor":30.0},{"not_picked":["Moonworks:Blazing+1","Moonworks:PlushieMaster"],"picked":"Moonworks:LeapThroughSpace+1","floor":33.0},{"not_picked":["Moonworks:FullSpeedAlicianrone+1","Moonworks:DevilHand","Moonworks:EvilSpyWorkPreparation+1"],"picked":"SKIP","floor":35.0},{"not_picked":["Moonworks:SakisCookie","Moonworks:EvilSpyWorkPreparation+1","Moonworks:CloudOfSeagulls"],"picked":"SKIP","floor":38.0},{"not_picked":["Moonworks:BigMagnum+1","Moonworks:NicePresent","Moonworks:WeAreWaruda"],"picked":"SKIP","floor":40.0},{"not_picked":["Moonworks:BigMagnum+1","Moonworks:NicePresent"],"picked":"Moonworks:WeAreWaruda","floor":40.0},{"not_picked":["Moonworks:SakisCookie+1","Moonworks:FinalSurgery","Moonworks:Assault+1"],"picked":"SKIP","floor":41.0},{"not_picked":["Moonworks:SakisCookie+1","Moonworks:NicePresent"],"picked":"Moonworks:JonathanRush+1","floor":42},{"not_picked":["Moonworks:SakisCookie+1","Moonworks:ScrambledEve","Moonworks:WindyEnchantment+1"],"picked":"SKIP","floor":44},{"not_picked":["Moonworks:EvilSpyWorkPreparation+1","Moonworks:IndiscriminateFireSupport+1","Moonworks:Assault"],"picked":"SKIP","floor":45},{"not_picked":["Moonworks:IndiscriminateFireSupport+1","Moonworks:Assault"],"picked":"Moonworks:EvilSpyWorkPreparation+1","floor":45},{"not_picked":["Moonworks:ReflectiveShell+1","Moonworks:NicePresent+1","Moonworks:Assault+1"],"picked":"SKIP","floor":46},{"not_picked":["Moonworks:CastOff+1","Moonworks:CloudOfSeagulls+1","Moonworks:IndiscriminateFireSupport"],"picked":"SKIP","floor":47},{"not_picked":["Moonworks:UnpaidWork+1","Moonworks:AwakeningOfTalent+1","Moonworks:EvilSpyWorkPreparation+1"],"picked":"SKIP","floor":54}],"player_experience":2349254,"relics_obtained":[{"floor":4.0,"key":"Mummified Hand"},{"floor":6.0,"key":"Happy Flower"},{"floor":10.0,"key":"Bag of Preparation"},{"floor":12.0,"key":"Mercury Hourglass"},{"floor":23.0,"key":"CeramicFish"},{"floor":25.0,"key":"Moonworks:LittleGull"},{"floor":26.0,"key":"Lantern"},{"floor":27.0,"key":"Pen Nib"},{"floor":29.0,"key":"Frozen Egg 2"},{"floor":40.0,"key":"Akabeko"},{"floor":40.0,"key":"Pear"},{"floor":42,"key":"Juzu Bracelet"},{"floor":43,"key":"StrikeDummy"},{"floor":45,"key":"InkBottle"},{"floor":45,"key":"Toxic Egg 2"},{"floor":47,"key":"White Beast Statue"},{"floor":47,"key":"Incense Burner"},{"floor":54,"key":"Toy Ornithopter"},{"floor":54,"key":"Anchor"}],"event_choices":[{"damage_healed":0.0,"max_hp_gain":0.0,"max_hp_loss":0.0,"gold_gain":0.0,"event_name":"Golden Idol","player_choice":"Take Damage","floor":3.0,"gold_loss":0.0,"damage_taken":15.0,"relics_obtained":["Golden Idol"]},{"damage_healed":0.0,"max_hp_gain":0.0,"max_hp_loss":0.0,"gold_gain":0.0,"event_name":"Wheel of Change","player_choice":"Relic","floor":4.0,"gold_loss":0.0,"damage_taken":0.0},{"cards_removed":["Moonworks:Defend"],"damage_healed":0.0,"max_hp_gain":0.0,"max_hp_loss":0.0,"gold_gain":0.0,"event_name":"Living Wall","player_choice":"Forget","floor":7.0,"gold_loss":0.0,"damage_taken":0.0},{"damage_healed":0.0,"max_hp_gain":0.0,"max_hp_loss":0.0,"gold_gain":75.0,"event_name":"World of Goop","player_choice":"Gather Gold","floor":13.0,"gold_loss":0.0,"damage_taken":11.0},{"damage_healed":0.0,"max_hp_gain":0.0,"max_hp_loss":0.0,"gold_gain":0.0,"event_name":"Drug Dealer","player_choice":"Inject Mutagens","floor":19.0,"gold_loss":0.0,"damage_taken":0.0,"relics_obtained":["MutagenicStrength"]},{"cards_removed":["Moonworks:Strike"],"damage_healed":0.0,"max_hp_gain":0.0,"max_hp_loss":0.0,"gold_gain":0.0,"event_name":"Bonfire Elementals","player_choice":"Offered Basic","floor":21.0,"gold_loss":0.0,"damage_taken":0.0},{"damage_healed":0.0,"max_hp_gain":0.0,"max_hp_loss":0.0,"gold_gain":333.0,"event_name":"The Moai Head","player_choice":"Gave Idol","floor":36.0,"relics_lost":["Golden Idol"],"gold_loss":0.0,"damage_taken":0.0},{"cards_removed":["Moonworks:IndiscriminateFireSupport"],"damage_healed":0.0,"max_hp_gain":0.0,"max_hp_loss":0.0,"gold_gain":0.0,"event_name":"Falling","player_choice":"Removed Attack","floor":39.0,"gold_loss":0.0,"damage_taken":0.0},{"cards_removed":["Moonworks:Defend"],"damage_healed":0,"gold_gain":0,"player_choice":"Upgrade and Remove","damage_taken":0,"max_hp_gain":0,"max_hp_loss":0,"event_name":"Designer","floor":48,"gold_loss":90,"cards_upgraded":["Moonworks:BackdoorTrade"]}],"is_beta":false,"boss_relics":[{"not_picked":["Runic Dome","Tiny House"],"picked":"SacredBark"},{"not_picked":["Pandora\u0027s Box","Empty Cage"],"picked":"Black Star"}],"items_purged_floors":[2,31,37],"is_endless":false,"potions_floor_spawned":[1,5,6,11,16,20,22,23,28,33,35,40,42,44,54],"ascension_level":1}}