{"host":"y3h3n3f7seyagppx","time":1610557009,"event":{"mods":["AlwaysNeverKeys","BaseMod","Better Vampires","Colored Powertips","DeckTracker","Emptier Cage","Minty Spire (QoL Compilation)","Permanent Neow","Quick Restart","Rare Cards Sparkle","Relic Sorter","Relic Stats","StSLib","Transform Curses"],"gold_per_floor":[118,135,153,113,123,123,151,151,178,178,191,206,223,251,251,326,326,342,361,381,138,138,138,164,214,287,287,20,45,55,70,70,142,142,142,142],"floor_reached":35,"language":"ENG","playtime":2880,"items_purged":["Strike_B","Strike_B"],"score":818,"play_id":"162eff16-47f8-4358-acff-35910f61d973","local_time":"20210113115649","is_ascension_mode":true,"campfire_choices":[{"data":"Zap","floor":6.0,"key":"SMITH"},{"data":"Cold Snap","floor":8.0,"key":"SMITH"},{"data":"Conserve Battery","floor":10.0,"key":"SMITH"},{"data":"Defragment","floor":15.0,"key":"SMITH"},{"floor":23.0,"key":"REST"},{"floor":27.0,"key":"REST"},{"floor":32.0,"key":"REST"}],"circlet_count":0,"master_deck":["AscendersBane","Strike_B","Strike_B+1","Defend_B","Defend_B","Defend_B","Defend_B","Zap+1","Dualcast","Cold Snap+1","Go for the Eyes","Compile Driver+1","Conserve Battery+1","Loop","Defragment+1","Echo Form","Force Field","Echo Form+1","Meteor Strike"],"relics":["Cracked Core","Potion Belt","DataDisk","Pen Nib","Whetstone","Snecko Eye","TheAbacus","MealTicket","Frozen Egg 2","OrangePellets","Tiny Chest","Inserter"],"acts_visited":["Exordium","TheCity","TheBeyond"],"potions_floor_usage":[],"damage_taken":[{"damage":1.0,"enemies":"Cultist","floor":1.0,"turns":3.0},{"damage":0.0,"enemies":"Small Slimes","floor":2.0,"turns":2.0},{"damage":9.0,"enemies":"2 Louse","floor":3.0,"turns":3.0},{"damage":3.0,"enemies":"Blue Slaver","floor":5.0,"turns":4.0},{"damage":6.0,"enemies":"Gremlin Nob","floor":7.0,"turns":3.0},{"damage":7.0,"enemies":"3 Louse","floor":11.0,"turns":3.0},{"damage":3.0,"enemies":"Exordium Thugs","floor":12.0,"turns":4.0},{"damage":0.0,"enemies":"2 Fungi Beasts","floor":13.0,"turns":3.0},{"damage":2.0,"enemies":"Lagavulin","floor":14.0,"turns":6.0},{"damage":18.0,"enemies":"Slime Boss","floor":16.0,"turns":10.0},{"damage":2.0,"enemies":"3 Byrds","floor":18.0,"turns":2.0},{"damage":14.0,"enemies":"Shell Parasite","floor":19.0,"turns":7.0},{"damage":12.0,"enemies":"Snecko","floor":20.0,"turns":5.0},{"damage":18.0,"enemies":"Gremlin Leader","floor":24.0,"turns":5.0},{"damage":17.0,"enemies":"Book of Stabbing","floor":29.0,"turns":6.0},{"damage":13.0,"enemies":"Snake Plant","floor":30.0,"turns":5.0},{"damage":13.0,"enemies":"Shelled Parasite and Fungi","floor":31.0,"turns":5.0},{"damage":12.0,"enemies":"Champ","floor":33.0,"turns":11.0},{"damage":73,"enemies":"3 Darklings","floor":35,"turns":6}],"seed_played":"5220964392136057746","potions_obtained":[{"floor":2.0,"key":"DistilledChaos"},{"floor":4.0,"key":"SneckoOil"},{"floor":4.0,"key":"PowerPotion"},{"floor":4.0,"key":"SpeedPotion"},{"floor":5.0,"key":"AttackPotion"},{"floor":11.0,"key":"FearPotion"},{"floor":12.0,"key":"SteroidPotion"},{"floor":16.0,"key":"PowerPotion"},{"floor":20.0,"key":"EssenceOfDarkness"},{"floor":24.0,"key":"SpeedPotion"},{"floor":30.0,"key":"EssenceOfDarkness"}],"is_trial":false,"path_per_floor":["M","M","M","?","M","R","E","R","T","R","M","M","M","E","R","B",null,"M","M","M","$","?","R","E","?","T","R","$","E","M","M","R","B",null,"M"],"character_chosen":"DEFECT","items_purchased":["TheAbacus","OrangePellets"],"campfire_rested":3,"item_purchase_floors":[21,28],"current_hp_per_floor":[63,63,54,54,51,51,45,45,45,45,38,35,35,33,33,15,57,55,41,29,29,9,31,13,13,13,35,50,33,20,7,29,17,61,0,0],"gold":142,"neow_bonus":"RANDOM_COMMON_RELIC","is_daily":false,"chose_seed":false,"campfire_upgraded":4,"win_rate":0.0,"timestamp":1610557009,"path_taken":["M","M","?","?","M","R","E","R","T","R","M","M","?","E","R","BOSS","M","?","M","$","?","R","E","?","T","R","$","E","M","M","R","BOSS","M"],"items_purchased_type":["Relic","Relic"],"build_version":"2020-12-22","purchased_purges":2,"victory":false,"max_hp_per_floor":[71,71,71,71,71,71,71,71,71,71,71,71,71,71,71,71,71,71,71,71,71,76,76,76,76,76,76,76,76,76,76,76,76,76,76,76],"relic_stats":{"OrangePellets":[9],"TheAbacus":[108],"Inserter":[3],"counters":[19,92],"Snecko Eye":[62,47,52,53],"MealTicket":15,"Tiny Chest":0,"Pen Nib":[13],"Whetstone":["Compile Driver","Strike_B"],"obtain_stats":[{"Potion Belt":0,"OrangePellets":28,"DataDisk":7,"TheAbacus":21,"Inserter":34,"Snecko Eye":17,"MealTicket":24,"Tiny Chest":29,"Pen Nib":9,"Whetstone":14,"Frozen Egg 2":26,"Cracked Core":0},{"Potion Belt":0,"OrangePellets":14,"DataDisk":5,"TheAbacus":13,"Inserter":18,"Snecko Eye":10,"MealTicket":14,"Tiny Chest":15,"Pen Nib":5,"Whetstone":9,"Frozen Egg 2":14,"Cracked Core":0},{"Potion Belt":0,"OrangePellets":59,"DataDisk":15,"TheAbacus":54,"Inserter":86,"Snecko Eye":40,"MealTicket":59,"Tiny Chest":65,"Pen Nib":15,"Whetstone":31,"Frozen Egg 2":59,"Cracked Core":0}]},"card_choices":[{"not_picked":["Sweeping Beam","Redo"],"picked":"Cold Snap","floor":1.0},{"not_picked":["Beam Cell","Stack"],"picked":"Go for the Eyes","floor":2.0},{"not_picked":["Blizzard","Rip and Tear"],"picked":"Compile Driver","floor":3.0},{"not_picked":["Meteor Strike","Turbo","Leap"],"picked":"SKIP","floor":5.0},{"not_picked":["Streamline","Barrage"],"picked":"Conserve Battery","floor":7.0},{"not_picked":["Compile Driver","Darkness","Steam"],"picked":"SKIP","floor":11.0},{"not_picked":["Redo","Streamline"],"picked":"Loop","floor":12.0},{"not_picked":["Sweeping Beam","Gash","Consume"],"picked":"SKIP","floor":13.0},{"not_picked":["Auto Shields","Chill"],"picked":"Defragment","floor":14.0},{"not_picked":["Reboot","Fission"],"picked":"Echo Form","floor":16.0},{"not_picked":["Chill","Hello World+1","Reprogram"],"picked":"SKIP","floor":18.0},{"not_picked":["Turbo","Chaos+1","Rebound"],"picked":"SKIP","floor":19.0},{"not_picked":["Rebound","Streamline"],"picked":"Force Field","floor":20.0},{"not_picked":["Leap","Tempest","Gash"],"picked":"SKIP","floor":24.0},{"not_picked":["Fission","Leap"],"picked":"Echo Form+1","floor":29.0},{"not_picked":["Tempest","Ball Lightning","Melter"],"picked":"SKIP","floor":30.0},{"not_picked":["Rip and Tear","Turbo","Ball Lightning"],"picked":"SKIP","floor":31.0},{"not_picked":["Buffer+1","Rainbow"],"picked":"Meteor Strike","floor":33.0}],"player_experience":20783732,"relics_obtained":[{"floor":7.0,"key":"DataDisk"},{"floor":9.0,"key":"Pen Nib"},{"floor":14.0,"key":"Whetstone"},{"floor":24.0,"key":"MealTicket"},{"floor":26.0,"key":"Frozen Egg 2"},{"floor":29.0,"key":"Tiny Chest"}],"event_choices":[{"damage_healed":0.0,"max_hp_gain":0.0,"max_hp_loss":0.0,"gold_gain":0.0,"event_name":"The Woman in Blue","player_choice":"Bought 3 Potions","floor":4.0,"gold_loss":0.0,"damage_taken":0.0},{"damage_healed":0.0,"max_hp_gain":5.0,"max_hp_loss":0.0,"gold_gain":0.0,"event_name":"Forgotten Altar","player_choice":"Shed Blood","floor":22.0,"gold_loss":0.0,"damage_taken":25.0},{"damage_healed":0.0,"max_hp_gain":0.0,"max_hp_loss":0.0,"gold_gain":50.0,"event_name":"Nest","player_choice":"Stole From Cult","floor":25.0,"gold_loss":0.0,"damage_taken":0.0}],"is_beta":false,"boss_relics":[{"not_picked":["Astrolabe","FrozenCore"],"picked":"Snecko Eye"},{"not_picked":["Velvet Choker","Calling Bell"],"picked":"Inserter"}],"items_purged_floors":[21,28],"is_endless":false,"potions_floor_spawned":[2,5,11,12,14,16,20,24,30],"killed_by":"3 Darklings","ascension_level":20}}