{"host":"vyjryxuuuxkt43k4","time":1610537353,"event":{"mods":["BaseMod","Colored Map","DeckTracker","Minty Spire (QoL Compilation)","Permanent Neow","Quick Restart","StSLib","SuperFastMode","everything is the same but u backflip on backflip"],"gold_per_floor":[109,126,143,218,237,237,251,286,286,299,314,339,103,103,103,198,198,209,227,250,6,6,6,25,52,52,62,62,93,106,131,131,234,234,247,266,316,330,168,168,193,193,193,210,210,210,244,263,263,263,263,263,24,50,50,50],"floor_reached":55,"language":"KOR","playtime":2955,"items_purged":[],"score":954,"play_id":"a83204d6-e2a4-4dae-bcb5-d1e75a582d23","local_time":"20210113202913","is_ascension_mode":true,"campfire_choices":[{"data":"Disarm","floor":6.0,"key":"SMITH"},{"data":"Perfected Strike","floor":15.0,"key":"SMITH"},{"data":"Apotheosis","floor":23.0,"key":"SMITH"},{"data":"Barricade","floor":28.0,"key":"SMITH"},{"floor":32.0,"key":"REST"},{"floor":40.0,"key":"RECALL"},{"data":"Corruption","floor":42.0,"key":"SMITH"},{"data":"Demon Form","floor":46.0,"key":"SMITH"},{"data":"Dark Embrace","floor":49.0,"key":"SMITH"},{"data":"True Grit","floor":52.0,"key":"SMITH"}],"circlet_count":0,"master_deck":["Strike_R","Strike_R","Strike_R","Strike_R","Strike_R","Defend_R","Defend_R","Defend_R","Bash","Twin Strike","Disarm+1","Perfected Strike+1","Fire Breathing","Flame Barrier","Twin Strike","Body Slam","Inflame","Headbutt","Power Through","Barricade+1","Shrug It Off+1","Flex+1","Apotheosis+1","True Grit+1","Bludgeon","Carnage+1","Second Wind","Demon Form+1","Battle Trance+1","Body Slam+1","Corruption+1","Pommel Strike+1","Wild Strike+1","Dark Embrace+1","Dual Wield","Battle Trance+1","Madness","Madness","Feel No Pain+1","Body Slam+1","Feel No Pain"],"relics":["Burning Blood","Orichalcum","Oddly Smooth Stone","Eternal Feather","Mercury Hourglass","Membership Card","Mark of Pain","Omamori","Pantograph","Molten Egg 2","Bottled Flame","Ornamental Fan","Juzu Bracelet","Cursed Key","Bird Faced Urn","Red Skull","Bag of Preparation","Centennial Puzzle","Ice Cream","Anchor"],"acts_visited":["Exordium","TheCity","TheBeyond","TheEnding"],"potions_floor_usage":[55,55],"damage_taken":[{"damage":11.0,"enemies":"2 Louse","floor":1.0,"turns":3.0},{"damage":0.0,"enemies":"Cultist","floor":2.0,"turns":3.0},{"damage":2.0,"enemies":"Small Slimes","floor":3.0,"turns":4.0},{"damage":4.0,"enemies":"Exordium Thugs","floor":5.0,"turns":4.0},{"damage":8.0,"enemies":"3 Louse","floor":7.0,"turns":4.0},{"damage":45.0,"enemies":"Lagavulin","floor":8.0,"turns":9.0},{"damage":12.0,"enemies":"Large Slime","floor":10.0,"turns":7.0},{"damage":10.0,"enemies":"Exordium Wildlife","floor":11.0,"turns":5.0},{"damage":3.0,"enemies":"Gremlin Nob","floor":12.0,"turns":3.0},{"damage":11.0,"enemies":"Slime Boss","floor":16.0,"turns":6.0},{"damage":6.0,"enemies":"Chosen","floor":18.0,"turns":5.0},{"damage":6.0,"enemies":"3 Byrds","floor":19.0,"turns":4.0},{"damage":0.0,"enemies":"Snake Plant","floor":24.0,"turns":3.0},{"damage":24.0,"enemies":"Gremlin Leader","floor":25.0,"turns":5.0},{"damage":12.0,"enemies":"Chosen and Byrds","floor":27.0,"turns":6.0},{"damage":12.0,"enemies":"Book of Stabbing","floor":29.0,"turns":6.0},{"damage":12.0,"enemies":"3 Cultists","floor":30.0,"turns":5.0},{"damage":65.0,"enemies":"Slavers","floor":31.0,"turns":5.0},{"damage":35.0,"enemies":"Automaton","floor":33.0,"turns":9.0},{"damage":12.0,"enemies":"Orb Walker","floor":35.0,"turns":2.0},{"damage":42.0,"enemies":"3 Darklings","floor":36.0,"turns":5.0},{"damage":0.0,"enemies":"Mind Bloom Boss Battle","floor":37.0,"turns":4.0},{"damage":0.0,"enemies":"Jaw Worm Horde","floor":38.0,"turns":4.0},{"damage":49.0,"enemies":"Nemesis","floor":41.0,"turns":7.0},{"damage":0.0,"enemies":"Maw","floor":44.0,"turns":6.0},{"damage":8.0,"enemies":"Giant Head","floor":47.0,"turns":6.0},{"damage":35.0,"enemies":"Spire Growth","floor":48.0,"turns":6.0},{"damage":70.0,"enemies":"Time Eater","floor":50.0,"turns":8.0},{"damage":34,"enemies":"Shield and Spear","floor":54,"turns":5},{"damage":109,"enemies":"The Heart","floor":55,"turns":6}],"seed_played":"-811303342532802770","potions_obtained":[{"floor":3.0,"key":"Dexterity Potion"},{"floor":8.0,"key":"AttackPotion"},{"floor":10.0,"key":"BloodPotion"},{"floor":11.0,"key":"FearPotion"},{"floor":24.0,"key":"GamblersBrew"},{"floor":27.0,"key":"Weak Potion"},{"floor":29.0,"key":"Regen Potion"},{"floor":31.0,"key":"Dexterity Potion"},{"floor":38.0,"key":"Block Potion"},{"floor":41.0,"key":"LiquidMemories"},{"floor":44.0,"key":"LiquidMemories"},{"floor":48.0,"key":"EssenceOfSteel"}],"is_trial":false,"path_per_floor":["M","M","M","?","M","R","M","E","T","M","M","E","$","?","R","B",null,"M","M","T","$","?","R","M","E","T","M","R","E","M","E","R","B",null,"M","M","?","M","$","R","E","R","T","M","?","R","E","M","R","B",null,"R","$","E","B"],"character_chosen":"IRONCLAD","items_purchased":["Membership Card","AttackPotion","Inflame","Headbutt","Apotheosis","Pantograph","Fire Potion","Dark Embrace","PowerPotion","Red Skull","Block Potion","Ice Cream","Swift Potion","BloodPotion","Feel No Pain"],"campfire_rested":1,"item_purchase_floors":[13,13,13,13,21,21,21,39,39,39,39,53,53,53,53],"current_hp_per_floor":[75,80,80,69,71,71,69,30,30,40,36,39,39,39,51,46,80,80,80,80,80,80,80,80,62,62,56,71,65,59,14,56,51,80,74,38,69,80,80,80,41,62,62,78,68,80,80,63,80,28,80,80,80,62,0,0],"gold":50,"neow_bonus":"RANDOM_COMMON_RELIC","is_daily":false,"chose_seed":false,"campfire_upgraded":8,"win_rate":0.0,"timestamp":1610537353,"path_taken":["M","M","M","?","M","R","M","E","T","M","M","E","$","?","R","BOSS","M","M","?","$","?","R","M","E","T","M","R","E","?","E","R","BOSS","M","M","?","M","$","R","E","R","T","M","?","R","E","M","R","BOSS","R","$","E","BOSS"],"items_purchased_type":["Relic","Potion","Card","Card","Card","Relic","Potion","Card","Potion","Relic","Potion","Relic","Potion","Potion","Card"],"build_version":"2020-12-22","purchased_purges":0,"victory":false,"max_hp_per_floor":[80,80,80,80,80,80,80,80,80,80,80,80,80,80,80,80,80,80,80,80,80,80,80,80,80,80,80,80,80,80,80,80,80,80,80,80,80,80,80,80,80,80,80,80,80,80,80,80,80,80,80,80,80,80,80,80],"card_choices":[{"not_picked":["Rampage","Heavy Blade"],"picked":"Twin Strike","floor":1.0},{"not_picked":["Shockwave","Sentinel"],"picked":"Disarm","floor":2.0},{"not_picked":["Shockwave","Reckless Charge"],"picked":"Havoc","floor":3.0},{"not_picked":["Cleave","Twin Strike"],"picked":"Perfected Strike","floor":5.0},{"not_picked":["Body Slam","Thunderclap"],"picked":"Fire Breathing","floor":7.0},{"not_picked":["Seeing Red","Exhume"],"picked":"Flame Barrier","floor":8.0},{"not_picked":["Sword Boomerang","Blood for Blood"],"picked":"Twin Strike","floor":10.0},{"not_picked":["True Grit","Clothesline"],"picked":"Body Slam","floor":11.0},{"not_picked":["Hemokinesis","Havoc","Body Slam"],"picked":"SKIP","floor":12.0},{"not_picked":["Reaper","Brutality"],"picked":"Barricade","floor":16.0},{"not_picked":["Armaments","Shockwave"],"picked":"Shrug It Off+1","floor":18.0},{"not_picked":["True Grit","Clothesline"],"picked":"Flex+1","floor":19.0},{"not_picked":["Cleave","Clothesline"],"picked":"Bludgeon","floor":24.0},{"not_picked":["Rupture","Clothesline+1"],"picked":"Carnage+1","floor":25.0},{"not_picked":["Havoc","Clothesline+1"],"picked":"Second Wind","floor":27.0},{"not_picked":["Second Wind+1","Twin Strike+1"],"picked":"Demon Form","floor":29.0},{"not_picked":["Cleave+1","Hemokinesis+1"],"picked":"Battle Trance+1","floor":30.0},{"not_picked":["Armaments+1","Anger+1"],"picked":"Body Slam+1","floor":31.0},{"not_picked":["Brutality","Bludgeon+1"],"picked":"Corruption","floor":33.0},{"not_picked":["Wild Strike+1","Dropkick+1","Havoc+1"],"picked":"SKIP","floor":35.0},{"not_picked":["Cleave+1","Wild Strike+1"],"picked":"Pommel Strike+1","floor":36.0},{"not_picked":["Fiend Fire+1","Blood for Blood+1"],"picked":"Wild Strike+1","floor":38.0},{"not_picked":["Carnage+1","Perfected Strike+1"],"picked":"Dual Wield","floor":41.0},{"not_picked":["Shockwave","Shrug It Off"],"picked":"Battle Trance+1","floor":44.0},{"not_picked":["Clothesline+1","Warcry+1"],"picked":"Feel No Pain+1","floor":47.0},{"not_picked":["Armaments","Clothesline+1"],"picked":"Body Slam+1","floor":48.0},{"not_picked":["Thunderclap+1","Blood for Blood+1","Rupture"],"picked":"SKIP","floor":54}],"player_experience":249151,"relics_obtained":[{"floor":8.0,"key":"Oddly Smooth Stone"},{"floor":9.0,"key":"Eternal Feather"},{"floor":12.0,"key":"Mercury Hourglass"},{"floor":20.0,"key":"Omamori"},{"floor":25.0,"key":"Molten Egg 2"},{"floor":26.0,"key":"Bottled Flame"},{"floor":29.0,"key":"Ornamental Fan"},{"floor":31.0,"key":"Juzu Bracelet"},{"floor":37.0,"key":"Bird Faced Urn"},{"floor":41.0,"key":"Bag of Preparation"},{"floor":47.0,"key":"Centennial Puzzle"},{"floor":54,"key":"Anchor"}],"event_choices":[{"damage_healed":0.0,"max_hp_gain":0.0,"max_hp_loss":0.0,"gold_gain":75.0,"event_name":"World of Goop","player_choice":"Gather Gold","floor":4.0,"gold_loss":0.0,"damage_taken":11.0},{"damage_healed":0.0,"max_hp_gain":0.0,"max_hp_loss":0.0,"gold_gain":0.0,"cards_transformed":["Havoc"],"event_name":"Transmorgrifier","player_choice":"Transformed","floor":14.0,"gold_loss":0.0,"damage_taken":0.0,"cards_obtained":["Power Through"]},{"damage_healed":0.0,"max_hp_gain":0.0,"max_hp_loss":0.0,"gold_gain":0.0,"cards_transformed":["Defend_R"],"event_name":"Transmorgrifier","player_choice":"Transformed","floor":22.0,"gold_loss":0.0,"damage_taken":0.0,"cards_obtained":["True Grit"]},{"damage_healed":0.0,"max_hp_gain":0.0,"max_hp_loss":0.0,"gold_gain":0.0,"event_name":"MindBloom","player_choice":"Fight","floor":37.0,"gold_loss":0.0,"damage_taken":0.0},{"damage_healed":0.0,"max_hp_gain":0.0,"max_hp_loss":0.0,"gold_gain":0.0,"event_name":"Winding Halls","player_choice":"Embrace Madness","floor":45.0,"gold_loss":0.0,"damage_taken":10.0,"cards_obtained":["Madness","Madness"]}],"is_beta":false,"boss_relics":[{"not_picked":["Astrolabe","Fusion Hammer"],"picked":"Mark of Pain"},{"not_picked":["Pandora\u0027s Box","SacredBark"],"picked":"Cursed Key"}],"items_purged_floors":[],"is_endless":false,"potions_floor_spawned":[3,8,10,11,24,27,29,31,38,41,44,48],"killed_by":"The Heart","ascension_level":4}}