{"host":"s35zr3gblm7slh1q","time":1610563383,"event":{"mods":["BaseMod","Colored Powertips","Downfall","Hermit","Highlight Path","Marisa????????","Minty Spire (QoL Compilation)","Permanent Neow","StSLib"],"gold_per_floor":[119,129,139,150,33,33,51,51,105,105,105,123,137,102,102,198,198,215,227,142,152,164,164,214,225,301,301,301],"floor_reached":27,"language":"ENG","playtime":1181,"items_purged":[],"score":209,"play_id":"8bf2fbbb-fe69-4312-a6a6-c338d2088460","local_time":"20210113134303","is_ascension_mode":false,"campfire_choices":[{"data":"expansioncontent:CaCaw","floor":6,"key":"SMITH"},{"floor":11,"key":"REST"},{"data":"FairyDestructionRay","floor":15,"key":"SMITH"},{"floor":23,"key":"REST"}],"circlet_count":0,"master_deck":["Strike_MRS+1","Strike_MRS","Strike_MRS","Strike_MRS","Defend_MRS","Defend_MRS","Defend_MRS","Defend_MRS","MasterSpark","UpSweep+1","FairyDestructionRay+1","EventHorizon","DeepEcoloBomb","DoubleSpark","EnergyFlow","EarthLightRay","expansioncontent:CaCaw+1","GrandCross","OrrerysSun","ChargeUpSpray","FinalSpark","MilkyWay+1","MagicAbsorber","GrandCross","MachineGunSpark","MilkyWay"],"relics":["MiniHakkero","Whetstone","Mummified Hand","Strawberry","Shuriken"],"acts_visited":["Exordium","TheCity"],"potions_floor_usage":[16,16,16,19],"damage_taken":[{"damage":0,"enemies":"2 Louse","floor":1,"turns":1},{"damage":6,"enemies":"Jaw Worm","floor":2,"turns":3},{"damage":0,"enemies":"Small Slimes","floor":3,"turns":2},{"damage":7,"enemies":"Exordium Wildlife","floor":4,"turns":3},{"damage":15,"enemies":"Looter","floor":7,"turns":3},{"damage":0,"enemies":"Gremlin Gang","floor":12,"turns":1},{"damage":2,"enemies":"Exordium Wildlife","floor":13,"turns":3},{"damage":43,"enemies":"Hexaghost","floor":16,"turns":5},{"damage":21,"enemies":"3 Byrds","floor":18,"turns":4},{"damage":27,"enemies":"2 Thieves","floor":19,"turns":4},{"damage":11,"enemies":"Snecko","floor":21,"turns":4},{"damage":33,"enemies":"Snake Plant","floor":22,"turns":6},{"damage":17,"enemies":"Centurion and Healer","floor":25,"turns":5},{"damage":36,"enemies":"Snecko","floor":27,"turns":4}],"seed_played":"9169869975966211116","potions_obtained":[{"floor":1,"key":"Fire Potion"},{"floor":3,"key":"LiquidBronze"},{"floor":13,"key":"Energy Potion"},{"floor":18,"key":"Dexterity Potion"}],"is_trial":false,"path_per_floor":["M","M","M","M","$","R","M","?","T","?","R","M","M","?","R","B",null,"M","M","?","M","M","R","?","M","T","M"],"character_chosen":"MARISA","items_purchased":["EarthLightRay","expansioncontent:CaCaw"],"campfire_rested":2,"item_purchase_floors":[5,5],"current_hp_per_floor":[75,69,69,62,62,62,51,56,56,44,68,68,66,80,80,41,80,63,40,47,40,11,37,37,24,24,0,0],"gold":301,"neow_bonus":"THREE_CARDS","is_daily":false,"chose_seed":false,"campfire_upgraded":2,"win_rate":0.0,"timestamp":1610563383,"path_taken":["M","M","M","M","$","R","M","?","T","?","R","M","M","?","R","BOSS","M","M","?","M","M","R","?","?","T","M"],"items_purchased_type":["Card","Card"],"build_version":"2020-12-22","purchased_purges":0,"victory":false,"max_hp_per_floor":[75,75,75,75,75,75,75,80,80,80,80,80,80,80,80,80,80,80,80,87,87,87,87,87,87,87,87,87],"card_choices":[{"not_picked":["NonDirectionalLaser","DarkMatter"],"picked":"FairyDestructionRay","floor":0},{"not_picked":["OortCloud","SuperPerseids"],"picked":"EventHorizon","floor":1},{"not_picked":["MilkyWay","IllusionStar"],"picked":"DeepEcoloBomb","floor":2},{"not_picked":["WitchLeyline","MagicChant"],"picked":"DoubleSpark","floor":3},{"not_picked":["SporeBomb","GravityBeat"],"picked":"EnergyFlow","floor":4},{"not_picked":["UnstableBomb","StarBarrage"],"picked":"GrandCross","floor":7},{"not_picked":["WitchLeyline","Occultation"],"picked":"OrrerysSun","floor":12},{"not_picked":["WitchOfGreed","NonDirectionalLaser"],"picked":"ChargeUpSpray","floor":13},{"not_picked":["SuperNova","AbsoluteMagnitude"],"picked":"FinalSpark","floor":16},{"not_picked":["ChargeUpSpray","SporeBomb"],"picked":"MilkyWay+1","floor":18},{"not_picked":["WitchOfGreed","NonDirectionalLaser"],"picked":"MagicAbsorber","floor":19},{"not_picked":["NonDirectionalLaser","GravityBeat"],"picked":"GrandCross","floor":21},{"not_picked":["PowerUp","MysteriousBeam+1"],"picked":"MachineGunSpark","floor":22},{"not_picked":["PowerUp+1","DarkSpark"],"picked":"MilkyWay","floor":25}],"player_experience":335661,"relics_obtained":[{"floor":9,"key":"Whetstone"},{"floor":26,"key":"Shuriken"}],"event_choices":[{"damage_healed":0,"gold_gain":0,"player_choice":"Donut","damage_taken":0,"max_hp_gain":5,"max_hp_loss":0,"event_name":"Big Fish","floor":8,"gold_loss":0},{"damage_healed":0,"gold_gain":0,"player_choice":"Success","damage_taken":12,"relics_obtained":["Mummified Hand"],"max_hp_gain":0,"max_hp_loss":0,"event_name":"Scrap Ooze","floor":10,"gold_loss":0},{"damage_healed":20,"gold_gain":0,"player_choice":"Healed","damage_taken":0,"max_hp_gain":0,"max_hp_loss":0,"event_name":"The Cleric","floor":14,"gold_loss":35},{"damage_healed":0,"gold_gain":0,"player_choice":"Obtained Relic","damage_taken":0,"relics_obtained":["Strawberry"],"max_hp_gain":0,"max_hp_loss":0,"event_name":"Addict","floor":20,"gold_loss":85},{"damage_healed":0,"gold_gain":100,"player_choice":"Bet on Murderer","damage_taken":0,"max_hp_gain":0,"max_hp_loss":0,"event_name":"The Joust","floor":24,"gold_loss":50}],"is_beta":false,"boss_relics":[{"not_picked":["Pandora\u0027s Box","Busted Crown","RampagingMagicTools"]}],"items_purged_floors":[],"is_endless":false,"potions_floor_spawned":[1,3,13,18],"killed_by":"Snecko","ascension_level":0}}