{"host":"1u4zr9vl8my47i07","time":1610525862,"event":{"mods":["AchievementEnabler","BaseMod","DeckTracker","Highlight Path","Keyboard Shortcuts","Minty Spire (QoL Compilation)","Relic Stats","StSLib","SuperFastMode","Uncapped","Waifu the Spire","everything is the same but u backflip on backflip"],"gold_per_floor":[115,40,40,40,60,93,105,121,203,232,232,232,257,257,257,336,336,336,336,336,336,336,336,336,336,336,336,336,336,336,336,336,336,336,336,336,336,336,336,336,336,336,336,336,261,261,64,64,64,64,64,64,64,64,64,64],"floor_reached":55,"language":"KOR","playtime":3568,"items_purged":["Dropkick"],"score":1453,"play_id":"4a59cea1-7ccd-40cb-bd1c-601c5c4f51b2","local_time":"20210113171742","is_ascension_mode":true,"campfire_choices":[{"data":"Dark Embrace","floor":11.0,"key":"SMITH"},{"floor":15.0,"key":"REST"},{"data":"Armaments","floor":23.0,"key":"SMITH"},{"data":"Shockwave","floor":25.0,"key":"SMITH"},{"data":"Barricade","floor":28.0,"key":"SMITH"},{"data":"Dual Wield","floor":32.0,"key":"SMITH"},{"data":"Feel No Pain","floor":40.0,"key":"SMITH"},{"floor":49.0,"key":"RECALL"},{"data":"Burning Pact","floor":52.0,"key":"SMITH"}],"circlet_count":0,"master_deck":["AscendersBane","Defend_R","Defend_R","Defend_R","Defend_R","Bash","Dark Embrace+1","Shockwave+1","Pommel Strike+1","Shrug It Off","Feel No Pain+1","Power Through+1","Barricade+1","True Grit","Wild Strike","Second Wind","Armaments+1","Dual Wield+1","Impervious","Clothesline+1","Hemokinesis+1","Twin Strike+1","Warcry+1","Burning Pact+1","Body Slam+1","Fire Breathing"],"relics":["Burning Blood","NeowsBlessing","CaptainsWheel","Bottled Tornado","Pen Nib","Mercury Hourglass","PreservedInsect","Ectoplasm","Red Skull","Matryoshka","Bag of Preparation","Eternal Feather","Astrolabe","Ice Cream","Orichalcum","Ginger","StrikeDummy"],"acts_visited":["Exordium","TheCity","TheBeyond","TheEnding"],"potions_floor_usage":[55],"damage_taken":[{"damage":0.0,"enemies":"Small Slimes","floor":1.0,"turns":1.0},{"damage":0.0,"enemies":"2 Louse","floor":5.0,"turns":1.0},{"damage":0.0,"enemies":"3 Sentries","floor":6.0,"turns":2.0},{"damage":7.0,"enemies":"Jaw Worm","floor":7.0,"turns":4.0},{"damage":5.0,"enemies":"2 Fungi Beasts","floor":8.0,"turns":4.0},{"damage":17.0,"enemies":"Gremlin Nob","floor":10.0,"turns":5.0},{"damage":16.0,"enemies":"3 Sentries","floor":13.0,"turns":7.0},{"damage":42.0,"enemies":"Slime Boss","floor":16.0,"turns":11.0},{"damage":12.0,"enemies":"Chosen","floor":18.0,"turns":6.0},{"damage":0.0,"enemies":"Shell Parasite","floor":19.0,"turns":8.0},{"damage":14.0,"enemies":"Snake Plant","floor":21.0,"turns":6.0},{"damage":0.0,"enemies":"Centurion and Healer","floor":22.0,"turns":8.0},{"damage":16.0,"enemies":"Slavers","floor":24.0,"turns":6.0},{"damage":14.0,"enemies":"Book of Stabbing","floor":27.0,"turns":7.0},{"damage":0.0,"enemies":"3 Cultists","floor":29.0,"turns":5.0},{"damage":3.0,"enemies":"Gremlin Leader","floor":30.0,"turns":6.0},{"damage":12.0,"enemies":"Snake Plant","floor":31.0,"turns":5.0},{"damage":60.0,"enemies":"Automaton","floor":33.0,"turns":20.0},{"damage":13.0,"enemies":"3 Darklings","floor":35.0,"turns":8.0},{"damage":2.0,"enemies":"Orb Walker","floor":36.0,"turns":6.0},{"damage":10.0,"enemies":"Sphere and 2 Shapes","floor":38.0,"turns":7.0},{"damage":28.0,"enemies":"3 Darklings","floor":39.0,"turns":6.0},{"damage":2.0,"enemies":"Spire Growth","floor":41.0,"turns":6.0},{"damage":5.0,"enemies":"Giant Head","floor":42.0,"turns":13.0},{"damage":40.0,"enemies":"Reptomancer","floor":44.0,"turns":8.0},{"damage":3.0,"enemies":"Jaw Worm Horde","floor":46.0,"turns":7.0},{"damage":48.0,"enemies":"Awakened One","floor":50.0,"turns":16.0},{"damage":68.0,"enemies":"Shield and Spear","floor":54.0,"turns":7.0},{"damage":0,"enemies":"The Heart","floor":55,"turns":2}],"seed_played":"7044660914402687926","potions_obtained":[{"floor":1.0,"key":"SkillPotion"},{"floor":6.0,"key":"Regen Potion"},{"floor":19.0,"key":"Swift Potion"},{"floor":24.0,"key":"Regen Potion"},{"floor":29.0,"key":"ElixirPotion"},{"floor":31.0,"key":"LiquidMemories"},{"floor":33.0,"key":"ColorlessPotion"},{"floor":35.0,"key":"Swift Potion"},{"floor":41.0,"key":"Explosive Potion"},{"floor":42.0,"key":"FearPotion"},{"floor":54.0,"key":"BloodPotion"}],"is_trial":false,"path_per_floor":["M","?","?","$","M","E","M","M","T","E","R","?","E","?","R","B",null,"M","M","?","M","M","R","E","R","T","E","R","M","E","M","R","B",null,"M","M","?","M","M","R","M","E","T","E","$","M","$","$","R","B",null,"R","$","E","B"],"character_chosen":"IRONCLAD","items_purchased":["FairyPotion","Fire Breathing"],"campfire_rested":1,"item_purchase_floors":[47,47],"current_hp_per_floor":[74,74,67,67,73,75,74,75,75,64,64,59,49,26,48,12,59,53,74,74,66,72,72,62,62,62,69,69,75,75,69,75,21,62,55,59,59,55,33,45,49,50,50,16,16,19,19,19,34,16,57,71,71,9,23,23],"gold":64,"neow_bonus":"THREE_ENEMY_KILL","is_daily":false,"chose_seed":false,"campfire_upgraded":7,"win_rate":0.0,"timestamp":1610525862,"path_taken":["M","?","?","?","M","E","M","M","T","E","R","?","E","?","R","BOSS","M","M","?","M","M","R","E","R","T","E","R","M","E","M","R","BOSS","M","?","?","M","M","R","M","E","T","E","$","M","?","$","R","BOSS","R","$","E","BOSS"],"items_purchased_type":["Potion","Card"],"build_version":"2020-12-22","purchased_purges":1,"victory":false,"max_hp_per_floor":[75,75,75,75,75,75,75,75,75,75,75,75,75,75,75,75,75,75,75,75,75,75,75,75,75,75,75,75,75,75,75,75,75,75,75,75,71,71,71,71,71,71,71,71,71,71,71,71,71,71,71,71,71,71,71,71],"relic_stats":{"counters":[29,197],"Astrolabe":["Clothesline","Hemokinesis","Twin Strike"],"Eternal Feather":47,"Pen Nib":[26],"PreservedInsect":398,"Ectoplasm":449,"Bag of Preparation":[30],"Ginger":[2],"Orichalcum":[0],"obtain_stats":[{"Ice Cream":42,"NeowsBlessing":0,"Astrolabe":34,"Eternal Feather":30,"Pen Nib":10,"PreservedInsect":13,"Bag of Preparation":27,"Ginger":44,"Bottled Tornado":9,"Orichalcum":43,"Burning Blood":0,"Mercury Hourglass":12,"CaptainsWheel":6,"Matryoshka":26,"Ectoplasm":17,"StrikeDummy":54,"Red Skull":24},{"Ice Cream":24,"NeowsBlessing":0,"Astrolabe":18,"Eternal Feather":16,"Pen Nib":6,"PreservedInsect":7,"Bag of Preparation":14,"Ginger":25,"Bottled Tornado":5,"Orichalcum":24,"Burning Blood":0,"Mercury Hourglass":6,"CaptainsWheel":3,"Matryoshka":13,"Ectoplasm":8,"StrikeDummy":28,"Red Skull":13},{"Ice Cream":157,"NeowsBlessing":0,"Astrolabe":111,"Eternal Feather":86,"Pen Nib":17,"PreservedInsect":24,"Bag of Preparation":75,"Ginger":165,"Bottled Tornado":12,"Orichalcum":157,"Burning Blood":0,"Mercury Hourglass":17,"CaptainsWheel":4,"Matryoshka":69,"Ectoplasm":35,"StrikeDummy":195,"Red Skull":69}],"Burning Blood":161,"Mercury Hourglass":[772]},"card_choices":[{"not_picked":["Pummel","Heavy Blade"],"picked":"Dropkick","floor":1.0},{"not_picked":["Armaments","Combust"],"picked":"Dark Embrace","floor":5.0},{"not_picked":["Thunderclap","Sever Soul"],"picked":"Shockwave","floor":6.0},{"not_picked":["Iron Wave","True Grit"],"picked":"Pommel Strike","floor":7.0},{"not_picked":["Anger","Double Tap"],"picked":"Shrug It Off","floor":8.0},{"not_picked":["True Grit","Shockwave"],"picked":"Feel No Pain","floor":10.0},{"not_picked":["Clothesline","Headbutt"],"picked":"Power Through","floor":13.0},{"not_picked":["Corruption","Juggernaut"],"picked":"Barricade","floor":16.0},{"not_picked":["Heavy Blade+1","Armaments"],"picked":"True Grit","floor":18.0},{"not_picked":["Sword Boomerang","Intimidate"],"picked":"Wild Strike","floor":19.0},{"not_picked":["Combust","Demon Form"],"picked":"Second Wind","floor":21.0},{"not_picked":["Whirlwind","Cleave+1"],"picked":"Armaments","floor":22.0},{"not_picked":["Blood for Blood","Intimidate"],"picked":"Dual Wield","floor":24.0},{"not_picked":["Rage","Clothesline","Rupture"],"picked":"SKIP","floor":27.0},{"not_picked":["Warcry","Shrug It Off","Thunderclap"],"picked":"SKIP","floor":29.0},{"not_picked":["Anger","Ghostly Armor","Combust+1"],"picked":"SKIP","floor":30.0},{"not_picked":["Warcry","Hemokinesis","Searing Blow"],"picked":"SKIP","floor":31.0},{"not_picked":["Limit Break","Exhume"],"picked":"Impervious","floor":33.0},{"not_picked":["Armaments","Dual Wield","Havoc"],"picked":"SKIP","floor":35.0},{"not_picked":["Clothesline","Perfected Strike+1","Cleave"],"picked":"SKIP","floor":36.0},{"not_picked":["Thunderclap","Uppercut"],"picked":"Warcry+1","floor":38.0},{"not_picked":["Havoc+1","Shockwave+1","Infernal Blade+1"],"picked":"SKIP","floor":39.0},{"not_picked":["Uppercut","Shrug It Off","Corruption"],"picked":"SKIP","floor":41.0},{"not_picked":["Thunderclap","Flex","Sword Boomerang+1"],"picked":"SKIP","floor":42.0},{"not_picked":["Cleave+1","Shockwave"],"picked":"Burning Pact","floor":44.0},{"not_picked":["Anger+1","Sword Boomerang"],"picked":"Body Slam+1","floor":46.0},{"not_picked":["Sword Boomerang+1","Infernal Blade","Clothesline"],"picked":"SKIP","floor":54.0}],"player_experience":322693,"relics_obtained":[{"floor":6.0,"key":"CaptainsWheel"},{"floor":9.0,"key":"Bottled Tornado"},{"floor":10.0,"key":"Pen Nib"},{"floor":13.0,"key":"PreservedInsect"},{"floor":24.0,"key":"Red Skull"},{"floor":26.0,"key":"Matryoshka"},{"floor":27.0,"key":"Bag of Preparation"},{"floor":30.0,"key":"Eternal Feather"},{"floor":42.0,"key":"Ice Cream"},{"floor":43.0,"key":"Orichalcum"},{"floor":44.0,"key":"Ginger"},{"floor":54.0,"key":"StrikeDummy"}],"event_choices":[{"cards_removed":["Strike_R"],"damage_healed":0.0,"max_hp_gain":0.0,"max_hp_loss":0.0,"gold_gain":0.0,"event_name":"The Cleric","player_choice":"Card Removal","floor":2.0,"gold_loss":75.0,"damage_taken":0.0},{"cards_removed":["Strike_R"],"damage_healed":0.0,"max_hp_gain":0.0,"max_hp_loss":0.0,"gold_gain":0.0,"event_name":"Golden Wing","player_choice":"Card Removal","floor":3.0,"gold_loss":0.0,"damage_taken":7.0},{"damage_healed":0.0,"max_hp_gain":0.0,"max_hp_loss":0.0,"gold_gain":0.0,"event_name":"Scrap Ooze","player_choice":"Success","floor":12.0,"gold_loss":0.0,"damage_taken":5.0,"relics_obtained":["Mercury Hourglass"]},{"damage_healed":0.0,"max_hp_gain":0.0,"max_hp_loss":0.0,"gold_gain":0.0,"event_name":"Shining Light","player_choice":"Entered Light","floor":14.0,"gold_loss":0.0,"damage_taken":23.0,"cards_upgraded":["Power Through","Pommel Strike"]},{"damage_healed":0.0,"max_hp_gain":0.0,"max_hp_loss":0.0,"gold_gain":0.0,"event_name":"Match and Keep!","player_choice":"0 cards matched","floor":20.0,"gold_loss":0.0,"damage_taken":0.0,"cards_obtained":[]},{"damage_healed":0.0,"max_hp_gain":0.0,"max_hp_loss":4.0,"gold_gain":0.0,"event_name":"Winding Halls","player_choice":"Max HP","floor":37.0,"gold_loss":0.0,"damage_taken":0.0}],"is_beta":false,"boss_relics":[{"not_picked":["Fusion Hammer","Calling Bell"],"picked":"Ectoplasm"},{"not_picked":["Runic Cube","Busted Crown"],"picked":"Astrolabe"}],"items_purged_floors":[45],"is_endless":false,"potions_floor_spawned":[1,6,8,19,21,24,29,31,33,35,41,42,54],"killed_by":"The Heart","ascension_level":16}}