{"host":"i0avyit1s6jb1siw","time":1610531892,"event":{"mods":["BaseMod","DeckTracker","Dota2Spire","Highlight Path","Minty Spire (QoL Compilation)","Quick Restart","StSLib","SuperFastMode"],"gold_per_floor":[113,127,28,45,58,58,76,76,76,76,94,94,94,120,120,194,194,214,214,228,228,228],"floor_reached":21,"language":"ENG","playtime":505,"items_purged":["Strike_G"],"score":362,"play_id":"b752f43d-f8b2-4e18-91a1-95caa15e60a7","local_time":"20210113105812","is_ascension_mode":true,"campfire_choices":[{"data":"Skewer","floor":6,"key":"SMITH"},{"floor":8,"key":"REST"},{"data":"Footwork","floor":15,"key":"SMITH"}],"circlet_count":0,"master_deck":["AscendersBane","Strike_G","Defend_G","Defend_G","Defend_G","Defend_G","Defend_G","Survivor","Neutralize","Unload","Tactician+1","Footwork+1","Acrobatics","Venomology","Skewer+1","Dagger Throw","Flechettes","Blade Dance","Grand Finale","Concentrate+1","Deadly Poison+1","A Thousand Cuts+1","Dodge and Roll+1","Blade Dance+1"],"relics":["Ring of the Snake","Ginger","Kunai","Astrolabe","Toxic Egg 2"],"acts_visited":["Exordium","TheCity"],"potions_floor_usage":[5,7,11,14,14,14,16,16,16,20,20,21],"damage_taken":[{"damage":0,"enemies":"2 Louse","floor":1,"turns":3},{"damage":1,"enemies":"Jaw Worm","floor":2,"turns":3},{"damage":0,"enemies":"Small Slimes","floor":4,"turns":3},{"damage":26,"enemies":"Gremlin Gang","floor":5,"turns":5},{"damage":17,"enemies":"Exordium Wildlife","floor":7,"turns":6},{"damage":6,"enemies":"2 Fungi Beasts","floor":11,"turns":3},{"damage":8,"enemies":"Gremlin Nob","floor":14,"turns":3},{"damage":18,"enemies":"The Guardian","floor":16,"turns":15},{"damage":22,"enemies":"Spheric Guardian","floor":18,"turns":6},{"damage":23,"enemies":"2 Thieves","floor":20,"turns":5},{"damage":6,"enemies":"3 Cultists","floor":21,"turns":2}],"seed_played":"4317647413115824531","potions_obtained":[{"floor":2,"key":"Fire Potion"},{"floor":7,"key":"Dexterity Potion"},{"floor":14,"key":"Energy Potion"},{"floor":16,"key":"SteroidPotion"},{"floor":18,"key":"Ancient Potion"}],"is_trial":false,"path_per_floor":["M","M","$","M","M","R","M","R","T","$","M","?","T","E","R","B",null,"M","?","M","M"],"character_chosen":"THE_SILENT","items_purchased":["Acrobatics"],"campfire_rested":1,"item_purchase_floors":[3],"current_hp_per_floor":[59,58,58,58,32,32,15,33,33,33,27,27,27,19,19,1,45,23,23,3,0,0],"gold":228,"neow_bonus":"THREE_RARE_CARDS","is_daily":false,"chose_seed":false,"campfire_upgraded":2,"win_rate":0.0,"timestamp":1610531892,"path_taken":["M","M","$","M","M","R","M","R","T","$","M","?","?","E","R","BOSS","M","?","M","?"],"items_purchased_type":["Card"],"build_version":"2020-12-22","purchased_purges":1,"victory":false,"max_hp_per_floor":[60,60,60,60,60,60,60,60,60,60,60,60,60,60,60,60,60,60,60,60,60,60],"card_choices":[{"not_picked":["Tools of the Trade","Malaise"],"picked":"Unload","floor":0},{"not_picked":["Poisoned Stab","Caltrops"],"picked":"Tactician","floor":1},{"not_picked":["Sucker Punch","Poisoned Stab"],"picked":"Footwork","floor":2},{"not_picked":["Prepared","Crippling Poison"],"picked":"Venomology","floor":4},{"not_picked":["Outmaneuver","Bane"],"picked":"Skewer","floor":5},{"not_picked":["Prepared","Poisoned Stab"],"picked":"Dagger Throw","floor":7},{"not_picked":["Slice","Underhanded Strike"],"picked":"Flechettes","floor":11},{"not_picked":["Endless Agony","All Out Attack"],"picked":"Blade Dance","floor":14},{"not_picked":["Burst","Corpse Explosion"],"picked":"Grand Finale","floor":16},{"not_picked":["Finisher","All Out Attack"],"picked":"Dodge and Roll+1","floor":18},{"not_picked":["Bane","Dagger Throw"],"picked":"Blade Dance+1","floor":20}],"player_experience":2222774,"relics_obtained":[{"floor":13,"key":"Ginger"},{"floor":14,"key":"Kunai"},{"floor":19,"key":"Toxic Egg 2"}],"event_choices":[{"damage_healed":0,"gold_gain":0,"player_choice":"Grow","damage_taken":0,"max_hp_gain":0,"max_hp_loss":0,"event_name":"Living Wall","floor":12,"gold_loss":0,"cards_upgraded":["Tactician"]},{"damage_healed":0,"gold_gain":0,"player_choice":"Relic","damage_taken":0,"max_hp_gain":0,"max_hp_loss":0,"event_name":"Wheel of Change","floor":19,"gold_loss":0}],"is_beta":false,"boss_relics":[{"not_picked":["Snecko Eye","Busted Crown"],"picked":"Astrolabe"}],"items_purged_floors":[3],"is_endless":false,"potions_floor_spawned":[2,7,14,16,18],"killed_by":"3 Cultists","ascension_level":20}}