{"host":"7gewg82ormp6yt4e","time":1610542172,"event":{"mods":["BaseMod","Block Reminder","Colored Map","Colored Powertips","DeckTracker","Highlight Path","Minty Spire (QoL Compilation)","Relic Stats","StSLib","ojb\u0027s Info Mod"],"gold_per_floor":[16,16,34,34,45,45,71,221,221,221,14,28,28,42,42,119,119,129,149,149,169,184,184,218,231,231,231,246,6,6,33,45,130,142,171,183,214,245,257,269,311,323,335,347,369,381,65,82,82,82,82,82,82,1,34,34,34],"floor_reached":56,"language":"JPN","playtime":4854,"items_purged":[],"score":1994,"play_id":"418ae58c-8c3b-4566-a017-c669b38b1dd7","local_time":"20210113214932","is_ascension_mode":true,"campfire_choices":[{"data":"Redo","floor":6.0,"key":"SMITH"},{"data":"Zap","floor":10.0,"key":"SMITH"},{"data":"Sunder","floor":15.0,"key":"SMITH"},{"floor":23.0,"key":"REST"},{"floor":27.0,"key":"REST"},{"floor":32.0,"key":"REST"},{"floor":40.0,"key":"REST"},{"floor":42.0,"key":"REST"},{"floor":44.0,"key":"RECALL"},{"floor":49.0,"key":"REST"},{"floor":53.0,"key":"REST"}],"circlet_count":0,"master_deck":["AscendersBane","Defend_B","Defend_B","Defend_B","Defend_B","Zap+1","Dualcast","Steam","BootSequence","Redo+1","FTL","Coolheaded","Sunder+1","Cold Snap+1","Conserve Battery","Echo Form+1","Doom and Gloom","Reinforced Body","Cold Snap","Heatsinks+1","Coolheaded","Reinforced Body","Coolheaded","Biased Cognition+1","All For One","Turbo+1","Apotheosis+1","Deep Breath","Flash of Steel","Defragment+1","Scrape","Defragment+1","Steam Power","Core Surge+1","Force Field","All For One","Skim"],"relics":["Cracked Core","Frozen Egg 2","Ornamental Fan","DataDisk","Fusion Hammer","NlothsMask","Akabeko","Membership Card","Potion Belt","MawBank","Inserter","Gambling Chip","Lee\u0027s Waffle","Whetstone"],"acts_visited":["Exordium","TheCity","TheBeyond","TheEnding"],"potions_floor_usage":[56],"damage_taken":[{"damage":2.0,"enemies":"Jaw Worm","floor":1.0,"turns":4.0},{"damage":6.0,"enemies":"Small Slimes","floor":3.0,"turns":3.0},{"damage":1.0,"enemies":"Cultist","floor":5.0,"turns":3.0},{"damage":24.0,"enemies":"3 Sentries","floor":7.0,"turns":10.0},{"damage":0.0,"enemies":"Looter","floor":12.0,"turns":2.0},{"damage":1.0,"enemies":"Gremlin Gang","floor":14.0,"turns":4.0},{"damage":0.0,"enemies":"The Guardian","floor":16.0,"turns":13.0},{"damage":8.0,"enemies":"Shell Parasite","floor":18.0,"turns":4.0},{"damage":15.0,"enemies":"Chosen","floor":19.0,"turns":6.0},{"damage":28.0,"enemies":"3 Cultists","floor":21.0,"turns":6.0},{"damage":21.0,"enemies":"Snecko","floor":22.0,"turns":5.0},{"damage":16.0,"enemies":"Gremlin Leader","floor":24.0,"turns":6.0},{"damage":5.0,"enemies":"Snake Plant","floor":25.0,"turns":7.0},{"damage":11.0,"enemies":"Cultist and Chosen","floor":28.0,"turns":7.0},{"damage":25.0,"enemies":"Collector","floor":33.0,"turns":11.0},{"damage":8.0,"enemies":"Orb Walker","floor":35.0,"turns":4.0},{"damage":17.0,"enemies":"3 Darklings","floor":37.0,"turns":8.0},{"damage":0.0,"enemies":"Maw","floor":38.0,"turns":8.0},{"damage":33.0,"enemies":"Nemesis","floor":41.0,"turns":9.0},{"damage":23.0,"enemies":"Jaw Worm Horde","floor":45.0,"turns":5.0},{"damage":0.0,"enemies":"4 Shapes","floor":48.0,"turns":3.0},{"damage":14.0,"enemies":"Awakened One","floor":50.0,"turns":11.0},{"damage":8.0,"enemies":"Time Eater","floor":51.0,"turns":14.0},{"damage":74.0,"enemies":"Shield and Spear","floor":55.0,"turns":11.0},{"damage":48,"enemies":"The Heart","floor":56,"turns":9}],"seed_played":"3679371963424160124","potions_obtained":[{"floor":3.0,"key":"FearPotion"},{"floor":7.0,"key":"EntropicBrew"},{"floor":14.0,"key":"ColorlessPotion"},{"floor":16.0,"key":"LiquidBronze"},{"floor":18.0,"key":"CultistPotion"},{"floor":24.0,"key":"Block Potion"},{"floor":25.0,"key":"DuplicationPotion"},{"floor":28.0,"key":"Fruit Juice"},{"floor":37.0,"key":"Block Potion"},{"floor":48.0,"key":"Dexterity Potion"}],"is_trial":false,"path_per_floor":["M","?","M","?","M","R","E","?","T","R","$","M","?","M","R","B",null,"M","M","?","M","M","R","E","M","T","R","M","$","?","T","R","B",null,"M","?","M","M","?","R","E","R","T","R","M","?","$","M","R","B","B",null,"R","$","E","B"],"character_chosen":"DEFECT","items_purchased":["Sunder","DataDisk","Membership Card","Potion Belt","Core Surge","Lee\u0027s Waffle","Force Field","All For One","DistilledChaos","ColorlessPotion","Skim","Regen Potion"],"campfire_rested":7,"item_purchase_floors":[11,11,29,29,47,47,47,47,47,47,54,54],"current_hp_per_floor":[76,76,70,75,74,74,50,50,50,50,50,50,50,49,49,49,80,72,57,57,29,8,35,19,14,14,41,30,30,30,30,63,38,81,73,63,46,46,46,74,41,69,69,69,46,46,102,102,102,88,80,97,102,102,43,0,0],"gold":34,"neow_bonus":"TWENTY_PERCENT_HP_BONUS","is_daily":false,"chose_seed":false,"campfire_upgraded":3,"win_rate":0.0,"timestamp":1610542172,"path_taken":["M","?","M","?","M","R","E","?","T","R","$","M","?","M","R","BOSS","M","?","?","M","M","R","E","?","T","R","M","$","?","?","R","BOSS","M","?","M","M","?","R","E","R","T","R","?","?","$","M","R","BOSS","BOSS","R","$","E","BOSS"],"items_purchased_type":["Card","Relic","Relic","Relic","Card","Relic","Card","Card","Potion","Potion","Card","Potion"],"build_version":"2020-12-22","purchased_purges":0,"victory":false,"max_hp_per_floor":[85,85,85,90,90,90,90,90,90,90,90,90,90,90,90,90,90,90,90,90,90,90,90,90,90,90,90,90,90,90,90,95,95,95,95,95,95,95,95,95,95,95,95,95,95,95,102,102,102,102,102,102,102,102,102,102,102],"relic_stats":{"Lee\u0027s Waffle":56,"Inserter":[41],"counters":[25,173],"Ornamental Fan":[164],"Gambling Chip":[17],"Whetstone":["Core Surge","Cold Snap"],"MawBank":192,"obtain_stats":[{"Potion Belt":29,"Lee\u0027s Waffle":47,"Inserter":34,"Whetstone":55,"Frozen Egg 2":7,"MawBank":31,"Akabeko":24,"DataDisk":11,"Ornamental Fan":9,"Gambling Chip":41,"Fusion Hammer":17,"Membership Card":29,"Cracked Core":0,"NlothsMask":20},{"Potion Belt":14,"Lee\u0027s Waffle":20,"Inserter":15,"Whetstone":24,"Frozen Egg 2":4,"MawBank":14,"Akabeko":12,"DataDisk":4,"Ornamental Fan":4,"Gambling Chip":19,"Fusion Hammer":7,"Membership Card":14,"Cracked Core":0,"NlothsMask":9},{"Potion Belt":80,"Lee\u0027s Waffle":125,"Inserter":91,"Whetstone":164,"Frozen Egg 2":20,"MawBank":80,"Akabeko":66,"DataDisk":20,"Ornamental Fan":20,"Gambling Chip":120,"Fusion Hammer":39,"Membership Card":80,"Cracked Core":0,"NlothsMask":49}]},"card_choices":[{"not_picked":["Conserve Battery","Redo"],"picked":"Steam","floor":1.0},{"not_picked":["Gash","Conserve Battery"],"picked":"Redo","floor":3.0},{"not_picked":["Stack","Redo"],"picked":"FTL","floor":5.0},{"not_picked":["Steam","Stack"],"picked":"Coolheaded","floor":7.0},{"not_picked":["Go for the Eyes","Reboot"],"picked":"Cold Snap","floor":12.0},{"not_picked":["Go for the Eyes","Genetic Algorithm"],"picked":"Conserve Battery","floor":14.0},{"not_picked":["Multi-Cast","Amplify"],"picked":"Echo Form+1","floor":16.0},{"not_picked":["Ball Lightning","Turbo"],"picked":"Doom and Gloom","floor":18.0},{"not_picked":["Sweeping Beam","Darkness"],"picked":"Reinforced Body","floor":19.0},{"not_picked":["Rip and Tear","Sweeping Beam"],"picked":"Cold Snap","floor":21.0},{"not_picked":["Stack","Streamline"],"picked":"Heatsinks+1","floor":22.0},{"not_picked":["Beam Cell","Rebound"],"picked":"Coolheaded","floor":24.0},{"not_picked":["Beam Cell","Streamline"],"picked":"Reinforced Body","floor":25.0},{"not_picked":["Chaos","Go for the Eyes","Streamline+1"],"picked":"SKIP","floor":28.0},{"not_picked":["Hyperbeam","Amplify"],"picked":"All For One","floor":33.0},{"not_picked":["Hologram","Steam Power"],"picked":"Turbo+1","floor":35.0},{"not_picked":["Violence","Panacea"],"picked":"Apotheosis","floor":36.0},{"not_picked":["Swift Strike","Purity"],"picked":"Deep Breath","floor":36.0},{"not_picked":["Jack Of All Trades","Violence"],"picked":"Flash of Steel","floor":36.0},{"not_picked":["Steam","Hologram+1"],"picked":"Defragment+1","floor":37.0},{"not_picked":["Chill+1","FTL"],"picked":"Scrape","floor":38.0},{"not_picked":["Chill","Gash"],"picked":"Defragment+1","floor":41.0},{"not_picked":["BootSequence","Beam Cell","Auto Shields"],"picked":"SKIP","floor":45.0},{"not_picked":["Redo","Leap","Cold Snap"],"picked":"SKIP","floor":48.0},{"not_picked":["Leap","Coolheaded","Gash"],"picked":"SKIP","floor":55.0}],"player_experience":2562040,"relics_obtained":[{"floor":7.0,"key":"Frozen Egg 2"},{"floor":9.0,"key":"Ornamental Fan"},{"floor":24.0,"key":"Akabeko"},{"floor":31.0,"key":"MawBank"},{"floor":41.0,"key":"Gambling Chip"},{"floor":55.0,"key":"Whetstone"}],"event_choices":[{"damage_healed":0.0,"max_hp_gain":0.0,"max_hp_loss":0.0,"gold_gain":0.0,"cards_transformed":["Strike_B"],"event_name":"Living Wall","player_choice":"Change","floor":2.0,"gold_loss":0.0,"damage_taken":0.0,"cards_obtained":["BootSequence"]},{"damage_healed":0.0,"max_hp_gain":5.0,"max_hp_loss":0.0,"gold_gain":0.0,"event_name":"Big Fish","player_choice":"Donut","floor":4.0,"gold_loss":0.0,"damage_taken":0.0},{"damage_healed":0.0,"max_hp_gain":0.0,"max_hp_loss":0.0,"gold_gain":150.0,"event_name":"Liars Game","player_choice":"AGREE","floor":8.0,"gold_loss":0.0,"damage_taken":0.0,"cards_obtained":["Doubt"]},{"cards_removed":["Doubt"],"damage_healed":0.0,"max_hp_gain":0.0,"max_hp_loss":0.0,"gold_gain":0.0,"event_name":"Purifier","player_choice":"Purged","floor":13.0,"gold_loss":0.0,"damage_taken":0.0},{"damage_healed":0.0,"max_hp_gain":0.0,"max_hp_loss":0.0,"gold_gain":0.0,"event_name":"FaceTrader","player_choice":"Trade","floor":20.0,"gold_loss":0.0,"damage_taken":0.0,"relics_obtained":["NlothsMask"]},{"damage_healed":0.0,"max_hp_gain":0.0,"max_hp_loss":0.0,"gold_gain":0.0,"cards_transformed":["Strike_B","Strike_B"],"event_name":"Drug Dealer","player_choice":"Became Test Subject","floor":30.0,"gold_loss":0.0,"damage_taken":0.0,"cards_obtained":["Coolheaded","Biased Cognition"]},{"damage_healed":0.0,"max_hp_gain":0.0,"max_hp_loss":0.0,"gold_gain":0.0,"event_name":"SensoryStone","player_choice":"Memory 3","floor":36.0,"gold_loss":0.0,"damage_taken":10.0},{"damage_healed":0.0,"max_hp_gain":0.0,"max_hp_loss":0.0,"gold_gain":0.0,"event_name":"Upgrade Shrine","player_choice":"Upgraded","floor":39.0,"gold_loss":0.0,"damage_taken":0.0,"cards_upgraded":["Apotheosis"]},{"damage_healed":0.0,"max_hp_gain":0.0,"max_hp_loss":0.0,"gold_gain":0.0,"cards_transformed":["Strike_B"],"event_name":"Transmorgrifier","player_choice":"Transformed","floor":46.0,"gold_loss":0.0,"damage_taken":0.0,"cards_obtained":["Steam Power"]}],"is_beta":false,"boss_relics":[{"not_picked":["Sozu","Ectoplasm"],"picked":"Fusion Hammer"},{"not_picked":["Nuclear Battery","Black Star"],"picked":"Inserter"}],"items_purged_floors":[],"is_endless":false,"potions_floor_spawned":[3,7,14,16,18,24,25,28,37,48],"killed_by":"The Heart","ascension_level":20}}