{"host":"hbmugw1tcdgjy91l","time":1610522262,"event":{"mods":["Act Like it!","Arknights The Spire","BaseMod","Chen","Downfall","Gensokyo","Gremlin Mod","GungeonMod","Lobotomy","LobotomyExtend","Mari Mod (Legacy)","Mari\u0027s V1 Patch","Minty Spire (QoL Compilation)","Pale of the Ancients","Prisma Mod","READ ME - Guardian Mod","Replay The Spire","StSLib","Td1madao Mod","TestMod","The Animator","The Bug Knight","The Mystic","WarShipGirlsR/战舰少女R mod","vexMod","【功能Mod】混沌之环修复补丁"],"gold_per_floor":[110,80,99,110,110,110,110],"floor_reached":6,"language":"ZHS","playtime":414,"items_purged":[],"score":36,"play_id":"9b59810c-42f3-44de-b3c4-91af465ae104","local_time":"20210113151742","is_ascension_mode":false,"campfire_choices":[],"circlet_count":0,"master_deck":["DemoMod:Strike_Huntress","DemoMod:Strike_Huntress","DemoMod:Strike_Huntress","DemoMod:Defend_Huntress","DemoMod:Defend_Huntress","DemoMod:Defend_Huntress","DemoMod:Defend_Huntress","DemoMod:Roll","DemoMod:ManualReload","DemoMod:RustySidearm","DemoMod:CrossBow","DemoMod:PotionOfGunFriendShip","Bloodbath","DemoMod:MegaHand","DemoMod:SkilledReload","DemoMod:Polaris"],"relics":["DemoMod:Dog","testmod-TestBox","CogitoBucket","LetterFromLob","testmod-Antiphasic"],"acts_visited":["Exordium"],"potions_floor_usage":[6],"damage_taken":[{"damage":3,"enemies":"Small Slimes","floor":1,"turns":4},{"damage":12,"enemies":"Jaw Worm","floor":3,"turns":4},{"damage":1,"enemies":"Cultist","floor":4,"turns":3},{"damage":68,"enemies":"Gremlin Nob","floor":6,"turns":5}],"seed_played":"-4443873760243424242","potions_obtained":[{"floor":3,"key":"SkillPotion"}],"is_trial":false,"path_per_floor":["M","?","M","M","?","E"],"character_chosen":"HUNTRESS","items_purchased":[],"campfire_rested":0,"item_purchase_floors":[],"current_hp_per_floor":[67,67,56,56,44,0,0],"gold":110,"neow_bonus":"","is_daily":false,"chose_seed":false,"campfire_upgraded":0,"win_rate":0.0,"timestamp":1610522262,"path_taken":["M","?","M","M","?","E"],"items_purchased_type":[],"build_version":"2020-12-22","purchased_purges":0,"victory":false,"max_hp_per_floor":[70,70,70,70,70,75,75],"card_choices":[{"not_picked":["DemoMod:HuntsMan","DemoMod:ConditionalReflex"],"picked":"DemoMod:PotionOfGunFriendShip","floor":1},{"not_picked":["QueenBee","UniverseFragment"],"picked":"Bloodbath","floor":1},{"not_picked":[],"picked":"DemoMod:MegaHand","floor":2},{"not_picked":["DemoMod:StickyCrossBow","DemoMod:FeignSurrender"],"picked":"DemoMod:SkilledReload","floor":3},{"not_picked":["DemoMod:ConditionalReflex","DemoMod:PotionOfGunFriendShip"],"picked":"DemoMod:Polaris","floor":4}],"player_experience":431095,"relics_obtained":[{"floor":1,"key":"LetterFromLob"}],"event_choices":[{"damage_healed":0,"gold_gain":0,"player_choice":"Success","damage_taken":12,"relics_obtained":["testmod-Antiphasic"],"max_hp_gain":0,"max_hp_loss":0,"event_name":"Scrap Ooze","floor":5,"gold_loss":0}],"is_beta":false,"boss_relics":[],"items_purged_floors":[],"is_endless":false,"potions_floor_spawned":[3],"killed_by":"Gremlin Nob","ascension_level":0}}