{"host":"7f01flv6y0vhl3vt","time":1610551197,"event":{"mods":["Act Like it!","BaseMod","Downfall","Minty Spire (QoL Compilation)","StSLib"],"gold_per_floor":[99,99,109,384,395,2,26,37,67,67,67,85,33,18,32,32,32,32],"floor_reached":16,"language":"ENG","playtime":1746,"items_purged":["Regret"],"score":100,"play_id":"61636340-c43f-4283-918c-d703f0c42eb8","local_time":"20210113101957","is_ascension_mode":false,"campfire_choices":[{"floor":1,"key":"RECALL"},{"floor":10,"key":"REST"},{"floor":11,"key":"REST"}],"circlet_count":0,"master_deck":["Guardian:Strike_Guardian","Guardian:Strike_Guardian","Guardian:Strike_Guardian","Guardian:Strike_Guardian","Guardian:Defend_Guardian","Guardian:Defend_Guardian","Guardian:Defend_Guardian","Guardian:Defend_Guardian","Guardian:CurlUp","Guardian:TwinSlam","Guardian:SpikerProtocol","Guardian:PrismaticBeam","Guardian:ChargeCore","Guardian:FastForward","Guardian:PolyBeam","Guardian:Gem_Red","Guardian:PiercingHide","Guardian:SpikerProtocol","Guardian:PrismaticBeam","Guardian:PrismaticBeam"],"relics":["Guardian:ModeShifter","WingedGreaves","Happy Flower"],"acts_visited":["Exordium"],"potions_floor_usage":[9,9,15,16],"damage_taken":[{"damage":0,"enemies":"Cultist","floor":3,"turns":4},{"damage":6,"enemies":"Small Slimes","floor":5,"turns":3},{"damage":2,"enemies":"downfall:FleeingMerchant","floor":6,"turns":4},{"damage":12,"enemies":"Jaw Worm","floor":8,"turns":3},{"damage":37,"enemies":"3 Sentries","floor":9,"turns":11},{"damage":20,"enemies":"Blue Slaver","floor":12,"turns":3},{"damage":9,"enemies":"downfall:FleeingMerchant","floor":13,"turns":4},{"damage":7,"enemies":"downfall:FleeingMerchant","floor":14,"turns":4},{"damage":17,"enemies":"Gremlin Gang","floor":15,"turns":4},{"damage":26,"enemies":"downfall:Ironclad","floor":16,"turns":5}],"seed_played":"3028977491423719798","potions_obtained":[{"floor":0,"key":"SpeedPotion"},{"floor":0,"key":"Ancient Potion"},{"floor":0,"key":"FearPotion"},{"floor":8,"key":"SmokeBomb"},{"floor":12,"key":"FearPotion"},{"floor":15,"key":"Guardian:DefensiveModePotion"}],"is_trial":false,"path_per_floor":["R","?","M","?","M","$","T","M","E","R","R","M","$","$","M","B"],"character_chosen":"GUARDIAN","items_purchased":["WingedGreaves","Guardian:SpikerProtocol"],"campfire_rested":2,"item_purchase_floors":[6,13],"current_hp_per_floor":[80,85,85,85,79,77,77,65,28,53,78,58,49,42,25,0,0,0],"gold":32,"neow_bonus":"THREE_SMALL_POTIONS","is_daily":false,"chose_seed":false,"campfire_upgraded":0,"win_rate":0.0,"timestamp":1610551197,"path_taken":["R","?","M","?","M","$","T","?","E","R","R","M","?","$","M","BOSS"],"items_purchased_type":["Relic","Card"],"build_version":"2020-12-22","purchased_purges":1,"victory":false,"max_hp_per_floor":[80,85,85,85,85,85,85,85,85,85,85,85,85,85,85,85,85,85],"card_choices":[{"not_picked":["Guardian:Gem_Lightblue","Guardian:Gem_Cyan"],"picked":"Guardian:SpikerProtocol","floor":3},{"not_picked":["Guardian:CrystalBeam","Guardian:TimeCapacitor"],"picked":"Guardian:PrismaticBeam","floor":5},{"not_picked":["Guardian:Recover","Guardian:Gem_Cyan"],"picked":"Guardian:ChargeCore","floor":6},{"not_picked":["Guardian:BronzeArmor","Guardian:Gem_Red"],"picked":"Guardian:FastForward","floor":8},{"not_picked":["Guardian:Planning","Guardian:GuardianWhirl"],"picked":"Guardian:PolyBeam","floor":9},{"not_picked":["Guardian:Suspension","Guardian:Gem_Cyan"],"picked":"Guardian:Gem_Red","floor":12},{"not_picked":["Guardian:CrystalBeam","Guardian:Suspension"],"picked":"Guardian:PiercingHide","floor":13},{"not_picked":["Guardian:TimeCapacitor","Guardian:TemporalShield"],"picked":"Guardian:PrismaticBeam","floor":14},{"not_picked":["Guardian:TemporalShield","Guardian:ChargeCore"],"picked":"Guardian:PrismaticBeam","floor":15}],"player_experience":1217016,"relics_obtained":[{"floor":9,"key":"Happy Flower"}],"event_choices":[{"damage_healed":0,"gold_gain":0,"player_choice":"Donut","damage_taken":0,"max_hp_gain":5,"max_hp_loss":0,"event_name":"Big Fish","floor":2,"gold_loss":0}],"is_beta":false,"boss_relics":[],"items_purged_floors":[6],"is_endless":false,"potions_floor_spawned":[8,12,15],"killed_by":"downfall:Ironclad","ascension_level":0}}