{"host":"0vlubjftylzdr3ny","time":1610557753,"event":{"mods":["Always Whale","BaseMod","GifTheSpireLib","Minty Spire (QoL Compilation)","Relic Filter","StSLib","Stuff the Spire"],"gold_per_floor":[114,64,77,77,88,88,113,142,194,194,213,213,246,257,257,358,358,376,376,396,396,321,352,352,352,352,369,369,380,136,154,154,254,254,265,265,275,275,322,322,353,353,353,366,393,50,50,50,50,50],"floor_reached":51,"language":"ENG","playtime":2469,"items_purged":["Strike_R","Defend_R","Defend_R"],"score":870,"play_id":"aeeab15d-4fcf-442f-b867-cfe48a362b1c","local_time":"20210113180913","is_ascension_mode":true,"campfire_choices":[{"data":"Body Slam","floor":6,"key":"SMITH"},{"data":"Entrench","floor":12,"key":"SMITH"},{"data":"Flame Barrier","floor":15,"key":"SMITH"},{"data":"True Grit","floor":25,"key":"SMITH"},{"data":"Ghostly Armor","floor":28,"key":"SMITH"},{"data":"Body Slam","floor":32,"key":"SMITH"},{"data":"StuffTheSpire:Rapture","floor":40,"key":"SMITH"},{"data":"Offering","floor":42,"key":"SMITH"},{"data":"Body Slam","floor":47,"key":"SMITH"},{"data":"Pummel","floor":49,"key":"SMITH"}],"circlet_count":0,"master_deck":["Strike_R+1","Strike_R+1","Defend_R+1","Bash+1","Flame Barrier+1","Body Slam+1","Entrench+1","Ghostly Armor+1","Infernal Blade","Pummel+1","True Grit+1","StuffTheSpire:Rapture+1","Shrug It Off+1","Body Slam+1","Offering+1","Body Slam+1","Metallicize+1"],"relics":["Burning Blood","Whetstone","Darkstone Periapt","StuffTheSpire:GrapeVine","Centennial Puzzle","Coffee Dripper","Regal Pillow","Toy Ornithopter","Meat on the Bone","Juzu Bracelet","Runic Pyramid","Pocketwatch","Boot","Ornamental Fan","The Courier","Medical Kit"],"acts_visited":["Exordium","TheCity","TheBeyond"],"potions_floor_usage":[13,13,23,31,33,39,45,50,50,50],"damage_taken":[{"damage":5,"enemies":"Cultist","floor":1,"turns":4},{"damage":4,"enemies":"Small Slimes","floor":3,"turns":4},{"damage":3,"enemies":"Jaw Worm","floor":5,"turns":4},{"damage":13,"enemies":"3 Sentries","floor":8,"turns":7},{"damage":1,"enemies":"2 Fungi Beasts","floor":11,"turns":4},{"damage":2,"enemies":"Gremlin Nob","floor":13,"turns":3},{"damage":2,"enemies":"Looter","floor":14,"turns":3},{"damage":23,"enemies":"Hexaghost","floor":16,"turns":10},{"damage":2,"enemies":"Spheric Guardian","floor":18,"turns":3},{"damage":2,"enemies":"Shell Parasite","floor":20,"turns":2},{"damage":35,"enemies":"Gremlin Leader","floor":23,"turns":8},{"damage":0,"enemies":"Centurion and Healer","floor":27,"turns":6},{"damage":0,"enemies":"Snecko","floor":29,"turns":7},{"damage":16,"enemies":"Snake Plant","floor":31,"turns":3},{"damage":15,"enemies":"Collector","floor":33,"turns":9},{"damage":6,"enemies":"3 Shapes","floor":35,"turns":4},{"damage":6,"enemies":"Orb Walker","floor":37,"turns":3},{"damage":6,"enemies":"2 Orb Walkers","floor":39,"turns":3},{"damage":6,"enemies":"Giant Head","floor":41,"turns":6},{"damage":6,"enemies":"Transient","floor":44,"turns":5},{"damage":10,"enemies":"Reptomancer","floor":45,"turns":4},{"damage":6,"enemies":"Donu and Deca","floor":50,"turns":7}],"seed_played":"5609777329772140830","potions_obtained":[{"floor":3,"key":"CultistPotion"},{"floor":5,"key":"Block Potion"},{"floor":14,"key":"AttackPotion"},{"floor":20,"key":"BloodPotion"},{"floor":23,"key":"BlessingOfTheForge"},{"floor":31,"key":"LiquidMemories"},{"floor":41,"key":"Explosive Potion"},{"floor":44,"key":"SkillPotion"},{"floor":45,"key":"Ancient Potion"}],"is_trial":false,"path_per_floor":["M","?","M","?","M","R","T","E","T","?","M","R","E","M","R","B",null,"M","?","M","?","$","E","?","R","T","M","R","M","$","M","R","B",null,"M","?","M","?","?","R","E","R","T","M","E","$","R","?","R","B",null],"character_chosen":"IRONCLAD","items_purchased":["Juzu Bracelet","Medical Kit","EssenceOfSteel","EssenceOfSteel"],"campfire_rested":0,"item_purchase_floors":[30,46,46,46],"current_hp_per_floor":[80,80,80,64,67,67,67,60,60,60,65,65,69,73,73,56,80,80,80,80,80,80,51,36,36,36,54,54,60,60,71,71,67,80,80,80,80,80,80,80,80,80,80,80,80,80,80,76,76,76],"gold":50,"neow_bonus":"TRANSFORM_CARD","is_daily":false,"chose_seed":false,"campfire_upgraded":10,"win_rate":0.0,"timestamp":1610557753,"path_taken":["M","?","M","?","M","R","?","E","T","?","M","R","E","M","R","BOSS","M","?","M","?","$","E","?","R","T","M","R","M","?","M","R","BOSS","M","?","M","?","?","R","E","R","T","M","E","$","R","?","R","BOSS"],"items_purchased_type":["Relic","Relic","Potion","Potion"],"build_version":"2020-12-22","purchased_purges":3,"victory":true,"max_hp_per_floor":[80,80,80,80,80,80,80,80,80,80,80,80,80,80,80,80,80,80,80,80,80,80,80,80,80,80,80,80,80,80,80,80,80,80,80,80,80,80,80,80,80,80,80,80,80,80,80,76,76,76],"card_choices":[{"not_picked":["Heavy Blade","Clothesline","StuffTheSpire:Pyroclast"],"picked":"SKIP","floor":1},{"not_picked":["Shrug It Off","Battle Trance"],"picked":"Flame Barrier","floor":3},{"not_picked":["Evolve","Demon Form"],"picked":"Body Slam","floor":5},{"not_picked":["True Grit","Battle Trance"],"picked":"Entrench","floor":8},{"not_picked":["StuffTheSpire:Slingshot","Clash","Heavy Blade"],"picked":"SKIP","floor":11},{"not_picked":["Fiend Fire","StuffTheSpire:RockThrow","Exhume"],"picked":"SKIP","floor":13},{"not_picked":["StuffTheSpire:RockThrow","Perfected Strike","Dual Wield"],"picked":"SKIP","floor":14},{"not_picked":["Carnage","Perfected Strike"],"picked":"Ghostly Armor","floor":18},{"not_picked":["StuffTheSpire:Slingshot","Carnage","Clash"],"picked":"SKIP","floor":20},{"not_picked":["True Grit","StuffTheSpire:RockThrow","Clothesline"],"picked":"SKIP","floor":23},{"not_picked":["StuffTheSpire:RockThrow","Clothesline"],"picked":"True Grit","floor":23},{"not_picked":["StuffTheSpire:Slingshot","Evolve","Fire Breathing"],"picked":"SKIP","floor":27},{"not_picked":["Pommel Strike","Hemokinesis"],"picked":"Shrug It Off","floor":29},{"not_picked":["Brutality","StuffTheSpire:Incineration"],"picked":"Body Slam","floor":31},{"not_picked":["Limit Break","Corruption"],"picked":"Offering","floor":33},{"not_picked":["Burning Pact","Sword Boomerang+1","Spot Weakness+1"],"picked":"SKIP","floor":35},{"not_picked":["Twin Strike","Shockwave+1","Clothesline+1"],"picked":"SKIP","floor":37},{"not_picked":["Second Wind","Hemokinesis+1","StuffTheSpire:Slingshot"],"picked":"SKIP","floor":41},{"not_picked":["Cleave","Wild Strike"],"picked":"Body Slam","floor":44},{"not_picked":["Corruption","True Grit"],"picked":"Metallicize+1","floor":45}],"player_experience":840928,"relics_obtained":[{"floor":7,"key":"Whetstone"},{"floor":8,"key":"Darkstone Periapt"},{"floor":9,"key":"StuffTheSpire:GrapeVine"},{"floor":13,"key":"Centennial Puzzle"},{"floor":23,"key":"Toy Ornithopter"},{"floor":26,"key":"Meat on the Bone"},{"floor":39,"key":"Pocketwatch"},{"floor":41,"key":"Boot"},{"floor":43,"key":"Ornamental Fan"},{"floor":45,"key":"The Courier"}],"event_choices":[{"cards_removed":["Burning Pact"],"damage_healed":0,"gold_gain":0,"player_choice":"Card Removal","damage_taken":0,"max_hp_gain":0,"max_hp_loss":0,"event_name":"The Cleric","floor":2,"gold_loss":50},{"damage_healed":0,"gold_gain":0,"player_choice":"Entered Light","damage_taken":16,"max_hp_gain":0,"max_hp_loss":0,"event_name":"Shining Light","floor":4,"gold_loss":0,"cards_upgraded":["Defend_R","Bash"]},{"damage_healed":0,"gold_gain":0,"player_choice":"Ignored","damage_taken":0,"max_hp_gain":0,"max_hp_loss":0,"event_name":"Liars Game","floor":10,"gold_loss":0},{"damage_healed":0,"gold_gain":0,"cards_transformed":["Defend_R","Strike_R"],"player_choice":"Became Test Subject","damage_taken":0,"max_hp_gain":0,"max_hp_loss":0,"event_name":"Drug Dealer","floor":19,"gold_loss":0,"cards_obtained":["Infernal Blade","Pummel"]},{"damage_healed":0,"gold_gain":0,"player_choice":"Opened","damage_taken":0,"relics_obtained":["Regal Pillow"],"max_hp_gain":0,"max_hp_loss":0,"event_name":"The Mausoleum","floor":21,"gold_loss":0},{"damage_healed":0,"gold_gain":0,"player_choice":"Upgraded","damage_taken":0,"max_hp_gain":0,"max_hp_loss":0,"event_name":"Upgrade Shrine","floor":38,"gold_loss":0,"cards_upgraded":["Shrug It Off"]},{"damage_healed":0,"gold_gain":0,"player_choice":"Fight","damage_taken":0,"max_hp_gain":0,"max_hp_loss":0,"event_name":"Mysterious Sphere","floor":39,"gold_loss":0},{"damage_healed":0,"gold_gain":0,"player_choice":"Max HP","damage_taken":0,"max_hp_gain":0,"max_hp_loss":4,"event_name":"Winding Halls","floor":48,"gold_loss":0}],"is_beta":false,"boss_relics":[{"not_picked":["Black Star","Philosopher\u0027s Stone"],"picked":"Coffee Dripper"},{"not_picked":["Busted Crown","SlaversCollar"],"picked":"Runic Pyramid"}],"items_purged_floors":[22,30,46],"is_endless":false,"potions_floor_spawned":[3,5,14,20,23,31,41,44,45],"ascension_level":1}}