{"host":"2ulm0pyp8jok7fk5","time":1610502128,"event":{"mods":["Act Like it!","Arknights The Spire","BaseMod","Decade(Õı–°√˜)","Gensokyo","Koishi","Marisa£®ÏF”Í°°ƒß¿Ì…≥£©","Minty Spire (QoL Compilation)","Reimu£®≤©¿ˆ¡È√Œ£©","Remilia£®¿Ÿ√◊¿Ú—«£©","Replay The Spire","Shop Mod","Spicy Shops","StSLib","The Bug Knight","The Hierophant","The Servant 0.9.4","Waifu the Spire","Youmu£®ªÍ∆«—˝√Œ£©","Yuyuko"],"gold_per_floor":[115,132,132,144,144,176,186,65,65,82,117,129,129,29,29,134,134,144,144,155,30,30,30,4,30,30,30,45,45,56,56,56,159,209,223,163,179,29,48,48,83,83,83,102,102,102,116,134,134,134],"floor_reached":51,"language":"ZHS","playtime":2608,"items_purged":["Replay:Sssssssssshield","Forethought","Specialist","Defend_MRS"],"score":707,"play_id":"a3d9f336-0368-47e1-aa39-8bad7d09580e","local_time":"20210113094208","daily_mods":["Allstar","Heirloom","Time Dilation"],"is_ascension_mode":false,"campfire_choices":[{"floor":13,"key":"REST"},{"data":"ShootTheMoon","floor":15,"key":"SMITH"},{"data":"OortCloud","floor":23,"key":"SMITH"},{"data":"Singularity","floor":29,"key":"SMITH"},{"data":"UpSweep","floor":32,"key":"SMITH"},{"floor":40,"key":"REST"},{"data":"CasketOfStar","floor":42,"key":"SMITH"},{"data":"ShootingEcho","floor":45,"key":"SMITH"},{"floor":49,"key":"REST"}],"circlet_count":0,"master_deck":["Strike_MRS+1","Strike_MRS+1","Strike_MRS","Defend_MRS","Defend_MRS","Defend_MRS","MasterSpark+1","UpSweep+1","Dark Shackles","IllusionStar","ShootingEcho+1","OortCloud+1","ShootTheMoon+1","MilkyWay+1","Acceleration+1","PowerUp+1","GasGiant+1","ManaRampage+1","PulseMagic+1","MilkyWay+1","Parasite","Parasite","Singularity+1","MilkyWay+1","CasketOfStar+1","SprinkleStarSeal+1","PropBag+1","EnergyRecoil+1","Parasite","PropBag+1"],"relics":["MiniHakkero","Counterbalance","NeowsBlessing","Toxic Egg 2","Chameleon Ring","Centennial Puzzle","ExperimentalFamiliar","NeowsBlessing","ShroomBag","Tea:ReiMu","NeowsBlessing","Tiny House","Durian","The Courier"],"acts_visited":["Exordium","TheCity","TheBeyond"],"potions_floor_usage":[],"damage_taken":[{"damage":0,"enemies":"2 Louse","floor":1,"turns":2},{"damage":5,"enemies":"Small Slimes","floor":2,"turns":2},{"damage":0,"enemies":"Cultist","floor":4,"turns":2},{"damage":0,"enemies":"HollowMod:MossKnight","floor":6,"turns":1},{"damage":0,"enemies":"Large Slime","floor":7,"turns":1},{"damage":0,"enemies":"Exordium Thugs","floor":10,"turns":1},{"damage":13,"enemies":"3 Sentries","floor":11,"turns":6},{"damage":0,"enemies":"2 Fungi Beasts","floor":12,"turns":3},{"damage":62,"enemies":"Fading Forest","floor":16,"turns":11},{"damage":0,"enemies":"Spheric Guardian","floor":18,"turns":3},{"damage":0,"enemies":"Centurion and Healer","floor":20,"turns":1},{"damage":0,"enemies":"Slavers","floor":25,"turns":1},{"damage":0,"enemies":"Snecko","floor":28,"turns":1},{"damage":15,"enemies":"Snake Plant","floor":30,"turns":3},{"damage":0,"enemies":"Collector","floor":33,"turns":1},{"damage":0,"enemies":"3 Darklings","floor":35,"turns":1},{"damage":0,"enemies":"3 Shapes","floor":37,"turns":1},{"damage":24,"enemies":"Jaw Worm Horde","floor":39,"turns":3},{"damage":0,"enemies":"R_Hoarder","floor":41,"turns":5},{"damage":12,"enemies":"Maw","floor":44,"turns":8},{"damage":17,"enemies":"Writhing Mass","floor":47,"turns":3},{"damage":6,"enemies":"Jaw Worm Horde","floor":48,"turns":3},{"damage":54,"enemies":"Time Eater","floor":50,"turns":10}],"seed_played":"5458932744315591495","potions_obtained":[{"floor":4,"key":"CultistPotion"},{"floor":7,"key":"BlessingOfTheForge"},{"floor":10,"key":"EntropicBrew"}],"is_trial":true,"path_per_floor":["M","M","?","M","WH","E","M","$","T","M","E","M","R","$","R","B",null,"M","WH","M","$","?","R","$","E","T","WH","M","R","M","WH","R","B",null,"M","?","M","$","M","R","E","R","T","M","R","?","M","M","R","B",null],"character_chosen":"MARISA","items_purchased":["MilkyWay+1","MilkyWay+1"],"campfire_rested":3,"item_purchase_floors":[8,24],"current_hp_per_floor":[75,70,55,55,55,55,55,55,55,55,42,42,64,64,64,20,75,75,75,75,75,75,75,75,75,75,82,82,82,71,71,71,71,87,87,87,87,87,65,87,92,92,92,82,82,82,69,69,92,44],"gold":134,"neow_bonus":"THREE_ENEMY_KILL","is_daily":false,"chose_seed":false,"campfire_upgraded":6,"win_rate":0.0,"timestamp":1610502128,"path_taken":["M","M","?","M","WH","E","M","$","T","M","E","M","R","$","R","BOSS","M","WH","M","$","?","R","$","E","T","WH","M","R","M","WH","R","BOSS","M","?","M","$","M","R","E","R","T","?","R","?","M","M","R","BOSS"],"items_purchased_type":["Card","Card"],"build_version":"2020-12-22","purchased_purges":4,"victory":true,"max_hp_per_floor":[75,75,75,75,75,75,75,75,75,75,75,75,75,75,75,75,75,75,75,75,75,75,75,75,75,75,82,82,82,82,82,82,82,87,87,87,87,87,87,87,92,92,92,92,92,92,92,92,92,92],"card_choices":[{"not_picked":["MilkyWay","UnstableBomb"],"picked":"IllusionStar","floor":1},{"not_picked":["SporeBomb","WitchLeyline"],"picked":"ShootingEcho","floor":2},{"not_picked":["Acceleration","6A"],"picked":"OortCloud","floor":4},{"not_picked":["LuminesStrike","MaximisePower+1"],"picked":"ShootTheMoon","floor":6},{"not_picked":["LuminesStrike","6A","DoubleSpark"],"picked":"SKIP","floor":7},{"not_picked":["NonDirectionalLaser","MachineGunSpark"],"picked":"Acceleration+1","floor":10},{"not_picked":["MysteriousBeam","AsteroidBelt+1"],"picked":"PowerUp+1","floor":11},{"not_picked":["ChargingUp+1","NonDirectionalLaser"],"picked":"GasGiant+1","floor":12},{"not_picked":["StarDustReverie+1","AbsoluteMagnitude"],"picked":"ManaRampage+1","floor":16},{"not_picked":["PowerUp+1","DarkMatter+1"],"picked":"PulseMagic+1","floor":18},{"not_picked":["GasGiant+1","UnstableBomb","SporeBomb+1"],"picked":"SKIP","floor":20},{"not_picked":["ShootingEcho","DoubleSpark+1"],"picked":"Singularity","floor":25},{"not_picked":["DC","IllusionStar+1","DarkMatter+1"],"picked":"SKIP","floor":28},{"not_picked":["ChargingUp+1","EventHorizon"],"picked":"MilkyWay+1","floor":30},{"not_picked":["BlazingStar","AbsoluteMagnitude"],"picked":"CasketOfStar","floor":33},{"not_picked":["DoubleSpark","WitchOfGreed"],"picked":"SprinkleStarSeal+1","floor":34},{"not_picked":["SprinkleStarSeal+1","OrrerysSun+1","LuminesStrike"],"picked":"SKIP","floor":35},{"not_picked":["GrandCross+1","MagicChant+1"],"picked":"PropBag+1","floor":37},{"not_picked":["EnergyFlow+1","DC","ChargeUpSpray+1"],"picked":"SKIP","floor":39},{"not_picked":["CollectingQuirk","WitchLeyline+1","MagicChant+1"],"picked":"SKIP","floor":41},{"not_picked":["GasGiant+1","StarBarrage"],"picked":"EnergyRecoil+1","floor":44},{"not_picked":["Acceleration+1","DarkMatter+1"],"picked":"PropBag+1","floor":47},{"not_picked":["DoubleSpark+1","UnstableBomb","AsteroidBelt+1"],"picked":"SKIP","floor":48}],"player_experience":73982,"relics_obtained":[{"floor":6,"key":"Toxic Egg 2"},{"floor":9,"key":"Chameleon Ring"},{"floor":11,"key":"Centennial Puzzle"},{"floor":25,"key":"ShroomBag"},{"floor":26,"key":"Tea:ReiMu"},{"floor":41,"key":"Durian"},{"floor":43,"key":"The Courier"}],"event_choices":[{"damage_healed":0,"gold_gain":0,"player_choice":"Entered Light","damage_taken":15,"max_hp_gain":0,"max_hp_loss":0,"event_name":"Shining Light","floor":3,"gold_loss":0,"cards_upgraded":["Strike_MRS","MasterSpark"]},{"cards_removed":["Deep Breath"],"damage_healed":0,"gold_gain":0,"player_choice":"Elegance","damage_taken":0,"max_hp_gain":0,"max_hp_loss":0,"event_name":"Back to Basics","floor":22,"gold_loss":0},{"cards_removed":["Strike_MRS"],"damage_healed":0,"gold_gain":0,"player_choice":"Single Remove","damage_taken":0,"max_hp_gain":0,"max_hp_loss":0,"event_name":"Designer","floor":36,"gold_loss":60}],"is_beta":false,"boss_relics":[{"not_picked":["Painkiller Herb","Astrolabe"],"picked":"ExperimentalFamiliar"},{"not_picked":["Runic Pyramid","Busted Crown"],"picked":"Tiny House"}],"items_purged_floors":[8,14,21,38],"is_endless":false,"potions_floor_spawned":[4,7,10,11,20,28,33,35,39,41,44],"ascension_level":0}}