{"host":"aijg3q29dt6ws75i","time":1610563393,"event":{"mods":["Act Like it!","BaseMod","Downfall","Hallownest","Hermit","Jorbs\u0027s Wanderer Trilogy","Minty Spire (QoL Compilation)","Rare Cards Sparkle","StSLib","Td1madao Mod","The Bug Knight","The Cursed","The Hierophant","The Necromancer","The Servant 0.9.4","everything is the same but u backflip on backflip"],"gold_per_floor":[93,87,13,13,13,13,13,69,121,196,196,259,269,325,325,327,327],"floor_reached":16,"language":"ENG","playtime":1150,"items_purged":[],"score":125,"play_id":"0e3731dd-8584-4732-9a09-e9ae95d81130","local_time":"20210113134313","is_ascension_mode":false,"campfire_choices":[{"data":"hierophant:Punish","floor":6,"key":"SMITH"},{"data":"hierophant:RustyCrate","floor":11,"key":"SMITH"},{"floor":15,"key":"REST"}],"circlet_count":0,"master_deck":["hierophant:Strike_Hierophant","hierophant:Strike_Hierophant","hierophant:Strike_Hierophant","hierophant:Strike_Hierophant","hierophant:Punish+1","hierophant:Defend_Hierophant","hierophant:Defend_Hierophant","hierophant:Defend_Hierophant","hierophant:ChurchCoffers","hierophant:HolyVerse","hierophant:Doubloon","hierophant:RecallFunds","hierophant:RustyCrate+1","hierophant:Doubloon","hierophant:Doubloon","hierophant:Doubloon","hierophant:DisplayOfPower","hierophant:PristineSoul","hierophant:Embezzle","hierophant:Doubloon","hierophant:RecallFunds"],"relics":["hierophant:PropheticMaskRelic","Centennial Puzzle","Bag of Marbles","hierophant:DonationBoxRelic"],"acts_visited":["Exordium"],"potions_floor_usage":[],"damage_taken":[{"damage":1,"enemies":"Cultist","floor":1,"turns":3},{"damage":1,"enemies":"Jaw Worm","floor":2,"turns":3},{"damage":0,"enemies":"2 Louse","floor":8,"turns":1},{"damage":45,"enemies":"3 Sentries","floor":12,"turns":7},{"damage":0,"enemies":"Looter","floor":13,"turns":2},{"damage":0,"enemies":"2 Fungi Beasts","floor":14,"turns":2},{"damage":44,"enemies":"The Guardian","floor":16,"turns":6}],"seed_played":"-3454553554405296459","potions_obtained":[{"floor":12,"key":"GamblersBrew"},{"floor":14,"key":"Dexterity Potion"}],"is_trial":false,"path_per_floor":["M","M","$","?","$","R","T","M","T","?","R","E","M","M","R","B"],"character_chosen":"HIEROPHANT","items_purchased":["hierophant:RustyCrate","hierophant:Doubloon"],"campfire_rested":1,"item_purchase_floors":[3,3],"current_hp_per_floor":[81,80,80,73,73,73,73,73,73,62,62,17,17,17,41,0,0],"gold":327,"neow_bonus":"TEN_PERCENT_HP_BONUS","is_daily":false,"chose_seed":false,"campfire_upgraded":2,"win_rate":0.0,"timestamp":1610563393,"path_taken":["M","?","$","?","$","R","?","M","T","?","R","E","M","M","R","BOSS"],"items_purchased_type":["Card","Card"],"build_version":"2020-12-22","purchased_purges":0,"victory":false,"max_hp_per_floor":[82,82,82,82,82,82,82,82,82,82,82,82,82,82,82,82,82],"card_choices":[{"not_picked":["hierophant:ArchangelShield","hierophant:DisplayOfPower"],"picked":"hierophant:HolyVerse","floor":1},{"not_picked":["hierophant:Encroach","hierophant:FlamingChariot"],"picked":"hierophant:RecallFunds","floor":2},{"not_picked":["hierophant:Upheaval","hierophant:EyeForCoin"],"picked":"hierophant:DisplayOfPower","floor":8},{"not_picked":["hierophant:CursedGold","hierophant:Generosity"],"picked":"hierophant:PristineSoul","floor":12},{"not_picked":["hierophant:ArchangelShield","hierophant:Chorus"],"picked":"hierophant:Embezzle","floor":13},{"not_picked":["hierophant:Shelter","hierophant:HammerAndAnvil"],"picked":"hierophant:RecallFunds","floor":14}],"player_experience":102574,"relics_obtained":[{"floor":7,"key":"Centennial Puzzle"},{"floor":9,"key":"Bag of Marbles"},{"floor":12,"key":"hierophant:DonationBoxRelic"}],"event_choices":[{"cards_removed":["hierophant:Defend_Hierophant"],"damage_healed":0,"gold_gain":0,"player_choice":"Card Removal","damage_taken":7,"max_hp_gain":0,"max_hp_loss":0,"event_name":"Golden Wing","floor":4,"gold_loss":0},{"damage_healed":0,"gold_gain":75,"player_choice":"Gather Gold","damage_taken":11,"max_hp_gain":0,"max_hp_loss":0,"event_name":"World of Goop","floor":10,"gold_loss":0}],"is_beta":false,"boss_relics":[],"items_purged_floors":[],"is_endless":false,"potions_floor_spawned":[12,14],"killed_by":"The Guardian","ascension_level":0}}