{"host":"sxnl403xm2xmiyj1","time":1610528871,"event":{"mods":["AchievementEnabler","BaseMod","Colored Map","Keyboard Shortcuts","Minty Spire (QoL Compilation)","Quick Restart","StSLib","SuperFastMode"],"gold_per_floor":[16,31,46,46,99,99,126,141,194,206,206,206,218,252,252,252,252],"floor_reached":16,"language":"KOR","playtime":302,"items_purged":[],"score":218,"play_id":"bd034410-37c3-4499-bff5-653d58013531","local_time":"20210113180751","is_ascension_mode":true,"campfire_choices":[{"data":"Beam Cell","floor":6.0,"key":"SMITH"},{"floor":11.0,"key":"REST"},{"data":"Beam Cell","floor":15.0,"key":"SMITH"}],"circlet_count":0,"master_deck":["AscendersBane","Strike_B","Strike_B","Strike_B","Strike_B","Defend_B","Defend_B","Defend_B","Defend_B","Zap","Dualcast","Compile Driver","Streamline","Rebound","Go for the Eyes+1","Conserve Battery","Beam Cell+1","Barrage","Beam Cell","Compile Driver","Beam Cell+1","Self Repair","Stack","Gash"],"relics":["Cracked Core","Prayer Wheel","Blood Vial","Symbiotic Virus","Bag of Marbles","Ice Cream"],"acts_visited":["Exordium"],"potions_floor_usage":[],"damage_taken":[{"damage":1.0,"enemies":"2 Louse","floor":1.0,"turns":3.0},{"damage":7.0,"enemies":"Jaw Worm","floor":2.0,"turns":3.0},{"damage":0.0,"enemies":"Small Slimes","floor":3.0,"turns":2.0},{"damage":20.0,"enemies":"3 Sentries","floor":7.0,"turns":7.0},{"damage":20.0,"enemies":"3 Louse","floor":8.0,"turns":3.0},{"damage":0.0,"enemies":"Exordium Wildlife","floor":10.0,"turns":2.0},{"damage":3.0,"enemies":"Looter","floor":13.0,"turns":2.0},{"damage":26.0,"enemies":"Gremlin Nob","floor":14.0,"turns":4.0},{"damage":0,"enemies":"Slime Boss","floor":16,"turns":5}],"seed_played":"-7160420878041395265","potions_obtained":[{"floor":7.0,"key":"FocusPotion"},{"floor":8.0,"key":"LiquidMemories"},{"floor":13.0,"key":"PotionOfCapacity"}],"is_trial":false,"path_per_floor":["M","M","M","?","T","R","E","M","T","M","R","?","M","E","R","B"],"character_chosen":"DEFECT","items_purchased":[],"campfire_rested":1,"item_purchase_floors":[],"current_hp_per_floor":[63,56,56,38,38,38,20,2,2,4,25,25,31,14,14,16,16],"gold":252,"neow_bonus":"ONE_RARE_RELIC","is_daily":false,"chose_seed":false,"campfire_upgraded":2,"win_rate":0.0,"timestamp":1610528871,"path_taken":["M","M","M","?","?","R","E","?","T","M","R","?","?","E","R","BOSS"],"items_purchased_type":[],"build_version":"2020-12-22","purchased_purges":0,"victory":false,"max_hp_per_floor":[71,71,71,71,71,71,71,71,71,71,71,71,71,71,71,71,71],"card_choices":[{"not_picked":["Sunder","Lockon"],"picked":"Compile Driver","floor":1.0},{"not_picked":["Steam","Consume"],"picked":"Streamline","floor":1.0},{"not_picked":["Sweeping Beam","Conserve Battery"],"picked":"Rebound","floor":2.0},{"not_picked":["Conserve Battery","Fusion"],"picked":"Go for the Eyes","floor":2.0},{"not_picked":["Lockon","Multi-Cast"],"picked":"Conserve Battery","floor":3.0},{"not_picked":["Barrage","Chaos"],"picked":"Beam Cell","floor":3.0},{"not_picked":["Ball Lightning","Streamline"],"picked":"Barrage","floor":7.0},{"not_picked":["Storm","Turbo"],"picked":"Beam Cell","floor":8.0},{"not_picked":["Leap","Turbo"],"picked":"Compile Driver","floor":8.0},{"not_picked":["Auto Shields","White Noise"],"picked":"Beam Cell","floor":10.0},{"not_picked":["Steam Power","Compile Driver"],"picked":"Self Repair","floor":10.0},{"not_picked":["Doom and Gloom","Fission"],"picked":"Stack","floor":13.0},{"not_picked":["Tempest","Redo","Sweeping Beam"],"picked":"SKIP","floor":13.0},{"not_picked":["Rainbow","Coolheaded"],"picked":"Gash","floor":14.0}],"player_experience":163714,"relics_obtained":[{"floor":7.0,"key":"Symbiotic Virus"},{"floor":9.0,"key":"Bag of Marbles"},{"floor":14.0,"key":"Ice Cream"}],"event_choices":[{"damage_healed":0.0,"max_hp_gain":0.0,"max_hp_loss":0.0,"gold_gain":0.0,"event_name":"Scrap Ooze","player_choice":"Success","floor":4.0,"gold_loss":0.0,"damage_taken":18.0,"relics_obtained":["Blood Vial"]},{"damage_healed":0.0,"max_hp_gain":0.0,"max_hp_loss":0.0,"gold_gain":0.0,"event_name":"Accursed Blacksmith","player_choice":"Forge","floor":12.0,"gold_loss":0.0,"damage_taken":0.0,"cards_upgraded":["Go for the Eyes"]}],"is_beta":false,"boss_relics":[],"items_purged_floors":[],"is_endless":false,"potions_floor_spawned":[7,8,13],"killed_by":"Slime Boss","ascension_level":19}}