{"host":"qrt7o4dq2qslzw13","time":1610522203,"event":{"mods":["AchievementEnabler","BaseMod","Colored Map","Colored Powertips","Minty Spire (QoL Compilation)","Quick Restart","StSLib","SuperFastMode"],"gold_per_floor":[110,110,126,4,4,24,43,43,43,318,329,363,378,393,393,495,495,512,512,177,177,192,192,221,221,221,255,274,274,274,293,293,392,392,407,418,1417,837,837,837,837,837,837,871,45,56,89,16,16,16,16,16,16,49,49],"floor_reached":56,"language":"ENG","playtime":2099,"items_purged":["Strike_R"],"score":1473,"play_id":"b557e9a5-9414-41bf-ad93-38e9ebd9804e","local_time":"20210113021643","is_ascension_mode":false,"campfire_choices":[{"floor":8.0,"key":"REST"},{"floor":15.0,"key":"RECALL"},{"floor":23.0,"key":"REST"},{"floor":25.0,"key":"REST"},{"floor":30.0,"key":"REST"},{"floor":32.0,"key":"REST"},{"floor":40.0,"key":"REST"},{"floor":42.0,"key":"REST"},{"floor":49.0,"key":"REST"},{"floor":52.0,"key":"REST"}],"circlet_count":0,"master_deck":["Strike_R","Strike_R+1","Strike_R","Defend_R","Defend_R","Defend_R","Defend_R","Clothesline","Pain","Body Slam","Rupture","Trip","Evolve","Fiend Fire","Iron Wave","Regret","Sentinel","Impervious","Heavy Blade+1","Uppercut","Exhume","Feel No Pain","Apotheosis","Pummel+1","Rupture","Immolate","Pummel","Limit Break","Decay","Anger","Wild Strike","Shrug It Off","Power Through+1","Power Through+1","J.A.X.","Ghostly Armor","Flame Barrier","Barricade","CurseOfTheBell","Ghostly Armor","Shrug It Off+1","True Grit+1","Normality","Normality","Transmutation","Mind Blast","Headbutt","Madness","Madness","Corruption","Dark Embrace","Battle Trance","Magnetism","Finesse","Headbutt","Evolve+1","Entrench+1","Fire Breathing+1","Demon Form","Combust+1"],"relics":["Fusion Hammer","WarpedTongs","Question Card","Mark of Pain","Blue Candle","Orrery","Shuriken","Prayer Wheel","Red Mask","Calling Bell","MealTicket","Matryoshka","Calipers","Medical Kit","Eternal Feather","Bottled Lightning","Whetstone","Anchor","Frozen Eye","Regal Pillow","Mummified Hand"],"acts_visited":["Exordium","TheCity","TheBeyond","TheEnding"],"potions_floor_usage":[55],"damage_taken":[{"damage":1.0,"enemies":"Jaw Worm","floor":1.0,"turns":2.0},{"damage":3.0,"enemies":"Cultist","floor":3.0,"turns":3.0},{"damage":2.0,"enemies":"Small Slimes","floor":6.0,"turns":3.0},{"damage":7.0,"enemies":"Gremlin Gang","floor":7.0,"turns":5.0},{"damage":5.0,"enemies":"3 Louse","floor":11.0,"turns":3.0},{"damage":15.0,"enemies":"3 Sentries","floor":12.0,"turns":4.0},{"damage":5.0,"enemies":"Lots of Slimes","floor":13.0,"turns":5.0},{"damage":9.0,"enemies":"Red Slaver","floor":14.0,"turns":2.0},{"damage":44.0,"enemies":"Hexaghost","floor":16.0,"turns":8.0},{"damage":9.0,"enemies":"3 Byrds","floor":18.0,"turns":6.0},{"damage":25.0,"enemies":"Spheric Guardian","floor":22.0,"turns":4.0},{"damage":22.0,"enemies":"Gremlin Leader","floor":24.0,"turns":6.0},{"damage":19.0,"enemies":"Masked Bandits","floor":27.0,"turns":3.0},{"damage":26.0,"enemies":"3 Cultists","floor":28.0,"turns":4.0},{"damage":1.0,"enemies":"Snecko","floor":31.0,"turns":4.0},{"damage":10.0,"enemies":"Champ","floor":33.0,"turns":6.0},{"damage":20.0,"enemies":"3 Darklings","floor":35.0,"turns":5.0},{"damage":25.0,"enemies":"3 Shapes","floor":36.0,"turns":5.0},{"damage":13.0,"enemies":"Nemesis","floor":44.0,"turns":7.0},{"damage":1.0,"enemies":"Sphere and 2 Shapes","floor":46.0,"turns":5.0},{"damage":29.0,"enemies":"Giant Head","floor":47.0,"turns":7.0},{"damage":58.0,"enemies":"Awakened One","floor":50.0,"turns":8.0},{"damage":13.0,"enemies":"Shield and Spear","floor":54.0,"turns":8.0},{"damage":64,"enemies":"The Heart","floor":55,"turns":8}],"seed_played":"-8050393088329410581","potions_obtained":[{"floor":7.0,"key":"ColorlessPotion"},{"floor":11.0,"key":"SneckoOil"},{"floor":12.0,"key":"BloodPotion"},{"floor":16.0,"key":"Swift Potion"},{"floor":22.0,"key":"Block Potion"},{"floor":24.0,"key":"Strength Potion"},{"floor":28.0,"key":"EssenceOfSteel"},{"floor":31.0,"key":"SteroidPotion"},{"floor":35.0,"key":"FearPotion"},{"floor":47.0,"key":"BlessingOfTheForge"}],"is_trial":false,"path_per_floor":["M","?","M","$","?","M","M","R","T","?","M","E","M","M","R","B",null,"M","?","$","?","M","R","E","R","T","?","M","?","R","M","R","B",null,"M","M","?","$","?","R","?","R","T","E","$","M","E","$","R","B",null,"R","$","E","B",null],"character_chosen":"IRONCLAD","items_purchased":["Rupture","Trip","Apotheosis","Orrery","Medical Kit","Transmutation","SteroidPotion","BlessingOfTheForge","FearPotion","Mind Blast","Headbutt","Anchor","Frozen Eye","Dark Embrace","Battle Trance","Magnetism","Finesse","Headbutt","Demon Form"],"campfire_rested":9,"item_purchase_floors":[4,4,20,20,38,38,38,38,38,38,38,45,45,45,45,45,45,45,48],"current_hp_per_floor":[79,79,76,76,76,74,67,80,80,80,75,60,55,62,62,18,80,71,71,71,71,46,70,48,72,72,53,27,27,51,50,74,64,80,60,35,35,50,50,74,64,80,80,67,80,79,50,65,80,22,80,80,80,67,3],"gold":49,"neow_bonus":"BOSS_RELIC","is_daily":false,"chose_seed":false,"campfire_upgraded":0,"win_rate":0.0,"timestamp":1610522203,"path_taken":["M","?","M","?","?","M","?","R","T","?","?","E","M","M","R","BOSS","M","?","$","?","M","R","E","R","T","?","?","?","R","M","R","BOSS","M","M","?","$","?","R","?","R","T","E","?","M","E","$","R","BOSS","R","$","E","BOSS"],"items_purchased_type":["Card","Card","Card","Relic","Relic","Card","Potion","Potion","Potion","Card","Card","Relic","Relic","Card","Card","Card","Card","Card","Card"],"build_version":"2020-12-22","purchased_purges":1,"victory":true,"max_hp_per_floor":[80,80,80,80,80,80,80,80,80,80,80,80,80,80,80,80,80,80,80,80,80,80,80,80,80,80,80,80,80,80,80,80,80,80,80,80,80,80,80,80,80,80,80,80,80,80,80,80,80,80,80,80,80,80,80],"card_choices":[{"not_picked":["Battle Trance","Armaments"],"picked":"Clothesline","floor":1.0},{"not_picked":["Perfected Strike","Headbutt"],"picked":"Body Slam","floor":3.0},{"not_picked":["Anger","Wild Strike"],"picked":"Fiend Fire","floor":6.0},{"not_picked":["Cleave","Flex"],"picked":"Iron Wave","floor":7.0},{"not_picked":["Body Slam","Warcry"],"picked":"Sentinel","floor":11.0},{"not_picked":["Heavy Blade","Battle Trance"],"picked":"Impervious","floor":12.0},{"not_picked":["Perfected Strike","Armaments","Havoc"],"picked":"Heavy Blade","floor":13.0},{"not_picked":["Clothesline","Shrug It Off","Intimidate"],"picked":"Uppercut","floor":14.0},{"not_picked":["Bludgeon","Juggernaut","Double Tap"],"picked":"Exhume","floor":16.0},{"not_picked":["Armaments+1","Thunderclap+1","Flex"],"picked":"Feel No Pain","floor":18.0},{"not_picked":["Ghostly Armor","Anger","Rampage"],"picked":"Pummel+1","floor":20.0},{"not_picked":["Flame Barrier","Ghostly Armor","Rage"],"picked":"Rupture","floor":20.0},{"not_picked":["Warcry+1","Ghostly Armor","Body Slam"],"picked":"Immolate","floor":20.0},{"not_picked":["Shrug It Off","Shockwave","Twin Strike"],"picked":"Pummel","floor":20.0},{"not_picked":["Armaments","Perfected Strike+1","Havoc+1"],"picked":"Limit Break","floor":20.0},{"not_picked":["Dropkick","Havoc","Searing Blow"],"picked":"Anger","floor":22.0},{"not_picked":["Shrug It Off","Dropkick","Iron Wave"],"picked":"Wild Strike","floor":24.0},{"not_picked":["Sword Boomerang","Thunderclap","Body Slam"],"picked":"Shrug It Off","floor":27.0},{"not_picked":["Dual Wield","Feed","Sword Boomerang"],"picked":"Power Through+1","floor":28.0},{"not_picked":["Sword Boomerang","Body Slam","Sever Soul+1"],"picked":"Power Through+1","floor":28.0},{"not_picked":["Heavy Blade","Spot Weakness","Sever Soul"],"picked":"Ghostly Armor","floor":31.0},{"not_picked":["Clothesline+1","Sever Soul","Iron Wave"],"picked":"Flame Barrier","floor":31.0},{"not_picked":["Demon Form","Juggernaut","Limit Break"],"picked":"Barricade","floor":33.0},{"not_picked":["Perfected Strike+1","Iron Wave","Clash+1"],"picked":"Ghostly Armor","floor":35.0},{"not_picked":["Metallicize+1","Pommel Strike","Shrug It Off","Evolve+1"],"picked":"SKIP","floor":35.0},{"not_picked":["Spot Weakness","Carnage+1","Pommel Strike"],"picked":"Shrug It Off+1","floor":36.0},{"not_picked":["Flex","Thunderclap","Clothesline"],"picked":"True Grit+1","floor":36.0},{"not_picked":["Pommel Strike","Battle Trance","Power Through"],"picked":"Corruption","floor":44.0},{"not_picked":["Warcry","Iron Wave+1","Twin Strike"],"picked":"Evolve+1","floor":46.0},{"not_picked":["Inflame","Thunderclap+1","Twin Strike+1"],"picked":"Entrench+1","floor":46.0},{"not_picked":["Havoc+1","Anger+1","Exhume"],"picked":"Fire Breathing+1","floor":47.0},{"not_picked":["Bloodletting","Spot Weakness","Inflame+1"],"picked":"Combust+1","floor":54.0}],"player_experience":532999,"relics_obtained":[{"floor":12.0,"key":"Question Card"},{"floor":24.0,"key":"Shuriken"},{"floor":26.0,"key":"Prayer Wheel"},{"floor":27.0,"key":"Red Mask"},{"floor":34.0,"key":"MealTicket"},{"floor":34.0,"key":"Matryoshka"},{"floor":34.0,"key":"Calipers"},{"floor":43.0,"key":"Eternal Feather"},{"floor":43.0,"key":"Bottled Lightning"},{"floor":44.0,"key":"Whetstone"},{"floor":47.0,"key":"Regal Pillow"},{"floor":54.0,"key":"Mummified Hand"}],"event_choices":[{"damage_healed":0.0,"max_hp_gain":0.0,"max_hp_loss":0.0,"gold_gain":0.0,"event_name":"Accursed Blacksmith","player_choice":"Rummage","floor":2.0,"gold_loss":0.0,"damage_taken":0.0,"relics_obtained":["WarpedTongs"],"cards_obtained":["Pain"]},{"damage_healed":0.0,"max_hp_gain":0.0,"max_hp_loss":0.0,"gold_gain":0.0,"cards_transformed":["Strike_R"],"event_name":"Transmorgrifier","player_choice":"Transformed","floor":5.0,"gold_loss":0.0,"damage_taken":0.0,"cards_obtained":["Evolve"]},{"damage_healed":0.0,"max_hp_gain":0.0,"max_hp_loss":0.0,"gold_gain":275.0,"event_name":"Golden Shrine","player_choice":"Desecrate","floor":10.0,"gold_loss":0.0,"damage_taken":0.0,"cards_obtained":["Regret"]},{"damage_healed":0.0,"max_hp_gain":0.0,"max_hp_loss":0.0,"gold_gain":0.0,"event_name":"The Mausoleum","player_choice":"Opened","floor":19.0,"gold_loss":0.0,"damage_taken":0.0,"relics_obtained":["Blue Candle"]},{"damage_healed":0.0,"max_hp_gain":0.0,"max_hp_loss":0.0,"gold_gain":0.0,"event_name":"Forgotten Altar","player_choice":"Smashed Altar","floor":21.0,"gold_loss":0.0,"damage_taken":0.0,"cards_obtained":["Decay"]},{"damage_healed":0.0,"max_hp_gain":0.0,"max_hp_loss":0.0,"gold_gain":0.0,"event_name":"Masked Bandits","player_choice":"Fought Bandits","floor":27.0,"gold_loss":0.0,"damage_taken":0.0},{"damage_healed":0.0,"max_hp_gain":0.0,"max_hp_loss":0.0,"gold_gain":0.0,"event_name":"Drug Dealer","player_choice":"Obtain J.A.X.","floor":29.0,"gold_loss":0.0,"damage_taken":0.0,"cards_obtained":["J.A.X."]},{"damage_healed":0.0,"max_hp_gain":0.0,"max_hp_loss":0.0,"gold_gain":999.0,"event_name":"MindBloom","player_choice":"Gold","floor":37.0,"gold_loss":0.0,"damage_taken":0.0,"cards_obtained":["Normality","Normality"]},{"cards_removed":["Bash"],"damage_healed":0.0,"max_hp_gain":0.0,"max_hp_loss":0.0,"gold_gain":0.0,"event_name":"Falling","player_choice":"Removed Attack","floor":39.0,"gold_loss":0.0,"damage_taken":0.0},{"damage_healed":0.0,"max_hp_gain":0.0,"max_hp_loss":0.0,"gold_gain":0.0,"event_name":"Winding Halls","player_choice":"Embrace Madness","floor":41.0,"gold_loss":0.0,"damage_taken":10.0,"cards_obtained":["Madness","Madness"]}],"is_beta":false,"boss_relics":[{"not_picked":["Runic Dome","Snecko Eye"],"picked":"Mark of Pain"},{"not_picked":["Pandora\u0027s Box","Philosopher\u0027s Stone"],"picked":"Calling Bell"}],"items_purged_floors":[45],"is_endless":false,"potions_floor_spawned":[7,11,12,16,22,24,28,31,35,47],"ascension_level":0}}