{"host":"wy5pcbg592uilh9l","time":1610575756,"event":{"mods":["AchievementEnabler","Act Like it!","BaseMod","BetterRewards","Curses Come First","Gensokyo","Hubris","Infinite Spire","Marisa????????","Minty Spire (QoL Compilation)","Permanent Neow","Replay The Spire","StSLib","The Runesmith"],"gold_per_floor":[111,122,139,158,158,188,188,215,264,264,282,315,330,355,355,456,456,480,480,730,749,209,209,241,241,241,271,291,321,346,367,367,474,474,492,510,510,510,532,564,564,599,599,634,634,648,648,661,661,661],"floor_reached":51,"language":"ENG","playtime":3753,"items_purged":["Strike_P","Amnesia"],"score":1084,"play_id":"20f8cc08-b548-4881-bb51-931d54fe4cbd","local_time":"20210113160916","is_ascension_mode":true,"campfire_choices":[{"floor":7.0,"key":"REST"},{"floor":10.0,"key":"REST"},{"floor":15.0,"key":"REST"},{"data":"Eruption","floor":23.0,"key":"SMITH"},{"data":"DevaForm","floor":25.0,"key":"SMITH"},{"floor":32.0,"key":"REST"},{"floor":41,"key":"REST"},{"data":"hubris:Greed","floor":45,"key":"PURGE"},{"floor":49,"key":"REST"}],"circlet_count":0,"master_deck":["Strike_P","Strike_P","Strike_P","Defend_P+1","Defend_P","Defend_P","Defend_P","Eruption+1","Vigilance","Vengeance","hubris:Despair","Consecrate","Replay:ManipulateFuture","Replay:BluntJabs","Replay:Hum","Clumsy","Replay:BluntJabs","EmptyBody","Indignation+1","Tantrum","DevaForm+1","FlyingSleeves+1","Carnage","CutThroughFate+1","BattleHymn","Omniscience+1","CurseOfTheBell","hubris:DuctTapeCard","CutThroughFate","Adaptation+1","Worship"],"relics":["PureWater","Mercury Hourglass","ReplayTheSpireMod:CursedCoin","Happy Flower","PreservedInsect","Regal Pillow","Gensokyo:NagashiBinaDoll","Peace Pipe","Bronze Scales","Damaru","Runesmith:Nanobots","Nunchaku","Replay:Ancient Bell","MealTicket","The Courier","Incense Burner","hubris:EmptyBottle","Strawberry","Lantern","Darkstone Periapt","hubris:DuctTape","Eternal Feather","GoldenEye","Calling Bell","Bag of Marbles","Replay:Accelerometer","Replay:Towering Pillar of Hats","Gensokyo:DualWield","Toy Ornithopter","Quantum Egg","Replay:Mystery Machine","War Paint","hubris:Potato"],"acts_visited":["Exordium","Gensokyo:Gensokyo","Gensokyo:Gensokyoer"],"potions_floor_usage":[42,42,48,50,50,50],"damage_taken":[{"damage":4.0,"enemies":"Gensokyo:Python","floor":1.0,"turns":4.0},{"damage":3.0,"enemies":"Gensokyo:Gryphon","floor":2.0,"turns":2.0},{"damage":0.0,"enemies":"Gensokyo:3_Fairies","floor":3.0,"turns":3.0},{"damage":14.0,"enemies":"Gensokyo:3_Kodama","floor":4.0,"turns":4.0},{"damage":0.0,"enemies":"Gensokyo:Aya","floor":6.0,"turns":2.0},{"damage":30.0,"enemies":"Gensokyo:Mamizou","floor":8.0,"turns":5.0},{"damage":0.0,"enemies":"Gensokyo:5_Fairies","floor":11.0,"turns":3.0},{"damage":0.0,"enemies":"Gensokyo:Cirno","floor":12.0,"turns":4.0},{"damage":0.0,"enemies":"Gensokyo:Kitsune","floor":13.0,"turns":1.0},{"damage":25.0,"enemies":"Gensokyo:Mamizou","floor":14.0,"turns":4.0},{"damage":46.0,"enemies":"Gensokyo:Reimu","floor":16.0,"turns":7.0},{"damage":6.0,"enemies":"Gensokyo:2_Gloops","floor":18.0,"turns":4.0},{"damage":0.0,"enemies":"Gensokyo:Chomper","floor":21.0,"turns":3.0},{"damage":0.0,"enemies":"Gensokyo:Tenshi","floor":24.0,"turns":1.0},{"damage":19.0,"enemies":"Gensokyo:Koishi","floor":27.0,"turns":4.0},{"damage":0.0,"enemies":"Gensokyo:Slime_Group","floor":28.0,"turns":1.0},{"damage":0.0,"enemies":"Gensokyo:Reisen","floor":29.0,"turns":2.0},{"damage":0.0,"enemies":"Gensokyo:Chomper_and_Gloop","floor":30.0,"turns":2.0},{"damage":28.0,"enemies":"Gensokyo:Wraith","floor":31.0,"turns":3.0},{"damage":112.0,"enemies":"Gensokyo:Eiki","floor":33.0,"turns":6.0},{"damage":30,"enemies":"Gensokyo:AncientGuardian","floor":35,"turns":3},{"damage":1,"enemies":"Gensokyo:3_Bats","floor":36,"turns":2},{"damage":63,"enemies":"Gensokyo:AtlasGolem","floor":39,"turns":5},{"damage":6,"enemies":"Gensokyo:Kasen","floor":40,"turns":4},{"damage":7,"enemies":"Gensokyo:Marisa","floor":42,"turns":3},{"damage":0,"enemies":"Gensokyo:Doremy","floor":44,"turns":2},{"damage":0,"enemies":"Gensokyo:SeedOfUnknown","floor":46,"turns":2},{"damage":82,"enemies":"Gensokyo:Rafflesia","floor":48,"turns":4},{"damage":113,"enemies":"Gensokyo:Shinki","floor":50,"turns":7}],"seed_played":"-3761441993477060672","potions_obtained":[{"floor":2.0,"key":"DuplicationPotion"},{"floor":4.0,"key":"FairyPotion"},{"floor":8.0,"key":"Reflective Coating"},{"floor":12.0,"key":"BottledMiracle"},{"floor":28.0,"key":"DuplicationPotion"},{"floor":33.0,"key":"FairyPotion"},{"floor":35,"key":"LiquidBronze"},{"floor":39,"key":"Cursed Concoction"},{"floor":44,"key":"Weak Potion"},{"floor":46,"key":"PowerPotion"}],"is_trial":false,"path_per_floor":["M","M","M","M","?","E","R","E","T","R","M","E","M","E","R","B",null,"M","?","?","M","$","R","E","R","T","E","M","E","M","M","R","B",null,"M","M","?","?","M","E","R","E","T","E","R","M","T","M","R","B",null],"character_chosen":"WATCHER","items_purchased":["Mercury Hourglass","Vengeance","ReplayTheSpireMod:CursedCoin","Happy Flower","PreservedInsect","Regal Pillow","Consecrate","hubris:EmptyBottle","Strawberry","Lantern","SteroidPotion","StancePotion"],"campfire_rested":6,"item_purchase_floors":[0,0,0,0,0,0,0,22,22,22,22,22],"current_hp_per_floor":[36,33,33,19,19,19,55,25,25,61,61,61,61,36,72,26,72,66,66,66,66,75,75,75,75,75,56,56,56,56,28,75,22,81,51,50,50,50,24,18,75,74,74,74,81,81,81,4,61,24],"gold":661,"neow_bonus":"","is_daily":false,"chose_seed":false,"campfire_upgraded":2,"win_rate":0.0,"timestamp":1610575756,"path_taken":["M","M","M","M","?","E","R","E","T","R","?","E","?","E","R","BOSS","M","?","?","M","$","R","E","R","T","E","M","E","M","?","R","BOSS","M","M","?","?","M","E","R","E","T","E","R","M","?","M","R","BOSS"],"items_purchased_type":["Relic","Card","Relic","Relic","Relic","Relic","Card","Relic","Relic","Relic","Potion","Potion"],"build_version":"2020-12-22","purchased_purges":2,"victory":true,"max_hp_per_floor":[72,72,72,72,72,72,72,72,72,72,72,72,72,72,72,72,72,72,72,68,68,75,75,75,75,75,75,75,75,75,75,75,75,81,81,81,81,81,81,81,81,81,81,81,81,81,81,81,81,81],"card_choices":[{"not_picked":["PathToVictory","Protect","Replay:AtTheReady"],"picked":"SKIP","floor":1.0},{"not_picked":["ClearTheMind","Protect"],"picked":"Replay:ManipulateFuture","floor":2.0},{"not_picked":["BowlingBash","Conclude"],"picked":"Replay:BluntJabs","floor":3.0},{"not_picked":["Sanctity","BowlingBash"],"picked":"Replay:Hum","floor":4.0},{"not_picked":["WaveOfTheHand","InnerPeace"],"picked":"Replay:BluntJabs","floor":6.0},{"not_picked":["SignatureMove","PathToVictory"],"picked":"EmptyBody","floor":8.0},{"not_picked":["SandsOfTime","Protect"],"picked":"Indignation","floor":11.0},{"not_picked":["PathToVictory","FollowUp"],"picked":"Tantrum","floor":12.0},{"not_picked":["MentalFortress","DeceiveReality","Brilliance"],"picked":"SKIP","floor":13.0},{"not_picked":["Scrawl","CrushJoints"],"picked":"Ragnarok","floor":14.0},{"not_picked":["SpiritShield","Omniscience"],"picked":"DevaForm","floor":16.0},{"not_picked":["Looming Evil","ReplayTheSpireMod:IOU"],"picked":"hubris:Wrath","floor":17.0},{"not_picked":["Parasite","hubris:Envy"],"picked":"Amnesia","floor":17.0},{"not_picked":["Languid","Gensokyo:AllTheWorldsEvil"],"picked":"hubris:Greed","floor":17.0},{"not_picked":["Protect","SashWhip+1"],"picked":"FlyingSleeves+1","floor":18.0},{"not_picked":["EmptyFist","ReachHeaven","Protect+1"],"picked":"SKIP","floor":21.0},{"not_picked":["SpiritShield","Replay:DivineShield"],"picked":"CutThroughFate+1","floor":24.0},{"not_picked":["WaveOfTheHand","SignatureMove","FollowUp"],"picked":"SKIP","floor":27.0},{"not_picked":["CutThroughFate","Nirvana"],"picked":"BattleHymn","floor":28.0},{"not_picked":["EmptyBody","Blasphemy"],"picked":"Omniscience","floor":29.0},{"not_picked":["FlyingSleeves","Halt","SashWhip"],"picked":"SKIP","floor":30.0},{"not_picked":["LikeWater","Protect","Replay:ManipulateFuture"],"picked":"SKIP","floor":31.0},{"not_picked":["Protect","Replay:Vibes+1","CrushJoints"],"picked":"SKIP","floor":35},{"not_picked":["EmptyFist","BattleHymn","ThirdEye"],"picked":"SKIP","floor":36},{"not_picked":["Consecrate+1","Replay:BluntJabs"],"picked":"CutThroughFate","floor":39},{"not_picked":["EmptyFist","Perseverance"],"picked":"Adaptation+1","floor":40},{"not_picked":["Blasphemy","CutThroughFate+1","Sanctity"],"picked":"SKIP","floor":42},{"not_picked":["ClearTheMind","Replay:BluntJabs"],"picked":"Worship","floor":44},{"not_picked":["FlyingSleeves","PathToVictory","JustLucky"],"picked":"SKIP","floor":46},{"not_picked":["CarveReality+1","FlyingSleeves+1","Evaluate+1"],"picked":"SKIP","floor":48}],"player_experience":267441,"relics_obtained":[{"floor":6.0,"key":"Peace Pipe"},{"floor":8.0,"key":"Bronze Scales"},{"floor":9.0,"key":"Damaru"},{"floor":12.0,"key":"Runesmith:Nanobots"},{"floor":14.0,"key":"Nunchaku"},{"floor":24.0,"key":"Darkstone Periapt"},{"floor":26.0,"key":"hubris:DuctTape"},{"floor":27.0,"key":"Eternal Feather"},{"floor":29.0,"key":"GoldenEye"},{"floor":34.0,"key":"Bag of Marbles"},{"floor":34.0,"key":"Replay:Accelerometer"},{"floor":34.0,"key":"Replay:Towering Pillar of Hats"},{"floor":40,"key":"Toy Ornithopter"},{"floor":42,"key":"Quantum Egg"},{"floor":43,"key":"Replay:Mystery Machine"},{"floor":44,"key":"War Paint"},{"floor":47,"key":"hubris:Potato"}],"event_choices":[],"is_beta":false,"boss_relics":[{"not_picked":["Runesmith:UraniumAnvil","hubris:ScarierMask"],"picked":"Replay:Ancient Bell"},{"not_picked":["Art of War","Centennial Puzzle"],"picked":"MealTicket"},{"not_picked":["Mirror","Question Card"],"picked":"The Courier"},{"not_picked":["Replay:Arrowhead","TungstenRod"],"picked":"Incense Burner"},{"not_picked":["Philosopher\u0027s Stone","hubris:CrackedHourglass"],"picked":"Calling Bell"}],"items_purged_floors":[0,22],"is_endless":false,"potions_floor_spawned":[2,4,8,12,13,28,29,30,33,35,39,40,44,46],"ascension_level":3}}