{"host":"l1bfbgeb3oxa8ieg","time":1610556482,"event":{"mods":["AlwaysNeverKeys","Aspiration","BaseMod","Beaked The Cultist","Better Match","Better Note","Better Third Choice","BetterRewards","Colored Powertips","Conspire","Downfall","Energized Spire","Fiend Mod","Friendly Minions","Halation","Infinite Spire","Minty Spire (QoL Compilation)","Permanent Neow","Quick Restart","Replay The Spire","Shop Mod","Spicy Shops","Spikes Relics","StSLib","TestMod","The Blackbeard","The Mystic","The Necromancer","Uncapped","UnlockEverythingMod","vexMod"],"gold_per_floor":[110,121,121,121,121,162,162,12,12,26,26,26,26,58,58],"floor_reached":14,"language":"ENG","playtime":1579,"items_purged":[],"score":96,"play_id":"a35cbd7e-20ef-4158-9234-74b89d882555","local_time":"20210113174802","is_ascension_mode":false,"campfire_choices":[{"data":"Replay:SS_hec_2","floor":7,"key":"SMITH"}],"circlet_count":0,"master_deck":["Strike_W","Strike_W","Strike_W","Strike_W","Defend_W","Defend_W","Defend_W","Defend_W","Negative_Energy_Arrows","Bone_Wall","Replay:SS_hec_2+1","Negative_Energy_Shield","Epidemic","Injury","Spectral_Armor+1","Regret","Guardian:CurlUp+1","Blood_Magic","ReplayTheSpireMod:??????????????????????+1"],"relics":["Vampire_Amulet","testmod-TestBox","Toxic Egg 2","testmod-Acrobat","Meat on the Bone","halation:SelfBoilingWater","ReplayTheSpireMod:SealedPack"],"acts_visited":["Exordium"],"potions_floor_usage":[6],"damage_taken":[{"damage":0,"enemies":"2 Louse","floor":1,"turns":5},{"damage":0,"enemies":"Jaw Worm","floor":2,"turns":7},{"damage":12,"enemies":"Lagavulin","floor":6,"turns":19},{"damage":0,"enemies":"Cultist","floor":10,"turns":5},{"damage":17,"enemies":"3 Sentries","floor":14,"turns":9}],"seed_played":"4601231138727885298","potions_obtained":[{"floor":2,"key":"PowerPotion"}],"is_trial":false,"path_per_floor":["M","M","?","T","?","E","R","$","T","M","?","?","$","E"],"character_chosen":"NECROMANCER","items_purchased":["conspire:TreasureMap"],"campfire_rested":0,"item_purchase_floors":[8],"current_hp_per_floor":[75,75,75,75,75,65,65,65,65,67,67,67,67,56,56],"gold":58,"neow_bonus":"RANDOM_COLORLESS","is_daily":false,"chose_seed":false,"campfire_upgraded":1,"win_rate":0.0,"timestamp":1610556482,"path_taken":["M","M","?","?","?","E","R","$","T","?","?","?","$","E"],"items_purchased_type":["Relic"],"build_version":"2020-12-22","purchased_purges":0,"victory":false,"max_hp_per_floor":[75,75,75,75,75,75,75,75,75,75,75,75,75,75,75],"card_choices":[{"not_picked":["Deep Breath","expansioncontent:DecasProtection"],"picked":"Replay:SS_hec_2","floor":0},{"not_picked":["Life_Drain","Siphon_Strength"],"picked":"Negative_Energy_Shield","floor":1},{"not_picked":["Negative_Energy_Shield","Bone_Armor"],"picked":"Epidemic","floor":2},{"not_picked":["Vampiric_Strike","Hellfire","Detonate_Bones"],"picked":"SKIP","floor":6},{"not_picked":["Bones_to_Steel+1","Life_Drain"],"picked":"Spectral_Armor+1","floor":10},{"not_picked":["Bash","Slimebound:Tackle"],"picked":"Guardian:CurlUp","floor":11},{"not_picked":["Cloudkill","Skeleton_Dragon"],"picked":"Blood_Magic","floor":11},{"not_picked":["ReplayTheSpireMod:Haul","infinitespire:Starlight"],"picked":"ReplayTheSpireMod:??????????????????????","floor":11}],"player_experience":218443,"relics_obtained":[{"floor":4,"key":"testmod-Acrobat"},{"floor":6,"key":"Meat on the Bone"},{"floor":9,"key":"halation:SelfBoilingWater"}],"event_choices":[{"damage_healed":0,"gold_gain":0,"player_choice":"Bought 0 Potions","damage_taken":0,"max_hp_gain":0,"max_hp_loss":0,"event_name":"The Woman in Blue","floor":5,"gold_loss":0},{"damage_healed":0,"gold_gain":0,"player_choice":"Swap Relic","damage_taken":0,"relics_obtained":["ReplayTheSpireMod:SealedPack"],"max_hp_gain":0,"max_hp_loss":0,"event_name":"Box For Yourself","floor":11,"relics_lost":["conspire:TreasureMap"],"gold_loss":0}],"is_beta":false,"boss_relics":[],"items_purged_floors":[],"is_endless":false,"potions_floor_spawned":[2,14],"killed_by":"3 Sentries","ascension_level":0}}