{"host":"ormi09wwzv7sq47a","time":1610510875,"event":{"mods":["2.2 Compatiblity","AchievementEnabler","Act Like it!","BaseMod","Bestiary","Better Altar","Better Note","Better Sensory Stone","Better Silent Start","Better Skull","Better Third Choice","Better Vampires","BetterRewards","Block Reminder","Card Forge","Colored Map","Colored Powertips","Curses Come First","DeckTracker","Downfall","Highlight Path","Minty Spire (QoL Compilation)","Permanent Neow","Quick Restart","Rare Cards Sparkle","Relic Stats","Shop Mod","StSLib","The Jungle"],"gold_per_floor":[113,113,124,139,156,156,81,97,122,140,140,158,175,190,190,267,267,279,290,309,328,328,328,328,328],"floor_reached":23,"language":"ENG","playtime":1007,"items_purged":["Slimebound:Tackle"],"score":582,"play_id":"696dbc66-e8b2-468b-908e-c5a7a4fd3a36","local_time":"20210113020755","is_ascension_mode":true,"campfire_choices":[{"data":"Slimebound:Split","floor":6.0,"key":"SMITH"},{"data":"Slimebound:Split","floor":11.0,"key":"SMITH"},{"data":"Slimebound:MegaLick","floor":15.0,"key":"SMITH"}],"circlet_count":0,"master_deck":["AscendersBane","Slimebound:Strike_Slimebound","Slimebound:Strike_Slimebound","Slimebound:Strike_Slimebound","Slimebound:Defend_Slimebound","Slimebound:Defend_Slimebound","Slimebound:Defend_Slimebound","Slimebound:Split+1","Slimebound:CorrosiveSpit","Slimebound:Recollect","Slimebound:SelfFormingGoo","Slimebound:Split+1","Slimebound:MegaLick","Slimebound:SpikyOuterGoop","Slimebound:GoopSpray","Slimebound:OozeBath","Slimebound:MegaLick+1","Slimebound:DouseInSlime","Slimebound:HauntingLick","Slimebound:ProtectTheBoss"],"relics":["Slimebound:AbsorbEndCombat","Hammer of Thor","Seething Fire","Anvil of the Gods","CaptainsWheel","Kunai","Guardian:PocketSentry","Slimebound:AggressiveSlimeRelic","SacredBark"],"acts_visited":["Exordium","TheCity"],"potions_floor_usage":[20,20],"damage_taken":[{"damage":0.0,"enemies":"2 Louse","floor":1.0,"turns":2.0},{"damage":13.0,"enemies":"Cultist","floor":3.0,"turns":3.0},{"damage":19.0,"enemies":"Jaw Worm","floor":4.0,"turns":4.0},{"damage":15.0,"enemies":"Lots of Slimes","floor":5.0,"turns":3.0},{"damage":17.0,"enemies":"Blue Slaver","floor":8.0,"turns":4.0},{"damage":17.0,"enemies":"Looter","floor":10.0,"turns":4.0},{"damage":5.0,"enemies":"3 Louse","floor":12.0,"turns":3.0},{"damage":28.0,"enemies":"Large Slime","floor":13.0,"turns":4.0},{"damage":16.0,"enemies":"Blue Slaver","floor":14.0,"turns":3.0},{"damage":29.0,"enemies":"Hexaghost","floor":16.0,"turns":9.0},{"damage":26.0,"enemies":"Spheric Guardian","floor":18.0,"turns":5.0},{"damage":20.0,"enemies":"Chosen","floor":19.0,"turns":5.0},{"damage":20,"enemies":"Snake Plant","floor":20,"turns":4},{"damage":39,"enemies":"Snecko","floor":21,"turns":5},{"damage":43,"enemies":"Slavers","floor":23,"turns":4}],"seed_played":"6151654865933805737","potions_obtained":[{"floor":5.0,"key":"SneckoOil"},{"floor":10.0,"key":"ColorlessPotion"},{"floor":12.0,"key":"ColorlessPotion"},{"floor":16.0,"key":"SkillPotion"}],"is_trial":false,"path_per_floor":["M","?","M","M","M","R","$","M","T","M","R","M","M","M","R","B",null,"M","M","M","M","?","E"],"character_chosen":"SLIMEBOUND","items_purchased":["Kunai","Guardian:PocketSentry","Slimebound:Recollect"],"campfire_rested":0,"item_purchase_floors":[0,0,0],"current_hp_per_floor":[41,41,44,43,36,36,36,39,39,40,40,45,51,51,51,54,54,52,50,54,37,37,0,0,0],"gold":328,"neow_bonus":"","is_daily":false,"chose_seed":false,"campfire_upgraded":3,"win_rate":0.0,"timestamp":1610510875,"path_taken":["M","?","M","M","?","R","?","M","T","M","R","M","?","M","R","BOSS","M","M","M","M","?","E"],"items_purchased_type":["Relic","Relic","Card"],"build_version":"2020-12-22","purchased_purges":1,"victory":false,"max_hp_per_floor":[54,54,54,54,54,54,54,54,54,54,54,54,54,54,54,54,54,54,54,54,54,54,54,54,54],"relic_stats":{"counters":[161,712],"Kunai":[0],"obtain_stats":[{"Calipers":8,"Gremlin Horn":6,"Vajra":48,"Hammer of Thor":0,"Whetstone":23,"Boot":28,"Old Coin":10,"Sozu":17,"Blood Vial":41,"Lizard Tail":0,"Centennial Puzzle":26,"Sundial":45,"Strawberry":9,"Philosopher\u0027s Stone":34,"Prayer Wheel":36,"MealTicket":43,"Kunai":38,"Toxic Egg 2":11,"Slimebound:AggressiveSlimeRelic":38,"MerchantsRug":38,"Pear":20,"Blue Candle":10,"Astrolabe":17,"Oddly Smooth Stone":27,"Eternal Feather":6,"Guardian:PocketSentry":0,"Letter Opener":0,"War Paint":4,"Akabeko":9,"Du-Vu Doll":41,"SlaversCollar":17,"Anvil of the Gods":0,"Bronze Scales":47,"Bird Faced Urn":54,"Molten Egg 2":26,"Pandora\u0027s Box":34,"StrikeDummy":25,"Unceasing Top":0,"Slimebound:SlimedTailRelic":30,"Meat on the Bone":48,"Darkstone Periapt":30,"Regal Pillow":0,"Lantern":3,"Torii":31,"SacredBark":34,"StoneCalendar":24,"Incense Burner":0,"Bag of Preparation":37,"Empty Cage":17,"Ancient Tea Set":10,"ClockworkSouvenir":38,"Nunchaku":12,"Matryoshka":26,"TheAbacus":47,"Slimebound:MaxSlimesRelic":9,"Shovel":0,"Mummified Hand":17,"Gambling Chip":12,"Toolbox":53,"Tiny Chest":17,"WingedGreaves":0,"InkBottle":11,"Golden Idol":3,"Omamori":26,"Seething Fire":0,"Odd Mushroom":14,"Orichalcum":47,"Frozen Egg 2":28,"Medical Kit":0,"White Beast Statue":8,"Mercury Hourglass":54,"Peace Pipe":22,"Slimebound:GreedOozeRelic":7,"Calling Bell":17,"CaptainsWheel":0,"Ornamental Fan":9,"Bloody Idol":21,"Turnip":42,"Slimebound:AbsorbEndCombat":0,"Bag of Marbles":3,"Coffee Dripper":34,"Art of War":47,"Membership Card":0,"Bottled Lightning":41,"hexamod:BolsterEngine":26,"FossilizedHelix":0,"Toy Ornithopter":11},{"Calipers":77,"Gremlin Horn":76,"Vajra":41,"Hammer of Thor":0,"Whetstone":30,"Boot":85,"Old Coin":23,"Sozu":10,"Blood Vial":39,"Lizard Tail":73,"Centennial Puzzle":84,"Sundial":119,"Strawberry":101,"Philosopher\u0027s Stone":35,"Prayer Wheel":37,"MealTicket":39,"Kunai":38,"Toxic Egg 2":23,"Slimebound:AggressiveSlimeRelic":38,"MerchantsRug":38,"Pear":12,"Blue Candle":50,"Astrolabe":53,"Oddly Smooth Stone":32,"Eternal Feather":4,"Guardian:PocketSentry":146,"Letter Opener":18,"War Paint":2,"Akabeko":5,"Du-Vu Doll":142,"SlaversCollar":132,"Anvil of the Gods":0,"Bronze Scales":69,"Bird Faced Urn":72,"Molten Egg 2":15,"Pandora\u0027s Box":138,"StrikeDummy":31,"Unceasing Top":18,"Slimebound:SlimedTailRelic":111,"Meat on the Bone":41,"Darkstone Periapt":136,"Regal Pillow":18,"Lantern":20,"Torii":111,"SacredBark":88,"StoneCalendar":57,"Incense Burner":0,"Bag of Preparation":90,"Empty Cage":26,"Ancient Tea Set":78,"ClockworkSouvenir":38,"Nunchaku":51,"Matryoshka":31,"TheAbacus":41,"Slimebound:MaxSlimesRelic":77,"Shovel":124,"Mummified Hand":105,"Gambling Chip":24,"Toolbox":97,"Tiny Chest":105,"WingedGreaves":99,"InkBottle":6,"Golden Idol":2,"Omamori":134,"Seething Fire":0,"Odd Mushroom":9,"Orichalcum":95,"Frozen Egg 2":110,"Medical Kit":0,"White Beast Statue":5,"Mercury Hourglass":123,"Peace Pipe":83,"Slimebound:GreedOozeRelic":101,"Calling Bell":105,"CaptainsWheel":73,"Ornamental Fan":22,"Bloody Idol":133,"Turnip":67,"Slimebound:AbsorbEndCombat":0,"Bag of Marbles":46,"Coffee Dripper":61,"Art of War":95,"Membership Card":18,"Bottled Lightning":66,"hexamod:BolsterEngine":57,"FossilizedHelix":44,"Toy Ornithopter":102},{"Calipers":335,"Gremlin Horn":328,"Vajra":139,"Hammer of Thor":0,"Whetstone":105,"Boot":374,"Old Coin":85,"Sozu":45,"Blood Vial":132,"Lizard Tail":319,"Centennial Puzzle":370,"Sundial":524,"Strawberry":447,"Philosopher\u0027s Stone":121,"Prayer Wheel":127,"MealTicket":132,"Kunai":129,"Toxic Egg 2":85,"Slimebound:AggressiveSlimeRelic":129,"MerchantsRug":129,"Pear":52,"Blue Candle":181,"Astrolabe":198,"Oddly Smooth Stone":110,"Eternal Feather":13,"Guardian:PocketSentry":656,"Letter Opener":73,"War Paint":6,"Akabeko":19,"Du-Vu Doll":639,"SlaversCollar":585,"Anvil of the Gods":0,"Bronze Scales":289,"Bird Faced Urn":311,"Molten Egg 2":59,"Pandora\u0027s Box":620,"StrikeDummy":108,"Unceasing Top":73,"Slimebound:SlimedTailRelic":493,"Meat on the Bone":139,"Darkstone Periapt":607,"Regal Pillow":73,"Lantern":77,"Torii":493,"SacredBark":386,"StoneCalendar":219,"Incense Burner":0,"Bag of Preparation":391,"Empty Cage":95,"Ancient Tea Set":340,"ClockworkSouvenir":129,"Nunchaku":186,"Matryoshka":108,"TheAbacus":139,"Slimebound:MaxSlimesRelic":335,"Shovel":551,"Mummified Hand":465,"Gambling Chip":89,"Toolbox":427,"Tiny Chest":465,"WingedGreaves":439,"InkBottle":25,"Golden Idol":6,"Omamori":596,"Seething Fire":0,"Odd Mushroom":35,"Orichalcum":415,"Frozen Egg 2":490,"Medical Kit":0,"White Beast Statue":19,"Mercury Hourglass":544,"Peace Pipe":367,"Slimebound:GreedOozeRelic":447,"Calling Bell":465,"CaptainsWheel":319,"Ornamental Fan":81,"Bloody Idol":591,"Turnip":279,"Slimebound:AbsorbEndCombat":0,"Bag of Marbles":164,"Coffee Dripper":245,"Art of War":415,"Membership Card":73,"Bottled Lightning":274,"hexamod:BolsterEngine":219,"FossilizedHelix":156,"Toy Ornithopter":451}]},"card_choices":[{"not_picked":["Slimebound:SplitAcid","Slimebound:PressTheAttack","Slimebound:SplitBruiser"],"picked":"SKIP","floor":1.0},{"not_picked":["Slimebound:FirmFortitude","Slimebound:LeechEnergy"],"picked":"Slimebound:MegaLick","floor":3.0},{"not_picked":["Slimebound:HauntingLick","Slimebound:SplitAcid"],"picked":"Slimebound:SpikyOuterGoop","floor":4.0},{"not_picked":["Slimebound:ViciousTackle","Slimebound:ItLooksTasty","Slimebound:HungryTackle"],"picked":"SKIP","floor":5.0},{"not_picked":["Slimebound:BestDefense","Slimebound:Schlurp","Slimebound:SplitLeeching"],"picked":"SKIP","floor":8.0},{"not_picked":["Slimebound:Schlurp","Slimebound:FirmFortitude"],"picked":"Slimebound:GoopSpray","floor":10.0},{"not_picked":["Slimebound:RejuvenatingLick","Slimebound:SplitMire"],"picked":"Slimebound:OozeBath","floor":12.0},{"not_picked":["Slimebound:ComboTackle","Slimebound:GrowthPunch"],"picked":"Slimebound:MegaLick","floor":13.0},{"not_picked":["Slimebound:SplitBruiser","Slimebound:Prepare","Slimebound:FinishingTackle"],"picked":"SKIP","floor":14.0},{"not_picked":["Slimebound:DuplicatedForm","Slimebound:OneTwoCombo"],"picked":"Slimebound:DouseInSlime","floor":16.0},{"not_picked":["Slimebound:Schlurp+1","Slimebound:Prepare","Slimebound:BestDefense"],"picked":"SKIP","floor":18.0},{"not_picked":["Slimebound:Schlurp+1","Slimebound:Prepare","Slimebound:BestDefense"],"picked":"SKIP","floor":18.0},{"not_picked":["Slimebound:PressTheAttack","Slimebound:SplitLeeching+1"],"picked":"Slimebound:HauntingLick","floor":19.0},{"not_picked":["Slimebound:BestDefense","Slimebound:SlimeBrawl","Slimebound:RollThrough"],"picked":"SKIP","floor":20},{"not_picked":["Slimebound:SamplingLick","Slimebound:RejuvenatingLick"],"picked":"Slimebound:ProtectTheBoss","floor":21}],"player_experience":963518,"relics_obtained":[{"floor":9.0,"key":"Slimebound:AggressiveSlimeRelic"}],"event_choices":[{"damage_healed":0.0,"max_hp_gain":0.0,"max_hp_loss":0.0,"gold_gain":0.0,"event_name":"Match and Keep!","player_choice":"2 cards matched","floor":2.0,"gold_loss":0.0,"damage_taken":0.0,"cards_obtained":["Slimebound:SelfFormingGoo","Slimebound:Split"]},{"cards_removed":["Slimebound:Defend_Slimebound"],"damage_healed":0,"gold_gain":0,"player_choice":"Purged","damage_taken":0,"max_hp_gain":0,"max_hp_loss":0,"event_name":"Purifier","floor":22,"gold_loss":0}],"is_beta":false,"boss_relics":[{"not_picked":["Fusion Hammer","Ectoplasm"],"picked":"SacredBark"}],"items_purged_floors":[7],"is_endless":false,"potions_floor_spawned":[5,10,12,16],"killed_by":"Slavers","ascension_level":20}}