{"host":"b995t17pt6d05w8c","time":1610527917,"event":{"mods":["AchievementEnabler","BaseMod","Colored Map","Minty Spire (QoL Compilation)","SuperFastMode"],"gold_per_floor":[112,122,138,150,161,195,210,228,302,302,79,79,112,122,122,193,193,203,203,203,222,232,232,265,265,265,365,382,396,10,20,20,93,93,111,111,126,143,143,169,169,185,185,199,199,211,12,12,12,12],"floor_reached":51,"language":"KOR","playtime":1964,"items_purged":["Strike_B","Strike_B","Beam Cell"],"score":1239,"play_id":"56fb10d5-cf79-47bf-81c7-6b9053992424","local_time":"20210113175157","is_ascension_mode":true,"campfire_choices":[{"floor":10.0,"key":"REST"},{"data":"Chaos","floor":15.0,"key":"SMITH"},{"floor":23.0,"key":"REST"},{"data":"Seek","floor":25.0,"key":"SMITH"},{"floor":32.0,"key":"REST"},{"data":"Panacea","floor":41.0,"key":"SMITH"},{"floor":45.0,"key":"REST"},{"data":"Capacitor","floor":49,"key":"SMITH"}],"circlet_count":0,"master_deck":["AscendersBane","Defend_B","Defend_B","Defend_B","Defend_B","Zap","Dualcast","Sweeping Beam","Coolheaded","Chill","Conserve Battery","Seek+1","Doom and Gloom","Consume","Electrodynamics","Chaos+1","Genetic Algorithm","Undo","Creative AI","Biased Cognition","Genetic Algorithm","Fusion","Chaos+1","Heatsinks","Glacier","Double Energy","Echo Form","Sunder","Panacea+1","Capacitor+1","Glacier","Echo Form"],"relics":["Cracked Core","Dream Catcher","Pantograph","Question Card","Orrery","Singing Bowl","Mango","Snecko Eye","Gambling Chip","Ice Cream","Cables","Prayer Wheel","Cursed Key","Strawberry"],"acts_visited":["TheCity","TheBeyond"],"potions_floor_usage":[50,50],"damage_taken":[{"damage":0.0,"enemies":"Cultist","floor":1.0,"turns":3.0},{"damage":1.0,"enemies":"Small Slimes","floor":2.0,"turns":4.0},{"damage":0.0,"enemies":"2 Louse","floor":3.0,"turns":3.0},{"damage":7.0,"enemies":"Blue Slaver","floor":4.0,"turns":3.0},{"damage":6.0,"enemies":"3 Louse","floor":5.0,"turns":4.0},{"damage":12.0,"enemies":"Gremlin Nob","floor":6.0,"turns":3.0},{"damage":20.0,"enemies":"Exordium Thugs","floor":7.0,"turns":5.0},{"damage":1.0,"enemies":"Looter","floor":8.0,"turns":3.0},{"damage":13.0,"enemies":"3 Sentries","floor":13.0,"turns":3.0},{"damage":0.0,"enemies":"2 Fungi Beasts","floor":14.0,"turns":4.0},{"damage":27.0,"enemies":"Slime Boss","floor":16.0,"turns":9.0},{"damage":12.0,"enemies":"3 Byrds","floor":18.0,"turns":4.0},{"damage":2.0,"enemies":"Chosen","floor":21.0,"turns":4.0},{"damage":25.0,"enemies":"Snake Plant","floor":22.0,"turns":5.0},{"damage":5.0,"enemies":"Slavers","floor":24.0,"turns":3.0},{"damage":9.0,"enemies":"Colosseum Slavers","floor":27.0,"turns":4.0},{"damage":42.0,"enemies":"Colosseum Nobs","floor":27.0,"turns":5.0},{"damage":0.0,"enemies":"Centurion and Healer","floor":28.0,"turns":6.0},{"damage":0.0,"enemies":"Snecko","floor":29.0,"turns":5.0},{"damage":11.0,"enemies":"3 Cultists","floor":31.0,"turns":4.0},{"damage":23.0,"enemies":"Champ","floor":33.0,"turns":15.0},{"damage":0.0,"enemies":"Orb Walker","floor":35.0,"turns":5.0},{"damage":1.0,"enemies":"3 Shapes","floor":37.0,"turns":4.0},{"damage":24.0,"enemies":"Transient","floor":38.0,"turns":5.0},{"damage":0.0,"enemies":"Nemesis","floor":40.0,"turns":7.0},{"damage":0.0,"enemies":"3 Darklings","floor":42.0,"turns":3.0},{"damage":0.0,"enemies":"4 Shapes","floor":44.0,"turns":3.0},{"damage":0.0,"enemies":"Writhing Mass","floor":46.0,"turns":6.0},{"damage":106,"enemies":"Awakened One","floor":50,"turns":11}],"seed_played":"-8995728152064106686","potions_obtained":[{"floor":3.0,"key":"SteroidPotion"},{"floor":6.0,"key":"GamblersBrew"},{"floor":14.0,"key":"LiquidMemories"},{"floor":16.0,"key":"Block Potion"},{"floor":21.0,"key":"GamblersBrew"},{"floor":24.0,"key":"EntropicBrew"},{"floor":27.0,"key":"DistilledChaos"},{"floor":33.0,"key":"DuplicationPotion"},{"floor":35.0,"key":"FocusPotion"},{"floor":46.0,"key":"Fruit Juice"}],"is_trial":false,"path_per_floor":["M","M","M","M","M","E","M","M","T","R","$","?","E","M","R","B",null,"M","?","?","M","M","R","E","R","T","?","M","M","$","M","R","B",null,"M","?","M","M","?","E","R","M","T","M","R","M","$","?","R","B",null],"character_chosen":"DEFECT","items_purchased":["Orrery","Prayer Wheel","PotionOfCapacity"],"campfire_rested":4,"item_purchase_floors":[11,30,47],"current_hp_per_floor":[68,67,67,60,54,42,22,21,21,43,43,36,39,39,39,37,78,68,68,68,68,45,74,71,71,71,22,22,24,24,15,46,48,91,93,87,90,68,68,77,77,81,81,83,124,126,131,131,131,35],"gold":12,"neow_bonus":"RANDOM_COMMON_RELIC","is_daily":false,"chose_seed":false,"campfire_upgraded":4,"win_rate":0.0,"timestamp":1610527917,"path_taken":["M","M","?","M","M","E","M","?","T","R","?","?","E","M","R","BOSS","M","?","?","M","M","R","E","R","T","?","M","?","$","M","R","BOSS","M","?","M","M","?","E","R","M","T","M","R","M","$","?","R","BOSS"],"items_purchased_type":["Relic","Relic","Potion"],"build_version":"2020-12-22","purchased_purges":3,"victory":true,"max_hp_per_floor":[75,75,75,75,75,75,75,75,75,75,75,75,91,91,91,91,91,93,93,93,95,97,97,99,99,99,101,101,103,103,105,105,105,105,107,111,115,117,117,126,126,130,130,132,134,136,141,141,141,141],"card_choices":[{"not_picked":["Hello World","Compile Driver"],"picked":"Cold Snap","floor":1.0},{"not_picked":["Stack","Compile Driver"],"picked":"Beam Cell","floor":2.0},{"not_picked":["BootSequence","Compile Driver"],"picked":"Sweeping Beam","floor":3.0},{"not_picked":["Beam Cell","Leap"],"picked":"Coolheaded","floor":4.0},{"not_picked":["Tempest","Hologram"],"picked":"Chill","floor":5.0},{"not_picked":["Aggregate","Storm"],"picked":"Conserve Battery","floor":6.0},{"not_picked":["Rip and Tear","Gash","Turbo"],"picked":"SKIP","floor":7.0},{"not_picked":["Fusion","White Noise"],"picked":"Seek","floor":8.0},{"not_picked":["Cold Snap","Stack","Leap"],"picked":"Doom and Gloom","floor":10.0},{"not_picked":["Coolheaded","Hologram","Gash"],"picked":"Consume","floor":11.0},{"not_picked":["Cold Snap","Go for the Eyes","Turbo"],"picked":"Electrodynamics","floor":11.0},{"not_picked":["Aggregate","Compile Driver","Steam"],"picked":"Chaos","floor":11.0},{"not_picked":["Barrage","Loop","Melter"],"picked":"Genetic Algorithm","floor":11.0},{"not_picked":["Go for the Eyes","Chaos","Static Discharge","Multi-Cast"],"picked":"Singing Bowl","floor":13.0},{"not_picked":["Sweeping Beam","Hologram","Sunder"],"picked":"Undo","floor":14.0},{"not_picked":["Meteor Strike","Fission","All For One"],"picked":"Creative AI","floor":16.0},{"not_picked":["Compile Driver","Turbo","Cold Snap","Stack"],"picked":"Singing Bowl","floor":18.0},{"not_picked":["Self Repair","Lockon","Reprogram","Gash"],"picked":"Singing Bowl","floor":21.0},{"not_picked":["Multi-Cast","Redo","Consume","Compile Driver"],"picked":"Singing Bowl","floor":22.0},{"not_picked":["Go for the Eyes","Streamline","Reinforced Body"],"picked":"Chaos+1","floor":23.0},{"not_picked":["Hyperbeam","BootSequence","Go for the Eyes","Storm"],"picked":"Singing Bowl","floor":24.0},{"not_picked":["Lockon","Rebound+1","Hello World","Chaos"],"picked":"Singing Bowl","floor":27.0},{"not_picked":["Coolheaded","Conserve Battery","Gash+1"],"picked":"Heatsinks","floor":28.0},{"not_picked":["Beam Cell","Steam+1","Streamline","Conserve Battery+1"],"picked":"Singing Bowl","floor":29.0},{"not_picked":["Skim","Conserve Battery","Streamline","Lockon"],"picked":"Singing Bowl","floor":31.0},{"not_picked":["Steam Power","Darkness","Coolheaded"],"picked":"Glacier","floor":31.0},{"not_picked":["Melter","Sweeping Beam","Coolheaded"],"picked":"Double Energy","floor":32.0},{"not_picked":["Machine Learning","Biased Cognition","Seek"],"picked":"Echo Form","floor":33.0},{"not_picked":["Melter+1","Conserve Battery","Double Energy"],"picked":"Sunder","floor":35.0},{"not_picked":["Streamline","Steam Power+1","Steam","Go for the Eyes"],"picked":"Singing Bowl","floor":35.0},{"not_picked":["Purity","The Bomb","Dramatic Entrance","Secret Weapon"],"picked":"Singing Bowl","floor":36.0},{"not_picked":["Transmutation","Flash of Steel","Jack Of All Trades"],"picked":"Panacea","floor":36.0},{"not_picked":["The Bomb","Forethought","Jack Of All Trades","Secret Technique"],"picked":"Singing Bowl","floor":36.0},{"not_picked":["Ball Lightning","Reprogram+1","FTL","Coolheaded"],"picked":"Singing Bowl","floor":37.0},{"not_picked":["Streamline","Cold Snap","Conserve Battery+1","Auto Shields"],"picked":"Singing Bowl","floor":37.0},{"not_picked":["Ball Lightning","Barrage","Conserve Battery+1","Multi-Cast"],"picked":"Singing Bowl","floor":38.0},{"not_picked":["Stack","Gash","Compile Driver"],"picked":"Capacitor","floor":38.0},{"not_picked":["Go for the Eyes","Conserve Battery","Ball Lightning","Steam+1"],"picked":"Singing Bowl","floor":40.0},{"not_picked":["Reinforced Body","Chaos","Gash","Stack+1"],"picked":"Singing Bowl","floor":42.0},{"not_picked":["Leap","Melter","Skim","Stack+1"],"picked":"Singing Bowl","floor":42.0},{"not_picked":["Beam Cell","Chaos","Conserve Battery+1"],"picked":"Glacier","floor":44.0},{"not_picked":["Conserve Battery+1","Turbo","Steam+1","Undo"],"picked":"Singing Bowl","floor":44.0},{"not_picked":["Rip and Tear","Cold Snap","Blizzard+1","Sweeping Beam+1"],"picked":"Singing Bowl","floor":45.0},{"not_picked":["Steam","Hologram","Go for the Eyes","Gash+1"],"picked":"Singing Bowl","floor":46.0},{"not_picked":["Leap","Sweeping Beam","Barrage+1"],"picked":"Echo Form","floor":46.0}],"player_experience":114013,"relics_obtained":[{"floor":6.0,"key":"Pantograph"},{"floor":9.0,"key":"Question Card"},{"floor":13.0,"key":"Mango"},{"floor":24.0,"key":"Gambling Chip"},{"floor":27.0,"key":"Ice Cream"},{"floor":27.0,"key":"Cables"},{"floor":40.0,"key":"Strawberry"}],"event_choices":[{"damage_healed":0.0,"max_hp_gain":0.0,"max_hp_loss":0.0,"gold_gain":0.0,"event_name":"Scrap Ooze","player_choice":"Success","floor":12.0,"gold_loss":0.0,"damage_taken":7.0,"relics_obtained":["Singing Bowl"]},{"damage_healed":0.0,"max_hp_gain":0.0,"max_hp_loss":0.0,"gold_gain":0.0,"cards_transformed":["Strike_B","Strike_B"],"event_name":"Drug Dealer","player_choice":"Became Test Subject","floor":19.0,"gold_loss":0.0,"damage_taken":0.0,"cards_obtained":["Biased Cognition","Genetic Algorithm"]},{"damage_healed":0.0,"max_hp_gain":0.0,"max_hp_loss":0.0,"gold_gain":0.0,"event_name":"The Library","player_choice":"Read","floor":20.0,"gold_loss":0.0,"damage_taken":0.0,"cards_obtained":["Fusion"]},{"damage_healed":0.0,"max_hp_gain":0.0,"max_hp_loss":0.0,"gold_gain":0.0,"event_name":"Colosseum","player_choice":"Fight","floor":27.0,"gold_loss":0.0,"damage_taken":0.0},{"damage_healed":0.0,"max_hp_gain":0.0,"max_hp_loss":0.0,"gold_gain":0.0,"event_name":"Colosseum","player_choice":"Fought Nobs","floor":27.0,"gold_loss":0.0,"damage_taken":0.0},{"damage_healed":0.0,"max_hp_gain":0.0,"max_hp_loss":0.0,"gold_gain":0.0,"event_name":"SensoryStone","player_choice":"Memory 3","floor":36.0,"gold_loss":0.0,"damage_taken":10.0},{"cards_removed":["Cold Snap"],"damage_healed":0.0,"max_hp_gain":0.0,"max_hp_loss":0.0,"gold_gain":0.0,"event_name":"Falling","player_choice":"Removed Attack","floor":39.0,"gold_loss":0.0,"damage_taken":0.0},{"damage_healed":0,"gold_gain":0,"player_choice":"0 cards matched","damage_taken":0,"max_hp_gain":0,"max_hp_loss":0,"event_name":"Match and Keep!","floor":48,"gold_loss":0,"cards_obtained":[]}],"is_beta":false,"boss_relics":[{"not_picked":["Sozu","Calling Bell"],"picked":"Snecko Eye"},{"not_picked":["Philosopher\u0027s Stone","Pandora\u0027s Box"],"picked":"Cursed Key"}],"items_purged_floors":[11,30,47],"is_endless":false,"potions_floor_spawned":[3,6,14,16,21,24,27,33,35,37,46],"ascension_level":13}}