{"host":"jexbkylv34f8xu3o","time":1610568141,"event":{"mods":["AchievementEnabler","BaseMod","Colored Map","Colored Powertips","GifTheSpireLib","Highlight Path","Minty Spire (QoL Compilation)","Quick Restart","StSLib"],"gold_per_floor":[113,129,129,142,142,172,172,182,260,3,3,3,67,142,142,247,247,266,266,277,293,11,11,11],"floor_reached":23,"language":"ENG","playtime":844,"items_purged":["Strike_R"],"score":284,"play_id":"d70b08cd-a122-4c82-9580-89269e7930eb","local_time":"20210113170221","is_ascension_mode":true,"campfire_choices":[{"data":"Bludgeon","floor":7,"key":"SMITH"},{"data":"Sadistic Nature","floor":11,"key":"SMITH"},{"floor":15,"key":"REST"}],"circlet_count":0,"master_deck":["AscendersBane","Strike_R","Strike_R","Strike_R","Strike_R","Defend_R","Defend_R","Defend_R","Defend_R","Bash","Sadistic Nature+1","Headbutt","Pommel Strike","Iron Wave","Bludgeon+1","Rage","Bludgeon","Iron Wave","True Grit","Havoc","HandOfGreed"],"relics":["Burning Blood","CaptainsWheel","Kunai","Paper Frog","Omamori","Black Star","Nilry\u0027s Codex"],"acts_visited":["Exordium","TheCity"],"potions_floor_usage":[6,16,23],"damage_taken":[{"damage":10,"enemies":"Small Slimes","floor":1,"turns":4},{"damage":9,"enemies":"2 Louse","floor":2,"turns":3},{"damage":7,"enemies":"Jaw Worm","floor":4,"turns":2},{"damage":34,"enemies":"Lagavulin","floor":6,"turns":6},{"damage":15,"enemies":"3 Louse","floor":8,"turns":4},{"damage":16,"enemies":"Gremlin Nob","floor":13,"turns":4},{"damage":34,"enemies":"Slime Boss","floor":16,"turns":10},{"damage":31,"enemies":"Chosen","floor":18,"turns":6},{"damage":38,"enemies":"Spheric Guardian","floor":20,"turns":7},{"damage":18,"enemies":"Snake Plant","floor":21,"turns":4},{"damage":13,"enemies":"Gremlin Leader","floor":23,"turns":2}],"seed_played":"-4708338698030736630","potions_obtained":[{"floor":1,"key":"Block Potion"},{"floor":4,"key":"FairyPotion"},{"floor":13,"key":"Fire Potion"},{"floor":18,"key":"Ancient Potion"}],"is_trial":false,"path_per_floor":["M","M","?","M","?","E","R","M","T","$","R","$","?","?","R","B",null,"M","?","M","M","$","E"],"character_chosen":"IRONCLAD","items_purchased":["Paper Frog","Havoc","HandOfGreed"],"campfire_rested":1,"item_purchase_floors":[10,22,22],"current_hp_per_floor":[47,44,44,43,69,41,41,32,32,32,32,32,22,11,35,7,62,37,21,19,7,7,0,0],"gold":11,"neow_bonus":"RANDOM_COLORLESS_2","is_daily":false,"chose_seed":false,"campfire_upgraded":2,"win_rate":0.0,"timestamp":1610568141,"path_taken":["M","M","?","M","?","E","R","M","T","?","R","$","?","?","R","BOSS","M","?","M","M","$","E"],"items_purchased_type":["Relic","Card","Card"],"build_version":"2020-12-22","purchased_purges":1,"victory":false,"max_hp_per_floor":[80,80,80,80,80,80,80,80,80,80,80,80,80,80,80,80,80,80,80,80,80,80,80,80],"card_choices":[{"not_picked":["Thinking Ahead","Violence"],"picked":"Sadistic Nature","floor":0},{"not_picked":["Spot Weakness","Dual Wield"],"picked":"Headbutt","floor":1},{"not_picked":["Armaments","Sentinel"],"picked":"Pommel Strike","floor":2},{"not_picked":["Sever Soul","Clash"],"picked":"Iron Wave","floor":4},{"not_picked":["Perfected Strike","Whirlwind"],"picked":"Bludgeon","floor":6},{"not_picked":["Wild Strike","Pummel"],"picked":"Rage","floor":8},{"not_picked":["Berserk","Juggernaut"],"picked":"Bludgeon","floor":16},{"not_picked":["Dropkick","Armaments"],"picked":"Iron Wave","floor":18},{"not_picked":["Bloodletting","Heavy Blade"],"picked":"True Grit","floor":20},{"not_picked":["Entrench","Feel No Pain","Heavy Blade"],"picked":"SKIP","floor":21}],"player_experience":553918,"relics_obtained":[{"floor":6,"key":"CaptainsWheel"},{"floor":9,"key":"Kunai"},{"floor":19,"key":"Nilry\u0027s Codex"}],"event_choices":[{"damage_healed":0,"gold_gain":0,"player_choice":"Ignored","damage_taken":0,"max_hp_gain":0,"max_hp_loss":0,"event_name":"Golden Wing","floor":3,"gold_loss":0},{"damage_healed":26,"gold_gain":0,"player_choice":"Banana","damage_taken":0,"max_hp_gain":0,"max_hp_loss":0,"event_name":"Big Fish","floor":5,"gold_loss":0},{"damage_healed":0,"gold_gain":30,"player_choice":"Searched \u00273\u0027 times","damage_taken":0,"relics_obtained":["Omamori"],"max_hp_gain":0,"max_hp_loss":0,"event_name":"Dead Adventurer","floor":13,"gold_loss":0},{"damage_healed":0,"gold_gain":75,"player_choice":"Gather Gold","damage_taken":11,"max_hp_gain":0,"max_hp_loss":0,"event_name":"World of Goop","floor":14,"gold_loss":0},{"damage_healed":0,"gold_gain":0,"player_choice":"Obtained Book","damage_taken":16,"max_hp_gain":0,"max_hp_loss":0,"event_name":"Cursed Tome","floor":19,"gold_loss":0}],"is_beta":false,"boss_relics":[{"not_picked":["Pandora\u0027s Box","SacredBark"],"picked":"Black Star"}],"items_purged_floors":[22],"is_endless":false,"potions_floor_spawned":[1,4,13,18],"killed_by":"Gremlin Leader","ascension_level":10}}