{"host":"h9d5il8g1iqie9ys","time":1610522134,"event":{"mods":["BaseMod","Colored Powertips","Decade(???)","Hero for Fun","Luminous","Marisa????????","Minty Spire (QoL Compilation)","StSLib","The Administrix","The Animator","The Bug Knight","The Cursed","The Exalted","The Necromancer","The Poker Player","The Saiyan","The Servant 0.9.4","The Wild Card"],"gold_per_floor":[118,118,118,134,134,168,184,184,184,184,145,179,203,218,218,218,218],"floor_reached":16,"language":"ENG","playtime":648,"items_purged":[],"score":133,"play_id":"f77f17e1-3305-46da-bee2-6cd529920615","local_time":"20210113141534","is_ascension_mode":false,"campfire_choices":[{"data":"Bromod:Provoked","floor":8.0,"key":"SMITH"},{"floor":15,"key":"REST"}],"circlet_count":0,"master_deck":["Bromod:Strike_Bro","Bromod:Strike_Bro","Bromod:Strike_Bro+1","Bromod:Defend_Bro","Bromod:Defend_Bro","Bromod:Defend_Bro+1","Bromod:Defend_Bro","Bromod:SlashDash","Bromod:SlashDash","Bromod:SlashDash","Bromod:BodyCount","theWildCard:Sakuya+1","Bromod:HeatedCharge","Bromod:NoReturn","Bromod:Provoked+1","Bromod:BloodRush+1","Bromod:FastHands","Bromod:PointStrike","Bromod:FastHands","Bromod:QuickDraw"],"relics":["Bromod:Ordis","Bromod:AscarisDevice","NeowsBlessing","TungstenRod","Dream Catcher","War Paint","Odd Mushroom"],"acts_visited":["Exordium"],"potions_floor_usage":[16,16],"damage_taken":[{"damage":0.0,"enemies":"2 Louse","floor":1.0,"turns":1.0},{"damage":0.0,"enemies":"Jaw Worm","floor":4.0,"turns":1.0},{"damage":0.0,"enemies":"3 Sentries","floor":6.0,"turns":1.0},{"damage":9.0,"enemies":"Small Slimes","floor":7.0,"turns":4.0},{"damage":14.0,"enemies":"Lagavulin","floor":12.0,"turns":7.0},{"damage":27.0,"enemies":"The Mushroom Lair","floor":13.0,"turns":5.0},{"damage":0,"enemies":"Exordium Wildlife","floor":14,"turns":3},{"damage":36,"enemies":"The Guardian","floor":16,"turns":5}],"seed_played":"-8402015279457211904","potions_obtained":[{"floor":1.0,"key":"AttackPotion"},{"floor":12.0,"key":"Strength Potion"},{"floor":14,"key":"Bromod:ShieldRestore"}],"is_trial":false,"path_per_floor":["M","?","?","M","?","E","M","R","T","T","$","E","?","M","R","B"],"character_chosen":"THE_EXALTED","items_purchased":["Bromod:BloodRush"],"campfire_rested":1,"item_purchase_floors":[11],"current_hp_per_floor":[75,75,60,60,60,60,51,51,51,51,51,37,10,10,32,0,0],"gold":218,"neow_bonus":"THREE_ENEMY_KILL","is_daily":false,"chose_seed":false,"campfire_upgraded":1,"win_rate":0.0,"timestamp":1610522134,"path_taken":["M","?","?","M","?","E","?","R","T","?","?","E","?","M","R","BOSS"],"items_purchased_type":["Card"],"build_version":"2020-12-22","purchased_purges":0,"victory":false,"max_hp_per_floor":[75,75,75,75,75,75,75,75,75,75,75,75,75,75,75,75,75],"card_choices":[{"not_picked":["Bromod:HornetStrike","Bromod:FastHands"],"picked":"Bromod:BodyCount","floor":1.0},{"not_picked":["Bromod:SlashDash","Bromod:SteelFiber"],"picked":"Bromod:HeatedCharge","floor":4.0},{"not_picked":["Bromod:QuickDraw","Bromod:Vitality"],"picked":"Bromod:NoReturn","floor":6.0},{"not_picked":["Bromod:SlipMagazine","Bromod:PointStrike"],"picked":"Bromod:Provoked","floor":7.0},{"not_picked":["Bromod:Provoked","Bromod:VitalSense"],"picked":"Bromod:FastHands","floor":12.0},{"not_picked":["Bromod:SlipMagazine","Bromod:SteelFiber"],"picked":"Bromod:PointStrike","floor":13},{"not_picked":["Bromod:Foundry","Bromod:PointBlank"],"picked":"Bromod:FastHands","floor":14},{"not_picked":["Bromod:FastHands","Bromod:EnergySiphon"],"picked":"Bromod:QuickDraw","floor":15}],"player_experience":199613,"relics_obtained":[{"floor":6.0,"key":"TungstenRod"},{"floor":10.0,"key":"Dream Catcher"},{"floor":12.0,"key":"War Paint"},{"floor":13,"key":"Odd Mushroom"}],"event_choices":[{"damage_healed":0.0,"max_hp_gain":0.0,"max_hp_loss":0.0,"gold_gain":0.0,"event_name":"Shining Light","player_choice":"Entered Light","floor":3.0,"gold_loss":0.0,"damage_taken":15.0,"cards_upgraded":["Bromod:Strike_Bro","Bromod:Defend_Bro"]},{"damage_healed":0.0,"max_hp_gain":0.0,"max_hp_loss":0.0,"gold_gain":0.0,"event_name":"The Cleric","player_choice":"Leave","floor":5.0,"gold_loss":0.0,"damage_taken":0.0},{"damage_healed":0.0,"max_hp_gain":0.0,"max_hp_loss":0.0,"gold_gain":0.0,"event_name":"Mushrooms","player_choice":"Fought Mushrooms","floor":13.0,"gold_loss":0.0,"damage_taken":0.0}],"is_beta":false,"boss_relics":[],"items_purged_floors":[],"is_endless":false,"potions_floor_spawned":[1,12,14],"killed_by":"The Guardian","ascension_level":0}}