{"host":"1q1wpq6df472foxy","time":1610524245,"event":{"mods":["BaseMod","DeckTracker","Highlight Path","Minty Spire (QoL Compilation)","Quick Restart","StSLib","SuperFastMode"],"gold_per_floor":[113,132,132,142,142,174,249,261,309,309,234,95,105,105,105,204,204,214,230,230,247,265,265,279,299,351,0,0,19,36,50,50,50,50],"floor_reached":33,"language":"KOR","playtime":1169,"items_purged":["Infernal Blade","Bash"],"score":342,"play_id":"e05467b4-2f27-4114-96b8-920a5c3de3d9","local_time":"20210113165045","is_ascension_mode":true,"campfire_choices":[{"data":"Limit Break","floor":15,"key":"SMITH"},{"floor":23,"key":"REST"},{"floor":28,"key":"REST"},{"floor":32,"key":"REST"}],"circlet_count":0,"master_deck":["Heavy Blade","Limit Break+1","Disarm","Feed","Heavy Blade","Spot Weakness","Feed+1","Heavy Blade+1"],"relics":["Pandora\u0027s Box","Self Forming Clay","Lantern","Molten Egg 2","Empty Cage","Centennial Puzzle"],"acts_visited":["Exordium","TheCity"],"potions_floor_usage":[16,21,24,25,31,33,33],"damage_taken":[{"damage":0,"enemies":"Small Slimes","floor":1,"turns":3},{"damage":0,"enemies":"Cultist","floor":2,"turns":3},{"damage":0,"enemies":"2 Louse","floor":4,"turns":2},{"damage":37,"enemies":"3 Sentries","floor":6,"turns":8},{"damage":10,"enemies":"Lots of Slimes","floor":8,"turns":6},{"damage":6,"enemies":"Looter","floor":13,"turns":3},{"damage":19,"enemies":"Hexaghost","floor":16,"turns":6},{"damage":30,"enemies":"3 Byrds","floor":18,"turns":6},{"damage":20,"enemies":"Spheric Guardian","floor":19,"turns":5},{"damage":32,"enemies":"Centurion and Healer","floor":21,"turns":5},{"damage":27,"enemies":"Snake Plant","floor":22,"turns":3},{"damage":18,"enemies":"Chosen and Byrds","floor":24,"turns":4},{"damage":30,"enemies":"3 Cultists","floor":25,"turns":5},{"damage":15,"enemies":"Snake Plant","floor":29,"turns":4},{"damage":20,"enemies":"Shelled Parasite and Fungi","floor":30,"turns":3},{"damage":17,"enemies":"Centurion and Healer","floor":31,"turns":3},{"damage":97,"enemies":"Automaton","floor":33,"turns":6}],"seed_played":"9004409938776658376","potions_obtained":[{"floor":2,"key":"DuplicationPotion"},{"floor":6,"key":"FearPotion"},{"floor":8,"key":"GamblersBrew"},{"floor":18,"key":"SkillPotion"},{"floor":22,"key":"GamblersBrew"},{"floor":29,"key":"SteroidPotion"},{"floor":31,"key":"AttackPotion"}],"is_trial":false,"path_per_floor":["M","M","?","M","?","E","?","M","T","?","$","$","M","T","R","B",null,"M","M","?","M","M","R","M","M","T","?","R","M","M","M","R","B"],"character_chosen":"IRONCLAD","items_purchased":["Spot Weakness"],"campfire_rested":3,"item_purchase_floors":[12],"current_hp_per_floor":[84,87,87,91,91,58,49,42,42,74,74,74,72,72,72,53,102,80,64,64,39,16,53,42,19,19,19,60,49,36,23,69,0,0],"gold":50,"neow_bonus":"BOSS_RELIC","is_daily":false,"chose_seed":false,"campfire_upgraded":1,"win_rate":0.0,"timestamp":1610524245,"path_taken":["M","M","?","?","?","E","?","?","T","?","?","$","M","?","R","BOSS","M","M","?","M","M","R","M","M","T","?","R","M","M","M","R","BOSS"],"items_purchased_type":["Card"],"build_version":"2020-12-22","purchased_purges":2,"victory":false,"max_hp_per_floor":[84,87,87,91,91,95,95,98,98,98,98,98,102,102,102,102,102,110,114,114,121,125,125,132,139,139,139,139,143,150,154,154,154,154],"card_choices":[{"not_picked":["Flex","True Grit","Twin Strike"],"picked":"SKIP","floor":1},{"not_picked":["Shockwave","Ghostly Armor","Wild Strike"],"picked":"SKIP","floor":2},{"not_picked":["Headbutt","Flame Barrier"],"picked":"Heavy Blade","floor":4},{"not_picked":["Impervious","Warcry","Pummel"],"picked":"SKIP","floor":6},{"not_picked":["Cleave","Shrug It Off","Dropkick"],"picked":"SKIP","floor":8},{"not_picked":["Fire Breathing","Evolve","Anger"],"picked":"SKIP","floor":13},{"not_picked":["Impervious","Limit Break"],"picked":"Feed+1","floor":16},{"not_picked":["Feel No Pain","Headbutt+1","Flex"],"picked":"SKIP","floor":18},{"not_picked":["Warcry","Sentinel","Clash+1"],"picked":"SKIP","floor":19},{"not_picked":["Searing Blow+1","Perfected Strike+1","Flex"],"picked":"SKIP","floor":21},{"not_picked":["Blood for Blood+1","Uppercut+1","Feed+1"],"picked":"SKIP","floor":22},{"not_picked":["Intimidate","Sever Soul+1"],"picked":"Heavy Blade+1","floor":24},{"not_picked":["Evolve","Armaments+1","Warcry+1"],"picked":"SKIP","floor":25},{"not_picked":["Flex+1","Heavy Blade+1","Blood for Blood+1"],"picked":"SKIP","floor":29},{"not_picked":["Rage","Shrug It Off","Perfected Strike+1"],"picked":"SKIP","floor":30},{"not_picked":["Sword Boomerang+1","Bloodletting","Armaments"],"picked":"SKIP","floor":31}],"player_experience":174204,"relics_obtained":[{"floor":6,"key":"Self Forming Clay"},{"floor":9,"key":"Lantern"},{"floor":14,"key":"Molten Egg 2"},{"floor":26,"key":"Centennial Puzzle"}],"event_choices":[{"damage_healed":0,"gold_gain":0,"player_choice":"Bought 0 Potions","damage_taken":0,"max_hp_gain":0,"max_hp_loss":0,"event_name":"The Woman in Blue","floor":3,"gold_loss":0},{"cards_removed":["Fire Breathing"],"damage_healed":0,"gold_gain":0,"player_choice":"Forget","damage_taken":0,"max_hp_gain":0,"max_hp_loss":0,"event_name":"Living Wall","floor":5,"gold_loss":0},{"damage_healed":0,"gold_gain":75,"player_choice":"Touch","damage_taken":9,"max_hp_gain":0,"max_hp_loss":0,"event_name":"FaceTrader","floor":7,"gold_loss":0},{"damage_healed":32,"gold_gain":0,"player_choice":"Banana","damage_taken":0,"max_hp_gain":0,"max_hp_loss":0,"event_name":"Big Fish","floor":10,"gold_loss":0},{"cards_removed":["Armaments"],"damage_healed":0,"gold_gain":0,"player_choice":"Elegance","damage_taken":0,"max_hp_gain":0,"max_hp_loss":0,"event_name":"Back to Basics","floor":20,"gold_loss":0},{"damage_healed":0,"gold_gain":0,"player_choice":"Paid Fearfully","damage_taken":0,"max_hp_gain":0,"max_hp_loss":0,"event_name":"Masked Bandits","floor":27,"gold_loss":351}],"is_beta":false,"boss_relics":[{"not_picked":["Ectoplasm","Fusion Hammer"],"picked":"Empty Cage"}],"items_purged_floors":[11,12],"is_endless":false,"potions_floor_spawned":[2,6,8,18,22,29,31],"killed_by":"Automaton","ascension_level":1}}