{"host":"fjaupvxe7fzqrf4j","time":1610516184,"event":{"mods":["ATMod(°¢èªMod)","BaseMod","Minty Spire (QoL Compilation)","StSLib"],"gold_per_floor":[119,269,70,70,70,104,134,159,159,194,194,228,256,283,283,360,360,374,392,38,38,38,70,104,130,130,162,189,218,259,306,318,402,414,444,456,285,257,308,334,367,392,441,472,472,503,528,553,553,553,553,553,553,43,75,75],"floor_reached":57,"language":"ZHS","playtime":1583,"items_purged":["Doubt","Consecrate","BowlingBash+1","CutThroughFate+1"],"score":4891,"play_id":"28184957-08aa-47c7-bf06-61faef606c59","local_time":"20210113133624","daily_mods":["SealedDeck","Heirloom","Time Dilation","Flight","Elite Swarm"],"is_ascension_mode":true,"campfire_choices":[{"data":"AT_OneInchPunch","floor":11.0,"key":"SMITH"},{"data":"Ragnarok","floor":15.0,"key":"SMITH"},{"data":"1","floor":32,"key":"LIFT"},{"data":"2","floor":45,"key":"LIFT"},{"floor":49,"key":"RECALL"},{"data":"3","floor":53,"key":"LIFT"}],"circlet_count":0,"master_deck":["AscendersBane","Prostrate+1","FollowUp+1","Tantrum+1","ClearTheMind+1","Crescendo+1","AT_OneInchPunch+1","AT_DarkMatter+1","Brilliance+1","Ragnarok+1","Indignation+1","FearNoEvil+1","InnerPeace+1","LessonLearned+1","Scrawl+1","SpiritShield+1","DeusExMachina+1","Scrawl+1","AT_ChampionStep+1"],"relics":["PureWater","AT_ATBox","Gambling Chip","Membership Card","AT_GoldPhoenixTree","AT_ChloranthyRing","Singing Bowl","Regal Pillow","AT_PhaseBoots","StoneCalendar","Bird Faced Urn","Black Star","AT_BellowingDragoncrestRing","Shuriken","Shovel","Akabeko","AT_ForceNature","Bottled Flame","Girya","Mango","Calipers","Ancient Tea Set","Ginger","Mummified Hand","MawBank","AT_RedNoBalance","Yang","Bronze Scales","AT_TrinityForce","ClockworkSouvenir","AT_RabadonDeathcap","TeardropLocket","Pocketwatch","InkBottle","AT_BellDemon","CloakClasp","AT_EbonyIvory","Dream Catcher","War Paint","PreservedInsect","Whetstone","Ice Cream","Oddly Smooth Stone","Gremlin Horn","Ornamental Fan","Bag of Preparation","Sundial","Potion Belt","Kunai","Unceasing Top","TungstenRod","Damaru","PrismaticShard","AT_BladeRuinedKing","Lizard Tail","Happy Flower"],"acts_visited":["Exordium","TheCity","TheBeyond","TheEnding"],"potions_floor_usage":[56,56,56,56],"damage_taken":[{"damage":0.0,"enemies":"Jaw Worm","floor":1.0,"turns":1.0},{"damage":0.0,"enemies":"Lagavulin","floor":6.0,"turns":2.0},{"damage":0.0,"enemies":"3 Sentries","floor":7.0,"turns":2.0},{"damage":0.0,"enemies":"Lagavulin","floor":8.0,"turns":3.0},{"damage":0.0,"enemies":"Gremlin Nob","floor":10.0,"turns":2.0},{"damage":0.0,"enemies":"Lagavulin","floor":12.0,"turns":2.0},{"damage":0.0,"enemies":"Gremlin Nob","floor":13.0,"turns":2.0},{"damage":0.0,"enemies":"Lagavulin","floor":14.0,"turns":2.0},{"damage":43.0,"enemies":"The Guardian","floor":16.0,"turns":3.0},{"damage":0.0,"enemies":"3 Byrds","floor":18.0,"turns":2.0},{"damage":0.0,"enemies":"Spheric Guardian","floor":19.0,"turns":1.0},{"damage":0.0,"enemies":"Gremlin Leader","floor":23.0,"turns":2.0},{"damage":9.0,"enemies":"Book of Stabbing","floor":24.0,"turns":2.0},{"damage":0.0,"enemies":"Gremlin Leader","floor":25.0,"turns":2.0},{"damage":0.0,"enemies":"Book of Stabbing","floor":27.0,"turns":1.0},{"damage":24.0,"enemies":"Gremlin Leader","floor":28.0,"turns":3.0},{"damage":0,"enemies":"Book of Stabbing","floor":29,"turns":1},{"damage":0,"enemies":"Gremlin Leader","floor":30,"turns":2},{"damage":24,"enemies":"Slavers","floor":31,"turns":2},{"damage":0,"enemies":"Collector","floor":33,"turns":2},{"damage":0,"enemies":"3 Shapes","floor":35,"turns":1},{"damage":0,"enemies":"2 Orb Walkers","floor":39,"turns":1},{"damage":0,"enemies":"Nemesis","floor":40,"turns":1},{"damage":0,"enemies":"Reptomancer","floor":41,"turns":2},{"damage":0,"enemies":"Giant Head","floor":42,"turns":1},{"damage":0,"enemies":"Reptomancer","floor":44,"turns":2},{"damage":0,"enemies":"Giant Head","floor":46,"turns":1},{"damage":0,"enemies":"Reptomancer","floor":47,"turns":1},{"damage":0,"enemies":"Giant Head","floor":48,"turns":1},{"damage":0,"enemies":"Time Eater","floor":50,"turns":1},{"damage":0,"enemies":"Donu and Deca","floor":51,"turns":1},{"damage":0,"enemies":"Shield and Spear","floor":55,"turns":1},{"damage":0,"enemies":"The Heart","floor":56,"turns":4}],"seed_played":"1831445363522080447","potions_obtained":[{"floor":8.0,"key":"Strength Potion"},{"floor":14.0,"key":"LiquidBronze"},{"floor":16.0,"key":"BottledMiracle"},{"floor":25.0,"key":"Strength Potion"},{"floor":33,"key":"SkillPotion"}],"is_trial":true,"path_per_floor":["M","?","$","?","?","E","E","E","T","E","R","E","E","E","R","B",null,"M","M","$","?","?","E","E","E","T","E","E","E","E","E","R","B",null,"M","?","$","$","?","E","E","E","T","E","R","E","E","E","R","B","B",null,"R","$","E","B",null],"character_chosen":"WATCHER","items_purchased":["Membership Card","AT_BellowingDragoncrestRing","InnerPeace","Shuriken","ClockworkSouvenir","DuplicationPotion","PowerPotion","TungstenRod","Damaru","PrismaticShard","AT_ChampionStep","Ancient Potion","ColorlessPotion"],"campfire_rested":0,"item_purchase_floors":[3,20,20,20,37,37,38,54,54,54,54,54,54],"current_hp_per_floor":[61,61,61,41,41,41,41,41,41,41,41,43,45,47,47,6,59,59,59,59,59,59,59,50,66,66,68,44,46,48,27,27,50,88,52,54,54,54,54,55,56,57,57,56,56,58,59,60,60,59,59,103,103,103,61,69],"gold":75,"neow_bonus":"","is_daily":false,"chose_seed":false,"campfire_upgraded":2,"win_rate":0.0,"timestamp":1610516184,"path_taken":["M","?","$","?","?","E","E","E","T","E","R","E","E","E","R","BOSS","M","M","$","?","?","E","E","E","T","E","E","E","E","E","R","BOSS","M","?","$","$","?","E","E","E","T","E","R","E","E","E","R","BOSS","BOSS","R","$","E","BOSS"],"items_purchased_type":["Relic","Relic","Card","Relic","Relic","Potion","Potion","Relic","Relic","Relic","Card","Potion","Potion"],"build_version":"2020-12-22","purchased_purges":4,"victory":true,"max_hp_per_floor":[68,68,68,68,68,68,68,68,68,68,68,70,72,74,74,76,76,76,76,76,76,76,76,76,92,92,94,94,96,98,100,100,100,100,102,104,104,104,106,108,110,112,112,112,112,114,116,118,118,118,118,118,118,118,120,120],"card_choices":[{"not_picked":["Swivel","Halt","BowlingBash"],"picked":"SKIP","floor":1.0},{"not_picked":["AT_IrregularMenstruation","Alpha","Establishment"],"picked":"SKIP","floor":6.0},{"not_picked":["ConjureBlade","Judgement","DevaForm"],"picked":"SKIP","floor":7.0},{"not_picked":["Wish","MasterReality"],"picked":"Brilliance","floor":8.0},{"not_picked":["Brilliance","Wish"],"picked":"Ragnarok","floor":10.0},{"not_picked":["Wish","AT_ChampionKick","Establishment"],"picked":"Singing Bowl","floor":12.0},{"not_picked":["Omniscience","Blasphemy","AT_MachinaRedman"],"picked":"Singing Bowl","floor":13.0},{"not_picked":["Wish","Judgement","Alpha"],"picked":"Singing Bowl","floor":14.0},{"not_picked":["AT_RealColorLess","SpiritShield","Ragnarok"],"picked":"Singing Bowl","floor":16.0},{"not_picked":["CutThroughFate","EmptyFist"],"picked":"Indignation+1","floor":18.0},{"not_picked":["PathToVictory","JustLucky"],"picked":"FearNoEvil","floor":19.0},{"not_picked":["Ragnarok","Alpha"],"picked":"LessonLearned","floor":23.0},{"not_picked":["Judgement","Devotion"],"picked":"Scrawl","floor":24.0},{"not_picked":["Brilliance","DevaForm","Judgement"],"picked":"Singing Bowl","floor":25.0},{"not_picked":["Wish","Judgement","Brilliance"],"picked":"Singing Bowl","floor":27.0},{"not_picked":["Blasphemy","AT_ChampionKick"],"picked":"SpiritShield","floor":28},{"not_picked":["Omniscience","LessonLearned","ConjureBlade"],"picked":"Singing Bowl","floor":29},{"not_picked":["Vault","Judgement","Establishment"],"picked":"Singing Bowl","floor":30},{"not_picked":["Vault","ConjureBlade","MasterReality"],"picked":"Singing Bowl","floor":31},{"not_picked":["MasterReality","Alpha"],"picked":"DeusExMachina","floor":33},{"not_picked":["EmptyBody+1","WreathOfFlame","Meditate+1"],"picked":"Singing Bowl","floor":35},{"not_picked":["AT_FamilyPortrait","AT_Homeward","Good Instincts"],"picked":"Singing Bowl","floor":36},{"not_picked":["SandsOfTime","EmptyBody","FearNoEvil"],"picked":"Singing Bowl","floor":39},{"not_picked":["Establishment","Judgement","Brilliance"],"picked":"Singing Bowl","floor":40},{"not_picked":["SpiritShield","Wish","AT_MachinaRedman"],"picked":"Singing Bowl","floor":41},{"not_picked":["ConjureBlade","Omniscience","Wish"],"picked":"Singing Bowl","floor":42},{"not_picked":["DevaForm","Alpha"],"picked":"Scrawl","floor":44},{"not_picked":["DevaForm","Scrawl","Ragnarok"],"picked":"Singing Bowl","floor":46},{"not_picked":["MasterReality","Wish","Brilliance"],"picked":"Singing Bowl","floor":47},{"not_picked":["Alpha","Blasphemy","LessonLearned"],"picked":"Singing Bowl","floor":48},{"not_picked":["ConjureBlade","LessonLearned","AT_WaterDrop"],"picked":"Singing Bowl","floor":55}],"player_experience":417180,"relics_obtained":[{"floor":6.0,"key":"AT_GoldPhoenixTree"},{"floor":7.0,"key":"AT_ChloranthyRing"},{"floor":8.0,"key":"Singing Bowl"},{"floor":10.0,"key":"Regal Pillow"},{"floor":12.0,"key":"AT_SpeedBoots"},{"floor":13.0,"key":"StoneCalendar"},{"floor":14.0,"key":"Bird Faced Urn"},{"floor":23.0,"key":"Shovel"},{"floor":23.0,"key":"Akabeko"},{"floor":24.0,"key":"AT_ForceNature"},{"floor":24.0,"key":"Bottled Flame"},{"floor":25.0,"key":"Girya"},{"floor":25.0,"key":"Mango"},{"floor":27.0,"key":"Calipers"},{"floor":27.0,"key":"Ancient Tea Set"},{"floor":28,"key":"Ginger"},{"floor":29,"key":"Mummified Hand"},{"floor":29,"key":"MawBank"},{"floor":30,"key":"AT_SilverBalance"},{"floor":31,"key":"Yang"},{"floor":31,"key":"Bronze Scales"},{"floor":39,"key":"AT_RabadonDeathcap"},{"floor":40,"key":"TeardropLocket"},{"floor":40,"key":"Pocketwatch"},{"floor":41,"key":"InkBottle"},{"floor":41,"key":"AT_BellDemon"},{"floor":42,"key":"CloakClasp"},{"floor":42,"key":"AT_EbonyIvory"},{"floor":43,"key":"Dream Catcher"},{"floor":44,"key":"War Paint"},{"floor":44,"key":"PreservedInsect"},{"floor":44,"key":"Whetstone"},{"floor":46,"key":"Ice Cream"},{"floor":46,"key":"Oddly Smooth Stone"},{"floor":46,"key":"Gremlin Horn"},{"floor":47,"key":"Ornamental Fan"},{"floor":47,"key":"Bag of Preparation"},{"floor":47,"key":"Sundial"},{"floor":48,"key":"Potion Belt"},{"floor":48,"key":"Kunai"},{"floor":48,"key":"Unceasing Top"},{"floor":55,"key":"AT_BladeRuinedKing"},{"floor":55,"key":"Lizard Tail"},{"floor":55,"key":"Happy Flower"}],"event_choices":[{"damage_healed":0.0,"max_hp_gain":0.0,"max_hp_loss":0.0,"gold_gain":150.0,"event_name":"Liars Game","player_choice":"AGREE","floor":2.0,"gold_loss":0.0,"damage_taken":0.0,"cards_obtained":["Doubt"]},{"damage_healed":0.0,"max_hp_gain":0.0,"max_hp_loss":0.0,"gold_gain":0.0,"event_name":"Shining Light","player_choice":"Entered Light","floor":4.0,"gold_loss":0.0,"damage_taken":20.0,"cards_upgraded":["Crescendo","Tantrum"]},{"damage_healed":0.0,"max_hp_gain":0.0,"max_hp_loss":0.0,"gold_gain":0.0,"event_name":"The Cleric","player_choice":"Leave","floor":5.0,"gold_loss":0.0,"damage_taken":0.0},{"cards_removed":["Conclude"],"damage_healed":0.0,"max_hp_gain":0.0,"max_hp_loss":0.0,"gold_gain":0.0,"event_name":"Back to Basics","player_choice":"Elegance","floor":21.0,"gold_loss":0.0,"damage_taken":0.0},{"damage_healed":0.0,"max_hp_gain":0.0,"max_hp_loss":0.0,"gold_gain":0.0,"event_name":"Vampires","player_choice":"Ignored","floor":22.0,"gold_loss":0.0,"damage_taken":0.0},{"damage_healed":0,"gold_gain":0,"player_choice":"Memory 1","damage_taken":0,"max_hp_gain":0,"max_hp_loss":0,"event_name":"SensoryStone","floor":36,"gold_loss":0},{"damage_healed":0,"gold_gain":0,"player_choice":"Fight","damage_taken":0,"max_hp_gain":0,"max_hp_loss":0,"event_name":"Mysterious Sphere","floor":39,"gold_loss":0}],"is_beta":false,"boss_relics":[{"not_picked":["Runic Dome","Empty Cage"],"picked":"Black Star"},{"not_picked":["Velvet Choker","Astrolabe"],"picked":"AT_TrinityForce"}],"items_purged_floors":[3,20,37,54],"is_endless":false,"potions_floor_spawned":[8,14,16,19,24,25,27,31,33,35,40,46,47,48],"ascension_level":20}}