{"host":"oy4pyvr762z5n0bb","time":1610510835,"event":{"mods":["AchievementEnabler","BaseMod","Colored Map","Colored Powertips","Googly Eyes","Key Reminder","Minty Spire (QoL Compilation)","Quick Restart","Relic Sorter","Slay the Relics Exporter","StSLib","SuperFastMode","Unceasing Turn Reminder","slay the spire mod where everything is the same but ironclad has a cowboy hat"],"gold_per_floor":[117,117,133,150,164,164,196,196,196,230,230,250,250,283,283,380,380,394,394,409,409,30,30,30],"floor_reached":23,"language":"ENG","playtime":556,"items_purged":["Strike_R"],"score":306,"play_id":"bfb1136f-137d-4ed8-aeb6-6690fe4ae81e","local_time":"20210112200715","is_ascension_mode":true,"campfire_choices":[{"data":"True Grit","floor":6,"key":"SMITH"},{"data":"Reaper","floor":8,"key":"SMITH"},{"floor":11,"key":"REST"},{"data":"Hemokinesis","floor":15,"key":"SMITH"}],"circlet_count":0,"master_deck":["Strike_R","Strike_R","Defend_R","Defend_R","Defend_R","Defend_R","Bash","Wild Strike","Iron Wave","Thunderclap","True Grit+1","Reaper+1","Hemokinesis+1","Metallicize","Offering","Armaments+1","Hemokinesis","Rupture","J.A.X."],"relics":["Burning Blood","Centennial Puzzle","Magic Flower","Ancient Tea Set","Charon\u0027s Ashes","Ginger","Ornamental Fan","Empty Cage","Gambling Chip"],"acts_visited":["Exordium","TheCity"],"potions_floor_usage":[10,13,16],"damage_taken":[{"damage":1,"enemies":"Cultist","floor":1,"turns":5},{"damage":6,"enemies":"2 Louse","floor":3,"turns":2},{"damage":1,"enemies":"Jaw Worm","floor":4,"turns":4},{"damage":21,"enemies":"Looter","floor":5,"turns":4},{"damage":32,"enemies":"Gremlin Nob","floor":7,"turns":4},{"damage":49,"enemies":"Lagavulin","floor":10,"turns":9},{"damage":0,"enemies":"2 Fungi Beasts","floor":12,"turns":2},{"damage":0,"enemies":"3 Louse","floor":13,"turns":1},{"damage":34,"enemies":"Gremlin Nob","floor":14,"turns":4},{"damage":69,"enemies":"Slime Boss","floor":16,"turns":13},{"damage":25,"enemies":"Chosen","floor":18,"turns":5},{"damage":28,"enemies":"Spheric Guardian","floor":20,"turns":4},{"damage":55,"enemies":"Book of Stabbing","floor":23,"turns":5}],"seed_played":"7397160308995215883","potions_obtained":[{"floor":5,"key":"ColorlessPotion"},{"floor":10,"key":"SmokeBomb"},{"floor":12,"key":"Dexterity Potion"}],"is_trial":false,"path_per_floor":["M","T","M","M","M","R","E","R","T","E","R","M","M","E","R","B",null,"M","?","M","?","$","E"],"character_chosen":"IRONCLAD","items_purchased":["Gambling Chip"],"campfire_rested":1,"item_purchase_floors":[22],"current_hp_per_floor":[77,77,80,80,68,68,45,45,45,16,40,70,79,54,54,17,64,59,59,40,40,40,0,0],"gold":30,"neow_bonus":"RANDOM_COMMON_RELIC","is_daily":false,"chose_seed":false,"campfire_upgraded":3,"win_rate":0.0,"timestamp":1610510835,"path_taken":["M","?","?","M","M","R","E","R","T","E","R","M","M","E","R","BOSS","M","?","M","?","$","E"],"items_purchased_type":["Relic"],"build_version":"2020-12-22","purchased_purges":1,"victory":false,"max_hp_per_floor":[80,80,80,80,80,80,80,80,80,80,80,80,80,80,80,80,80,80,80,80,80,80,80,80],"card_choices":[{"not_picked":["Body Slam","Anger"],"picked":"Wild Strike","floor":1},{"not_picked":["Heavy Blade","Havoc"],"picked":"Iron Wave","floor":3},{"not_picked":["Headbutt","Shrug It Off"],"picked":"Thunderclap","floor":4},{"not_picked":["Wild Strike","Clothesline"],"picked":"True Grit","floor":5},{"not_picked":["Sentinel","Flex"],"picked":"Reaper","floor":7},{"not_picked":["Armaments","Warcry"],"picked":"Hemokinesis","floor":10},{"not_picked":["Blood for Blood","Clothesline","Clash"],"picked":"SKIP","floor":12},{"not_picked":["Barricade","Reckless Charge"],"picked":"Metallicize","floor":14},{"not_picked":["Corruption","Limit Break"],"picked":"Offering","floor":16},{"not_picked":["Carnage+1","Perfected Strike"],"picked":"Armaments+1","floor":18},{"not_picked":["Flame Barrier","Shrug It Off+1"],"picked":"Rupture","floor":20}],"player_experience":738385,"relics_obtained":[{"floor":2,"key":"Magic Flower"},{"floor":7,"key":"Ancient Tea Set"},{"floor":9,"key":"Charon\u0027s Ashes"},{"floor":10,"key":"Ginger"},{"floor":14,"key":"Ornamental Fan"}],"event_choices":[{"damage_healed":0,"gold_gain":0,"player_choice":"Read","damage_taken":0,"max_hp_gain":0,"max_hp_loss":0,"event_name":"The Library","floor":19,"gold_loss":0,"cards_obtained":["Hemokinesis"]},{"damage_healed":0,"gold_gain":0,"player_choice":"Obtain J.A.X.","damage_taken":0,"max_hp_gain":0,"max_hp_loss":0,"event_name":"Drug Dealer","floor":21,"gold_loss":0,"cards_obtained":["J.A.X."]}],"is_beta":false,"boss_relics":[{"not_picked":["Tiny House","Cursed Key"],"picked":"Empty Cage"}],"items_purged_floors":[22],"is_endless":false,"potions_floor_spawned":[5,10,12,13],"killed_by":"Book of Stabbing","ascension_level":9}}