{"host":"9tdk3zzhmpo6o3dg","time":1610544464,"event":{"mods":["BaseMod","Downfall","Marisa£®ÏF”Í°°ƒß¿Ì…≥£©","Minty Spire (QoL Compilation)","Shop Mod","StSLib","The Cursed","The Marked","The Servant 0.9.4"],"gold_per_floor":[112,112,112,126,140,157,217,217,244,319,331,331,357,369,369,465,465,481,58,74,92,105,105,117,129,155,185,200,200,200,200,200,303,303,315,121,150,179,190,252,252,286,286,314,347,366,392,423,423,423,423],"floor_reached":50,"language":"ZHS","playtime":3045,"items_purged":[],"score":561,"play_id":"3435f2c9-408c-4bf6-b60d-99c196d3f0ed","local_time":"20210113212744","is_ascension_mode":false,"campfire_choices":[{"data":"MagicChant","floor":8,"key":"SMITH"},{"data":"JA","floor":15,"key":"SMITH"},{"data":"OortCloud","floor":23,"key":"SMITH"},{"data":"SuperNova","floor":29,"key":"SMITH"},{"data":"FairyDestructionRay","floor":32,"key":"SMITH"},{"data":"EscapeVelocity","floor":41,"key":"SMITH"},{"data":"IllusionStar","floor":49,"key":"SMITH"}],"circlet_count":0,"master_deck":["Strike_MRS","Strike_MRS+1","Strike_MRS","Defend_MRS+1","Defend_MRS","Defend_MRS+1","Defend_MRS","MasterSpark","UpSweep+1","MagicChant+1","NonDirectionalLaser","FairyDestructionRay+1","PowerUp+1","GrandCross","WitchLeyline","JA+1","SatelliteIllusion","ManaConvection+1","OortCloud+1","IllusionStar+1","Acceleration+1","PowerUp","GrandCross+1","GasGiant+1","WitchLeyline","PowerUp+1","OrrerysSun","ShootingEcho","SuperNova+1","WitchLeyline","ShootingEcho","EscapeVelocity+1","EarthLightRay+1","WitchOfGreed","OortCloud+1","PulseMagic+1","WitchOfGreed","IllusionStar","OortCloud+1","BlazeAway+1","EnergyFlow+1","JA","PulseMagic+1","DragonMeteor+1","UnstableBomb+1","WitchOfGreed","EventHorizon+1","Parasite","ShootingEcho"],"relics":["BewitchedHakkero","NeowsBlessing","Strawberry","Meat on the Bone","Whetstone","Mummified Hand","ExperimentalFamiliar","Prayer Wheel","War Paint","Red Mask","DollysMirror","CaptainsWheel","InkBottle"],"acts_visited":["Exordium","TheCity","TheBeyond"],"potions_floor_usage":[11,11,13,13,16,22,33,33,33,33,35,38,38,47,48,50,50],"damage_taken":[{"damage":0,"enemies":"Cultist","floor":1,"turns":1},{"damage":0,"enemies":"2 Louse","floor":4,"turns":1},{"damage":0,"enemies":"Small Slimes","floor":5,"turns":1},{"damage":0,"enemies":"2 Fungi Beasts","floor":6,"turns":1},{"damage":29,"enemies":"Gremlin Nob","floor":7,"turns":4},{"damage":0,"enemies":"Looter","floor":11,"turns":1},{"damage":13,"enemies":"3 Sentries","floor":13,"turns":3},{"damage":0,"enemies":"3 Louse","floor":14,"turns":1},{"damage":30,"enemies":"Slime Boss","floor":16,"turns":8},{"damage":11,"enemies":"Chosen","floor":18,"turns":3},{"damage":0,"enemies":"Spheric Guardian","floor":20,"turns":2},{"damage":32,"enemies":"Centurion and Healer","floor":21,"turns":4},{"damage":6,"enemies":"Snecko","floor":22,"turns":3},{"damage":12,"enemies":"Sentry and Sphere","floor":24,"turns":4},{"damage":19,"enemies":"Snake Plant","floor":25,"turns":3},{"damage":0,"enemies":"Masked Bandits","floor":27,"turns":2},{"damage":21,"enemies":"Snecko","floor":28,"turns":4},{"damage":19,"enemies":"Collector","floor":33,"turns":7},{"damage":35,"enemies":"3 Shapes","floor":35,"turns":3},{"damage":15,"enemies":"Orb Walker","floor":37,"turns":2},{"damage":12,"enemies":"Transient","floor":38,"turns":5},{"damage":25,"enemies":"Sphere and 2 Shapes","floor":39,"turns":2},{"damage":27,"enemies":"Reptomancer","floor":40,"turns":6},{"damage":18,"enemies":"Spire Growth","floor":42,"turns":3},{"damage":0,"enemies":"3 Darklings","floor":44,"turns":1},{"damage":0,"enemies":"Maw","floor":45,"turns":1},{"damage":14,"enemies":"4 Shapes","floor":46,"turns":3},{"damage":29,"enemies":"3 Darklings","floor":47,"turns":4},{"damage":17,"enemies":"Writhing Mass","floor":48,"turns":3},{"damage":43,"enemies":"Donu and Deca","floor":50,"turns":4}],"seed_played":"8807017681754058761","potions_obtained":[{"floor":1,"key":"AttackPotion"},{"floor":5,"key":"BottledSpark"},{"floor":7,"key":"Dexterity Potion"},{"floor":11,"key":"Strength Potion"},{"floor":14,"key":"GamblersBrew"},{"floor":18,"key":"FearPotion"},{"floor":21,"key":"BottledSpark"},{"floor":25,"key":"Fire Potion"},{"floor":27,"key":"EntropicBrew"},{"floor":35,"key":"StarNLove"},{"floor":37,"key":"SteroidPotion"},{"floor":37,"key":"SkillPotion"},{"floor":40,"key":"StarNLove"},{"floor":42,"key":"PowerPotion"},{"floor":44,"key":"SkillPotion"},{"floor":47,"key":"BlessingOfTheForge"}],"is_trial":false,"path_per_floor":["M","?","?","M","M","M","?","R","T","?","M","?","E","M","R","B",null,"M","$","M","M","M","R","M","M","T","?","M","R","?","?","R","B",null,"M","$","M","M","M","E","R","M","T","M","M","M","M","M","R","B"],"character_chosen":"MARISA","items_purchased":["OortCloud","IllusionStar","Prayer Wheel","WitchOfGreed","DollysMirror"],"campfire_rested":0,"item_purchase_floors":[19,19,19,36,36],"current_hp_per_floor":[75,64,57,57,57,57,40,40,40,29,41,25,24,36,36,18,82,71,71,71,51,45,45,45,38,38,50,41,41,41,41,41,34,82,47,47,44,50,37,28,28,22,22,34,46,50,39,34,34,0,0],"gold":423,"neow_bonus":"THREE_ENEMY_KILL","is_daily":false,"chose_seed":false,"campfire_upgraded":7,"win_rate":0.0,"timestamp":1610544464,"path_taken":["M","?","?","M","M","M","?","R","T","?","M","?","E","M","R","BOSS","M","$","M","M","M","R","M","M","T","?","M","R","?","?","R","BOSS","M","$","M","M","?","E","R","M","T","M","M","M","M","?","R","BOSS"],"items_purchased_type":["Card","Card","Relic","Card","Relic"],"build_version":"2020-12-22","purchased_purges":0,"victory":false,"max_hp_per_floor":[75,82,82,82,82,82,82,82,82,82,82,82,82,82,82,82,82,82,82,82,82,82,82,82,82,82,82,82,82,82,82,82,82,82,82,82,82,82,82,82,82,82,82,82,82,82,82,82,82,82,82],"card_choices":[{"not_picked":["OortCloud","AlicesGift"],"picked":"MagicChant","floor":1},{"not_picked":["UnstableBomb","MeteoricShower"],"picked":"NonDirectionalLaser","floor":4},{"not_picked":["GrandCross","DragonMeteor"],"picked":"FairyDestructionRay","floor":5},{"not_picked":["MilkyWay","Occultation"],"picked":"PowerUp","floor":6},{"not_picked":["NonDirectionalLaser","EnergyRecoil"],"picked":"GrandCross","floor":7},{"not_picked":["BlazeAway","Robbery"],"picked":"WitchLeyline","floor":11},{"not_picked":["6A","DragonMeteor","MilkyWay"],"picked":"SKIP","floor":13},{"not_picked":["ManaConvection","ShootTheMoon"],"picked":"JA","floor":14},{"not_picked":["StarDustReverie","JA"],"picked":"SatelliteIllusion","floor":16},{"not_picked":["ShootingEcho","LuminesStrike+1"],"picked":"ManaConvection","floor":18},{"not_picked":["DC","ShootTheMoon"],"picked":"Acceleration+1","floor":20},{"not_picked":["DarkSpark","Occultation","MeteoricShower"],"picked":"SKIP","floor":20},{"not_picked":["AlicesGift","RefractionSpark","ShootingEcho+1"],"picked":"SKIP","floor":21},{"not_picked":["Robbery","DoubleSpark","SporeBomb"],"picked":"SKIP","floor":21},{"not_picked":["OneTimeOff","SprinkleStarSeal"],"picked":"PowerUp","floor":22},{"not_picked":["EnergyRecoil+1","MeteoricShower+1"],"picked":"GrandCross+1","floor":22},{"not_picked":["Occultation","MagicChant+1"],"picked":"GasGiant+1","floor":24},{"not_picked":["GalacticHalo","JA"],"picked":"WitchLeyline","floor":24},{"not_picked":["NonDirectionalLaser","DoubleSpark"],"picked":"PowerUp+1","floor":25},{"not_picked":["ShootingEcho+1","GalacticHalo"],"picked":"OrrerysSun","floor":25},{"not_picked":["GravityBeat+1","AlicesGift"],"picked":"ShootingEcho","floor":27},{"not_picked":["ChargingUp","SprinkleStarSeal"],"picked":"SuperNova","floor":28},{"not_picked":["GalacticHalo","AsteroidBelt"],"picked":"WitchLeyline","floor":28},{"not_picked":["UltimateShortwave","TreasureHunter"],"picked":"EscapeVelocity","floor":33},{"not_picked":["EnergyRecoil","LuminesStrike"],"picked":"EarthLightRay+1","floor":35},{"not_picked":["DC+1","Acceleration+1","RefractionSpark"],"picked":"SKIP","floor":35},{"not_picked":["GrandCross+1","SuperPerseids"],"picked":"PulseMagic+1","floor":37},{"not_picked":["StarBarrage+1","GrandCross","DeepEcoloBomb+1"],"picked":"SKIP","floor":37},{"not_picked":["MagicAbsorber","IllusionStar+1"],"picked":"WitchOfGreed","floor":38},{"not_picked":["OpenUniverse","SporeBomb","Acceleration"],"picked":"SKIP","floor":38},{"not_picked":["PowerUp","GalacticHalo"],"picked":"IllusionStar","floor":39},{"not_picked":["FairyDestructionRay+1","Occultation+1"],"picked":"OortCloud+1","floor":39},{"not_picked":["ShootTheMoon","MagicAbsorber+1"],"picked":"BlazeAway+1","floor":40},{"not_picked":["MilkyWay","ChargingUp+1"],"picked":"EnergyFlow+1","floor":42},{"not_picked":["LuminesStrike+1","ShootTheMoon+1"],"picked":"JA","floor":42},{"not_picked":["AsteroidBelt","GalacticHalo"],"picked":"PulseMagic+1","floor":44},{"not_picked":["DC+1","MeteoricShower","GasGiant"],"picked":"SKIP","floor":44},{"not_picked":["FairyDestructionRay","ChargeUpSpray+1","MeteoricShower"],"picked":"SKIP","floor":45},{"not_picked":["SprinkleStarSeal","UnstableBomb","ShootTheMoon+1"],"picked":"SKIP","floor":45},{"not_picked":["AlicesGift+1","LuminesStrike"],"picked":"DragonMeteor+1","floor":46},{"not_picked":["PowerUp","DeepEcoloBomb+1"],"picked":"UnstableBomb+1","floor":46},{"not_picked":["UltimateShortwave","AsteroidBelt+1"],"picked":"WitchOfGreed","floor":47},{"not_picked":["ShootingEcho+1","MilkyWay+1"],"picked":"EventHorizon+1","floor":47},{"not_picked":["AsteroidBelt","MysteriousBeam+1"],"picked":"ShootingEcho","floor":48},{"not_picked":["SporeBomb","6A+1","DoubleSpark"],"picked":"SKIP","floor":48}],"player_experience":105509,"relics_obtained":[{"floor":9,"key":"Whetstone"},{"floor":13,"key":"Mummified Hand"},{"floor":26,"key":"War Paint"},{"floor":27,"key":"Red Mask"},{"floor":40,"key":"CaptainsWheel"},{"floor":43,"key":"InkBottle"}],"event_choices":[{"damage_healed":0,"gold_gain":0,"player_choice":"Success","damage_taken":18,"relics_obtained":["Strawberry"],"max_hp_gain":0,"max_hp_loss":0,"event_name":"Scrap Ooze","floor":2,"gold_loss":0},{"cards_removed":["Strike_MRS"],"damage_healed":0,"gold_gain":0,"player_choice":"Card Removal","damage_taken":7,"max_hp_gain":0,"max_hp_loss":0,"event_name":"Golden Wing","floor":3,"gold_loss":0},{"damage_healed":0,"gold_gain":0,"player_choice":"Searched \u00272\u0027 times","damage_taken":0,"relics_obtained":["Meat on the Bone"],"max_hp_gain":0,"max_hp_loss":0,"event_name":"Dead Adventurer","floor":7,"gold_loss":0},{"damage_healed":0,"gold_gain":75,"player_choice":"Gather Gold","damage_taken":11,"max_hp_gain":0,"max_hp_loss":0,"event_name":"World of Goop","floor":10,"gold_loss":0},{"damage_healed":0,"gold_gain":0,"player_choice":"Entered Light","damage_taken":16,"max_hp_gain":0,"max_hp_loss":0,"event_name":"Shining Light","floor":12,"gold_loss":0,"cards_upgraded":["PowerUp","Defend_MRS"]},{"damage_healed":0,"gold_gain":0,"player_choice":"Fought Bandits","damage_taken":0,"max_hp_gain":0,"max_hp_loss":0,"event_name":"Masked Bandits","floor":27,"gold_loss":0},{"damage_healed":0,"gold_gain":0,"player_choice":"Ignored","damage_taken":0,"max_hp_gain":0,"max_hp_loss":0,"event_name":"Ghosts","floor":30,"gold_loss":0},{"damage_healed":0,"gold_gain":0,"player_choice":"Copied","damage_taken":0,"max_hp_gain":0,"max_hp_loss":0,"event_name":"Duplicator","floor":31,"gold_loss":0,"cards_obtained":["ShootingEcho"]}],"is_beta":false,"boss_relics":[{"not_picked":["SlaversCollar","Tiny House"],"picked":"ExperimentalFamiliar"},{"not_picked":["Empty Cage","SacredBark"],"picked":"BewitchedHakkero"}],"items_purged_floors":[],"is_endless":false,"potions_floor_spawned":[1,5,7,11,14,18,21,25,27,35,37,40,44,47],"killed_by":"Donu and Deca","ascension_level":0}}