{"host":"h0xw20cia6ppa69g","time":1610525631,"event":{"mods":["AchievementEnabler","BaseMod","Colored Map","Filter the Spire","Googly Eyes","Minty Spire (QoL Compilation)","Relic Stats","StSLib","The Awakened One except there are too many feathers","everything is the same but u backflip on backflip"],"gold_per_floor":[136,136,178,29,99,158,158,211,211,247,325,325,325,385,385,531,531,576,128,199,199,124,188,238,344,371,432,478,478,591,636,636,786,786,835,835,208,208,252,313,421,421,498,554,106,106,196,261,261,286,286,286,69,132,157],"floor_reached":56,"language":"ENG","playtime":4262,"items_purged":["Strike_B","Pain","Strike_B"],"score":1602,"play_id":"6e366a6c-6253-45e1-a22f-857a9320353e","local_time":"20210113021351","is_ascension_mode":true,"campfire_choices":[{"floor":7.0,"key":"REST"},{"data":"Beam Cell","floor":13.0,"key":"SMITH"},{"data":"Dualcast","floor":15.0,"key":"SMITH"},{"data":"Biased Cognition","floor":32,"key":"SMITH"},{"floor":42,"key":"RECALL"},{"data":"Buffer","floor":46,"key":"SMITH"},{"data":"1","floor":49,"key":"LIFT"},{"data":"2","floor":52,"key":"LIFT"}],"circlet_count":0,"master_deck":["Strike_B","Strike_B","Defend_B","Defend_B","Defend_B","Defend_B","Dualcast+1","HandOfGreed+1","Leap","Sweeping Beam","Beam Cell+1","Self Repair","Darkness+1","Cold Snap","Cold Snap","Chill+1","Biased Cognition+1","Melter","Auto Shields+1","Steam+1","Turbo+1","Go for the Eyes+1","Coolheaded+1","Creative AI","Recycle+1","Aggregate+1","Turbo+1","Buffer+1","Glacier+1","Hologram+1","Discovery+1","Multi-Cast+1","Tempest+1","Capacitor"],"relics":["Cracked Core","ClockworkSouvenir","CaptainsWheel","Toxic Egg 2","InkBottle","Vajra","Golden Idol","PreservedInsect","Runic Pyramid","Medical Kit","Juzu Bracelet","Turnip","Bottled Lightning","Ancient Tea Set","MealTicket","Nunchaku","Nilry\u0027s Codex","Red Mask","Philosopher\u0027s Stone","WarpedTongs","TungstenRod","Orrery","Incense Burner","Girya","Blue Candle","Happy Flower","Mercury Hourglass","Chemical X","Bag of Preparation"],"acts_visited":["Exordium","TheCity","TheBeyond","TheEnding"],"potions_floor_usage":[25,55],"damage_taken":[{"damage":6.0,"enemies":"Jaw Worm","floor":1.0,"turns":3.0},{"damage":0.0,"enemies":"Cultist","floor":3.0,"turns":3.0},{"damage":3.0,"enemies":"Small Slimes","floor":5.0,"turns":4.0},{"damage":14.0,"enemies":"Gremlin Nob","floor":6.0,"turns":5.0},{"damage":16.0,"enemies":"Lagavulin","floor":8.0,"turns":6.0},{"damage":2.0,"enemies":"Blue Slaver","floor":10.0,"turns":4.0},{"damage":15.0,"enemies":"3 Sentries","floor":11.0,"turns":10.0},{"damage":2.0,"enemies":"Lagavulin","floor":14.0,"turns":5.0},{"damage":14.0,"enemies":"The Guardian","floor":16.0,"turns":10.0},{"damage":3.0,"enemies":"2 Thieves","floor":18.0,"turns":5.0},{"damage":0.0,"enemies":"3 Byrds","floor":20.0,"turns":7.0},{"damage":0,"enemies":"Gremlin Leader","floor":23,"turns":6},{"damage":0,"enemies":"Snecko","floor":24,"turns":4},{"damage":19,"enemies":"Slavers","floor":25,"turns":13},{"damage":2,"enemies":"Gremlin Leader","floor":27,"turns":9},{"damage":9,"enemies":"Masked Bandits","floor":30,"turns":9},{"damage":0,"enemies":"Snake Plant","floor":31,"turns":9},{"damage":0,"enemies":"Champ","floor":33,"turns":11},{"damage":3,"enemies":"Orb Walker","floor":35,"turns":3},{"damage":0,"enemies":"3 Darklings","floor":39,"turns":8},{"damage":0,"enemies":"Nemesis","floor":40,"turns":7},{"damage":0,"enemies":"2 Orb Walkers","floor":41,"turns":9},{"damage":0,"enemies":"Giant Head","floor":44,"turns":10},{"damage":0,"enemies":"Sphere and 2 Shapes","floor":47,"turns":13},{"damage":13,"enemies":"Reptomancer","floor":48,"turns":13},{"damage":0,"enemies":"Awakened One","floor":50,"turns":23},{"damage":20,"enemies":"Shield and Spear","floor":54,"turns":5},{"damage":32,"enemies":"The Heart","floor":55,"turns":12}],"seed_played":"-2441141743564032145","potions_obtained":[{"floor":3.0,"key":"Strength Potion"},{"floor":6.0,"key":"Explosive Potion"},{"floor":8.0,"key":"ColorlessPotion"},{"floor":11.0,"key":"EssenceOfSteel"},{"floor":14.0,"key":"Fruit Juice"},{"floor":20.0,"key":"FairyPotion"},{"floor":24,"key":"SpeedPotion"},{"floor":25,"key":"FairyPotion"},{"floor":35,"key":"SteroidPotion"}],"is_trial":false,"path_per_floor":["M","?","M","$","M","E","R","E","T","M","E","?","R","E","R","B",null,"M","$","M","?","?","E","M","E","T","E","T","?","?","M","R","B",null,"M","?","$","?","M","E","?","R","T","E","$","R","M","E","R","B",null,"R","$","E","B",null],"character_chosen":"DEFECT","items_purchased":["ClockworkSouvenir","Medical Kit","Auto Shields+1","Juzu Bracelet","Recycle+1","TungstenRod","Orrery","Hologram+1","Discovery+1","Happy Flower","FocusPotion","Chemical X","Tempest+1"],"campfire_rested":1,"item_purchase_floors":[4,19,19,19,37,37,37,45,45,45,45,53,53],"current_hp_per_floor":[48,48,48,48,45,31,53,44,44,49,41,23,23,28,28,21,75,75,75,80,80,80,80,80,68,68,73,73,57,55,62,62,69,80,77,77,80,73,80,80,80,80,80,80,80,80,80,74,74,74,80,80,80,67,45],"gold":157,"neow_bonus":"RANDOM_COLORLESS_2","is_daily":false,"chose_seed":false,"campfire_upgraded":4,"win_rate":0.0,"timestamp":1610525631,"path_taken":["M","?","M","$","M","E","R","E","T","?","E","?","R","E","R","BOSS","M","$","M","?","?","E","M","E","T","E","?","?","?","M","R","BOSS","M","?","$","?","M","E","?","R","T","E","$","R","M","E","R","BOSS","R","$","E","BOSS"],"items_purchased_type":["Relic","Relic","Card","Relic","Card","Relic","Relic","Card","Card","Relic","Potion","Relic","Card"],"build_version":"2020-12-22","purchased_purges":3,"victory":true,"max_hp_per_floor":[75,75,75,75,75,75,75,75,75,75,75,75,75,75,75,75,75,75,75,80,80,80,80,80,80,80,80,80,80,80,80,80,80,80,80,80,80,80,80,80,80,80,80,80,80,80,80,80,80,80,80,80,80,80,80],"relic_stats":{"Happy Flower":[22],"counters":[28,226],"Golden Idol":206,"Blue Candle":[0],"PreservedInsect":441,"Juzu Bracelet":3,"Bag of Preparation":[2],"Medical Kit":[39],"WarpedTongs":[95],"Mercury Hourglass":[138],"Nunchaku":[21],"MealTicket":3,"Turnip":[21],"Chemical X":[4],"obtain_stats":[{"Nilry\u0027s Codex":29,"Vajra":11,"Juzu Bracelet":19,"Incense Burner":40,"Bag of Preparation":54,"Ancient Tea Set":26,"ClockworkSouvenir":4,"Nunchaku":28,"MealTicket":27,"Philosopher\u0027s Stone":34,"Red Mask":30,"Chemical X":53,"Toxic Egg 2":8,"Cracked Core":0,"InkBottle":9,"Runic Pyramid":17,"Girya":41,"Happy Flower":45,"Golden Idol":12,"Blue Candle":44,"PreservedInsect":14,"Medical Kit":19,"WarpedTongs":36,"Mercury Hourglass":48,"CaptainsWheel":6,"Orrery":37,"Turnip":23,"Bottled Lightning":25,"TungstenRod":37},{"Nilry\u0027s Codex":15,"Vajra":7,"Juzu Bracelet":10,"Incense Burner":21,"Bag of Preparation":27,"Ancient Tea Set":14,"ClockworkSouvenir":2,"Nunchaku":15,"MealTicket":15,"Philosopher\u0027s Stone":18,"Red Mask":16,"Chemical X":26,"Toxic Egg 2":5,"Cracked Core":0,"InkBottle":5,"Runic Pyramid":9,"Girya":22,"Happy Flower":23,"Golden Idol":7,"Blue Candle":23,"PreservedInsect":8,"Medical Kit":10,"WarpedTongs":19,"Mercury Hourglass":25,"CaptainsWheel":4,"Orrery":19,"Turnip":12,"Bottled Lightning":14,"TungstenRod":19},{"Nilry\u0027s Codex":94,"Vajra":35,"Juzu Bracelet":55,"Incense Burner":141,"Bag of Preparation":214,"Ancient Tea Set":85,"ClockworkSouvenir":6,"Nunchaku":94,"MealTicket":94,"Philosopher\u0027s Stone":123,"Red Mask":103,"Chemical X":209,"Toxic Egg 2":21,"Cracked Core":0,"InkBottle":21,"Runic Pyramid":50,"Girya":150,"Happy Flower":160,"Golden Idol":35,"Blue Candle":160,"PreservedInsect":40,"Medical Kit":55,"WarpedTongs":126,"Mercury Hourglass":186,"CaptainsWheel":15,"Orrery":126,"Turnip":68,"Bottled Lightning":85,"TungstenRod":126}],"InkBottle":[88],"TungstenRod":24},"card_choices":[{"not_picked":["Thinking Ahead","Metamorphosis"],"picked":"HandOfGreed","floor":0.0},{"not_picked":["Steam","Recycle"],"picked":"Leap","floor":1.0},{"not_picked":["Barrage","Steam Power"],"picked":"Sweeping Beam","floor":3.0},{"not_picked":["Go for the Eyes","White Noise"],"picked":"Beam Cell","floor":5.0},{"not_picked":["Electrodynamics","Thunder Strike"],"picked":"Self Repair","floor":6.0},{"not_picked":["Meteor Strike","Leap+1"],"picked":"Darkness+1","floor":8.0},{"not_picked":["Compile Driver","Heatsinks"],"picked":"Cold Snap","floor":10.0},{"not_picked":["Sunder","Reprogram+1"],"picked":"Cold Snap","floor":11.0},{"not_picked":["Machine Learning","FTL"],"picked":"Chill+1","floor":14.0},{"not_picked":["Amplify+1","Fission+1"],"picked":"Biased Cognition","floor":16.0},{"not_picked":["Heatsinks","Tempest+1"],"picked":"Melter","floor":18.0},{"not_picked":["Blizzard","Ball Lightning"],"picked":"Steam+1","floor":20.0},{"not_picked":["Redo+1","Lockon+1","Stack+1"],"picked":"SKIP","floor":23},{"not_picked":["Ball Lightning+1","Melter","Steam+1"],"picked":"SKIP","floor":24},{"not_picked":["Sweeping Beam","Streamline+1","Steam+1"],"picked":"SKIP","floor":25},{"not_picked":["Gash+1","Steam Power+1"],"picked":"Turbo+1","floor":27},{"not_picked":["White Noise+1","Steam+1"],"picked":"Go for the Eyes+1","floor":30},{"not_picked":["Doom and Gloom+1","Reprogram+1"],"picked":"Coolheaded+1","floor":31},{"not_picked":["Seek+1","Core Surge"],"picked":"Creative AI","floor":33},{"not_picked":["Rebound+1","Coolheaded+1","Rip and Tear+1"],"picked":"SKIP","floor":35},{"not_picked":["Auto Shields+1","All For One"],"picked":"Aggregate+1","floor":37},{"not_picked":["Fusion+1","Sweeping Beam+1"],"picked":"Turbo+1","floor":37},{"not_picked":["Cold Snap+1","Steam+1"],"picked":"Buffer","floor":37},{"not_picked":["Compile Driver+1","Ball Lightning","Double Energy+1"],"picked":"SKIP","floor":39},{"not_picked":["Stack+1","Barrage+1","Go for the Eyes+1"],"picked":"SKIP","floor":40},{"not_picked":["FTL+1","Rebound+1"],"picked":"Glacier+1","floor":41},{"not_picked":["Barrage","Beam Cell","Melter+1"],"picked":"SKIP","floor":44},{"not_picked":["Coolheaded+1","Barrage","Tempest+1"],"picked":"SKIP","floor":47},{"not_picked":["White Noise+1","Beam Cell+1"],"picked":"Multi-Cast+1","floor":48},{"not_picked":["Turbo+1","Genetic Algorithm+1"],"picked":"Capacitor","floor":54}],"player_experience":3690260,"relics_obtained":[{"floor":6.0,"key":"CaptainsWheel"},{"floor":8.0,"key":"Toxic Egg 2"},{"floor":9.0,"key":"InkBottle"},{"floor":11.0,"key":"Vajra"},{"floor":14.0,"key":"PreservedInsect"},{"floor":23,"key":"Turnip"},{"floor":25,"key":"Bottled Lightning"},{"floor":26,"key":"Ancient Tea Set"},{"floor":27,"key":"MealTicket"},{"floor":28,"key":"Nunchaku"},{"floor":29,"key":"Nilry\u0027s Codex"},{"floor":30,"key":"Red Mask"},{"floor":40,"key":"Incense Burner"},{"floor":41,"key":"Girya"},{"floor":44,"key":"Blue Candle"},{"floor":48,"key":"Mercury Hourglass"},{"floor":54,"key":"Bag of Preparation"}],"event_choices":[{"damage_healed":0.0,"max_hp_gain":0.0,"max_hp_loss":0.0,"gold_gain":0.0,"event_name":"Upgrade Shrine","player_choice":"Upgraded","floor":2.0,"gold_loss":0.0,"damage_taken":0.0,"cards_upgraded":["HandOfGreed"]},{"damage_healed":0.0,"max_hp_gain":0.0,"max_hp_loss":0.0,"gold_gain":0.0,"event_name":"Golden Idol","player_choice":"Take Damage","floor":12.0,"gold_loss":0.0,"damage_taken":18.0,"relics_obtained":["Golden Idol"]},{"damage_healed":0.0,"max_hp_gain":0.0,"max_hp_loss":0.0,"gold_gain":0.0,"event_name":"Vampires","player_choice":"Ignored","floor":21.0,"gold_loss":0.0,"damage_taken":0.0},{"cards_removed":["Zap"],"damage_healed":0.0,"max_hp_gain":0.0,"max_hp_loss":0.0,"gold_gain":0.0,"event_name":"Beggar","player_choice":"Gave Gold","floor":22.0,"gold_loss":75.0,"damage_taken":0.0},{"damage_healed":0,"gold_gain":0,"player_choice":"Obtained Book","damage_taken":16,"max_hp_gain":0,"max_hp_loss":0,"event_name":"Cursed Tome","floor":29,"gold_loss":0},{"damage_healed":0,"gold_gain":0,"player_choice":"Fought Bandits","damage_taken":0,"max_hp_gain":0,"max_hp_loss":0,"event_name":"Masked Bandits","floor":30,"gold_loss":0},{"damage_healed":0,"gold_gain":0,"player_choice":"Rummage","damage_taken":0,"relics_obtained":["WarpedTongs"],"max_hp_gain":0,"max_hp_loss":0,"event_name":"Accursed Blacksmith","floor":36,"gold_loss":0,"cards_obtained":["Pain"]},{"damage_healed":0,"gold_gain":0,"player_choice":"Damaged","damage_taken":8,"max_hp_gain":0,"max_hp_loss":0,"event_name":"Wheel of Change","floor":38,"gold_loss":0},{"damage_healed":0,"gold_gain":0,"player_choice":"Fight","damage_taken":0,"max_hp_gain":0,"max_hp_loss":0,"event_name":"Mysterious Sphere","floor":41,"gold_loss":0}],"is_beta":false,"boss_relics":[{"not_picked":["Pandora\u0027s Box","FrozenCore"],"picked":"Runic Pyramid"},{"not_picked":["Empty Cage","SlaversCollar"],"picked":"Philosopher\u0027s Stone"}],"items_purged_floors":[19,37,45],"is_endless":false,"potions_floor_spawned":[3,6,8,11,14,20,24,25,30,33,35,41,47,48],"ascension_level":1}}