{"host":"x21cvmfdo17nyhii","time":1610527926,"event":{"mods":["AchievementEnabler","BaseMod","Colored Map","Colored Powertips","DeckTracker","Highlight Path","Minty Spire (QoL Compilation)","Quick Restart","Rare Cards Sparkle","SuperFastMode"],"gold_per_floor":[115,131,131,20,33,33,33,33,33,52,52,52,62,62,62,157,157,172,172,172,187,203,203,203,203,203,203,29,40,40,60,60,163,163,180,180,180,180,180],"floor_reached":38,"language":"ENG","playtime":1414,"items_purged":["Strike_R","Strike_R"],"score":362,"play_id":"56c17206-f94b-4a03-baf5-ad0c4f463f82","local_time":"20210113005206","is_ascension_mode":false,"campfire_choices":[{"data":"Searing Blow","floor":6.0,"key":"SMITH"},{"data":"Searing Blow+1","floor":8.0,"key":"SMITH"},{"floor":12.0,"key":"REST"},{"data":"Searing Blow+2","floor":15.0,"key":"SMITH"},{"floor":23.0,"key":"REST"},{"floor":27.0,"key":"REST"},{"data":"Searing Blow+3","floor":30.0,"key":"SMITH"},{"floor":32.0,"key":"REST"}],"circlet_count":0,"master_deck":["Strike_R","Strike_R","Defend_R","Defend_R","Defend_R","Defend_R","Bash","Thunderclap","Dual Wield","Searing Blow+4","Dropkick","Shrug It Off","Corruption","Rage+1","RitualDagger","Flame Barrier","Armaments+1","Barricade","Seeing Red+1","Madness","Madness"],"relics":["SlaversCollar"],"acts_visited":["Exordium","TheCity","TheBeyond"],"potions_floor_usage":[38,38,38,38,38],"damage_taken":[{"damage":6.0,"enemies":"Jaw Worm","floor":1.0,"turns":3.0},{"damage":0.0,"enemies":"2 Louse","floor":2.0,"turns":3.0},{"damage":3.0,"enemies":"Cultist","floor":5.0,"turns":5.0},{"damage":28.0,"enemies":"Exordium Thugs","floor":10.0,"turns":4.0},{"damage":10.0,"enemies":"Looter","floor":13.0,"turns":2.0},{"damage":36.0,"enemies":"The Guardian","floor":16.0,"turns":8.0},{"damage":20.0,"enemies":"Spheric Guardian","floor":18.0,"turns":5.0},{"damage":15.0,"enemies":"2 Thieves","floor":21.0,"turns":4.0},{"damage":31.0,"enemies":"Snake Plant","floor":22.0,"turns":6.0},{"damage":9.0,"enemies":"Centurion and Healer","floor":29.0,"turns":4.0},{"damage":19.0,"enemies":"3 Cultists","floor":31.0,"turns":7.0},{"damage":53.0,"enemies":"Automaton","floor":33.0,"turns":10.0},{"damage":3.0,"enemies":"Orb Walker","floor":35.0,"turns":3.0},{"damage":79,"enemies":"Donu and Deca","floor":38,"turns":5}],"seed_played":"5932861627722637533","potions_obtained":[{"floor":2.0,"key":"FearPotion"},{"floor":13.0,"key":"Energy Potion"},{"floor":18.0,"key":"Energy Potion"},{"floor":22.0,"key":"SteroidPotion"},{"floor":33.0,"key":"SteroidPotion"},{"floor":35.0,"key":"EntropicBrew"}],"is_trial":false,"path_per_floor":["M","M","?","$","M","R","?","R","T","M","?","R","M","$","R","B",null,"M","?","?","M","M","R","?","T","T","R","$","M","R","M","R","B",null,"M","?","?","B"],"character_chosen":"IRONCLAD","items_purchased":["Searing Blow","Flame Barrier"],"campfire_rested":4,"item_purchase_floors":[4,28],"current_hp_per_floor":[74,74,74,74,71,71,76,76,76,48,48,73,63,63,63,27,85,65,65,65,50,19,44,38,38,38,63,63,54,54,35,60,7,85,82,71,71,0,0],"gold":180,"neow_bonus":"BOSS_RELIC","is_daily":false,"chose_seed":false,"campfire_upgraded":4,"win_rate":0.0,"timestamp":1610527926,"path_taken":["M","M","?","$","M","R","?","R","T","M","?","R","M","$","R","BOSS","M","?","?","M","M","R","?","?","T","R","$","?","R","M","R","BOSS","M","?","?","BOSS"],"items_purchased_type":["Card","Card"],"build_version":"2020-12-22","purchased_purges":2,"victory":false,"max_hp_per_floor":[80,80,80,80,80,80,85,85,85,85,85,85,85,85,85,85,85,85,85,85,85,85,85,85,85,85,85,85,85,85,85,85,85,85,85,85,85,85,85],"card_choices":[{"not_picked":["Cleave","Spot Weakness"],"picked":"Thunderclap","floor":1.0},{"not_picked":["Heavy Blade","Warcry"],"picked":"Dual Wield","floor":2.0},{"not_picked":["Body Slam","Anger"],"picked":"Dropkick","floor":5.0},{"not_picked":["Iron Wave","Combust","Sentinel"],"picked":"SKIP","floor":10.0},{"not_picked":["Heavy Blade","Wild Strike"],"picked":"Shrug It Off","floor":13.0},{"not_picked":["Brutality","Barricade"],"picked":"Corruption","floor":16.0},{"not_picked":["Pommel Strike+1","Infernal Blade","Entrench"],"picked":"SKIP","floor":18.0},{"not_picked":["Pummel","Shrug It Off"],"picked":"Rage+1","floor":21.0},{"not_picked":["Flex","Burning Pact","Feel No Pain"],"picked":"SKIP","floor":22.0},{"not_picked":["Intimidate","Thunderclap+1","Wild Strike"],"picked":"SKIP","floor":29.0},{"not_picked":["Pommel Strike+1","Dark Embrace"],"picked":"Armaments+1","floor":31.0},{"not_picked":["Exhume","Feed"],"picked":"Barricade","floor":33.0},{"not_picked":["Cleave+1","Flex+1"],"picked":"Seeing Red+1","floor":35.0}],"player_experience":330469,"relics_obtained":[],"event_choices":[{"damage_healed":0.0,"max_hp_gain":0.0,"max_hp_loss":0.0,"gold_gain":0.0,"event_name":"Golden Idol","player_choice":"Ignored","floor":3.0,"gold_loss":0.0,"damage_taken":0.0},{"damage_healed":0.0,"max_hp_gain":5.0,"max_hp_loss":0.0,"gold_gain":0.0,"event_name":"Big Fish","player_choice":"Donut","floor":7.0,"gold_loss":0.0,"damage_taken":0.0},{"damage_healed":0.0,"max_hp_gain":0.0,"max_hp_loss":0.0,"gold_gain":0.0,"event_name":"Dead Adventurer","player_choice":"Searched \u00270\u0027 times","floor":11.0,"gold_loss":0.0,"damage_taken":0.0},{"cards_removed":["Strike_R"],"damage_healed":0.0,"max_hp_gain":0.0,"max_hp_loss":0.0,"gold_gain":0.0,"event_name":"Back to Basics","player_choice":"Elegance","floor":19.0,"gold_loss":0.0,"damage_taken":0.0},{"damage_healed":0.0,"max_hp_gain":0.0,"max_hp_loss":0.0,"gold_gain":0.0,"event_name":"Nest","player_choice":"Joined the Cult","floor":24.0,"gold_loss":0.0,"damage_taken":6.0,"cards_obtained":["RitualDagger"]},{"damage_healed":0.0,"max_hp_gain":0.0,"max_hp_loss":0.0,"gold_gain":0.0,"event_name":"Winding Halls","player_choice":"Embrace Madness","floor":36.0,"gold_loss":0.0,"damage_taken":11.0,"cards_obtained":["Madness","Madness"]},{"damage_healed":0.0,"max_hp_gain":0.0,"max_hp_loss":0.0,"gold_gain":0.0,"event_name":"SecretPortal","player_choice":"Took Portal","floor":37.0,"gold_loss":0.0,"damage_taken":0.0}],"is_beta":false,"boss_relics":[{"not_picked":["Velvet Choker","Runic Pyramid","Pandora\u0027s Box"]},{"not_picked":["Velvet Choker","Runic Pyramid","Pandora\u0027s Box"]}],"items_purged_floors":[4,28],"is_endless":false,"potions_floor_spawned":[2,13,18,22,33,35],"killed_by":"Donu and Deca","ascension_level":0}}