{"host":"Qube","time":1610509695,"event":{"mods":["AchievementEnabler","BaseMod","Colored Map","Colored Powertips","Minty Spire (QoL Compilation)","Quick Restart","Random Character Button","StSLib"],"gold_per_floor":[119,129,54,71,86,113,113,133,133,133,153,179,229,260,260,332,332,344,167,181,8,25,58,70,98,143,123,123,150,150,167,167,238,238,256,256,266,283,11,11,31,64,64,89,101,101,153,178,178,178],"floor_reached":51,"language":"ENG","playtime":1781,"items_purged":["Defend_R"],"score":1610,"play_id":"4bfe78d9-beec-4406-8315-2e766a543f76","local_time":"20210112194815","is_ascension_mode":true,"campfire_choices":[{"data":"Perfected Strike","floor":7.0,"key":"SMITH"},{"data":"Power Through","floor":10.0,"key":"SMITH"},{"data":"True Grit","floor":15.0,"key":"SMITH"},{"floor":30.0,"key":"REST"},{"data":"Perfected Strike","floor":32.0,"key":"SMITH"},{"floor":40,"key":"REST"},{"floor":46,"key":"REST"},{"data":"Perfected Strike","floor":49,"key":"SMITH"}],"circlet_count":0,"master_deck":["AscendersBane","Strike_R","Strike_R","Strike_R","Strike_R","Strike_R","Defend_R","Defend_R","Bash","Perfected Strike","Power Through+1","Second Wind","Perfected Strike+1","Pommel Strike","Iron Wave","True Grit+1","Bludgeon","Perfected Strike+1","Wild Strike","Shrug It Off","Fire Breathing","Impervious","Necronomicurse","Barricade+1","Shrug It Off+1","Madness","Madness","Bloodletting+1","Perfected Strike+1","Burning Pact+1","Wild Strike+1","Pommel Strike","Perfected Strike+1"],"relics":["Burning Blood","Mercury Hourglass","Shuriken","Bag of Marbles","Shovel","Velvet Choker","Sling","Paper Frog","MealTicket","Juzu Bracelet","Necronomicon","Frozen Egg 2","Toxic Egg 2","Lantern","Singing Bowl","Bottled Tornado","FossilizedHelix","StoneCalendar"],"acts_visited":["Exordium","TheCity","TheBeyond"],"potions_floor_usage":[38,45,50],"damage_taken":[{"damage":2.0,"enemies":"Cultist","floor":1.0,"turns":4.0},{"damage":0.0,"enemies":"Small Slimes","floor":2.0,"turns":4.0},{"damage":0.0,"enemies":"2 Louse","floor":4.0,"turns":2.0},{"damage":0.0,"enemies":"Red Slaver","floor":5.0,"turns":3.0},{"damage":43.0,"enemies":"3 Sentries","floor":6.0,"turns":9.0},{"damage":0.0,"enemies":"Large Slime","floor":8.0,"turns":4.0},{"damage":0.0,"enemies":"Blue Slaver","floor":11.0,"turns":2.0},{"damage":15.0,"enemies":"Lagavulin","floor":12.0,"turns":6.0},{"damage":4.0,"enemies":"Gremlin Nob","floor":14.0,"turns":3.0},{"damage":32.0,"enemies":"The Guardian","floor":16.0,"turns":12.0},{"damage":0.0,"enemies":"Spheric Guardian","floor":18.0,"turns":3.0},{"damage":0.0,"enemies":"Chosen","floor":20.0,"turns":3.0},{"damage":0.0,"enemies":"Snecko","floor":22.0,"turns":4.0},{"damage":18.0,"enemies":"Gremlin Leader","floor":23.0,"turns":5.0},{"damage":8.0,"enemies":"Centurion and Healer","floor":24.0,"turns":5.0},{"damage":25.0,"enemies":"Book of Stabbing","floor":25.0,"turns":3.0},{"damage":0.0,"enemies":"Gremlin Leader","floor":29.0,"turns":2.0},{"damage":1.0,"enemies":"3 Cultists","floor":31.0,"turns":3.0},{"damage":28.0,"enemies":"Collector","floor":33.0,"turns":5.0},{"damage":5.0,"enemies":"3 Shapes","floor":35.0,"turns":3.0},{"damage":14,"enemies":"3 Darklings","floor":37,"turns":7},{"damage":24,"enemies":"Maw","floor":38,"turns":4},{"damage":37,"enemies":"Spire Growth","floor":41,"turns":3},{"damage":19,"enemies":"Giant Head","floor":42,"turns":5},{"damage":0,"enemies":"Reptomancer","floor":44,"turns":2},{"damage":0,"enemies":"4 Shapes","floor":45,"turns":3},{"damage":0,"enemies":"2 Orb Walkers","floor":47,"turns":3},{"damage":8,"enemies":"Mind Bloom Boss Battle","floor":48,"turns":4},{"damage":26,"enemies":"Time Eater","floor":50,"turns":4}],"seed_played":"-7356753303506279924","potions_obtained":[{"floor":4.0,"key":"EssenceOfSteel"},{"floor":6.0,"key":"DuplicationPotion"},{"floor":12.0,"key":"Strength Potion"},{"floor":18.0,"key":"FairyPotion"},{"floor":24.0,"key":"SteroidPotion"},{"floor":25.0,"key":"EssenceOfSteel"},{"floor":29.0,"key":"Explosive Potion"},{"floor":33.0,"key":"EssenceOfSteel"},{"floor":35.0,"key":"DuplicationPotion"},{"floor":44,"key":"DistilledChaos"},{"floor":45,"key":"Strength Potion"}],"is_trial":false,"path_per_floor":["M","M","?","M","M","E","R","M","T","R","M","E","?","E","R","B",null,"M","$","M","$","M","E","M","E","T","?","?","E","R","M","R","B",null,"M","?","M","M","$","R","M","E","T","E","M","R","?","?","R","B",null],"character_chosen":"IRONCLAD","items_purchased":["Wild Strike","Shrug It Off","Sling","Toxic Egg 2"],"campfire_rested":3,"item_purchase_floors":[19,19,21,39],"current_hp_per_floor":[79,82,82,82,82,45,45,51,51,51,57,48,48,50,50,24,68,74,74,80,80,82,70,68,49,49,49,28,34,58,63,63,41,72,73,58,50,32,47,71,40,27,27,35,41,66,74,72,72,52],"gold":178,"neow_bonus":"TEN_PERCENT_HP_BONUS","is_daily":false,"chose_seed":false,"campfire_upgraded":5,"win_rate":0.0,"timestamp":1610509695,"path_taken":["M","M","?","M","M","E","R","M","T","R","M","E","?","E","R","BOSS","M","?","M","$","M","E","?","E","T","?","?","E","R","M","R","BOSS","M","?","M","M","$","R","M","E","T","E","M","R","?","?","R","BOSS"],"items_purchased_type":["Card","Card","Relic","Relic"],"build_version":"2020-12-18","purchased_purges":1,"victory":true,"max_hp_per_floor":[82,82,82,82,82,82,82,82,82,82,82,82,82,82,82,82,82,82,82,82,82,82,82,82,82,82,82,82,82,82,82,82,82,82,82,82,82,82,82,82,82,82,82,84,84,84,86,86,86,86],"card_choices":[{"not_picked":["Thunderclap","Inflame"],"picked":"Perfected Strike","floor":1.0},{"not_picked":["Ghostly Armor","Dual Wield"],"picked":"Power Through","floor":2.0},{"not_picked":["Evolve","Heavy Blade"],"picked":"Second Wind","floor":4.0},{"not_picked":["Second Wind","Clothesline"],"picked":"Perfected Strike","floor":5.0},{"not_picked":["Sword Boomerang","True Grit"],"picked":"Pommel Strike","floor":6.0},{"not_picked":["Flex","Sever Soul","Cleave"],"picked":"SKIP","floor":8.0},{"not_picked":["Warcry","Headbutt"],"picked":"Iron Wave","floor":11.0},{"not_picked":["Clash","Uppercut"],"picked":"True Grit","floor":12.0},{"not_picked":["Infernal Blade","Berserk","Reckless Charge"],"picked":"SKIP","floor":14.0},{"not_picked":["Juggernaut","Exhume"],"picked":"Bludgeon","floor":16.0},{"not_picked":["Headbutt","Carnage"],"picked":"Perfected Strike","floor":18.0},{"not_picked":["Inflame","Combust","Thunderclap"],"picked":"SKIP","floor":20.0},{"not_picked":["Burning Pact","Body Slam"],"picked":"Fire Breathing","floor":22.0},{"not_picked":["Entrench","Searing Blow+1","Clothesline"],"picked":"SKIP","floor":23.0},{"not_picked":["Hemokinesis","Heavy Blade"],"picked":"Impervious","floor":24.0},{"not_picked":["True Grit","Clash+1","Cleave"],"picked":"SKIP","floor":25.0},{"not_picked":["Spot Weakness","Sever Soul"],"picked":"Barricade+1","floor":29.0},{"not_picked":["Iron Wave","Spot Weakness","Cleave"],"picked":"SKIP","floor":31.0},{"not_picked":["Heavy Blade","Warcry+1"],"picked":"Shrug It Off+1","floor":35.0},{"not_picked":["Infernal Blade","Carnage"],"picked":"Bloodletting+1","floor":37},{"not_picked":["Havoc","Clothesline"],"picked":"Perfected Strike+1","floor":38},{"not_picked":["Shrug It Off+1","Flex+1"],"picked":"Burning Pact+1","floor":41},{"not_picked":["Body Slam","Flex+1"],"picked":"Wild Strike+1","floor":42},{"not_picked":["Searing Blow","Second Wind+1","Rupture+1"],"picked":"Singing Bowl","floor":44},{"not_picked":["Iron Wave+1","Twin Strike"],"picked":"Pommel Strike","floor":45},{"not_picked":["Inflame+1","Bloodletting+1","Hemokinesis"],"picked":"Singing Bowl","floor":47},{"not_picked":["Rupture+1","Power Through+1"],"picked":"Perfected Strike","floor":48}],"player_experience":885633,"relics_obtained":[{"floor":6.0,"key":"Mercury Hourglass"},{"floor":9.0,"key":"Shuriken"},{"floor":12.0,"key":"Bag of Marbles"},{"floor":14.0,"key":"Shovel"},{"floor":23.0,"key":"Paper Frog"},{"floor":25.0,"key":"MealTicket"},{"floor":26.0,"key":"Juzu Bracelet"},{"floor":28.0,"key":"Necronomicon"},{"floor":29.0,"key":"Frozen Egg 2"},{"floor":42,"key":"Lantern"},{"floor":43,"key":"Singing Bowl"},{"floor":44,"key":"Bottled Tornado"},{"floor":47,"key":"FossilizedHelix"},{"floor":48,"key":"StoneCalendar"}],"event_choices":[{"cards_removed":["Defend_R"],"damage_healed":0.0,"max_hp_gain":0.0,"max_hp_loss":0.0,"gold_gain":0.0,"event_name":"The Cleric","player_choice":"Card Removal","floor":3.0,"gold_loss":75.0,"damage_taken":0.0},{"damage_healed":0.0,"max_hp_gain":0.0,"max_hp_loss":0.0,"gold_gain":50.0,"event_name":"Golden Shrine","player_choice":"Pray","floor":13.0,"gold_loss":0.0,"damage_taken":0.0},{"damage_healed":0.0,"max_hp_gain":0.0,"max_hp_loss":0.0,"gold_gain":0.0,"event_name":"The Woman in Blue","player_choice":"Bought 1 Potion","floor":27.0,"gold_loss":0.0,"damage_taken":0.0},{"damage_healed":0.0,"max_hp_gain":0.0,"max_hp_loss":0.0,"gold_gain":0.0,"event_name":"Cursed Tome","player_choice":"Obtained Book","floor":28.0,"gold_loss":0.0,"damage_taken":21.0},{"damage_healed":0.0,"max_hp_gain":0.0,"max_hp_loss":0.0,"gold_gain":0.0,"event_name":"Winding Halls","player_choice":"Embrace Madness","floor":36.0,"gold_loss":0.0,"damage_taken":15.0,"cards_obtained":["Madness","Madness"]},{"damage_healed":0,"gold_gain":0,"player_choice":"Fight","damage_taken":0,"max_hp_gain":0,"max_hp_loss":0,"event_name":"Mysterious Sphere","floor":47,"gold_loss":0},{"damage_healed":0,"gold_gain":0,"player_choice":"Fight","damage_taken":0,"max_hp_gain":0,"max_hp_loss":0,"event_name":"MindBloom","floor":48,"gold_loss":0}],"is_beta":true,"boss_relics":[{"not_picked":["Sozu","Astrolabe"],"picked":"Velvet Choker"},{"not_picked":["Coffee Dripper","Runic Dome","Pandora\u0027s Box"]}],"items_purged_floors":[19],"is_endless":false,"potions_floor_spawned":[4,6,12,18,24,25,29,33,35,44,45,47,48],"ascension_level":19}}