{"host":"nuc2w1a7ik2yhkv2","time":1610546799,"event":{"mods":["Act Like it!","BaseMod","Gensokyo","Marisa£®ÏF”Í°°ƒß¿Ì…≥£©","Minty Spire (QoL Compilation)","Quick Restart","Rare Cards Sparkle","StSLib"],"gold_per_floor":[119,119,135,135,164,208,235,270,297,313,313,41,41,81,81,173,173,208,158,158,158,38,66,66,99,99,99,99,99,139,164,164,250,250,279,305,305,305,323,350,350,399,467,467,467,512,512,63,63,63,63],"floor_reached":50,"language":"ZHS","playtime":3175,"items_purged":["Strike_MRS"],"score":1079,"play_id":"3399914e-3174-479a-9caf-4a10116004b7","local_time":"20210113220639","is_ascension_mode":true,"campfire_choices":[{"floor":13.0,"key":"REST"},{"floor":15.0,"key":"REST"},{"floor":24.0,"key":"REST"},{"floor":27.0,"key":"REST"},{"data":"EarthLightRay","floor":32.0,"key":"SMITH"},{"floor":41.0,"key":"REST"},{"data":"Gensokyo:UnlikelyAid","floor":44.0,"key":"SMITH"},{"data":"Clumsy","floor":49,"key":"PURGE"}],"circlet_count":0,"master_deck":["AscendersBane","Strike_MRS","Strike_MRS","Strike_MRS","Defend_MRS+1","Defend_MRS+1","Defend_MRS","Defend_MRS","UpSweep","MysteriousBeam","WitchOfGreed","6A","StarDustReverie","StarBarrage","MysteriousBeam","EarthLightRay+1","Acceleration","StarlightTyphoon","GasGiant","SprinkleStarSeal","ShootTheMoon+1","Gensokyo:RedCapeBlueCape","OneTimeOff+1","MagicAbsorber+1","EscapeVelocity","ChargeUpSpray","Gensokyo:UnlikelyAid+1","MilkyWay+1","GasGiant+1","AsteroidBelt+1","Magnetism","Panacea+1"],"relics":["MiniHakkero","Gensokyo:Justice","Gensokyo:NagashiBinaDoll","Oddly Smooth Stone","Akabeko","Dream Catcher","Happy Flower","ClockworkSouvenir","War Paint","ExperimentalFamiliar","Gensokyo:SongOfSouls","Gensokyo:SpiderMask","Turnip","Toxic Egg 2","Eternal Feather","Calipers","Snecko Eye","Pocketwatch","Art of War","Bottled Lightning","Peace Pipe","OrangePellets"],"acts_visited":["Exordium","Gensokyo:Gensokyo","Gensokyo:Gensokyoer"],"potions_floor_usage":[],"damage_taken":[{"damage":12.0,"enemies":"Gensokyo:3_Fairies","floor":1.0,"turns":4.0},{"damage":0.0,"enemies":"Gensokyo:Python","floor":3.0,"turns":2.0},{"damage":8.0,"enemies":"Gensokyo:Gryphon","floor":5.0,"turns":3.0},{"damage":15.0,"enemies":"Gensokyo:Mamizou","floor":6.0,"turns":6.0},{"damage":0.0,"enemies":"Gensokyo:LivingMonolith","floor":7.0,"turns":3.0},{"damage":22.0,"enemies":"Gensokyo:Cirno","floor":8.0,"turns":5.0},{"damage":0.0,"enemies":"Gensokyo:VengefulSpirit","floor":10.0,"turns":2.0},{"damage":12.0,"enemies":"Gensokyo:Aya","floor":14.0,"turns":5.0},{"damage":27.0,"enemies":"Gensokyo:Kokoro","floor":16.0,"turns":8.0},{"damage":2.0,"enemies":"Gensokyo:2_Gloops","floor":18.0,"turns":4.0},{"damage":18.0,"enemies":"Gensokyo:Koishi","floor":23.0,"turns":4.0},{"damage":13.0,"enemies":"Gensokyo:AngelMirror","floor":25.0,"turns":2.0},{"damage":0.0,"enemies":"Gensokyo:Reisen","floor":30.0,"turns":3.0},{"damage":0.0,"enemies":"Gensokyo:Wraith","floor":31.0,"turns":2.0},{"damage":58.0,"enemies":"Gensokyo:Kaguya","floor":33.0,"turns":9.0},{"damage":18.0,"enemies":"Gensokyo:3_Bats","floor":35.0,"turns":3.0},{"damage":0.0,"enemies":"Gensokyo:3_Boulders","floor":36.0,"turns":5.0},{"damage":39.0,"enemies":"Gensokyo:3_Boulders","floor":38.0,"turns":5.0},{"damage":3.0,"enemies":"Gensokyo:SeedOfUnknown","floor":39.0,"turns":5.0},{"damage":21.0,"enemies":"Gensokyo:Marisa","floor":40.0,"turns":5.0},{"damage":10.0,"enemies":"Gensokyo:Kasen","floor":42.0,"turns":7.0},{"damage":17.0,"enemies":"Gensokyo:Marisa","floor":46.0,"turns":4.0},{"damage":72,"enemies":"Gensokyo:Shinki","floor":50,"turns":14}],"seed_played":"9195418751214795771","potions_obtained":[{"floor":3.0,"key":"Regen Potion"},{"floor":5.0,"key":"SteroidPotion"},{"floor":6.0,"key":"StarNLove"},{"floor":7.0,"key":"SneckoOil"},{"floor":8.0,"key":"Fire Potion"},{"floor":14.0,"key":"Energy Potion"},{"floor":14.0,"key":"Dexterity Potion"},{"floor":16.0,"key":"SteroidPotion"},{"floor":18.0,"key":"Fire Potion"},{"floor":23.0,"key":"DuplicationPotion"},{"floor":25.0,"key":"ColorlessPotion"},{"floor":33.0,"key":"Ancient Potion"},{"floor":35.0,"key":"EssenceOfSteel"},{"floor":36.0,"key":"LiquidMemories"},{"floor":39.0,"key":"Regen Potion"},{"floor":46,"key":"GamblersBrew"}],"is_trial":false,"path_per_floor":["M","?","M","?","M","E","M","E","T","M","?","$","R","E","R","B",null,"M","?","?","?","?","E","R","M","T","R","T","?","E","M","R","B",null,"M","M","?","?","M","E","R","E","T","R","?","E","?","$","R","B"],"character_chosen":"MARISA","items_purchased":["StarBarrage","ClockworkSouvenir","OrangePellets","Magnetism","Panacea+1"],"campfire_rested":5,"item_purchase_floors":[12,12,48,48,48],"current_hp_per_floor":[51,51,51,51,43,43,43,21,21,21,21,21,39,27,45,22,53,55,62,62,62,62,48,69,56,56,70,70,62,62,62,62,10,49,31,37,25,25,28,25,61,52,52,62,62,51,51,51,62,0,0],"gold":63,"neow_bonus":"THREE_RARE_CARDS","is_daily":false,"chose_seed":false,"campfire_upgraded":2,"win_rate":0.0,"timestamp":1610546799,"path_taken":["M","?","?","?","M","E","?","E","T","M","?","?","R","E","R","BOSS","M","?","?","?","?","E","R","M","T","R","?","?","E","M","R","BOSS","M","M","?","?","?","E","R","E","T","R","?","E","?","?","R","BOSS"],"items_purchased_type":["Card","Relic","Relic","Card","Card"],"build_version":"2020-12-22","purchased_purges":1,"victory":false,"max_hp_per_floor":[63,63,63,63,63,63,63,63,63,63,63,63,63,63,63,63,63,63,70,70,70,70,70,70,70,70,70,70,62,62,62,62,62,62,62,62,62,62,62,62,62,62,62,62,62,62,62,62,62,62,62],"card_choices":[{"not_picked":["CollectingQuirk","SatelliteIllusion"],"picked":"BigCrunch","floor":0.0},{"not_picked":["IllusionStar","WitchOfGreed"],"picked":"MysteriousBeam","floor":1.0},{"not_picked":["SprinkleStarSeal","IllusionStar"],"picked":"WitchOfGreed","floor":3.0},{"not_picked":["DarkMatter","Occultation"],"picked":"6A","floor":5.0},{"not_picked":["MagicAbsorber","MilkyWay"],"picked":"StarDustReverie","floor":6.0},{"not_picked":["StarlightTyphoon","RefractionSpark","OneTimeOff"],"picked":"SKIP","floor":7.0},{"not_picked":["DragonMeteor","OneTimeOff","6A"],"picked":"SKIP","floor":8.0},{"not_picked":["Singularity","IllusionStar","6A"],"picked":"SKIP","floor":10.0},{"not_picked":["Orbital","DoubleSpark"],"picked":"MysteriousBeam","floor":13.0},{"not_picked":["OrrerysSun","IllusionStar"],"picked":"EarthLightRay","floor":14.0},{"not_picked":["6A","GravityBeat"],"picked":"Acceleration","floor":15.0},{"not_picked":["SporeBomb","WitchOfGreed"],"picked":"StarlightTyphoon","floor":18.0},{"not_picked":["PowerUp","DeepEcoloBomb"],"picked":"SprinkleStarSeal","floor":23.0},{"not_picked":["NonDirectionalLaser","MeteoricShower"],"picked":"ShootTheMoon+1","floor":24.0},{"not_picked":["ManaConvection","MysteriousBeam","6A"],"picked":"SKIP","floor":25.0},{"not_picked":["Gensokyo:TekeTeke","Gensokyo:GapWoman+1"],"picked":"Gensokyo:RedCapeBlueCape","floor":29.0},{"not_picked":["IllusionStar+1","RefractionSpark"],"picked":"OneTimeOff+1","floor":30.0},{"not_picked":["BigCrunch+1","SuperPerseids+1"],"picked":"MagicAbsorber+1","floor":31.0},{"not_picked":["BigCrunch+1","SuperNova"],"picked":"EscapeVelocity","floor":33.0},{"not_picked":["WitchOfGreed","SprinkleStarSeal+1"],"picked":"ChargeUpSpray","floor":35.0},{"not_picked":["DoubleSpark","ShootingEcho","FairyDestructionRay"],"picked":"SKIP","floor":36.0},{"not_picked":["Gensokyo:UnhurriedMind","Gensokyo:LifeSpringInfinity"],"picked":"Gensokyo:UnlikelyAid","floor":38.0},{"not_picked":["ShootTheMoon","Singularity"],"picked":"MilkyWay+1","floor":39.0},{"not_picked":["LuminesStrike","UltimateShortwave+1"],"picked":"GasGiant+1","floor":40.0},{"not_picked":["PropBag+1","MilkyWay+1"],"picked":"AsteroidBelt+1","floor":41.0},{"not_picked":["OortCloud","SuperPerseids+1","BlazeAway+1"],"picked":"SKIP","floor":42.0},{"not_picked":["LuminesStrike","ShootTheMoon","StarlightTyphoon+1"],"picked":"SKIP","floor":46}],"player_experience":1033135,"relics_obtained":[{"floor":6.0,"key":"Oddly Smooth Stone"},{"floor":8.0,"key":"Akabeko"},{"floor":9.0,"key":"Dream Catcher"},{"floor":14.0,"key":"War Paint"},{"floor":23.0,"key":"Turnip"},{"floor":26.0,"key":"Toxic Egg 2"},{"floor":28.0,"key":"Eternal Feather"},{"floor":30.0,"key":"Calipers"},{"floor":40.0,"key":"Pocketwatch"},{"floor":42.0,"key":"Art of War"},{"floor":43.0,"key":"Bottled Lightning"},{"floor":46,"key":"Peace Pipe"}],"event_choices":[],"is_beta":false,"boss_relics":[{"not_picked":["Sozu","BewitchedHakkero"],"picked":"ExperimentalFamiliar"},{"not_picked":["Coffee Dripper","SlaversCollar"],"picked":"Snecko Eye"}],"items_purged_floors":[12],"is_endless":false,"potions_floor_spawned":[3,8,14,16,23,30,36,39],"killed_by":"Gensokyo:Shinki","ascension_level":20}}