{"host":"t7pj92rmddqyxjfj","time":1610555234,"event":{"mods":["AchievementEnabler","BaseMod","Colored Map","Colored Powertips","Minty Spire (QoL Compilation)","StSLib","SuperFastMode"],"gold_per_floor":[113,38,38,50,225,225,225,259,283,283,294,294,307,317,317,417,467,479,146,246,121,140,172,172,87,87,87,87,87,87],"floor_reached":29,"language":"ENG","playtime":706,"items_purged":["Strike_B","Doubt","Strike_B"],"score":239,"play_id":"313dbe16-07a4-4756-8927-7c4582a40ee6","local_time":"20210113092714","is_ascension_mode":false,"campfire_choices":[{"floor":6,"key":"RECALL"},{"floor":10,"key":"REST"},{"data":"Dualcast","floor":12,"key":"SMITH"},{"floor":15,"key":"REST"},{"floor":24,"key":"REST"}],"circlet_count":0,"master_deck":["Strike_B","Defend_B","Defend_B","Defend_B","Defend_B","Zap+1","Dualcast+1","Lockon+1","Ball Lightning+1","Ball Lightning","Thunder Strike","Consume","Leap","Static Discharge","Leap+1"],"relics":["Cracked Core","Pocketwatch","MealTicket","Tiny House","Bronze Scales","Bag of Marbles","Juzu Bracelet","Art of War"],"acts_visited":["Exordium","TheCity"],"potions_floor_usage":[16,16,22],"damage_taken":[{"damage":2,"enemies":"Jaw Worm","floor":1,"turns":4},{"damage":0,"enemies":"Cultist","floor":4,"turns":3},{"damage":32,"enemies":"Gremlin Nob","floor":8,"turns":4},{"damage":0,"enemies":"2 Louse","floor":11,"turns":3},{"damage":0,"enemies":"Looter","floor":13,"turns":2},{"damage":12,"enemies":"Gremlin Gang","floor":14,"turns":3},{"damage":34,"enemies":"Hexaghost","floor":16,"turns":6},{"damage":19,"enemies":"Shell Parasite","floor":18,"turns":4},{"damage":8,"enemies":"2 Thieves","floor":22,"turns":2},{"damage":63,"enemies":"Slavers","floor":23,"turns":4},{"damage":26,"enemies":"Colosseum Slavers","floor":28,"turns":3},{"damage":12,"enemies":"Gremlin Leader","floor":29,"turns":4}],"seed_played":"-5506903104341831341","potions_obtained":[{"floor":1,"key":"EssenceOfSteel"},{"floor":14,"key":"ColorlessPotion"},{"floor":17,"key":"Block Potion"}],"is_trial":false,"path_per_floor":["M","$","?","M","?","R","?","E","T","R","M","R","M","M","R","B",null,"M","$","?","$","M","E","R","?","T","?","?","E"],"character_chosen":"DEFECT","items_purchased":["Bronze Scales","Static Discharge"],"campfire_rested":3,"item_purchase_floors":[19,19],"current_hp_per_floor":[73,73,73,73,73,73,73,41,41,63,63,63,63,51,73,39,80,61,76,76,80,72,9,33,33,33,33,7,0,0],"gold":87,"neow_bonus":"REMOVE_CARD","is_daily":false,"chose_seed":false,"campfire_upgraded":1,"win_rate":0.0,"timestamp":1610555234,"path_taken":["M","$","?","?","?","R","?","E","T","R","M","R","?","M","R","BOSS","M","$","?","?","?","E","R","?","T","?","?","E"],"items_purchased_type":["Relic","Card"],"build_version":"2020-12-22","purchased_purges":3,"victory":false,"max_hp_per_floor":[75,75,75,75,75,75,75,75,75,75,75,75,75,75,75,75,80,80,80,80,80,80,80,80,80,80,80,80,80,80],"card_choices":[{"not_picked":["Force Field","BootSequence"],"picked":"Lockon","floor":1},{"not_picked":["Static Discharge","FTL","Consume"],"picked":"SKIP","floor":4},{"not_picked":["Hologram","Hyperbeam","Streamline"],"picked":"SKIP","floor":8},{"not_picked":["Chaos","Force Field"],"picked":"Ball Lightning","floor":11},{"not_picked":["Compile Driver","Gash"],"picked":"Ball Lightning","floor":13},{"not_picked":["Streamline","Coolheaded"],"picked":"Ball Lightning","floor":14},{"not_picked":["Core Surge","Reboot"],"picked":"Thunder Strike","floor":16},{"not_picked":["Doom and Gloom","Barrage"],"picked":"Consume","floor":17},{"not_picked":["Genetic Algorithm","Fusion"],"picked":"Leap","floor":18},{"not_picked":["Hello World","Reinforced Body","Redo"],"picked":"SKIP","floor":22},{"not_picked":["Reinforced Body","Cold Snap"],"picked":"Leap+1","floor":23}],"player_experience":507179,"relics_obtained":[{"floor":8,"key":"Pocketwatch"},{"floor":9,"key":"MealTicket"},{"floor":23,"key":"Bag of Marbles"}],"event_choices":[{"damage_healed":0,"gold_gain":0,"player_choice":"Forge","damage_taken":0,"max_hp_gain":0,"max_hp_loss":0,"event_name":"Accursed Blacksmith","floor":3,"gold_loss":0,"cards_upgraded":["Lockon"]},{"damage_healed":0,"gold_gain":175,"player_choice":"AGREE","damage_taken":0,"max_hp_gain":0,"max_hp_loss":0,"event_name":"Liars Game","floor":5,"gold_loss":0,"cards_obtained":["Doubt"]},{"damage_healed":0,"gold_gain":0,"player_choice":"Upgraded","damage_taken":0,"max_hp_gain":0,"max_hp_loss":0,"event_name":"Upgrade Shrine","floor":7,"gold_loss":0,"cards_upgraded":["Zap"]},{"damage_healed":0,"gold_gain":100,"player_choice":"Pray","damage_taken":0,"max_hp_gain":0,"max_hp_loss":0,"event_name":"Golden Shrine","floor":20,"gold_loss":0},{"damage_healed":0,"gold_gain":0,"player_choice":"Obtained Relic","damage_taken":0,"relics_obtained":["Juzu Bracelet"],"max_hp_gain":0,"max_hp_loss":0,"event_name":"Addict","floor":25,"gold_loss":85},{"cards_removed":["Ball Lightning"],"damage_healed":0,"gold_gain":0,"player_choice":"Gave Card","damage_taken":0,"relics_obtained":["Art of War"],"max_hp_gain":0,"max_hp_loss":0,"event_name":"WeMeetAgain","floor":27,"gold_loss":0},{"damage_healed":0,"gold_gain":0,"player_choice":"Fight","damage_taken":0,"max_hp_gain":0,"max_hp_loss":0,"event_name":"Colosseum","floor":28,"gold_loss":0},{"damage_healed":0,"gold_gain":0,"player_choice":"Fled From Nobs","damage_taken":0,"max_hp_gain":0,"max_hp_loss":0,"event_name":"Colosseum","floor":28,"gold_loss":0}],"is_beta":false,"boss_relics":[{"not_picked":["Fusion Hammer","Runic Dome"],"picked":"Tiny House"}],"items_purged_floors":[2,19,21],"is_endless":false,"potions_floor_spawned":[1,14],"killed_by":"Gremlin Leader","ascension_level":0}}