{"host":"9tdk3zzhmpo6o3dg","time":1610518346,"event":{"mods":["BaseMod","Downfall","Marisa£®ÏF”Í°°ƒß¿Ì…≥£©","Minty Spire (QoL Compilation)","Shop Mod","StSLib","The Cursed","The Servant 0.9.4"],"gold_per_floor":[110,37,37,51,63,63,63,98,98,111,111,144,144,154,154,251,251,262,262,262,262,140,140,158,190,190,221,65,98,98,98,98],"floor_reached":31,"language":"ZHS","playtime":1162,"items_purged":["Strike_B+1"],"score":366,"play_id":"5a90e144-16fb-4821-9c8f-00a13b78a954","local_time":"20210113141226","is_ascension_mode":true,"campfire_choices":[{"data":"FTL","floor":6,"key":"SMITH"},{"data":"Hello World","floor":11,"key":"SMITH"},{"data":"Beam Cell","floor":13,"key":"SMITH"},{"floor":15,"key":"REST"},{"data":"Hologram","floor":23,"key":"SMITH"}],"circlet_count":0,"master_deck":["Strike_B+1","Strike_B+1","Defend_B+1","Defend_B+1","Zap","Dualcast","Hello World+1","FTL+1","Aggregate","Gash","Turbo","Beam Cell","Beam Cell+1","Steam","Echo Form+1","CurseOfTheBell","Beam Cell","Self Repair+1","Force Field","Defragment+1","Hologram+1","Recycle+1","Streamline+1","Loop+1","Echo Form+1","Lockon"],"relics":["Cracked Core","NeowsBlessing","Bottled Tornado","MealTicket","Eternal Feather","Frozen Egg 2","Calling Bell","Omamori","Gremlin Horn","Bird Faced Urn","Vajra","Mummified Hand","Regal Pillow","Blood Vial"],"acts_visited":["Exordium","TheCity"],"potions_floor_usage":[12,16,25,29],"damage_taken":[{"damage":0,"enemies":"Jaw Worm","floor":1,"turns":1},{"damage":0,"enemies":"Cultist","floor":4,"turns":1},{"damage":0,"enemies":"2 Louse","floor":5,"turns":1},{"damage":32,"enemies":"Lagavulin","floor":8,"turns":6},{"damage":0,"enemies":"Large Slime","floor":10,"turns":4},{"damage":29,"enemies":"3 Sentries","floor":12,"turns":6},{"damage":6,"enemies":"Looter","floor":14,"turns":3},{"damage":0,"enemies":"Slime Boss","floor":16,"turns":6},{"damage":32,"enemies":"Shell Parasite","floor":18,"turns":6},{"damage":24,"enemies":"Chosen","floor":24,"turns":5},{"damage":62,"enemies":"Gremlin Leader","floor":25,"turns":7},{"damage":28,"enemies":"Slavers","floor":27,"turns":6},{"damage":33,"enemies":"Gremlin Leader","floor":29,"turns":6},{"damage":32,"enemies":"Slavers","floor":31,"turns":1}],"seed_played":"-7930730694039321690","potions_obtained":[{"floor":1,"key":"SkillPotion"},{"floor":8,"key":"LiquidBronze"},{"floor":10,"key":"Explosive Potion"},{"floor":14,"key":"ColorlessPotion"}],"is_trial":false,"path_per_floor":["M","$","?","M","M","R","T","E","T","M","R","E","R","M","R","B",null,"M","?","?","?","$","R","M","E","T","E","$","E","?","E"],"character_chosen":"DEFECT","items_purchased":["FTL","Defragment+1","Hologram","Loop+1"],"campfire_rested":1,"item_purchase_floors":[2,22,22,28],"current_hp_per_floor":[75,75,75,75,75,75,75,43,43,43,52,23,32,26,57,57,75,45,45,45,45,60,72,64,34,34,24,39,28,28,0,0],"gold":98,"neow_bonus":"THREE_ENEMY_KILL","is_daily":false,"chose_seed":false,"campfire_upgraded":4,"win_rate":0.0,"timestamp":1610518346,"path_taken":["M","$","?","?","?","R","?","E","T","M","R","E","R","M","R","BOSS","M","?","?","?","$","R","M","E","T","E","$","E","?","E"],"items_purchased_type":["Card","Card","Card","Card"],"build_version":"2020-12-22","purchased_purges":1,"victory":false,"max_hp_per_floor":[75,75,75,75,75,75,75,75,75,75,75,75,75,75,75,75,75,75,75,75,75,75,75,75,75,75,75,75,75,75,75,75],"card_choices":[{"not_picked":["Steam Power","Redo"],"picked":"Hello World","floor":1},{"not_picked":["Static Discharge","FTL"],"picked":"Gash","floor":4},{"not_picked":["Barrage","Static Discharge"],"picked":"Turbo","floor":5},{"not_picked":["Sweeping Beam","Leap"],"picked":"Beam Cell","floor":8},{"not_picked":["Fusion","Recycle"],"picked":"Beam Cell","floor":10},{"not_picked":["Rebound","Barrage"],"picked":"Steam","floor":12},{"not_picked":["Coolheaded","Ball Lightning","Consume"],"picked":"SKIP","floor":14},{"not_picked":["Electrodynamics+1","Buffer+1"],"picked":"Echo Form+1","floor":16},{"not_picked":["Fusion","Sweeping Beam"],"picked":"Beam Cell","floor":18},{"not_picked":["Static Discharge+1","Doom and Gloom"],"picked":"Recycle+1","floor":24},{"not_picked":["Multi-Cast","Leap"],"picked":"Streamline+1","floor":25},{"not_picked":["Reprogram+1","Cold Snap","Darkness"],"picked":"SKIP","floor":27},{"not_picked":["Rebound+1","Streamline"],"picked":"Echo Form+1","floor":29}],"player_experience":85371,"relics_obtained":[{"floor":7,"key":"Bottled Tornado"},{"floor":8,"key":"MealTicket"},{"floor":9,"key":"Eternal Feather"},{"floor":12,"key":"Frozen Egg 2"},{"floor":17,"key":"Omamori"},{"floor":17,"key":"Gremlin Horn"},{"floor":17,"key":"Bird Faced Urn"},{"floor":25,"key":"Vajra"},{"floor":26,"key":"Mummified Hand"},{"floor":27,"key":"Regal Pillow"},{"floor":29,"key":"Blood Vial"}],"event_choices":[{"damage_healed":0,"gold_gain":0,"cards_transformed":["Strike_B"],"player_choice":"Transformed","damage_taken":0,"max_hp_gain":0,"max_hp_loss":0,"event_name":"Transmorgrifier","floor":3,"gold_loss":0,"cards_obtained":["Aggregate"]},{"damage_healed":0,"gold_gain":0,"player_choice":"Ignored","damage_taken":0,"max_hp_gain":0,"max_hp_loss":0,"event_name":"Vampires","floor":19,"gold_loss":0},{"damage_healed":0,"gold_gain":0,"player_choice":"Simplicity","damage_taken":0,"max_hp_gain":0,"max_hp_loss":0,"event_name":"Back to Basics","floor":20,"gold_loss":0,"cards_upgraded":["Strike_B","Strike_B","Strike_B","Defend_B","Defend_B","Defend_B","Defend_B"]},{"damage_healed":0,"gold_gain":0,"cards_transformed":["Defend_B","Defend_B"],"player_choice":"Became Test Subject","damage_taken":0,"max_hp_gain":0,"max_hp_loss":0,"event_name":"Drug Dealer","floor":21,"gold_loss":0,"cards_obtained":["Self Repair","Force Field"]},{"damage_healed":0,"gold_gain":0,"player_choice":"Read","damage_taken":0,"max_hp_gain":0,"max_hp_loss":0,"event_name":"The Library","floor":30,"gold_loss":0,"cards_obtained":["Lockon"]}],"is_beta":false,"boss_relics":[{"not_picked":["Runic Dome","SacredBark"],"picked":"Calling Bell"}],"items_purged_floors":[28],"is_endless":false,"potions_floor_spawned":[1,8,10,14],"killed_by":"Slavers","ascension_level":1}}