{"host":"oehe2dxjvdgux73m","time":1610552869,"event":{"mods":["AchievementEnabler","BaseMod","Colored Map","Colored Powertips","DeckTracker","Keyboard Shortcuts","Minty Spire (QoL Compilation)","Permanent Neow","Quick Restart","StSLib","SuperFastMode"],"gold_per_floor":[112,125,141,160,160,160,160],"floor_reached":6,"language":"KOR","playtime":233,"items_purged":[],"score":63,"play_id":"85ebc6f3-6b92-44ff-af28-7cd5058b5a87","local_time":"20210114004749","is_ascension_mode":true,"campfire_choices":[],"circlet_count":0,"master_deck":["AscendersBane","Strike_G","Strike_G","Strike_G","Strike_G","Strike_G","Defend_G","Defend_G","Defend_G","Defend_G","Defend_G","Survivor","Neutralize","Dagger Spray","Noxious Fumes","Blur"],"relics":["Ring of the Snake"],"acts_visited":["Exordium"],"potions_floor_usage":[4,6,6],"damage_taken":[{"damage":2,"enemies":"Cultist","floor":1,"turns":4},{"damage":5,"enemies":"Small Slimes","floor":2,"turns":5},{"damage":6,"enemies":"Jaw Worm","floor":3,"turns":5},{"damage":16,"enemies":"Gremlin Gang","floor":4,"turns":4},{"damage":42,"enemies":"Gremlin Nob","floor":6,"turns":5}],"seed_played":"-2587089542990598482","potions_obtained":[{"floor":0,"key":"DistilledChaos"},{"floor":0,"key":"PowerPotion"},{"floor":0,"key":"SpeedPotion"},{"floor":4,"key":"ColorlessPotion"}],"is_trial":false,"path_per_floor":["M","M","M","M","?","E"],"character_chosen":"THE_SILENT","items_purchased":[],"campfire_rested":0,"item_purchase_floors":[],"current_hp_per_floor":[61,56,50,34,34,0,0],"gold":160,"neow_bonus":"THREE_SMALL_POTIONS","is_daily":false,"chose_seed":false,"campfire_upgraded":0,"win_rate":0.0,"timestamp":1610552869,"path_taken":["M","M","?","M","?","E"],"items_purchased_type":[],"build_version":"2020-12-22","purchased_purges":0,"victory":false,"max_hp_per_floor":[70,70,70,70,70,70,70],"card_choices":[{"not_picked":["Terror","Escape Plan"],"picked":"Dagger Spray","floor":1},{"not_picked":["Riddle With Holes","Sucker Punch","Concentrate"],"picked":"SKIP","floor":2},{"not_picked":["Cloak And Dagger","Deflect"],"picked":"Noxious Fumes","floor":3},{"not_picked":["Finisher","Reflex"],"picked":"Blur","floor":4}],"player_experience":165741,"relics_obtained":[],"event_choices":[{"damage_healed":0,"gold_gain":0,"player_choice":"Ignored","damage_taken":0,"max_hp_gain":0,"max_hp_loss":0,"event_name":"Liars Game","floor":5,"gold_loss":0}],"is_beta":false,"boss_relics":[],"items_purged_floors":[],"is_endless":false,"potions_floor_spawned":[3,4],"killed_by":"Gremlin Nob","ascension_level":13}}