{"host":"sdjng9zhqonqi3uc","time":1610550197,"event":{"mods":["2.2 Compatiblity","AchievementEnabler","BaseMod","Better Third Choice","BetterRewards","Card Forge","Colored Powertips","Hero for Fun","Minty Spire (QoL Compilation)","Quick Restart","Shop Mod","Spicy Shops","StSLib","Td1madao Mod","The Animator","The Cursed","The Servant 0.9.4"],"gold_per_floor":[110,385,403,417,417,445,455,455,455,455,484,499,510,510,510,608,608,628,628,335,355,355,355,385,405,405,405,424,434,444,474,474,579,579,591,607,301,350,350,383,414,426,438,62,62,88,107,120,120,120,120,120,120,147,147],"floor_reached":56,"language":"ENG","playtime":1193,"items_purged":[],"score":1789,"play_id":"4c187b17-e037-4d55-833f-ee8f83a19098","local_time":"20210113160317","is_ascension_mode":false,"campfire_choices":[{"floor":8,"key":"RECALL"},{"floor":15,"key":"REST"},{"data":"Insight","floor":23,"key":"SMITH"},{"data":"animator:Excalibur","floor":32,"key":"SMITH"},{"data":"animator:Excalibur","floor":42,"key":"SMITH"},{"data":"animator:Excalibur","floor":49,"key":"SMITH"},{"floor":52,"key":"REST"}],"circlet_count":0,"master_deck":["animator:Excalibur+1","animator:Excalibur+1","animator:Excalibur+1","Insight+1","animator:Excalibur+1","animator:Excalibur+1","animator:Excalibur+1","animator:Excalibur+1","animator:Excalibur+1","animator:Excalibur+1"],"relics":["Burning Blood","Hammer of Thor","Seething Fire","Anvil of the Gods","Mummified Hand","Mercury Hourglass","Sling","Pear","Bag of Preparation","Cursed Key","Lantern","Juzu Bracelet","Red Mask","Ornamental Fan","betterThird:NestCultRelic","PreservedInsect","Philosopher\u0027s Stone","Centennial Puzzle","MerchantsRug","Bird Faced Urn","InkBottle","MawBank","Bottled Flame","Strange Spoon","Molten Egg 2","Toy Ornithopter","Strawberry"],"acts_visited":["Exordium","TheCity","TheBeyond","TheEnding"],"potions_floor_usage":[55],"damage_taken":[{"damage":0,"enemies":"Small Slimes","floor":1,"turns":1},{"damage":0,"enemies":"Cultist","floor":3,"turns":1},{"damage":0,"enemies":"Jaw Worm","floor":4,"turns":1},{"damage":0,"enemies":"Gremlin Nob","floor":6,"turns":1},{"damage":0,"enemies":"Looter","floor":7,"turns":1},{"damage":0,"enemies":"Lagavulin","floor":11,"turns":1},{"damage":0,"enemies":"Red Slaver","floor":12,"turns":1},{"damage":0,"enemies":"Exordium Thugs","floor":13,"turns":1},{"damage":1,"enemies":"The Guardian","floor":16,"turns":3},{"damage":0,"enemies":"Spheric Guardian","floor":18,"turns":1},{"damage":0,"enemies":"Chosen","floor":21,"turns":1},{"damage":0,"enemies":"Masked Bandits","floor":24,"turns":1},{"damage":0,"enemies":"Snake Plant","floor":25,"turns":1},{"damage":0,"enemies":"Snecko","floor":28,"turns":1},{"damage":0,"enemies":"Centurion and Healer","floor":29,"turns":1},{"damage":0,"enemies":"Shelled Parasite and Fungi","floor":30,"turns":1},{"damage":0,"enemies":"Slavers","floor":31,"turns":1},{"damage":2,"enemies":"Automaton","floor":33,"turns":3},{"damage":0,"enemies":"Orb Walker","floor":35,"turns":1},{"damage":0,"enemies":"3 Shapes","floor":36,"turns":1},{"damage":0,"enemies":"2 Orb Walkers","floor":38,"turns":1},{"damage":0,"enemies":"Reptomancer","floor":40,"turns":1},{"damage":0,"enemies":"3 Darklings","floor":41,"turns":1},{"damage":0,"enemies":"Giant Head","floor":46,"turns":1},{"damage":0,"enemies":"Writhing Mass","floor":47,"turns":1},{"damage":0,"enemies":"Spire Growth","floor":48,"turns":1},{"damage":2,"enemies":"Donu and Deca","floor":50,"turns":2},{"damage":0,"enemies":"Shield and Spear","floor":54,"turns":1},{"damage":24,"enemies":"The Heart","floor":55,"turns":5}],"seed_played":"7722996820033743016","potions_obtained":[{"floor":4,"key":"FearPotion"},{"floor":6,"key":"SpeedPotion"},{"floor":7,"key":"FairyPotion"}],"is_trial":false,"path_per_floor":["M","?","M","M","?","E","M","R","T","?","E","M","M","?","R","B",null,"M","?","$","M","?","R","?","M","T","?","M","M","M","E","R","B",null,"M","M","$","?","T","E","M","R","T","$","?","E","M","M","R","B",null,"R","$","E","B",null],"character_chosen":"IRONCLAD","items_purchased":["Mummified Hand","Mercury Hourglass","Sling","Fire Breathing","Lantern","Juzu Bracelet","Centennial Puzzle","MerchantsRug","Strange Spoon","Molten Egg 2"],"campfire_rested":2,"item_purchase_floors":[0,0,0,0,20,20,37,37,44,44],"current_hp_per_floor":[58,58,64,70,70,86,90,90,90,90,90,90,90,90,90,90,90,90,90,90,90,90,90,90,90,90,90,90,90,90,90,90,90,90,90,90,90,90,90,90,90,90,90,90,90,90,90,90,87,87,87,87,87,94,80],"gold":147,"neow_bonus":"","is_daily":false,"chose_seed":false,"campfire_upgraded":4,"win_rate":0.0,"timestamp":1610550197,"path_taken":["M","?","?","?","?","E","M","R","T","?","E","?","M","?","R","BOSS","M","?","$","M","?","R","?","M","T","?","M","M","M","E","R","BOSS","M","M","$","?","?","E","M","R","T","$","?","E","M","M","R","BOSS","R","$","E","BOSS"],"items_purchased_type":["Relic","Relic","Relic","Card","Relic","Relic","Relic","Relic","Relic","Relic"],"build_version":"2020-12-22","purchased_purges":0,"victory":true,"max_hp_per_floor":[80,80,80,80,80,90,90,90,90,90,90,90,90,90,90,90,90,90,90,90,90,90,90,90,90,90,90,90,90,90,90,90,90,90,90,90,90,90,90,90,90,90,90,90,90,90,90,90,87,87,87,87,87,94,94],"card_choices":[{"not_picked":["Iron Wave","True Grit","Pommel Strike"],"picked":"SKIP","floor":1},{"not_picked":["Searing Blow","Reckless Charge","Heavy Blade"],"picked":"SKIP","floor":3},{"not_picked":["Pommel Strike","Evolve","Sentinel"],"picked":"SKIP","floor":4},{"not_picked":["Clash","Flame Barrier","Anger"],"picked":"SKIP","floor":6},{"not_picked":["Rage","Second Wind","Inflame"],"picked":"SKIP","floor":7},{"not_picked":["Pummel","Carnage","Perfected Strike"],"picked":"SKIP","floor":11},{"not_picked":["Perfected Strike","Infernal Blade","Combust"],"picked":"SKIP","floor":12},{"not_picked":["Double Tap","Pommel Strike","Cleave"],"picked":"SKIP","floor":13},{"not_picked":["Heavy Blade+1","Perfected Strike","Armaments+1"],"picked":"SKIP","floor":18},{"not_picked":["Bloodletting","Shrug It Off","Sword Boomerang"],"picked":"SKIP","floor":21},{"not_picked":["Disarm","Combust","Infernal Blade"],"picked":"SKIP","floor":25},{"not_picked":["Inflame","Pommel Strike","Body Slam"],"picked":"SKIP","floor":28},{"not_picked":["True Grit","Body Slam+1","Dropkick"],"picked":"SKIP","floor":29},{"not_picked":["Headbutt","Rampage+1","Wild Strike+1"],"picked":"SKIP","floor":30},{"not_picked":["Clash","Pommel Strike","Flex"],"picked":"SKIP","floor":31},{"not_picked":["Body Slam","Perfected Strike+1","Sentinel"],"picked":"SKIP","floor":35},{"not_picked":["Searing Blow+1","Headbutt","Flex+1"],"picked":"SKIP","floor":36},{"not_picked":["Disarm+1","Twin Strike+1","Clothesline"],"picked":"SKIP","floor":40},{"not_picked":["Wild Strike","Feel No Pain+1","Havoc"],"picked":"SKIP","floor":41},{"not_picked":["Perfected Strike+1","Searing Blow+1","Sentinel"],"picked":"SKIP","floor":46},{"not_picked":["Sword Boomerang+1","Headbutt+1","Iron Wave+1"],"picked":"SKIP","floor":47},{"not_picked":["Clothesline+1","True Grit","Clash+1"],"picked":"SKIP","floor":48},{"not_picked":["Inflame","Reckless Charge+1","Combust+1"],"picked":"SKIP","floor":54}],"player_experience":311864,"relics_obtained":[{"floor":6,"key":"Pear"},{"floor":11,"key":"Bag of Preparation"},{"floor":24,"key":"Red Mask"},{"floor":26,"key":"Ornamental Fan"},{"floor":31,"key":"PreservedInsect"},{"floor":38,"key":"Bird Faced Urn"},{"floor":39,"key":"InkBottle"},{"floor":40,"key":"MawBank"},{"floor":43,"key":"Bottled Flame"},{"floor":46,"key":"Toy Ornithopter"},{"floor":54,"key":"Strawberry"}],"event_choices":[{"damage_healed":0,"gold_gain":275,"player_choice":"Desecrate","damage_taken":0,"max_hp_gain":0,"max_hp_loss":0,"event_name":"Golden Shrine","floor":2,"gold_loss":0,"cards_obtained":["Regret"]},{"damage_healed":70,"gold_gain":0,"player_choice":"Leave","damage_taken":0,"max_hp_gain":0,"max_hp_loss":80,"event_name":"betterThird:BetterShining","floor":5,"gold_loss":0},{"damage_healed":0,"gold_gain":0,"player_choice":"Upgraded","damage_taken":0,"max_hp_gain":0,"max_hp_loss":0,"event_name":"Upgrade Shrine","floor":10,"gold_loss":0,"cards_upgraded":["animator:Excalibur"]},{"damage_healed":0,"gold_gain":0,"player_choice":"Insight","damage_taken":0,"max_hp_gain":0,"max_hp_loss":0,"event_name":"betterThird:BetterWriting","floor":19,"gold_loss":0,"cards_obtained":["Insight"]},{"damage_healed":0,"gold_gain":0,"player_choice":"Ignored","damage_taken":0,"max_hp_gain":0,"max_hp_loss":0,"event_name":"Vampires","floor":22,"gold_loss":0},{"damage_healed":0,"gold_gain":0,"player_choice":"Fought Bandits","damage_taken":0,"max_hp_gain":0,"max_hp_loss":0,"event_name":"Masked Bandits","floor":24,"gold_loss":0},{"damage_healed":0,"gold_gain":0,"player_choice":"Madness","damage_taken":0,"relics_obtained":["betterThird:NestCultRelic"],"max_hp_gain":0,"max_hp_loss":0,"event_name":"betterThird:BetterNest","floor":27,"gold_loss":0},{"damage_healed":0,"gold_gain":0,"player_choice":"Fight","damage_taken":0,"max_hp_gain":0,"max_hp_loss":0,"event_name":"Mysterious Sphere","floor":38,"gold_loss":0},{"damage_healed":0,"gold_gain":0,"player_choice":"Bought 0 Potions","damage_taken":0,"max_hp_gain":0,"max_hp_loss":0,"event_name":"The Woman in Blue","floor":45,"gold_loss":0}],"is_beta":false,"boss_relics":[{"not_picked":["Coffee Dripper","Pandora\u0027s Box"],"picked":"Cursed Key"},{"not_picked":["SacredBark","Sozu"],"picked":"Philosopher\u0027s Stone"}],"items_purged_floors":[],"is_endless":false,"potions_floor_spawned":[4,6,7,16,24,25,28,33,38,40,46,47,48,54],"ascension_level":0}}