{"host":"14s6l0jal5czqon2","time":1610508264,"event":{"mods":["AchievementEnabler","BaseMod","Downfall","Hermit","Minty Spire (QoL Compilation)","Quick Restart","Replay The Spire","StSLib"],"gold_per_floor":[249,210,225,238,249,264,264,264,283,283,283,283,313,328,73,118,220,220,234,37,53,53,72,72,72,72,72,88,88,88,88,88,103,138,138,138,138],"floor_reached":35,"language":"ENG","playtime":1210,"items_purged":["Strike_P"],"score":366,"play_id":"a623e783-d7d6-4d1d-a5e6-cc3b8faa0556","local_time":"20210112222424","is_ascension_mode":true,"campfire_choices":[{"floor":6,"key":"REST"},{"floor":10,"key":"REST"},{"floor":23,"key":"REST"},{"floor":31,"key":"REST"},{"floor":34,"key":"REST"}],"circlet_count":0,"master_deck":["Strike_P","Strike_P","Strike_P","Defend_P","Defend_P","Defend_P","Defend_P","Eruption","Vigilance","FearNoEvil","Replay:ManipulateFuture","Replay:ManipulateFuture","PathToVictory","PathToVictory","Replay:Battleflow","PathToVictory","expansioncontent:StudyTheSpire","SandsOfTime","EmptyFist","Apotheosis+1","Devotion","Ragnarok"],"relics":["PureWater","Mercury Hourglass","Odd Mushroom","Painkiller Herb","Guardian:GemstoneGun","Replay:Mystery Machine"],"acts_visited":["Exordium","TheCity"],"potions_floor_usage":[11,12,16,18,18,22,22,35],"damage_taken":[{"damage":0,"enemies":"Jaw Worm","floor":1,"turns":3},{"damage":4,"enemies":"Small Slimes","floor":2,"turns":4},{"damage":1,"enemies":"2 Louse","floor":3,"turns":4},{"damage":8,"enemies":"Looter","floor":4,"turns":4},{"damage":13,"enemies":"Blue Slaver","floor":5,"turns":3},{"damage":4,"enemies":"3 Louse","floor":8,"turns":3},{"damage":0,"enemies":"Gremlin Gang","floor":11,"turns":1},{"damage":4,"enemies":"The Mushroom Lair","floor":12,"turns":3},{"damage":8,"enemies":"Blue Slaver","floor":13,"turns":3},{"damage":33,"enemies":"Slime Boss","floor":16,"turns":8},{"damage":25,"enemies":"Shell Parasite","floor":18,"turns":4},{"damage":7,"enemies":"Chosen","floor":20,"turns":3},{"damage":21,"enemies":"Snecko","floor":22,"turns":4},{"damage":24,"enemies":"Centurion and Healer","floor":27,"turns":5},{"damage":29,"enemies":"Chosen and Byrds","floor":32,"turns":5},{"damage":5,"enemies":"Slavers","floor":33,"turns":4},{"damage":45,"enemies":"Collector","floor":35,"turns":5}],"seed_played":"-2218400540853913190","potions_obtained":[{"floor":1,"key":"SmokeBomb"},{"floor":2,"key":"PowerPotion"},{"floor":13,"key":"Regen Potion"},{"floor":15,"key":"BottledMiracle"},{"floor":15,"key":"LifebloodPotion"},{"floor":16,"key":"ColorlessPotion"},{"floor":18,"key":"Adrenaline Potion"},{"floor":33,"key":"GamblersBrew"}],"is_trial":false,"path_per_floor":["M","M","M","M","M","R","?","M","T","R","M","?","M","$","R","B",null,"?","T","?","?","?","T","PTL","PTL","?","?","T","?","T","T","?","E","T","B"],"character_chosen":"WATCHER","items_purchased":["expansioncontent:StudyTheSpire","Apotheosis"],"campfire_rested":5,"item_purchase_floors":[14,19],"current_hp_per_floor":[16,65,61,60,52,39,60,60,56,56,72,72,68,60,60,60,27,61,45,45,38,38,17,38,38,38,38,24,24,24,24,45,16,11,32,0,0],"gold":138,"neow_bonus":"HUNDRED_GOLD","is_daily":false,"chose_seed":false,"campfire_upgraded":0,"win_rate":0.0,"timestamp":1610508264,"path_taken":["M","M","M","M","M","R","?","M","T","R","M","?","M","$","R","BOSS","?","T","?","?","?","T","PTL","PTL","?","?","T","?","T","T","?","E","T","BOSS"],"items_purchased_type":["Card","Card"],"build_version":"2020-12-22","purchased_purges":1,"victory":false,"max_hp_per_floor":[67,72,72,72,72,72,72,72,72,72,72,72,72,72,72,72,72,72,72,72,72,72,72,72,72,72,72,72,72,72,72,72,72,72,72,72,72],"card_choices":[{"not_picked":["Replay:Vibes","CrushJoints"],"picked":"FearNoEvil","floor":1},{"not_picked":["CrushJoints","Replay:BluntJabs"],"picked":"Replay:ManipulateFuture","floor":2},{"not_picked":["CrushJoints","Sanctity"],"picked":"Replay:ManipulateFuture","floor":3},{"not_picked":["Prostrate","ClearTheMind"],"picked":"PathToVictory","floor":4},{"not_picked":["Replay:BluntJabs","Protect"],"picked":"PathToVictory","floor":5},{"not_picked":["Wireheading","Fasting2","Sanctity"],"picked":"SKIP","floor":8},{"not_picked":["Protect","FearNoEvil"],"picked":"Replay:Battleflow","floor":12},{"not_picked":["ClearTheMind","Evaluate"],"picked":"PathToVictory","floor":13},{"not_picked":["SignatureMove","FollowUp"],"picked":"SandsOfTime","floor":15},{"not_picked":["FlyingSleeves","Halt"],"picked":"EmptyFist","floor":18},{"not_picked":["WreathOfFlame","Perseverance+1","FollowUp"],"picked":"SKIP","floor":20},{"not_picked":["Swivel","SashWhip","JustLucky"],"picked":"SKIP","floor":22},{"not_picked":["Worship","Replay:ManipulateFuture+1"],"picked":"Devotion","floor":27},{"not_picked":["Replay:ManipulateFuture","Study","Protect"],"picked":"SKIP","floor":32},{"not_picked":["Replay:BluntJabs","Replay:Vibes+1"],"picked":"Ragnarok","floor":33}],"player_experience":545724,"relics_obtained":[{"floor":9,"key":"Mercury Hourglass"},{"floor":12,"key":"Odd Mushroom"},{"floor":28,"key":"Guardian:GemstoneGun"},{"floor":33,"key":"Replay:Mystery Machine"}],"event_choices":[{"damage_healed":0,"gold_gain":0,"player_choice":"Ignored","damage_taken":0,"max_hp_gain":0,"max_hp_loss":0,"event_name":"Shining Light","floor":7,"gold_loss":0},{"damage_healed":0,"gold_gain":0,"player_choice":"Fought Mushrooms","damage_taken":0,"max_hp_gain":0,"max_hp_loss":0,"event_name":"Mushrooms","floor":12,"gold_loss":0},{"damage_healed":0,"gold_gain":0,"player_choice":"Ignored","damage_taken":0,"max_hp_gain":0,"max_hp_loss":0,"event_name":"Vampires","floor":21,"gold_loss":0},{"damage_healed":0,"gold_gain":0,"player_choice":"Ignored","damage_taken":0,"max_hp_gain":0,"max_hp_loss":0,"event_name":"Ghosts","floor":26,"gold_loss":0},{"damage_healed":0,"gold_gain":0,"player_choice":"Upgraded","damage_taken":0,"max_hp_gain":0,"max_hp_loss":0,"event_name":"Upgrade Shrine","floor":29,"gold_loss":0,"cards_upgraded":["Apotheosis"]}],"is_beta":false,"boss_relics":[{"not_picked":["Philosopher\u0027s Stone","Empty Cage"],"picked":"Painkiller Herb"}],"items_purged_floors":[14],"is_endless":false,"potions_floor_spawned":[1,2,13,16,18,33],"killed_by":"Collector","ascension_level":7}}