{"host":"cjslbtylv9xenywp","time":1610505128,"event":{"mods":["BaseMod","Card Forge","Colored Map","Minty Spire (QoL Compilation)","No Card Rewards","Relic Stats","StSLib","UnlockEverythingMod"],"gold_per_floor":[118,137,157,0,17,48,59,84,84,100,100,100,100,119,119,220,220,236,249,249,249,6,38,93,113,113,113,137,176,176,196,196,295,345,365,365,417,417,429,462,512,532,583,583,596,596,615,29,29,29],"floor_reached":51,"language":"ENG","playtime":3254,"items_purged":[],"score":859,"play_id":"27251997-eeb2-4f1f-97e4-82b666574891","local_time":"20210112183208","is_ascension_mode":false,"campfire_choices":[{"data":"Reprogram","floor":15,"key":"SMITH"},{"data":"Seek","floor":27,"key":"SMITH"},{"data":"Leap","floor":32,"key":"SMITH"},{"data":"Panacea","floor":46,"key":"SMITH"},{"data":"Transmutation","floor":49,"key":"SMITH"}],"circlet_count":0,"master_deck":["Go for the Eyes","Hyperbeam","Storm","Tempest","Streamline+1","Self Repair","Scrape","Reprogram+1","Genetic Algorithm+1","FTL+1","Core Surge+1","Stack+1","BootSequence+1","Barrage+1","Seek+1","Transmutation+1","Leap+1","Storm","Conserve Battery+1","Writhe","Hologram+1","Trip","Good Instincts","Panacea+1","BootSequence","Conserve Battery","Beam Cell+1"],"relics":["Cracked Core","Bag of Preparation","Chemical X","Akabeko","Anchor","The Courier","Turnip","Meat on the Bone","SlaversCollar","MutagenicStrength","Membership Card","Pantograph","Smiling Mask","Bottled Lightning","Happy Flower","Tiny House","Bird Faced Urn","Lizard Tail","Du-Vu Doll","Omamori","Molten Egg 2","HandDrill","War Paint","Pen Nib","Whetstone","Strawberry","Torii"],"acts_visited":["Exordium","TheCity","TheBeyond"],"potions_floor_usage":[8,16,33,50,50],"damage_taken":[{"damage":0,"enemies":"Cultist","floor":1,"turns":2},{"damage":1,"enemies":"Jaw Worm","floor":2,"turns":2},{"damage":0,"enemies":"Small Slimes","floor":3,"turns":1},{"damage":0,"enemies":"Blue Slaver","floor":5,"turns":2},{"damage":16,"enemies":"Gremlin Nob","floor":6,"turns":3},{"damage":0,"enemies":"Lots of Slimes","floor":7,"turns":2},{"damage":0,"enemies":"3 Sentries","floor":8,"turns":2},{"damage":0,"enemies":"Exordium Thugs","floor":10,"turns":2},{"damage":7,"enemies":"Looter","floor":14,"turns":3},{"damage":3,"enemies":"The Guardian","floor":16,"turns":6},{"damage":0,"enemies":"2 Thieves","floor":18,"turns":3},{"damage":0,"enemies":"3 Byrds","floor":19,"turns":3},{"damage":0,"enemies":"Gremlin Leader","floor":23,"turns":3},{"damage":11,"enemies":"Snecko","floor":25,"turns":5},{"damage":0,"enemies":"3 Cultists","floor":29,"turns":2},{"damage":0,"enemies":"Chosen and Byrds","floor":31,"turns":3},{"damage":0,"enemies":"Champ","floor":33,"turns":8},{"damage":15,"enemies":"Orb Walker","floor":35,"turns":3},{"damage":24,"enemies":"2 Orb Walkers","floor":37,"turns":4},{"damage":0,"enemies":"3 Shapes","floor":39,"turns":1},{"damage":15,"enemies":"Reptomancer","floor":40,"turns":6},{"damage":0,"enemies":"Mind Bloom Boss Battle","floor":41,"turns":5},{"damage":17,"enemies":"Writhing Mass","floor":42,"turns":6},{"damage":0,"enemies":"3 Darklings","floor":45,"turns":2},{"damage":0,"enemies":"Sphere and 2 Shapes","floor":47,"turns":2},{"damage":34,"enemies":"Time Eater","floor":50,"turns":9}],"seed_played":"-3956998244846711382","potions_obtained":[{"floor":3,"key":"SpeedPotion"},{"floor":6,"key":"DuplicationPotion"},{"floor":7,"key":"Ancient Potion"},{"floor":14,"key":"Dexterity Potion"},{"floor":16,"key":"DuplicationPotion"},{"floor":23,"key":"LiquidMemories"},{"floor":29,"key":"Block Potion"},{"floor":33,"key":"CultistPotion"}],"is_trial":true,"path_per_floor":["M","M","M","$","M","E","M","E","T","M","?","?","T","M","R","B",null,"M","M","?","?","$","E","T","M","T","R","T","M","?","M","R","B",null,"M","?","?","?","M","E","?","M","T","?","M","R","M","$","R","B",null],"character_chosen":"DEFECT","items_purchased":["Akabeko","Membership Card","Seek","Transmutation","Molten Egg 2","HandDrill","War Paint","Pen Nib","Whetstone","BootSequence","Conserve Battery","Beam Cell+1","Strawberry","Torii"],"campfire_rested":0,"item_purchase_floors":[4,22,22,22,48,48,48,48,48,48,48,48,48,48],"current_hp_per_floor":[75,74,74,74,74,65,72,75,75,75,75,60,60,60,60,64,75,75,75,75,75,75,75,75,71,71,71,71,75,75,75,75,75,80,72,72,55,75,75,73,80,72,72,62,62,62,62,69,69,53],"gold":29,"neow_bonus":"","is_daily":false,"chose_seed":true,"campfire_upgraded":5,"win_rate":0.0,"timestamp":1610505128,"path_taken":["M","M","?","$","M","E","M","E","T","M","?","?","?","M","R","BOSS","M","M","?","?","$","E","?","?","T","R","?","M","?","M","R","BOSS","M","?","?","?","M","E","?","?","T","?","M","R","M","$","R","BOSS"],"items_purchased_type":["Relic","Relic","Card","Card","Relic","Relic","Relic","Relic","Relic","Card","Card","Card","Relic","Relic"],"build_version":"2020-12-22","purchased_purges":0,"victory":true,"max_hp_per_floor":[75,75,75,75,75,75,75,75,75,75,75,75,75,75,75,75,75,75,75,75,75,75,75,75,75,75,75,75,75,75,75,75,75,80,80,80,80,80,80,80,80,80,80,80,80,80,80,87,87,87],"relic_stats":{"Happy Flower":[17],"Torii":4,"counters":[26,90],"Pen Nib":[1],"Bag of Preparation":[52],"Whetstone":["Core Surge","Streamline"],"War Paint":["Conserve Battery","BootSequence"],"Smiling Mask":0,"Lizard Tail":0,"Pantograph":25,"Bird Faced Urn":[8],"Turnip":[4],"HandDrill":[4],"Chemical X":[31],"obtain_stats":[{"Tiny House":34,"Torii":48,"Hammer of Thor":0,"Bag of Preparation":0,"Whetstone":48,"Smiling Mask":24,"Lizard Tail":40,"Pantograph":23,"Strawberry":48,"HandDrill":48,"Chemical X":0,"Cracked Core":0,"Happy Flower":28,"The Courier":8,"Pen Nib":48,"Omamori":43,"Seething Fire":0,"War Paint":48,"Akabeko":4,"Du-Vu Doll":41,"SlaversCollar":17,"Anchor":6,"Anvil of the Gods":0,"MutagenicStrength":21,"Bird Faced Urn":37,"Molten Egg 2":48,"Turnip":9,"Membership Card":22,"Bottled Lightning":26,"Meat on the Bone":13},{"Tiny House":17,"Torii":25,"Hammer of Thor":0,"Bag of Preparation":0,"Whetstone":25,"Smiling Mask":13,"Lizard Tail":21,"Pantograph":13,"Strawberry":25,"HandDrill":25,"Chemical X":0,"Cracked Core":0,"Happy Flower":14,"The Courier":7,"Pen Nib":25,"Omamori":23,"Seething Fire":0,"War Paint":25,"Akabeko":3,"Du-Vu Doll":22,"SlaversCollar":10,"Anchor":5,"Anvil of the Gods":0,"MutagenicStrength":12,"Bird Faced Urn":19,"Molten Egg 2":25,"Turnip":7,"Membership Card":12,"Bottled Lightning":14,"Meat on the Bone":8},{"Tiny House":52,"Torii":81,"Hammer of Thor":0,"Bag of Preparation":0,"Whetstone":81,"Smiling Mask":34,"Lizard Tail":66,"Pantograph":34,"Strawberry":81,"HandDrill":81,"Chemical X":0,"Cracked Core":0,"Happy Flower":39,"The Courier":14,"Pen Nib":81,"Omamori":77,"Seething Fire":0,"War Paint":81,"Akabeko":5,"Du-Vu Doll":71,"SlaversCollar":25,"Anchor":10,"Anvil of the Gods":0,"MutagenicStrength":31,"Bird Faced Urn":59,"Molten Egg 2":81,"Turnip":14,"Membership Card":31,"Bottled Lightning":39,"Meat on the Bone":16}],"Meat on the Bone":0},"card_choices":[{"not_picked":["Cold Snap","Turbo+1"],"picked":"Storm","floor":34},{"not_picked":["Redo+1","Compile Driver"],"picked":"Conserve Battery","floor":37},{"not_picked":["Fusion","Beam Cell"],"picked":"Hologram+1","floor":41},{"not_picked":["Discovery","Deep Breath"],"picked":"Trip","floor":44},{"not_picked":["Jack Of All Trades","Secret Technique"],"picked":"Good Instincts","floor":44},{"not_picked":["Impatience","Purity"],"picked":"Panacea","floor":44}],"player_experience":115266,"relics_obtained":[{"floor":6,"key":"Anchor"},{"floor":8,"key":"The Courier"},{"floor":9,"key":"Turnip"},{"floor":13,"key":"Meat on the Bone"},{"floor":23,"key":"Pantograph"},{"floor":24,"key":"Smiling Mask"},{"floor":26,"key":"Bottled Lightning"},{"floor":28,"key":"Happy Flower"},{"floor":37,"key":"Bird Faced Urn"},{"floor":40,"key":"Lizard Tail"},{"floor":41,"key":"Du-Vu Doll"},{"floor":43,"key":"Omamori"}],"event_choices":[{"damage_healed":0,"gold_gain":0,"player_choice":"Grow","damage_taken":0,"max_hp_gain":0,"max_hp_loss":0,"event_name":"Living Wall","floor":11,"gold_loss":0,"cards_upgraded":["Genetic Algorithm"]},{"damage_healed":0,"gold_gain":0,"player_choice":"Entered Light","damage_taken":15,"max_hp_gain":0,"max_hp_loss":0,"event_name":"Shining Light","floor":12,"gold_loss":0,"cards_upgraded":["FTL","Stack"]},{"damage_healed":0,"gold_gain":0,"player_choice":"Ignored","damage_taken":0,"max_hp_gain":0,"max_hp_loss":0,"event_name":"Vampires","floor":20,"gold_loss":0},{"damage_healed":0,"gold_gain":0,"player_choice":"Inject Mutagens","damage_taken":0,"relics_obtained":["MutagenicStrength"],"max_hp_gain":0,"max_hp_loss":0,"event_name":"Drug Dealer","floor":21,"gold_loss":0},{"damage_healed":0,"gold_gain":0,"player_choice":"Read","damage_taken":0,"max_hp_gain":0,"max_hp_loss":0,"event_name":"The Library","floor":30,"gold_loss":0,"cards_obtained":["Leap"]},{"cards_removed":["Defragment"],"damage_healed":0,"gold_gain":0,"player_choice":"Removed Power","damage_taken":0,"max_hp_gain":0,"max_hp_loss":0,"event_name":"Falling","floor":36,"gold_loss":0},{"damage_healed":0,"gold_gain":0,"player_choice":"Fight","damage_taken":0,"max_hp_gain":0,"max_hp_loss":0,"event_name":"Mysterious Sphere","floor":37,"gold_loss":0},{"damage_healed":20,"gold_gain":0,"player_choice":"Writhe","damage_taken":0,"max_hp_gain":0,"max_hp_loss":0,"event_name":"Winding Halls","floor":38,"gold_loss":0,"cards_obtained":["Writhe"]},{"damage_healed":0,"gold_gain":0,"player_choice":"Fight","damage_taken":0,"max_hp_gain":0,"max_hp_loss":0,"event_name":"MindBloom","floor":41,"gold_loss":0},{"damage_healed":0,"gold_gain":0,"player_choice":"Memory 3","damage_taken":10,"max_hp_gain":0,"max_hp_loss":0,"event_name":"SensoryStone","floor":44,"gold_loss":0}],"is_beta":false,"boss_relics":[{"not_picked":["Runic Dome","Cursed Key"],"picked":"SlaversCollar"},{"not_picked":["Coffee Dripper","Snecko Eye"],"picked":"Tiny House"}],"items_purged_floors":[],"is_endless":false,"potions_floor_spawned":[3,6,7,14,16,18,23,29,33,39,40,41,45],"ascension_level":0}}