{"host":"pa65g39v0cwbmgvo","time":1610520961,"event":{"mods":["2.2 Compatiblity","ATMod(°¢èªMod)","BaseMod","Better Skull","Better Third Choice","BetterRewards","Dota2Spire","Minty Spire (QoL Compilation)","Quick Restart","Replay The Spire","Spicy Shops","StSLib","SuperFastMode","¡¾ÒÅÎï¿¨ÅÆ¡¿REMEMod"],"gold_per_floor":[115,135,150,150,170,170,196,206,206,236,250,281,281,298,298,398,398,418,398,417,21,21,78,114,178,178,235,235,267,267,307,307,440,440,460,59,71,124,0,0,35,61,61,105,5,26,26,72,72,100,100,100,46,83,97],"floor_reached":56,"language":"ZHS","playtime":1722,"items_purged":["Pain","Strike_G","Strike_G"],"score":2838,"play_id":"3bd2dfa8-c0ae-4121-afca-699f588bd5c1","local_time":"20210113145601","is_ascension_mode":true,"campfire_choices":[{"data":"AT_KneejerkReflex","floor":6.0,"key":"SMITH"},{"floor":13.0,"key":"REST"},{"data":"Blade Dance","floor":15.0,"key":"SMITH"},{"floor":32,"key":"REST"},{"floor":40,"key":"RECALL"},{"floor":49,"key":"REST"},{"data":"Cloak And Dagger","floor":52,"key":"SMITH"}],"circlet_count":0,"master_deck":["Strike_G","Strike_G","Defend_G","Defend_G","Defend_G","Defend_G","Defend_G","Survivor","Neutralize","AT_KneejerkReflex+1","AT_FamilyPortrait","Quick Slash","Prepared","Flying Knee","Blade Dance+1","Prepared+1","Cloak And Dagger+1","Skewer","Backflip+1","AT_WindFlip+1","AT_EmpoweredMortalDraw+1","Blade Dance+1","Hidden Blade","Accuracy+1","AT_EssenceShift+1"],"relics":["Ring of the Snake","REME_ComplimentaryCards","AT_ATBox","Kunai","ReplayTheSpireMod:Ring of Addiction","Toy Ornithopter","SacredBark","TungstenRod","AT_SunfireAegis","Tiny Chest","Quantum Egg","Snecko Heart","Replay:Bandana","Letter Opener","Dota2Spire:Butterfly","AT_TimeSand","Bronze Scales","Golden Egg","AT_RedNoBalance","AT_MortalBlade","Replay:Baseball","PreservedInsect","Red Mask","AT_BladeRuinedKing","Dota2Spire:PhaseBoots","The Courier","Replay:Rubber Ducky","Dota2Spire:LinkenSphere","Vampiric Spirits"],"acts_visited":["Exordium","TheCity","TheBeyond","TheEnding"],"potions_floor_usage":[20,23,27,37,38,41,50],"damage_taken":[{"damage":0.0,"enemies":"Cultist","floor":1.0,"turns":2.0},{"damage":8.0,"enemies":"2 Louse","floor":2.0,"turns":5.0},{"damage":0.0,"enemies":"Small Slimes","floor":3.0,"turns":4.0},{"damage":3.0,"enemies":"Blue Slaver","floor":5.0,"turns":3.0},{"damage":8.0,"enemies":"Gremlin Nob","floor":7.0,"turns":3.0},{"damage":9.0,"enemies":"Exordium Thugs","floor":8.0,"turns":5.0},{"damage":5.0,"enemies":"Lagavulin","floor":10.0,"turns":5.0},{"damage":9.0,"enemies":"Gremlin Gang","floor":11.0,"turns":4.0},{"damage":33.0,"enemies":"Gremlin Nob","floor":12.0,"turns":5.0},{"damage":0.0,"enemies":"Looter","floor":14.0,"turns":4.0},{"damage":0,"enemies":"Slime Boss","floor":16,"turns":3},{"damage":0,"enemies":"Spheric Guardian","floor":18,"turns":3},{"damage":0,"enemies":"Chosen","floor":20,"turns":3},{"damage":0,"enemies":"Gremlin Leader","floor":23,"turns":5},{"damage":11,"enemies":"Sentry and Sphere","floor":24,"turns":4},{"damage":14,"enemies":"Slavers","floor":25,"turns":3},{"damage":28,"enemies":"Gremlin Leader","floor":27,"turns":6},{"damage":6,"enemies":"Centurion and Healer","floor":29,"turns":4},{"damage":14,"enemies":"Snake Plant","floor":31,"turns":3},{"damage":0,"enemies":"Champ","floor":33,"turns":7},{"damage":0,"enemies":"Orb Walker","floor":35,"turns":1},{"damage":0,"enemies":"3 Shapes","floor":37,"turns":1},{"damage":0,"enemies":"Transient","floor":38,"turns":5},{"damage":0,"enemies":"Nemesis","floor":41,"turns":2},{"damage":0,"enemies":"Reptomancer","floor":44,"turns":2},{"damage":0,"enemies":"Writhing Mass","floor":46,"turns":1},{"damage":0,"enemies":"R_Hoarder","floor":48,"turns":2},{"damage":32,"enemies":"Time Eater","floor":50,"turns":6},{"damage":0,"enemies":"Shield and Spear","floor":54,"turns":2},{"damage":48,"enemies":"The Heart","floor":55,"turns":6}],"seed_played":"7679271896003253492","potions_obtained":[{"floor":1.0,"key":"Swift Potion"},{"floor":4.0,"key":"FearPotion"},{"floor":4.0,"key":"Fire Potion"},{"floor":7.0,"key":"AttackPotion"},{"floor":8.0,"key":"Fruit Juice"},{"floor":12.0,"key":"Fire Potion"},{"floor":16,"key":"ColorlessPotion"},{"floor":18,"key":"Elixir"},{"floor":19,"key":"Fruit Juice"},{"floor":20,"key":"Dexterity Potion"},{"floor":25,"key":"Dota2Spire:HealingSalve"},{"floor":33,"key":"Energy Potion"},{"floor":35,"key":"Adrenaline Potion"},{"floor":37,"key":"Energy Potion"},{"floor":46,"key":"Regen Potion"}],"is_trial":false,"path_per_floor":["M","M","M","?","M","R","E","M","T","E","M","E","R","M","R","B",null,"M","?","M","$","?","E","M","E","T","E","T","M","?","M","R","B",null,"M","$","M","M","?","R","E","T","T","E","$","M","?","E","R","B",null,"R","$","E","B",null],"character_chosen":"THE_SILENT","items_purchased":["Kunai","Quick Slash","Replay:Bandana","Letter Opener","Dota2Spire:Butterfly","Block Potion","Replay:Baseball","PreservedInsect","Accuracy"],"campfire_rested":3,"item_purchase_floors":[0,0,21,21,21,21,36,36,53],"current_hp_per_floor":[70,62,62,62,59,59,61,67,67,67,58,30,54,59,59,59,80,80,78,88,88,88,88,77,63,63,55,55,37,37,28,53,42,82,41,41,46,51,51,51,56,56,56,56,56,56,56,56,72,40,72,72,72,70,22],"gold":97,"neow_bonus":"","is_daily":false,"chose_seed":false,"campfire_upgraded":3,"win_rate":0.0,"timestamp":1610520961,"path_taken":["M","M","?","?","M","R","E","M","T","E","M","E","R","M","R","BOSS","M","?","?","$","?","E","M","E","T","E","?","?","?","M","R","BOSS","M","$","M","M","?","R","E","?","T","E","$","M","?","E","R","BOSS","R","$","E","BOSS"],"items_purchased_type":["Relic","Card","Relic","Relic","Relic","Potion","Relic","Relic","Card"],"build_version":"2020-12-22","purchased_purges":3,"victory":true,"max_hp_per_floor":[70,70,70,70,70,70,70,80,80,80,80,80,80,80,80,80,80,80,78,88,88,88,88,88,88,88,86,86,86,86,84,84,84,82,82,82,80,80,80,80,80,80,80,80,78,78,74,72,72,72,72,72,72,70,70],"card_choices":[{"not_picked":["Leg Sweep","ReplayTheSpireMod:Tripwire"],"picked":"Prepared","floor":1.0},{"not_picked":["Dash","Endless Agony","Outmaneuver"],"picked":"SKIP","floor":2.0},{"not_picked":["AT_WindRun","Outmaneuver"],"picked":"Flying Knee","floor":3.0},{"not_picked":["PiercingWail","AT_WindRun","Caltrops"],"picked":"SKIP","floor":5.0},{"not_picked":["Riddle With Holes","Endless Agony","Hidden Blade"],"picked":"SKIP","floor":7.0},{"not_picked":["Backflip","Well Laid Plans","Choke"],"picked":"SKIP","floor":8.0},{"not_picked":["Dagger Throw","Bane","Deflect"],"picked":"SKIP","floor":10.0},{"not_picked":["Bullet Time","Outmaneuver","Prepared"],"picked":"SKIP","floor":11.0},{"not_picked":["AT_WindRun","PiercingWail","Dagger Spray"],"picked":"SKIP","floor":12.0},{"not_picked":["Well Laid Plans","Underhanded Strike"],"picked":"Blade Dance","floor":14.0},{"not_picked":["Poisoned Stab","Dagger Spray+1"],"picked":"Prepared+1","floor":18},{"not_picked":["Deflect","Deadly Poison+1"],"picked":"Cloak And Dagger","floor":20},{"not_picked":["Sucker Punch","Slice","Deflect"],"picked":"SKIP","floor":23},{"not_picked":["Wraith Form v2","Distraction","Backstab+1"],"picked":"SKIP","floor":24},{"not_picked":["Underhanded Strike","Dodge and Roll","Quick Slash"],"picked":"SKIP","floor":25},{"not_picked":["Blade Dance","AT_WindRun"],"picked":"Backflip+1","floor":27},{"not_picked":["Quick Slash+1","Well Laid Plans+1","Dodge and Roll"],"picked":"SKIP","floor":29},{"not_picked":["Bane","Underhanded Strike"],"picked":"AT_WindFlip+1","floor":31},{"not_picked":["ReplayTheSpireMod:The Works+1","PiercingWail+1","Underhanded Strike"],"picked":"SKIP","floor":35},{"not_picked":["Reflex","Catalyst","AT_WindFlip"],"picked":"SKIP","floor":37},{"not_picked":["AT_ShadowStep","Outmaneuver+1","ReplayTheSpireMod:Exploit Weakness+1"],"picked":"SKIP","floor":38},{"not_picked":["Dagger Spray+1","Prepared+1","Backflip+1"],"picked":"SKIP","floor":41},{"not_picked":["Replay:Poison Smokescreen","Backflip"],"picked":"Blade Dance+1","floor":44},{"not_picked":["REME_SpectralBlade","Bane"],"picked":"Hidden Blade","floor":46},{"not_picked":["Deflect","Bane","Dagger Spray"],"picked":"SKIP","floor":48},{"not_picked":["Bane","Dagger Throw"],"picked":"AT_EssenceShift","floor":54}],"player_experience":68740,"relics_obtained":[{"floor":4.0,"key":"ReplayTheSpireMod:Ring of Addiction"},{"floor":4.0,"key":"Toy Ornithopter"},{"floor":4.0,"key":"SacredBark"},{"floor":7.0,"key":"TungstenRod"},{"floor":9.0,"key":"AT_SunfireAegis"},{"floor":10.0,"key":"Tiny Chest"},{"floor":12.0,"key":"Quantum Egg"},{"floor":23,"key":"AT_TimeSand"},{"floor":25,"key":"Bronze Scales"},{"floor":27,"key":"Golden Egg"},{"floor":28,"key":"AT_SilverBalance"},{"floor":41,"key":"AT_BladeRuinedKing"},{"floor":42,"key":"Dota2Spire:PhaseBoots"},{"floor":43,"key":"The Courier"},{"floor":44,"key":"Replay:Rubber Ducky"},{"floor":48,"key":"Dota2Spire:LinkenSphere"},{"floor":54,"key":"Vampiric Spirits"}],"event_choices":[{"damage_healed":0,"gold_gain":0,"player_choice":"Bought 1 Potion","damage_taken":0,"max_hp_gain":0,"max_hp_loss":0,"event_name":"The Woman in Blue","floor":19,"gold_loss":0},{"damage_healed":0,"gold_gain":0,"cards_transformed":["Strike_G"],"player_choice":"Transformed","damage_taken":0,"max_hp_gain":0,"max_hp_loss":0,"event_name":"Transmorgrifier","floor":22,"gold_loss":0,"cards_obtained":["Skewer"]},{"damage_healed":0,"gold_gain":0,"player_choice":"Ignored","damage_taken":0,"max_hp_gain":0,"max_hp_loss":0,"event_name":"Ghosts","floor":30,"gold_loss":0},{"damage_healed":0,"gold_gain":0,"player_choice":"Paid","damage_taken":0,"relics_obtained":["Red Mask"],"max_hp_gain":0,"max_hp_loss":0,"event_name":"Tomb of Lord Red Mask","floor":39,"gold_loss":124},{"damage_healed":0,"gold_gain":0,"player_choice":"Max HP","damage_taken":0,"max_hp_gain":0,"max_hp_loss":4,"event_name":"Winding Halls","floor":47,"gold_loss":0}],"is_beta":false,"boss_relics":[{"not_picked":["Runic Pyramid","Snecko Scales"],"picked":"Snecko Heart"},{"not_picked":["Sozu","Painkiller Herb"],"picked":"AT_MortalBlade"}],"items_purged_floors":[21,36,45],"is_endless":false,"potions_floor_spawned":[1,7,8,12,16,18,20,25,33,35,37,46],"ascension_level":3}}