{"host":"o4h0rmbndwm6mjyo","time":1610542826,"event":{"mods":["BaseMod","Colored Map","Colored Powertips","DeckTracker","Googly Eyes","Minty Spire (QoL Compilation)","Rare Cards Sparkle","Synergy Search"],"gold_per_floor":[114,129,144,219,234,264,264,279,279,279,54,69,84,114,114,214,214,229,154,169,11,11,41,41,80,89,89,104,119,149,180,180,298,298,313,313,328,343,358,367,397,412,471,510,98,98,132,147,147,156],"floor_reached":51,"language":"FRA","playtime":3032,"items_purged":[],"score":1079,"play_id":"d2f55572-f02e-4e10-8959-b287000a84a3","local_time":"20210113140026","daily_mods":["Cursed Run","Vintage","Lethality"],"is_ascension_mode":false,"campfire_choices":[{"data":"Eruption","floor":7.0,"key":"SMITH"},{"data":"BowlingBash","floor":10.0,"key":"SMITH"},{"data":"BowlingBash","floor":15.0,"key":"SMITH"},{"data":"ConjureBlade","floor":24.0,"key":"SMITH"},{"data":"Ragnarok","floor":27.0,"key":"SMITH"},{"data":"Study","floor":32,"key":"SMITH"},{"floor":40,"key":"REST"},{"data":"Blasphemy","floor":46,"key":"SMITH"},{"data":"FollowUp","floor":49,"key":"SMITH"}],"circlet_count":0,"master_deck":["Strike_P","Strike_P","Strike_P","Strike_P","Defend_P+1","Defend_P+1","Defend_P","Defend_P","Eruption+1","Vigilance","BowlingBash+1","Clumsy","Establishment","BowlingBash+1","ConjureBlade+1","Ragnarok+1","Necronomicurse","EmptyFist+1","Study+1","Doubt","EmptyBody","Doubt","Blasphemy+1","SashWhip+1","Doubt","FollowUp+1","DeusExMachina+1","Clumsy","Injury"],"relics":["Cursed Key","Darkstone Periapt","Du-Vu Doll","Pen Nib","Happy Flower","PreservedInsect","Potion Belt","Meat on the Bone","Orichalcum","White Beast Statue","Regal Pillow","Bottled Flame","Smiling Mask","War Paint","SacredBark","Blue Candle","Pantograph","Necronomicon","Blood Vial","CeramicFish","Gremlin Horn","Centennial Puzzle","Bronze Scales","Juzu Bracelet","Red Mask","Black Star","Dream Catcher","Bag of Marbles","InkBottle","Toxic Egg 2","Ginger","The Courier","Akabeko","Vajra","Bag of Preparation","Dead Branch","Strawberry","FossilizedHelix","Ancient Tea Set","Yang"],"acts_visited":["Exordium","TheCity","TheBeyond"],"potions_floor_usage":[28,29,29,29,33,33,38,44,50],"damage_taken":[{"damage":0.0,"enemies":"Cultist","floor":1.0,"turns":2.0},{"damage":8.0,"enemies":"Jaw Worm","floor":2.0,"turns":4.0},{"damage":0.0,"enemies":"2 Louse","floor":3.0,"turns":2.0},{"damage":5.0,"enemies":"Exordium Thugs","floor":5.0,"turns":2.0},{"damage":0.0,"enemies":"Gremlin Nob","floor":6.0,"turns":2.0},{"damage":4.0,"enemies":"Exordium Wildlife","floor":8.0,"turns":2.0},{"damage":3.0,"enemies":"Looter","floor":12.0,"turns":2.0},{"damage":0.0,"enemies":"Large Slime","floor":13.0,"turns":2.0},{"damage":0.0,"enemies":"Lagavulin","floor":14.0,"turns":2.0},{"damage":3.0,"enemies":"Slime Boss","floor":16.0,"turns":4.0},{"damage":0.0,"enemies":"Shell Parasite","floor":18.0,"turns":1.0},{"damage":0.0,"enemies":"Spheric Guardian","floor":20.0,"turns":2.0},{"damage":1.0,"enemies":"Slavers","floor":23.0,"turns":3.0},{"damage":0.0,"enemies":"Gremlin Leader","floor":25.0,"turns":1.0},{"damage":1,"enemies":"Snecko","floor":28,"turns":2},{"damage":0,"enemies":"Snake Plant","floor":29,"turns":2},{"damage":1,"enemies":"Book of Stabbing","floor":30,"turns":1},{"damage":0,"enemies":"Masked Bandits","floor":31,"turns":2},{"damage":32,"enemies":"Collector","floor":33,"turns":4},{"damage":0,"enemies":"Orb Walker","floor":35,"turns":1},{"damage":0,"enemies":"3 Darklings","floor":37,"turns":1},{"damage":0,"enemies":"Writhing Mass","floor":38,"turns":1},{"damage":1,"enemies":"Jaw Worm Horde","floor":39,"turns":2},{"damage":0,"enemies":"Reptomancer","floor":41,"turns":1},{"damage":0,"enemies":"Maw","floor":42,"turns":3},{"damage":8,"enemies":"Giant Head","floor":44,"turns":3},{"damage":0,"enemies":"3 Darklings","floor":48,"turns":1},{"damage":35,"enemies":"Donu and Deca","floor":50,"turns":3}],"seed_played":"-4624312993155624390","potions_obtained":[{"floor":2.0,"key":"Ambrosia"},{"floor":3.0,"key":"Fire Potion"},{"floor":5.0,"key":"LiquidBronze"},{"floor":8.0,"key":"FearPotion"},{"floor":12.0,"key":"Block Potion"},{"floor":14.0,"key":"Strength Potion"},{"floor":16.0,"key":"Ancient Potion"},{"floor":18.0,"key":"Weak Potion"},{"floor":20.0,"key":"GamblersBrew"},{"floor":23.0,"key":"PowerPotion"},{"floor":25.0,"key":"AttackPotion"},{"floor":28,"key":"Strength Potion"},{"floor":29,"key":"BottledMiracle"},{"floor":30,"key":"SpeedPotion"},{"floor":31,"key":"BlessingOfTheForge"},{"floor":33,"key":"BlessingOfTheForge"},{"floor":35,"key":"GamblersBrew"},{"floor":36,"key":"FairyPotion"},{"floor":37,"key":"Explosive Potion"},{"floor":38,"key":"Weak Potion"},{"floor":39,"key":"ColorlessPotion"},{"floor":44,"key":"Dexterity Potion"},{"floor":48,"key":"Ancient Potion"}],"is_trial":false,"path_per_floor":["M","M","M","?","M","E","R","M","T","R","$","M","M","E","R","B",null,"M","?","M","$","?","E","R","E","T","R","M","M","E","?","R","B",null,"M","?","M","M","M","R","E","M","T","E","$","R","T","M","R","B",null],"character_chosen":"WATCHER","items_purchased":["Establishment","Regal Pillow","Ragnarok","Strawberry","FossilizedHelix","DeusExMachina+1"],"campfire_rested":1,"item_purchase_floors":[11,11,21,45,45,45],"current_hp_per_floor":[72,64,64,53,48,48,48,44,50,50,50,47,47,47,47,50,84,84,84,84,84,74,73,73,75,81,81,82,84,85,87,87,70,102,102,102,102,102,101,102,102,102,108,100,107,107,113,115,115,92],"gold":156,"neow_bonus":"","is_daily":true,"chose_seed":false,"campfire_upgraded":8,"win_rate":0.0,"timestamp":1610542826,"path_taken":["M","M","M","?","M","E","R","M","T","R","$","M","M","E","R","BOSS","M","?","M","$","?","E","R","E","T","R","M","M","E","?","R","BOSS","M","?","M","M","M","R","E","M","T","E","?","R","?","M","R","BOSS"],"items_purchased_type":["Card","Relic","Card","Relic","Relic","Card"],"build_version":"2020-12-22","purchased_purges":0,"victory":true,"max_hp_per_floor":[72,72,72,72,72,72,72,72,78,78,78,78,78,78,78,84,84,84,84,84,84,90,90,90,90,96,96,96,96,96,96,96,102,102,102,102,102,102,102,102,102,102,108,108,115,115,121,121,121,127],"card_choices":[{"not_picked":["Halt","ClearTheMind"],"picked":"BowlingBash","floor":6.0},{"not_picked":["Nirvana","Halt"],"picked":"BowlingBash","floor":14.0},{"not_picked":["Brilliance","MasterReality"],"picked":"ConjureBlade","floor":16.0},{"not_picked":["Protect","JustLucky"],"picked":"EmptyFist+1","floor":23.0},{"not_picked":["Wish","CutThroughFate"],"picked":"Study","floor":25.0},{"not_picked":["Collect","EmptyFist","Sanctity"],"picked":"SKIP","floor":30},{"not_picked":["Protect","FlurryOfBlows"],"picked":"EmptyBody","floor":31},{"not_picked":["SpiritShield","Scrawl"],"picked":"Blasphemy","floor":33},{"not_picked":["Halt+1","CrushJoints"],"picked":"SashWhip+1","floor":40},{"not_picked":["Pray+1","Evaluate+1","Halt+1"],"picked":"SKIP","floor":41},{"not_picked":["WheelKick","Study"],"picked":"FollowUp","floor":44}],"player_experience":2134097,"relics_obtained":[{"floor":1.0,"key":"Pen Nib"},{"floor":2.0,"key":"Happy Flower"},{"floor":3.0,"key":"PreservedInsect"},{"floor":5.0,"key":"Potion Belt"},{"floor":6.0,"key":"Meat on the Bone"},{"floor":8.0,"key":"Orichalcum"},{"floor":9.0,"key":"White Beast Statue"},{"floor":12.0,"key":"Bottled Flame"},{"floor":13.0,"key":"Smiling Mask"},{"floor":14.0,"key":"War Paint"},{"floor":18.0,"key":"Blue Candle"},{"floor":20.0,"key":"Pantograph"},{"floor":22.0,"key":"Necronomicon"},{"floor":23.0,"key":"Blood Vial"},{"floor":25.0,"key":"CeramicFish"},{"floor":26.0,"key":"Gremlin Horn"},{"floor":28,"key":"Centennial Puzzle"},{"floor":29,"key":"Bronze Scales"},{"floor":30,"key":"Juzu Bracelet"},{"floor":31,"key":"Red Mask"},{"floor":35,"key":"Dream Catcher"},{"floor":37,"key":"Bag of Marbles"},{"floor":38,"key":"InkBottle"},{"floor":39,"key":"Toxic Egg 2"},{"floor":41,"key":"Ginger"},{"floor":41,"key":"The Courier"},{"floor":42,"key":"Akabeko"},{"floor":43,"key":"Vajra"},{"floor":44,"key":"Bag of Preparation"},{"floor":44,"key":"Dead Branch"},{"floor":47,"key":"Ancient Tea Set"},{"floor":48,"key":"Yang"}],"event_choices":[{"damage_healed":0.0,"max_hp_gain":0.0,"max_hp_loss":0.0,"gold_gain":75.0,"event_name":"World of Goop","player_choice":"Gather Gold","floor":4.0,"gold_loss":0.0,"damage_taken":11.0},{"cards_removed":["Writhe"],"damage_healed":0.0,"max_hp_gain":0.0,"max_hp_loss":0.0,"gold_gain":0.0,"event_name":"Beggar","player_choice":"Gave Gold","floor":19.0,"gold_loss":75.0,"damage_taken":0.0},{"damage_healed":0.0,"max_hp_gain":0.0,"max_hp_loss":0.0,"gold_gain":0.0,"event_name":"Cursed Tome","player_choice":"Obtained Book","floor":22.0,"gold_loss":0.0,"damage_taken":16.0},{"damage_healed":0,"gold_gain":0,"player_choice":"Fought Bandits","damage_taken":0,"max_hp_gain":0,"max_hp_loss":0,"event_name":"Masked Bandits","floor":31,"gold_loss":0},{"damage_healed":0,"gold_gain":0,"player_choice":"Got Potions","damage_taken":0,"max_hp_gain":0,"max_hp_loss":0,"event_name":"Lab","floor":36,"gold_loss":0}],"is_beta":false,"boss_relics":[{"not_picked":["Ectoplasm","Empty Cage"],"picked":"SacredBark"},{"not_picked":["Tiny House","Velvet Choker"],"picked":"Black Star"}],"items_purged_floors":[],"is_endless":false,"potions_floor_spawned":[2,3,5,8,12,13,14,16,18,20,23,25,28,29,30,31,33,35,37,38,39,41,42,44,48],"ascension_level":0}}