{"host":"Diee","time":1610560267,"event":{"mods":["BaseMod","Minty Spire (QoL Compilation)","Replay The Spire","StSLib"],"gold_per_floor":[114,64,78,98,113,147,147,147,147,161,174,25,38,72,72,170,170,186,206,131,206,50,81,81,113,140,150,50,66,97,113,113,213,213,232,232,259,315,325,358,370,370,370],"floor_reached":42,"language":"ZHS","playtime":3059,"items_purged":["Defend_P","Defend_P"],"score":650,"play_id":"2cfecc48-ac37-4795-8538-a084cbe3120d","local_time":"20210114015107","is_ascension_mode":false,"campfire_choices":[{"data":"Eruption","floor":7.0,"key":"SMITH"},{"data":"Tantrum","floor":15.0,"key":"SMITH"},{"data":"Brilliance","floor":32.0,"key":"SMITH"}],"circlet_count":0,"master_deck":["Strike_P+1","Strike_P+1","Strike_P+1","Strike_P+1","Defend_P","Eruption+1","Vigilance","FearNoEvil","Replay:Cycle","Tantrum+1","FlurryOfBlows","LikeWater","Brilliance+1","Judgement+1","Crescendo+1","Pray+1","Madness+1","Madness+1","CrushJoints+1","InnerPeace+1","SignatureMove+1"],"relics":["HolyWater","NeowsBlessing","Shuriken","Replay:Bottled Eggs","Bag of Preparation","Replay:Rubber Ducky","Replay:Bronze Core","Blue Doll","Thread and Needle","Toxic Egg 2","Replay:Baseball","PreservedInsect","Centennial Puzzle"],"acts_visited":["Exordium","TheCity","TheBeyond"],"potions_floor_usage":[],"damage_taken":[{"damage":0.0,"enemies":"Jaw Worm","floor":1.0,"turns":1.0},{"damage":0.0,"enemies":"Small Slimes","floor":3.0,"turns":1.0},{"damage":0.0,"enemies":"Cultist","floor":4.0,"turns":1.0},{"damage":2.0,"enemies":"Looter","floor":5.0,"turns":4.0},{"damage":43.0,"enemies":"3 Sentries","floor":6.0,"turns":10.0},{"damage":0.0,"enemies":"Exordium Thugs","floor":10.0,"turns":2.0},{"damage":0.0,"enemies":"Large Slime","floor":11.0,"turns":4.0},{"damage":3.0,"enemies":"Lots of Slimes","floor":13.0,"turns":2.0},{"damage":0.0,"enemies":"Gremlin Nob","floor":14.0,"turns":1.0},{"damage":19.0,"enemies":"The Guardian","floor":16.0,"turns":6.0},{"damage":0.0,"enemies":"Spheric Guardian","floor":18.0,"turns":1.0},{"damage":0.0,"enemies":"Shell Parasite","floor":19.0,"turns":1.0},{"damage":10.0,"enemies":"Gremlin Leader","floor":23.0,"turns":3.0},{"damage":0.0,"enemies":"Book of Stabbing","floor":25.0,"turns":1.0},{"damage":7.0,"enemies":"Snake Plant","floor":27.0,"turns":3.0},{"damage":0.0,"enemies":"Sentry and Sphere","floor":29.0,"turns":1.0},{"damage":0.0,"enemies":"Gremlin Leader","floor":30.0,"turns":2.0},{"damage":10.0,"enemies":"Snecko","floor":31.0,"turns":4.0},{"damage":0.0,"enemies":"Champ","floor":33.0,"turns":6.0},{"damage":13.0,"enemies":"3 Shapes","floor":35.0,"turns":2.0},{"damage":0.0,"enemies":"3 Darklings","floor":39.0,"turns":2.0},{"damage":0.0,"enemies":"Giant Head","floor":40.0,"turns":1.0},{"damage":6.0,"enemies":"Maw","floor":41.0,"turns":4.0},{"damage":41,"enemies":"R_Hoarder","floor":42,"turns":2}],"seed_played":"-3695410072681958437","potions_obtained":[{"floor":1.0,"key":"Adrenaline Potion"},{"floor":6.0,"key":"LiquidBronze"},{"floor":8.0,"key":"DistilledChaos"},{"floor":8.0,"key":"DistilledChaos"},{"floor":10.0,"key":"Toxic Potion"},{"floor":13.0,"key":"SteroidPotion"},{"floor":16.0,"key":"LiquidMemories"},{"floor":23.0,"key":"Swift Potion"},{"floor":25.0,"key":"Languid Potion"},{"floor":27.0,"key":"Adrenaline Potion"},{"floor":33.0,"key":"Fruit Juice"},{"floor":35.0,"key":"DistilledChaos"},{"floor":38.0,"key":"DistilledChaos"}],"is_trial":false,"path_per_floor":["M","?","M","M","M","E","R","?","T","M","M","$","M","E","R","B",null,"M","M","$","?","$","E","?","E","T","M","$","M","E","M","R","B",null,"M","?","T","?","M","E","M","E"],"character_chosen":"WATCHER","items_purchased":["Bag of Preparation","Blue Doll"],"campfire_rested":0,"item_purchase_floors":[12,22],"current_hp_per_floor":[72,72,72,72,70,27,27,27,27,27,27,27,24,24,24,5,72,72,72,72,65,65,55,55,55,55,48,48,48,48,38,38,43,77,64,54,54,24,24,24,18,0,0],"gold":370,"neow_bonus":"THREE_ENEMY_KILL","is_daily":false,"chose_seed":false,"campfire_upgraded":3,"win_rate":0.0,"timestamp":1610560267,"path_taken":["M","?","M","M","M","E","R","?","T","?","M","$","M","E","R","BOSS","M","M","$","?","?","E","?","E","T","?","$","M","E","M","R","BOSS","M","?","?","?","?","E","M","E"],"items_purchased_type":["Relic","Relic"],"build_version":"2020-12-18","purchased_purges":2,"victory":false,"max_hp_per_floor":[72,72,72,72,72,72,72,72,72,72,72,72,72,72,72,72,72,72,72,72,72,72,72,72,72,72,72,72,72,72,72,72,77,77,77,77,77,77,77,77,77,77,77],"card_choices":[{"not_picked":["Adaptation","FlurryOfBlows"],"picked":"FearNoEvil","floor":1.0},{"not_picked":["SignatureMove","EmptyFist","Weave"],"picked":"SKIP","floor":3.0},{"not_picked":["Nirvana","Replay:BluntJabs"],"picked":"Replay:Cycle","floor":4.0},{"not_picked":["CrushJoints","EmptyBody","Adaptation"],"picked":"SKIP","floor":5.0},{"not_picked":["CrushJoints","Replay:AtTheReady"],"picked":"Tantrum","floor":6.0},{"not_picked":["Indignation","BowlingBash"],"picked":"FlurryOfBlows","floor":10.0},{"not_picked":["JustLucky","FearNoEvil"],"picked":"LikeWater","floor":11.0},{"not_picked":["FlurryOfBlows","WaveOfTheHand","Crescendo"],"picked":"SKIP","floor":13.0},{"not_picked":["Replay:Battleflow","Conclude"],"picked":"Brilliance","floor":14.0},{"not_picked":["Ragnarok","Replay:AllIn"],"picked":"Judgement","floor":16.0},{"not_picked":["Evaluate","JustLucky","Replay:ManipulateFuture"],"picked":"SKIP","floor":18.0},{"not_picked":["Sanctity+1","FearNoEvil","Swivel+1"],"picked":"SKIP","floor":19.0},{"not_picked":["Replay:ManipulateFuture","Vault","SignatureMove"],"picked":"SKIP","floor":23.0},{"not_picked":["Replay:Anticipation+1","EmptyFist","Protect+1"],"picked":"SKIP","floor":25.0},{"not_picked":["FlurryOfBlows","Replay:Hum+1","Study"],"picked":"SKIP","floor":27.0},{"not_picked":["ClearTheMind+1","WaveOfTheHand+1"],"picked":"Crescendo+1","floor":29.0},{"not_picked":["BattleHymn","ThirdEye+1"],"picked":"Pray+1","floor":30.0},{"not_picked":["Perseverance+1","WaveOfTheHand+1","FollowUp"],"picked":"SKIP","floor":31.0},{"not_picked":["TalkToTheHand","DeceiveReality+1","Consecrate+1"],"picked":"SKIP","floor":35.0},{"not_picked":["FlyingSleeves+1","CutThroughFate+1"],"picked":"CrushJoints+1","floor":38.0},{"not_picked":["SashWhip+1","Halt+1","BattleHymn+1"],"picked":"SKIP","floor":39.0},{"not_picked":["ReachHeaven+1","LessonLearned"],"picked":"InnerPeace+1","floor":40.0},{"not_picked":["ThirdEye+1","WheelKick"],"picked":"SignatureMove+1","floor":41.0}],"player_experience":65424,"relics_obtained":[{"floor":6.0,"key":"Shuriken"},{"floor":9.0,"key":"Replay:Bottled Eggs"},{"floor":14.0,"key":"Replay:Rubber Ducky"},{"floor":23.0,"key":"Thread and Needle"},{"floor":25.0,"key":"Toxic Egg 2"},{"floor":30.0,"key":"Replay:Baseball"},{"floor":37.0,"key":"PreservedInsect"},{"floor":40.0,"key":"Centennial Puzzle"}],"event_choices":[{"cards_removed":["Defend_P"],"damage_healed":0.0,"max_hp_gain":0.0,"max_hp_loss":0.0,"gold_gain":0.0,"event_name":"The Cleric","player_choice":"Card Removal","floor":2.0,"gold_loss":50.0,"damage_taken":0.0},{"damage_healed":0.0,"max_hp_gain":0.0,"max_hp_loss":0.0,"gold_gain":0.0,"event_name":"Lab","player_choice":"Got Potions","floor":8.0,"gold_loss":0.0,"damage_taken":0.0},{"damage_healed":0.0,"max_hp_gain":0.0,"max_hp_loss":0.0,"gold_gain":75.0,"event_name":"FaceTrader","player_choice":"Touch","floor":21.0,"gold_loss":0.0,"damage_taken":7.0},{"damage_healed":0.0,"max_hp_gain":0.0,"max_hp_loss":0.0,"gold_gain":0.0,"event_name":"Upgrade Shrine","player_choice":"Upgraded","floor":24.0,"gold_loss":0.0,"damage_taken":0.0,"cards_upgraded":["Judgement"]},{"damage_healed":0.0,"max_hp_gain":0.0,"max_hp_loss":0.0,"gold_gain":0.0,"event_name":"Winding Halls","player_choice":"Embrace Madness","floor":36.0,"gold_loss":0.0,"damage_taken":10.0,"cards_obtained":["Madness","Madness"]}],"is_beta":true,"boss_relics":[{"not_picked":["Empty Cage","Velvet Choker"],"picked":"Replay:Bronze Core"},{"not_picked":["Replay:Drink Me","Black Star"],"picked":"HolyWater"}],"items_purged_floors":[20,28],"is_endless":false,"potions_floor_spawned":[1,6,10,13,16,23,25,27,33,35],"killed_by":"R_Hoarder","ascension_level":0}}