{"host":"grli52lbdph2722t","time":1610554128,"event":{"mods":["AchievementEnabler","BaseMod","Downfall","Minty Spire (QoL Compilation)","Quick Restart","StSLib"],"gold_per_floor":[99,114,114,32,32,17,17,17,17,45,45,76,155,181,201,201,201,201],"floor_reached":16,"language":"ENG","playtime":641,"items_purged":[],"score":165,"play_id":"d0b002f0-1ce2-49b4-909f-642b5d54d8d7","local_time":"20210113170848","is_ascension_mode":true,"campfire_choices":[{"data":"Guardian:BaubleBeam","floor":1.0,"key":"SMITH"},{"data":"Guardian:TimeCapacitor","floor":9.0,"key":"SMITH"},{"floor":11.0,"key":"REST"}],"circlet_count":0,"master_deck":["Guardian:Strike_Guardian","Guardian:Strike_Guardian","Guardian:Strike_Guardian","Guardian:Defend_Guardian","Guardian:Defend_Guardian","Guardian:Defend_Guardian","Guardian:Defend_Guardian","Guardian:CurlUp","Guardian:TwinSlam","Guardian:BaubleBeam+1","Guardian:Planning","Guardian:TimeCapacitor+1","Guardian:Gem_Fragmented","Guardian:ChargeCore","Guardian:ShieldCharger"],"relics":["Guardian:ModeShifter","downfall:ShatteredFragment","Incense Burner","Blood Vial","Sundial","Dream Catcher"],"acts_visited":["Exordium"],"potions_floor_usage":[14,16],"damage_taken":[{"damage":0.0,"enemies":"Small Slimes","floor":2.0,"turns":3.0},{"damage":0.0,"enemies":"downfall:FleeingMerchant","floor":4.0,"turns":4.0},{"damage":10.0,"enemies":"downfall:FleeingMerchant","floor":6.0,"turns":4.0},{"damage":10.0,"enemies":"Lagavulin","floor":10.0,"turns":8.0},{"damage":24.0,"enemies":"Gremlin Nob","floor":12.0,"turns":4.0},{"damage":6,"enemies":"Lagavulin","floor":14,"turns":6},{"damage":3,"enemies":"Jaw Worm","floor":15,"turns":3},{"damage":42,"enemies":"ArchetypeAct1Statuses","floor":16,"turns":8}],"seed_played":"-4110158166347465730","potions_obtained":[{"floor":2.0,"key":"SkillPotion"},{"floor":12.0,"key":"Regen Potion"},{"floor":15,"key":"PowerPotion"}],"is_trial":false,"path_per_floor":["R","M","?","$","?","$","T","?","R","E","R","E","T","E","M","B"],"character_chosen":"GUARDIAN","items_purchased":["Guardian:TimeCapacitor"],"campfire_rested":1,"item_purchase_floors":[4],"current_hp_per_floor":[72,72,72,72,48,38,38,38,38,28,52,28,28,39,38,0,0,0],"gold":201,"neow_bonus":"THREE_RARE_CARDS","is_daily":false,"chose_seed":false,"campfire_upgraded":2,"win_rate":0.0,"timestamp":1610554128,"path_taken":["R","M","?","$","?","?","T","?","R","E","R","E","?","E","M","BOSS"],"items_purchased_type":["Card"],"build_version":"2020-12-22","purchased_purges":0,"victory":false,"max_hp_per_floor":[80,80,80,80,80,80,80,80,80,80,80,80,80,80,80,80,80,80],"card_choices":[{"not_picked":["Guardian:ConstructionForm","Guardian:FierceBash"],"picked":"Guardian:BaubleBeam","floor":0.0},{"not_picked":["Guardian:TemporalShield","Guardian:ShieldSpikes"],"picked":"Guardian:Planning","floor":2.0},{"not_picked":["Guardian:Recover","Guardian:CrystalBeam"],"picked":"Guardian:Gem_Blue","floor":4.0},{"not_picked":["Guardian:Gem_Cyan","Guardian:RollAttack","Guardian:BodySlam"],"picked":"SKIP","floor":6.0},{"not_picked":["Guardian:EvasiveProtocol","Guardian:ShieldCharger"],"picked":"Guardian:Gem_White","floor":10.0},{"not_picked":["Guardian:TemporalShield","Guardian:BronzeOrb"],"picked":"Guardian:Gem_Fragmented","floor":12.0},{"not_picked":["Guardian:Preprogram","Guardian:Gem_Red"],"picked":"Guardian:ChargeCore","floor":14},{"not_picked":["Guardian:RollAttack","Guardian:ChargeCore"],"picked":"Guardian:ShieldCharger","floor":15}],"player_experience":4984786,"relics_obtained":[{"floor":10.0,"key":"Incense Burner"},{"floor":12.0,"key":"Blood Vial"},{"floor":13.0,"key":"Sundial"},{"floor":14,"key":"Dream Catcher"}],"event_choices":[{"cards_removed":["Normality"],"damage_healed":0.0,"max_hp_gain":0.0,"max_hp_loss":0.0,"gold_gain":0.0,"event_name":"The Cleric","player_choice":"Card Removal","floor":3.0,"gold_loss":0.0,"damage_taken":0.0}],"is_beta":false,"boss_relics":[],"items_purged_floors":[],"is_endless":false,"potions_floor_spawned":[2,12,15],"killed_by":"ArchetypeAct1Statuses","ascension_level":9}}