{"host":"vh33hu3wddwn6yt6","time":1610570986,"event":{"mods":["AchievementEnabler","Act Like it!","Aspiration","BaseMod","Better Altar","Better Match","Better Note","Better Sensory Stone","Better Skull","Better Third Choice","BetterRewards","Downfall","Hermit","Hubris","Infinite Spire","Minty Spire (QoL Compilation)","Permanent Neow","Replay The Spire","Shade Mod","Shop Mod","Spicy Shops","StSLib","SuperFastMode","The Blackbeard","The Necromancer","The Runesmith","The Servant 0.9.4","TheBandit","Wandering Minibosses"],"gold_per_floor":[99,117,117,133,143,172,197,47,64,214,244,244,14,34,50,50,50],"floor_reached":16,"language":"DEU","playtime":417,"items_purged":[],"score":118,"play_id":"1f7f352d-6e22-4126-8e1e-fef9740025d8","local_time":"20210113214946","is_ascension_mode":true,"campfire_choices":[{"floor":1.0,"key":"RECALL"},{"floor":8,"key":"REST"}],"circlet_count":0,"master_deck":["Strike_S","Strike_S","Strike_S","Strike_S","Defend_S","Defend_S","Defend_S","Defend_S","KidneyShot","Exchange","Slimebound:Icky","Defy","Barrier"],"relics":["Uniform","Dream Catcher","downfall:HeartBlessingRed","downfall:HeartBlessingGreen","Broom","Pan","Centennial Puzzle"],"acts_visited":["Exordium"],"potions_floor_usage":[6,11],"damage_taken":[{"damage":0.0,"enemies":"Small Slimes","floor":2.0,"turns":3.0},{"damage":1.0,"enemies":"2 Louse","floor":4.0,"turns":2.0},{"damage":0.0,"enemies":"Cultist","floor":5.0,"turns":3.0},{"damage":35,"enemies":"Gremlin Nob","floor":6,"turns":6},{"damage":3,"enemies":"Blue Slaver","floor":9,"turns":5},{"damage":17,"enemies":"Lagavulin","floor":11,"turns":9},{"damage":4,"enemies":"downfall:FleeingMerchant","floor":13,"turns":7},{"damage":15,"enemies":"3 Louse","floor":14,"turns":6},{"damage":16,"enemies":"Gremlin Gang","floor":15,"turns":8},{"damage":14,"enemies":"downfall:Defect","floor":16,"turns":5}],"seed_played":"3204075613630887265","potions_obtained":[{"floor":5.0,"key":"FearPotion"},{"floor":6,"key":"LifebloodPotion"},{"floor":15,"key":"hexamod:EctoCoolerPotion"}],"is_trial":false,"path_per_floor":["R","M","?","M","M","E","T","R","M","?","E","?","$","M","M","B"],"character_chosen":"THE_SERVANT","items_purchased":["Pan","Centennial Puzzle"],"campfire_rested":1,"item_purchase_floors":[13,13],"current_hp_per_floor":[71,71,76,75,75,40,40,62,59,59,42,46,42,27,11,0,0],"gold":50,"neow_bonus":"TEN_PERCENT_HP_BONUS","is_daily":false,"chose_seed":false,"campfire_upgraded":0,"win_rate":0.0,"timestamp":1610570986,"path_taken":["R","M","?","M","M","E","T","R","M","?","E","?","$","M","M","BOSS"],"items_purchased_type":["Relic","Relic"],"build_version":"2020-12-22","purchased_purges":0,"victory":false,"max_hp_per_floor":[71,71,76,76,76,76,76,76,76,76,76,76,76,76,76,76,76],"card_choices":[{"not_picked":["FastForward","FanOfKnives","BottledTime"],"picked":"SKIP","floor":2.0},{"not_picked":["Starlight","FastForward","Rewind"],"picked":"SKIP","floor":4.0},{"not_picked":["Alleviate","ReturningBlade","Rearm"],"picked":"SKIP","floor":5.0},{"not_picked":["BottledTime","Collapse","Replace"],"picked":"SKIP","floor":6},{"not_picked":["RealityMarble","Read","Rearm"],"picked":"SKIP","floor":9},{"not_picked":["Dilation","FastForward","Starlight"],"picked":"SKIP","floor":11},{"not_picked":["Rewind","Potential","Contraction"],"picked":"SKIP","floor":13},{"not_picked":["Alleviate","Potential"],"picked":"Defy","floor":14},{"not_picked":["Shuttle","Rearm"],"picked":"Barrier","floor":15}],"player_experience":629019,"relics_obtained":[{"floor":6,"key":"Dream Catcher"},{"floor":11,"key":"Broom"}],"event_choices":[{"damage_healed":0.0,"max_hp_gain":5.0,"max_hp_loss":0.0,"gold_gain":0.0,"event_name":"Big Fish","player_choice":"Donut","floor":3.0,"gold_loss":0.0,"damage_taken":0.0},{"damage_healed":4,"gold_gain":0,"player_choice":"LEAVE ","damage_taken":0,"relics_obtained":[],"max_hp_gain":0,"max_hp_loss":0,"event_name":"betterSkull:BetterSkull","floor":12,"gold_loss":0,"cards_upgraded":[]}],"is_beta":false,"boss_relics":[],"items_purged_floors":[],"is_endless":false,"potions_floor_spawned":[5,6,15],"killed_by":"downfall:Defect","ascension_level":1}}