{"host":"3rixevx6n8b56xaj","time":1610551875,"event":{"mods":["2.2 Compatiblity","AchievementEnabler","Arknights The Spire","BaseMod","Colored Map","DeckTracker","Friendly Minions","Minty Spire (QoL Compilation)","Poor People Problems","StSLib","SuperFastMode"],"gold_per_floor":[115,127,138,155,105,105,137,147,171,171,185,220,220,27,27,27,27],"floor_reached":16,"language":"KOR","playtime":385,"items_purged":[],"score":112,"play_id":"e3d3f72a-095a-486d-abd0-78299f0e5efd","local_time":"20210114003115","is_ascension_mode":false,"campfire_choices":[{"data":"Eruption","floor":6,"key":"SMITH"},{"floor":10,"key":"REST"},{"data":"CrushJoints","floor":13,"key":"SMITH"},{"floor":15,"key":"REST"}],"circlet_count":0,"master_deck":["Strike_P","Strike_P","Strike_P","Defend_P","Defend_P","Defend_P","Defend_P","Eruption+1","Vigilance","Blasphemy","CrushJoints+1","FlurryOfBlows","DevaForm","EmptyFist","EmptyBody","TalkToTheHand"],"relics":["PureWater","Nunchaku","Potion Belt","Vajra","Membership Card"],"acts_visited":["Exordium"],"potions_floor_usage":[7,16],"damage_taken":[{"damage":1,"enemies":"Jaw Worm","floor":1,"turns":4},{"damage":0,"enemies":"Small Slimes","floor":2,"turns":3},{"damage":9,"enemies":"2 Louse","floor":3,"turns":2},{"damage":5,"enemies":"2 Fungi Beasts","floor":4,"turns":5},{"damage":51,"enemies":"Gremlin Nob","floor":7,"turns":4},{"damage":0,"enemies":"3 Louse","floor":8,"turns":3},{"damage":0,"enemies":"Blue Slaver","floor":11,"turns":1},{"damage":21,"enemies":"3 Sentries","floor":12,"turns":9},{"damage":27,"enemies":"Hexaghost","floor":16,"turns":10}],"seed_played":"-4959325215628719382","potions_obtained":[{"floor":2,"key":"GamblersBrew"},{"floor":4,"key":"Swift Potion"},{"floor":7,"key":"BlessingOfTheForge"},{"floor":12,"key":"EssenceOfSteel"}],"is_trial":false,"path_per_floor":["M","M","M","M","?","R","E","M","T","R","M","E","R","$","R","B"],"character_chosen":"WATCHER","items_purchased":["Membership Card","TalkToTheHand"],"campfire_rested":2,"item_purchase_floors":[14,14],"current_hp_per_floor":[71,71,62,57,57,57,6,6,6,27,27,6,6,6,27,0,0],"gold":27,"neow_bonus":"ONE_RANDOM_RARE_CARD","is_daily":false,"chose_seed":false,"campfire_upgraded":2,"win_rate":0.0,"timestamp":1610551875,"path_taken":["M","M","M","M","?","R","E","M","T","R","M","E","R","$","R","BOSS"],"items_purchased_type":["Relic","Card"],"build_version":"2020-12-22","purchased_purges":0,"victory":false,"max_hp_per_floor":[72,72,72,72,72,72,72,72,72,72,72,72,72,72,72,72,72],"card_choices":[{"not_picked":["FlyingSleeves","Sanctity"],"picked":"CrushJoints","floor":1},{"not_picked":["ClearTheMind","Crescendo"],"picked":"FlurryOfBlows","floor":2},{"not_picked":["SashWhip","ThirdEye","Crescendo"],"picked":"SKIP","floor":3},{"not_picked":["WheelKick","TalkToTheHand"],"picked":"DevaForm","floor":4},{"not_picked":["SashWhip","PathToVictory","CrushJoints"],"picked":"SKIP","floor":7},{"not_picked":["FlurryOfBlows","Vengeance"],"picked":"EmptyFist","floor":8},{"not_picked":["EmptyFist","Crescendo","CutThroughFate"],"picked":"SKIP","floor":11},{"not_picked":["FlyingSleeves","Brilliance"],"picked":"EmptyBody","floor":12}],"player_experience":611702,"relics_obtained":[{"floor":7,"key":"Nunchaku"},{"floor":9,"key":"Potion Belt"},{"floor":12,"key":"Vajra"}],"event_choices":[{"cards_removed":["Strike_P"],"damage_healed":0,"gold_gain":0,"player_choice":"Card Removal","damage_taken":0,"max_hp_gain":0,"max_hp_loss":0,"event_name":"The Cleric","floor":5,"gold_loss":50}],"is_beta":false,"boss_relics":[],"items_purged_floors":[],"is_endless":false,"potions_floor_spawned":[2,4,7,12],"killed_by":"Hexaghost","ascension_level":0}}