{"host":"zekcc3vicrep0och","time":1610520890,"event":{"mods":["AchievementEnabler","BaseMod","Colored Map","Colored Powertips","Displayed Cursed Tome","Highlight Path","Minty Spire (QoL Compilation)","Quick Restart","Relic Stats","StSLib","The Cursed"],"gold_per_floor":[116,134,114,69,69,69,102,115,115,145,163,190,207,263,263,340,340,354,125,125,139,139,172,172,172,172],"floor_reached":25,"language":"ENG","playtime":854,"items_purged":["Strike_R"],"score":466,"play_id":"1267a0e4-7c7b-4128-b133-dbc5e4a41133","local_time":"20210113095450","is_ascension_mode":true,"campfire_choices":[{"data":"Inflame","floor":6.0,"key":"SMITH"},{"data":"Armaments","floor":15.0,"key":"SMITH"},{"floor":24,"key":"REST"}],"circlet_count":0,"master_deck":["AscendersBane","Strike_R","Strike_R","Strike_R","Strike_R","Defend_R","Defend_R","Defend_R","Defend_R","Bash+1","Rampage","Headbutt","Inflame+1","Cleave","Impervious","Uppercut","Armaments+1","Exhume","Rage","Shrug It Off","Writhe","Pummel","Disarm"],"relics":["Black Blood","HornCleat","Art of War","Red Skull","TungstenRod","Orichalcum","Membership Card","Eternal Feather","Akabeko","Prayer Wheel"],"acts_visited":["Exordium","TheCity"],"potions_floor_usage":[23],"damage_taken":[{"damage":7.0,"enemies":"2 Louse","floor":1.0,"turns":4.0},{"damage":1.0,"enemies":"Cultist","floor":2.0,"turns":3.0},{"damage":31.0,"enemies":"Gremlin Nob","floor":7.0,"turns":4.0},{"damage":5.0,"enemies":"Small Slimes","floor":8.0,"turns":3.0},{"damage":6.0,"enemies":"3 Sentries","floor":10.0,"turns":4.0},{"damage":6.0,"enemies":"Looter","floor":11.0,"turns":3.0},{"damage":10.0,"enemies":"Lagavulin","floor":12.0,"turns":6.0},{"damage":5.0,"enemies":"2 Fungi Beasts","floor":13.0,"turns":2.0},{"damage":9.0,"enemies":"3 Sentries","floor":14.0,"turns":5.0},{"damage":17.0,"enemies":"Hexaghost","floor":16.0,"turns":11.0},{"damage":11.0,"enemies":"Shell Parasite","floor":18.0,"turns":6.0},{"damage":28.0,"enemies":"Spheric Guardian","floor":21.0,"turns":6.0},{"damage":39,"enemies":"Slavers","floor":23,"turns":6},{"damage":20,"enemies":"Gremlin Leader","floor":25,"turns":4}],"seed_played":"-746462293667575619","potions_obtained":[{"floor":1.0,"key":"Strength Potion"},{"floor":3.0,"key":"DuplicationPotion"},{"floor":7.0,"key":"CultistPotion"},{"floor":13.0,"key":"Strength Potion"},{"floor":16.0,"key":"Weak Potion"},{"floor":18.0,"key":"Ancient Potion"},{"floor":21.0,"key":"Swift Potion"}],"is_trial":false,"path_per_floor":["M","M","?","$","$","R","E","M","T","E","M","E","M","?","R","B",null,"M","$","?","M","?","E","R","E"],"character_chosen":"IRONCLAD","items_purchased":["Inflame","Membership Card","Shrug It Off"],"campfire_rested":1,"item_purchase_floors":[4,19,19],"current_hp_per_floor":[67,72,72,72,72,72,47,48,48,48,48,44,45,42,42,31,64,65,65,65,49,49,22,56,36,36],"gold":172,"neow_bonus":"UPGRADE_CARD","is_daily":false,"chose_seed":false,"campfire_upgraded":2,"win_rate":0.0,"timestamp":1610520890,"path_taken":["M","M","?","?","$","R","E","M","T","E","M","E","M","?","R","BOSS","M","$","?","M","?","E","R","E"],"items_purchased_type":["Card","Relic","Card"],"build_version":"2020-12-22","purchased_purges":1,"victory":false,"max_hp_per_floor":[75,75,75,75,75,75,75,75,75,75,75,75,75,75,75,75,75,75,75,75,75,75,75,75,75,75],"relic_stats":{"counters":[14,67],"Black Blood":96,"Eternal Feather":12,"Prayer Wheel":0,"Art of War":[4],"Orichalcum":[54],"obtain_stats":[{"HornCleat":7,"Black Blood":17,"Eternal Feather":20,"Prayer Wheel":23,"Art of War":9,"Membership Card":19,"Orichalcum":14,"Burning Blood":0,"Red Skull":10,"TungstenRod":12,"Akabeko":22},{"HornCleat":3,"Black Blood":10,"Eternal Feather":11,"Prayer Wheel":13,"Art of War":4,"Membership Card":11,"Orichalcum":9,"Burning Blood":0,"Red Skull":5,"TungstenRod":7,"Akabeko":12},{"HornCleat":11,"Black Blood":45,"Eternal Feather":51,"Prayer Wheel":63,"Art of War":14,"Membership Card":51,"Orichalcum":34,"Burning Blood":0,"Red Skull":18,"TungstenRod":27,"Akabeko":57}],"TungstenRod":24},"card_choices":[{"not_picked":["Hemokinesis","Headbutt"],"picked":"Rampage","floor":1.0},{"not_picked":["Warcry","Perfected Strike"],"picked":"Headbutt","floor":2.0},{"not_picked":["Iron Wave","Metallicize"],"picked":"Cleave","floor":7.0},{"not_picked":["Body Slam","Flex","Headbutt"],"picked":"SKIP","floor":8.0},{"not_picked":["Metallicize","Searing Blow"],"picked":"Impervious","floor":10.0},{"not_picked":["Anger","True Grit"],"picked":"Uppercut","floor":11.0},{"not_picked":["Spot Weakness","Warcry"],"picked":"Armaments","floor":12.0},{"not_picked":["Warcry","Rupture","Flex"],"picked":"SKIP","floor":13.0},{"not_picked":["Rage","Perfected Strike"],"picked":"Dual Wield","floor":14.0},{"not_picked":["Immolate","Bludgeon"],"picked":"Exhume","floor":16.0},{"not_picked":["Clothesline","Power Through"],"picked":"Rage","floor":18.0},{"not_picked":["Armaments","Hemokinesis"],"picked":"Pummel","floor":21.0},{"not_picked":["Wild Strike","Dark Embrace"],"picked":"Disarm","floor":23}],"player_experience":523689,"relics_obtained":[{"floor":7.0,"key":"HornCleat"},{"floor":9.0,"key":"Art of War"},{"floor":10.0,"key":"Red Skull"},{"floor":12.0,"key":"TungstenRod"},{"floor":14.0,"key":"Orichalcum"},{"floor":23,"key":"Prayer Wheel"}],"event_choices":[{"damage_healed":0.0,"max_hp_gain":0.0,"max_hp_loss":0.0,"gold_gain":0.0,"event_name":"The Woman in Blue","player_choice":"Bought 1 Potion","floor":3.0,"gold_loss":0.0,"damage_taken":0.0},{"damage_healed":0.0,"max_hp_gain":0.0,"max_hp_loss":0.0,"gold_gain":0.0,"event_name":"Dead Adventurer","player_choice":"Searched \u00271\u0027 times","floor":14.0,"gold_loss":0.0,"damage_taken":0.0},{"damage_healed":0.0,"max_hp_gain":0.0,"max_hp_loss":0.0,"gold_gain":0.0,"event_name":"The Mausoleum","player_choice":"Opened","floor":20.0,"gold_loss":0.0,"damage_taken":0.0,"relics_obtained":["Eternal Feather"],"cards_obtained":["Writhe"]},{"cards_removed":["Dual Wield"],"damage_healed":0.0,"max_hp_gain":0.0,"max_hp_loss":0.0,"gold_gain":0.0,"event_name":"WeMeetAgain","player_choice":"Gave Card","floor":22.0,"gold_loss":0.0,"damage_taken":0.0,"relics_obtained":["Akabeko"]}],"is_beta":false,"boss_relics":[{"not_picked":["Coffee Dripper","Snecko Eye"],"picked":"Black Blood"}],"items_purged_floors":[19],"is_endless":false,"potions_floor_spawned":[1,7,13,16,18,21],"killed_by":"Gremlin Leader","ascension_level":19}}