{"host":"fjaupvxe7fzqrf4j","time":1610553299,"event":{"mods":["ATMod(°¢èªMod)","BaseMod","Minty Spire (QoL Compilation)","StSLib"],"gold_per_floor":[116,116,191,191,191,217,217,242,292,400,459,567,620,680,680,778,778,845,845,895,810,887,263,373,433,433,533,635,673,724,831,831,930,930,1023,1066,640,640,712,766,817,877,900,959,1061,1156,1209,1252,1252,1377,1427,1427,1427,503,582,607],"floor_reached":57,"language":"ZHS","playtime":1266,"items_purged":["CutThroughFate","BowlingBash","FlurryOfBlows+1"],"score":4668,"play_id":"0a92bbd4-861c-4cbf-935e-3fb654087210","local_time":"20210113235459","daily_mods":["SealedDeck","Heirloom","Time Dilation","Flight","Elite Swarm"],"is_ascension_mode":true,"campfire_choices":[{"data":"Scrawl","floor":7.0,"key":"SMITH"},{"data":"AT_ChampionStep","floor":15.0,"key":"SMITH"},{"data":"Scrawl","floor":32.0,"key":"SMITH"},{"floor":49.0,"key":"RECALL"}],"circlet_count":0,"master_deck":["AscendersBane","Halt+1","FollowUp+1","Tantrum+1","AT_ChampionStep+1","Adaptation+1","InnerPeace+1","Tantrum+1","AT_CaressingTears+1","Scrawl+1","Scrawl+1","LessonLearned+1","TalkToTheHand+1","Adaptation+1","Omniscience+1","Fasting2+1","MentalFortress+1"],"relics":["PureWater","AT_ATBox","Incense Burner","Thread and Needle","Centennial Puzzle","AT_MibuBalloonWealth","Ginger","CaptainsWheel","Omamori","War Paint","Runic Dome","Orichalcum","Shuriken","Gremlin Horn","Bottled Tornado","Tiny Chest","Nunchaku","StrikeDummy","Turnip","Damaru","Meat on the Bone","CloakClasp","Coffee Dripper","AT_ChloranthyRing","DollysMirror","Toxic Egg 2","Ancient Tea Set","Yang","Bottled Flame","Happy Flower","AT_RedNoBalance","Singing Bowl","Unceasing Top","Strawberry","Orrery","AT_BellDemon","Blue Candle","InkBottle","TeardropLocket"],"acts_visited":["Exordium","TheCity","TheBeyond","TheEnding"],"potions_floor_usage":[56,56],"damage_taken":[{"damage":0.0,"enemies":"Cultist","floor":1.0,"turns":2.0},{"damage":0.0,"enemies":"Gremlin Nob","floor":6.0,"turns":2.0},{"damage":0.0,"enemies":"Lagavulin","floor":8.0,"turns":1.0},{"damage":0.0,"enemies":"3 Sentries","floor":10.0,"turns":2.0},{"damage":0.0,"enemies":"Lagavulin","floor":11.0,"turns":2.0},{"damage":0.0,"enemies":"3 Sentries","floor":12.0,"turns":1.0},{"damage":0.0,"enemies":"Lagavulin","floor":13.0,"turns":1.0},{"damage":0.0,"enemies":"2 Louse","floor":14.0,"turns":2.0},{"damage":0.0,"enemies":"Slime Boss","floor":16.0,"turns":1.0},{"damage":0.0,"enemies":"2 Thieves","floor":18.0,"turns":2.0},{"damage":0.0,"enemies":"Slavers","floor":24.0,"turns":1.0},{"damage":0.0,"enemies":"Book of Stabbing","floor":25.0,"turns":1.0},{"damage":0.0,"enemies":"Gremlin Leader","floor":27.0,"turns":1.0},{"damage":0.0,"enemies":"Slavers","floor":28.0,"turns":1.0},{"damage":0.0,"enemies":"Chosen","floor":29.0,"turns":1.0},{"damage":0.0,"enemies":"Book of Stabbing","floor":30.0,"turns":2.0},{"damage":0.0,"enemies":"Gremlin Leader","floor":31.0,"turns":1.0},{"damage":5.0,"enemies":"Champ","floor":33.0,"turns":2.0},{"damage":3.0,"enemies":"3 Shapes","floor":35.0,"turns":1.0},{"damage":0.0,"enemies":"Orb Walker","floor":36.0,"turns":1.0},{"damage":0.0,"enemies":"Nemesis","floor":40.0,"turns":1.0},{"damage":0.0,"enemies":"Giant Head","floor":41.0,"turns":1.0},{"damage":0.0,"enemies":"Nemesis","floor":42.0,"turns":1.0},{"damage":0.0,"enemies":"Giant Head","floor":44.0,"turns":1.0},{"damage":0.0,"enemies":"Reptomancer","floor":45.0,"turns":1.0},{"damage":0.0,"enemies":"2 Orb Walkers","floor":46.0,"turns":1.0},{"damage":0.0,"enemies":"Giant Head","floor":47.0,"turns":2.0},{"damage":0.0,"enemies":"Transient","floor":48.0,"turns":3.0},{"damage":0.0,"enemies":"Awakened One","floor":50.0,"turns":2.0},{"damage":0.0,"enemies":"Donu and Deca","floor":51.0,"turns":2.0},{"damage":0.0,"enemies":"Shield and Spear","floor":55.0,"turns":1.0},{"damage":32,"enemies":"The Heart","floor":56,"turns":4}],"seed_played":"911609385221467399","potions_obtained":[{"floor":8.0,"key":"BottledMiracle"},{"floor":10.0,"key":"SmokeBomb"},{"floor":11.0,"key":"DistilledChaos"},{"floor":25.0,"key":"DuplicationPotion"},{"floor":44.0,"key":"PowerPotion"}],"is_trial":true,"path_per_floor":["M","$","?","T","?","E","R","E","T","E","E","E","E","M","R","B",null,"M","?","?","?","T","$","E","E","T","E","E","M","E","E","R","B",null,"M","M","$","?","T","E","E","E","T","E","E","?","E","M","R","B","B",null,"R","$","E","B",null],"character_chosen":"WATCHER","items_purchased":["Gremlin Horn","Bottled Tornado","AT_ChloranthyRing","DollysMirror","Orrery","AT_BellDemon","Blue Candle","MentalFortress","Ancient Potion"],"campfire_rested":0,"item_purchase_floors":[23,23,37,37,54,54,54,54,54],"current_hp_per_floor":[61,61,50,50,50,50,50,50,50,53,53,53,53,53,53,53,64,64,64,64,64,64,64,64,64,64,64,64,64,64,64,64,59,66,63,63,63,63,63,63,63,63,63,63,48,49,57,57,57,57,61,76,76,86,88,60],"gold":607,"neow_bonus":"","is_daily":false,"chose_seed":false,"campfire_upgraded":3,"win_rate":0.0,"timestamp":1610553299,"path_taken":["M","?","?","?","?","E","R","E","T","E","E","E","E","?","R","BOSS","M","?","?","?","?","$","E","E","T","E","E","?","E","E","R","BOSS","M","?","$","?","?","E","E","E","T","E","E","?","E","?","R","BOSS","BOSS","R","$","E","BOSS"],"items_purchased_type":["Relic","Relic","Relic","Relic","Relic","Relic","Relic","Card","Potion"],"build_version":"2020-12-22","purchased_purges":3,"victory":true,"max_hp_per_floor":[68,68,68,68,68,68,68,68,68,68,68,68,68,68,68,68,68,68,68,68,68,68,68,68,68,68,68,68,68,68,68,68,68,68,68,68,68,68,68,68,68,68,68,68,70,72,81,81,81,81,81,81,81,91,93,93],"card_choices":[{"not_picked":["FlurryOfBlows","FollowUp","Protect"],"picked":"SKIP","floor":1.0},{"not_picked":["AT_MachinaRedman","AT_ChampionKick"],"picked":"Scrawl","floor":6.0},{"not_picked":["Alpha","MasterReality","Devotion"],"picked":"SKIP","floor":8.0},{"not_picked":["AT_ChampionKick","Blasphemy","Judgement"],"picked":"SKIP","floor":10.0},{"not_picked":["ConjureBlade","Brilliance"],"picked":"Scrawl","floor":11.0},{"not_picked":["Devotion","SpiritShield","AT_IrregularMenstruation"],"picked":"SKIP","floor":12.0},{"not_picked":["Vault","Establishment","AT_ChampionKick"],"picked":"SKIP","floor":13.0},{"not_picked":["Pray","BowlingBash","Tantrum"],"picked":"SKIP","floor":14.0},{"not_picked":["Halt+1","BowlingBash","Crescendo+1"],"picked":"SKIP","floor":18.0},{"not_picked":["AT_MachinaRedman","ConjureBlade","AT_IrregularMenstruation"],"picked":"SKIP","floor":24.0},{"not_picked":["Establishment","Devotion","DeusExMachina"],"picked":"SKIP","floor":25.0},{"not_picked":["Alpha","Judgement","Brilliance"],"picked":"SKIP","floor":27.0},{"not_picked":["Scrawl","AT_IrregularMenstruation","AT_ChampionKick"],"picked":"SKIP","floor":28.0},{"not_picked":["CrushJoints","ThirdEye","PathToVictory"],"picked":"SKIP","floor":29.0},{"not_picked":["Establishment","Wish","Devotion"],"picked":"SKIP","floor":30.0},{"not_picked":["ConjureBlade","Establishment"],"picked":"LessonLearned","floor":31.0},{"not_picked":["SashWhip+1","Nirvana"],"picked":"TalkToTheHand","floor":35.0},{"not_picked":["CutThroughFate","PathToVictory","JustLucky+1"],"picked":"SKIP","floor":36.0},{"not_picked":["AT_ChampionKick","Brilliance"],"picked":"Omniscience+1","floor":40.0},{"not_picked":["LessonLearned","Vault+1","DeusExMachina+1"],"picked":"SKIP","floor":41.0},{"not_picked":["Judgement+1","Ragnarok","Vault+1"],"picked":"SKIP","floor":42.0},{"not_picked":["Vault+1","Scrawl+1","Judgement+1"],"picked":"SKIP","floor":44.0},{"not_picked":["AT_ChampionKick","Brilliance","Vault+1"],"picked":"Singing Bowl","floor":45.0},{"not_picked":["BowlingBash","Indignation+1","Halt+1"],"picked":"Singing Bowl","floor":46.0},{"not_picked":["DeusExMachina+1","Establishment","MasterReality"],"picked":"Singing Bowl","floor":47.0},{"not_picked":["Meditate+1","Halt+1"],"picked":"Fasting2","floor":48.0},{"not_picked":["WaveOfTheHand+1","Indignation+1","ReachHeaven+1"],"picked":"Singing Bowl","floor":54.0},{"not_picked":["SignatureMove+1","SashWhip","Evaluate+1"],"picked":"Singing Bowl","floor":54.0},{"not_picked":["JustLucky+1","AT_IrregularMenstruation+1","SashWhip"],"picked":"Singing Bowl","floor":54.0},{"not_picked":["LikeWater","Perseverance+1","Adaptation"],"picked":"Singing Bowl","floor":54.0},{"not_picked":["Consecrate+1","WheelKick+1","BowlingBash"],"picked":"Singing Bowl","floor":54.0},{"not_picked":["AT_ChampionKick","AT_IrregularMenstruation+1","MasterReality"],"picked":"Singing Bowl","floor":55.0}],"player_experience":428220,"relics_obtained":[{"floor":6.0,"key":"Thread and Needle"},{"floor":8.0,"key":"Centennial Puzzle"},{"floor":9.0,"key":"AT_MibuBalloonWealth"},{"floor":10.0,"key":"Ginger"},{"floor":11.0,"key":"CaptainsWheel"},{"floor":12.0,"key":"Omamori"},{"floor":13.0,"key":"War Paint"},{"floor":22.0,"key":"Shuriken"},{"floor":24.0,"key":"Tiny Chest"},{"floor":25.0,"key":"Nunchaku"},{"floor":26.0,"key":"StrikeDummy"},{"floor":27.0,"key":"Turnip"},{"floor":28.0,"key":"Damaru"},{"floor":30.0,"key":"Meat on the Bone"},{"floor":31.0,"key":"CloakClasp"},{"floor":39.0,"key":"Toxic Egg 2"},{"floor":40.0,"key":"Ancient Tea Set"},{"floor":41.0,"key":"Yang"},{"floor":42.0,"key":"Bottled Flame"},{"floor":43.0,"key":"Happy Flower"},{"floor":44.0,"key":"AT_SilverBalance"},{"floor":45.0,"key":"Singing Bowl"},{"floor":46.0,"key":"Unceasing Top"},{"floor":47.0,"key":"Strawberry"},{"floor":55.0,"key":"InkBottle"},{"floor":55.0,"key":"TeardropLocket"}],"event_choices":[{"damage_healed":0.0,"max_hp_gain":0.0,"max_hp_loss":0.0,"gold_gain":75.0,"event_name":"World of Goop","player_choice":"Gather Gold","floor":3.0,"gold_loss":0.0,"damage_taken":11.0},{"damage_healed":0.0,"max_hp_gain":0.0,"max_hp_loss":0.0,"gold_gain":0.0,"event_name":"Upgrade Shrine","player_choice":"Upgraded","floor":5.0,"gold_loss":0.0,"damage_taken":0.0,"cards_upgraded":["Adaptation"]},{"damage_healed":0.0,"max_hp_gain":0.0,"max_hp_loss":0.0,"gold_gain":0.0,"event_name":"The Mausoleum","player_choice":"Ignored","floor":19.0,"gold_loss":0.0,"damage_taken":0.0},{"damage_healed":0.0,"max_hp_gain":0.0,"max_hp_loss":0.0,"gold_gain":50.0,"event_name":"Nest","player_choice":"Stole From Cult","floor":20.0,"gold_loss":0.0,"damage_taken":0.0},{"damage_healed":0.0,"max_hp_gain":0.0,"max_hp_loss":0.0,"gold_gain":0.0,"event_name":"Addict","player_choice":"Obtained Relic","floor":21.0,"gold_loss":85.0,"damage_taken":0.0,"relics_obtained":["Orichalcum"]},{"damage_healed":0.0,"max_hp_gain":0.0,"max_hp_loss":0.0,"gold_gain":0.0,"event_name":"Tomb of Lord Red Mask","player_choice":"Ignored","floor":38.0,"gold_loss":0.0,"damage_taken":0.0},{"damage_healed":0.0,"max_hp_gain":0.0,"max_hp_loss":0.0,"gold_gain":0.0,"event_name":"Mysterious Sphere","player_choice":"Fight","floor":46.0,"gold_loss":0.0,"damage_taken":0.0}],"is_beta":false,"boss_relics":[{"not_picked":["SlaversCollar","Astrolabe"],"picked":"Runic Dome"},{"not_picked":["Busted Crown","Calling Bell"],"picked":"Coffee Dripper"}],"items_purged_floors":[23,37,54],"is_endless":false,"potions_floor_spawned":[8,10,11,12,16,25,27,28,31,35,36,42,44,47,48,55],"ascension_level":20}}