{"host":"fkig9nrckec4xsh0","time":1610502007,"event":{"mods":["BaseMod","Colored Map","Minty Spire (QoL Compilation)","Quick Restart","Replay The Spire","StSLib"],"gold_per_floor":[114,114,133,189,208,237,237,237,237],"floor_reached":8,"language":"ENG","playtime":370,"items_purged":[],"score":64,"play_id":"2167e9dc-535f-4068-92fd-8857c5949711","local_time":"20210112204007","is_ascension_mode":true,"campfire_choices":[{"data":"Calculated Gamble","floor":7.0,"key":"SMITH"}],"circlet_count":0,"master_deck":["Strike_G","Strike_G","Strike_G","Strike_G","Strike_G","Defend_G","Defend_G","Defend_G","Defend_G","Defend_G","Survivor","Neutralize","Calculated Gamble+1","Dagger Throw","Hidden Blade","Dagger Throw","Backflip","Poisoned Stab"],"relics":["Ring of the Snake","Replay:Accelerometer","Replay:Bottled Flurry"],"acts_visited":["Exordium"],"potions_floor_usage":[],"damage_taken":[{"damage":10.0,"enemies":"Jaw Worm","floor":1.0,"turns":5.0},{"damage":0.0,"enemies":"Cultist","floor":3.0,"turns":3.0},{"damage":0.0,"enemies":"Small Slimes","floor":5.0,"turns":3.0},{"damage":26.0,"enemies":"Gremlin Nob","floor":6.0,"turns":5.0},{"damage":0,"enemies":"3 Sentries","floor":8,"turns":1}],"seed_played":"746089684427427530","potions_obtained":[{"floor":3.0,"key":"Doom Potion"},{"floor":4.0,"key":"SpeedPotion"}],"is_trial":false,"path_per_floor":["M","?","M","?","M","E","R","E"],"character_chosen":"THE_SILENT","items_purchased":[],"campfire_rested":0,"item_purchase_floors":[],"current_hp_per_floor":[60,53,53,53,53,27,27,27,27],"gold":237,"neow_bonus":"THREE_CARDS","is_daily":false,"chose_seed":false,"campfire_upgraded":1,"win_rate":0.0,"timestamp":1610502007,"path_taken":["M","?","?","?","M","E","R","E"],"items_purchased_type":[],"build_version":"2020-12-22","purchased_purges":0,"victory":false,"max_hp_per_floor":[70,70,70,70,70,70,70,70,70],"card_choices":[{"not_picked":["Setup","Hidden Blade"],"picked":"Calculated Gamble","floor":0.0},{"not_picked":["Bane","Sucker Punch"],"picked":"Dagger Throw","floor":1.0},{"not_picked":["Heel Hook","Distraction"],"picked":"Hidden Blade","floor":3.0},{"not_picked":["Eviscerate","Deflect"],"picked":"Dagger Throw","floor":4.0},{"not_picked":["Sucker Punch","Cloak And Dagger"],"picked":"Backflip","floor":5.0},{"not_picked":["Terror","Prepared"],"picked":"Poisoned Stab","floor":6.0}],"player_experience":299536,"relics_obtained":[{"floor":4.0,"key":"Replay:Accelerometer"},{"floor":6.0,"key":"Replay:Bottled Flurry"}],"event_choices":[{"damage_healed":0.0,"max_hp_gain":0.0,"max_hp_loss":0.0,"gold_gain":0.0,"event_name":"Wheel of Change","player_choice":"Damaged","floor":2.0,"gold_loss":0.0,"damage_taken":7.0}],"is_beta":false,"boss_relics":[],"items_purged_floors":[],"is_endless":false,"potions_floor_spawned":[3],"killed_by":"3 Sentries","ascension_level":3}}