{"host":"9n6i2vl93jt4o42q","time":1610563620,"event":{"mods":["BaseMod","Minty Spire (QoL Compilation)","Relic Stats"],"gold_per_floor":[116,130,142,142,160,160,193,193,220,246,10,10,36,63,63,136,136,153,153,170,170,183,183,217,142,142,8,8,8],"floor_reached":28,"language":"ENG","playtime":1648,"items_purged":["Strike_R"],"score":495,"play_id":"098d48b5-04ed-4ce9-838e-8021d66477d0","local_time":"20210113194700","is_ascension_mode":true,"campfire_choices":[{"data":"Apotheosis","floor":6,"key":"SMITH"},{"data":"Evolve","floor":8,"key":"SMITH"},{"data":"Uppercut","floor":12,"key":"SMITH"},{"floor":15,"key":"REST"},{"floor":23,"key":"REST"}],"circlet_count":0,"master_deck":["AscendersBane","Strike_R","Strike_R","Defend_R","Defend_R","Defend_R","Defend_R","Bash","Apotheosis+1","Rage","Uppercut+1","Evolve+1","Wild Strike","Flex","Flame Barrier","Iron Wave","Cleave","Berserk","Seeing Red","Battle Trance","Body Slam","True Grit"],"relics":["Burning Blood","Nunchaku","Potion Belt","Orichalcum","Medical Kit","PreservedInsect","Odd Mushroom","Busted Crown","Tiny Chest","Meat on the Bone"],"acts_visited":["Exordium","TheCity"],"potions_floor_usage":[22,24,28],"damage_taken":[{"damage":14,"enemies":"2 Louse","floor":1,"turns":3},{"damage":8,"enemies":"Jaw Worm","floor":2,"turns":5},{"damage":0,"enemies":"Small Slimes","floor":3,"turns":3},{"damage":0,"enemies":"2 Fungi Beasts","floor":5,"turns":4},{"damage":19,"enemies":"3 Sentries","floor":7,"turns":6},{"damage":7,"enemies":"Lagavulin","floor":10,"turns":6},{"damage":5,"enemies":"3 Sentries","floor":13,"turns":7},{"damage":21,"enemies":"The Mushroom Lair","floor":14,"turns":5},{"damage":13,"enemies":"Slime Boss","floor":16,"turns":8},{"damage":11,"enemies":"3 Byrds","floor":18,"turns":5},{"damage":21,"enemies":"Shell Parasite","floor":20,"turns":6},{"damage":14,"enemies":"Snecko","floor":22,"turns":6},{"damage":34,"enemies":"Slavers","floor":24,"turns":6},{"damage":27,"enemies":"Book of Stabbing","floor":28,"turns":3}],"seed_played":"-2349857061333918419","potions_obtained":[{"floor":2,"key":"Dexterity Potion"},{"floor":10,"key":"Swift Potion"},{"floor":16,"key":"EssenceOfSteel"},{"floor":20,"key":"FearPotion"}],"is_trial":false,"path_per_floor":["M","M","M","?","M","R","E","R","T","E","$","R","E","?","R","B",null,"M","?","M","?","M","R","E","?","T","$","E"],"character_chosen":"IRONCLAD","items_purchased":["Medical Kit","True Grit","DuplicationPotion"],"campfire_rested":2,"item_purchase_floors":[11,27,27],"current_hp_per_floor":[60,58,64,69,73,73,60,60,60,59,59,59,60,45,66,59,70,65,65,50,29,21,44,16,16,16,16,0,0],"gold":8,"neow_bonus":"RANDOM_COLORLESS_2","is_daily":false,"chose_seed":false,"campfire_upgraded":3,"win_rate":0.0,"timestamp":1610563620,"path_taken":["M","M","M","?","M","R","E","R","T","E","?","R","E","?","R","BOSS","M","?","M","?","M","R","E","?","T","$","E"],"items_purchased_type":["Relic","Card","Potion"],"build_version":"2020-12-22","purchased_purges":1,"victory":false,"max_hp_per_floor":[68,68,68,73,73,73,73,73,73,73,73,73,73,73,73,73,73,73,73,73,78,78,78,78,78,78,78,78,78],"relic_stats":{"Nunchaku":[8],"Busted Crown":8,"counters":[14,73],"Tiny Chest":0,"PreservedInsect":84,"Orichalcum":[36],"Medical Kit":[6],"obtain_stats":[{"Potion Belt":9,"Nunchaku":7,"Busted Crown":17,"Tiny Chest":24,"PreservedInsect":13,"Orichalcum":10,"Odd Mushroom":14,"Medical Kit":11,"Burning Blood":0,"Meat on the Bone":26},{"Potion Belt":5,"Nunchaku":5,"Busted Crown":9,"Tiny Chest":13,"PreservedInsect":7,"Orichalcum":6,"Odd Mushroom":8,"Medical Kit":6,"Burning Blood":0,"Meat on the Bone":13},{"Potion Belt":21,"Nunchaku":21,"Busted Crown":47,"Tiny Chest":70,"PreservedInsect":34,"Orichalcum":27,"Odd Mushroom":39,"Medical Kit":27,"Burning Blood":0,"Meat on the Bone":70}],"Burning Blood":76,"Meat on the Bone":0},"card_choices":[{"not_picked":["Thinking Ahead","Secret Technique"],"picked":"Apotheosis","floor":0},{"not_picked":["Heavy Blade","Disarm"],"picked":"Rage","floor":1},{"not_picked":["Second Wind","Combust"],"picked":"Uppercut","floor":2},{"not_picked":["Havoc","Sword Boomerang"],"picked":"Evolve","floor":3},{"not_picked":["Warcry","Havoc"],"picked":"Wild Strike","floor":5},{"not_picked":["Havoc","Thunderclap"],"picked":"Flex","floor":7},{"not_picked":["Feel No Pain","Perfected Strike"],"picked":"Flame Barrier","floor":10},{"not_picked":["Searing Blow","Combust"],"picked":"Iron Wave","floor":13},{"not_picked":["Corruption","Iron Wave"],"picked":"Cleave","floor":14},{"not_picked":["Brutality","Demon Form"],"picked":"Berserk","floor":16},{"not_picked":["Clothesline"],"picked":"SKIP","floor":18},{"not_picked":["Twin Strike"],"picked":"SKIP","floor":20},{"not_picked":[],"picked":"Battle Trance","floor":22},{"not_picked":[],"picked":"Body Slam","floor":24}],"player_experience":2064841,"relics_obtained":[{"floor":7,"key":"Nunchaku"},{"floor":9,"key":"Potion Belt"},{"floor":10,"key":"Orichalcum"},{"floor":13,"key":"PreservedInsect"},{"floor":14,"key":"Odd Mushroom"},{"floor":24,"key":"Tiny Chest"},{"floor":26,"key":"Meat on the Bone"}],"event_choices":[{"damage_healed":0,"gold_gain":0,"player_choice":"Donut","damage_taken":0,"max_hp_gain":5,"max_hp_loss":0,"event_name":"Big Fish","floor":4,"gold_loss":0},{"damage_healed":0,"gold_gain":0,"player_choice":"Fought Mushrooms","damage_taken":0,"max_hp_gain":0,"max_hp_loss":0,"event_name":"Mushrooms","floor":14,"gold_loss":0},{"damage_healed":0,"gold_gain":0,"cards_transformed":["Strike_R","Strike_R"],"player_choice":"Became Test Subject","damage_taken":0,"max_hp_gain":0,"max_hp_loss":0,"event_name":"Drug Dealer","floor":19,"gold_loss":0,"cards_obtained":["Seeing Red","Berserk"]},{"damage_healed":0,"gold_gain":0,"player_choice":"Shed Blood","damage_taken":26,"max_hp_gain":5,"max_hp_loss":0,"event_name":"Forgotten Altar","floor":21,"gold_loss":0},{"cards_removed":["Berserk"],"damage_healed":0,"gold_gain":0,"player_choice":"Gave Gold","damage_taken":0,"max_hp_gain":0,"max_hp_loss":0,"event_name":"Beggar","floor":25,"gold_loss":75}],"is_beta":false,"boss_relics":[{"not_picked":["Ectoplasm","Tiny House"],"picked":"Busted Crown"}],"items_purged_floors":[11],"is_endless":false,"potions_floor_spawned":[2,10,16,20],"killed_by":"Book of Stabbing","ascension_level":19}}