{"host":"1q1wpq6df472foxy","time":1610525184,"event":{"mods":["BaseMod","DeckTracker","Highlight Path","Minty Spire (QoL Compilation)","Quick Restart","StSLib","SuperFastMode"],"gold_per_floor":[111,126,139,65,84,115,40,40,40,57,57,57,91,105,105,203,203,213,113,23,33,33,33,43,43,43,56,56,67,83,97,97,97,97],"floor_reached":33,"language":"KOR","playtime":909,"items_purged":["Strike_R","Strike_R"],"score":299,"play_id":"083f4332-88e5-4e4c-b4cc-f6f3414cacdb","local_time":"20210113170624","is_ascension_mode":true,"campfire_choices":[{"floor":8,"key":"REST"},{"floor":12,"key":"REST"},{"floor":15,"key":"REST"},{"data":"Rampage","floor":23,"key":"SMITH"},{"floor":32,"key":"REST"}],"circlet_count":0,"master_deck":["Strike_R","Defend_R","Defend_R","Defend_R","Defend_R","Bash+1","Rampage+1","Double Tap","Headbutt"],"relics":["Burning Blood","NeowsBlessing","Toxic Egg 2","Singing Bowl","Centennial Puzzle","SacredBark"],"acts_visited":["Exordium","TheCity"],"potions_floor_usage":[10,29,30,31,33,33],"damage_taken":[{"damage":0,"enemies":"Cultist","floor":1,"turns":1},{"damage":0,"enemies":"Jaw Worm","floor":2,"turns":1},{"damage":0,"enemies":"2 Louse","floor":3,"turns":1},{"damage":28,"enemies":"Lots of Slimes","floor":5,"turns":4},{"damage":54,"enemies":"3 Sentries","floor":6,"turns":11},{"damage":8,"enemies":"Exordium Wildlife","floor":10,"turns":4},{"damage":14,"enemies":"Gremlin Nob","floor":13,"turns":3},{"damage":6,"enemies":"2 Fungi Beasts","floor":14,"turns":3},{"damage":34,"enemies":"Slime Boss","floor":16,"turns":7},{"damage":31,"enemies":"3 Byrds","floor":18,"turns":5},{"damage":17,"enemies":"Spheric Guardian","floor":21,"turns":4},{"damage":20,"enemies":"Snecko","floor":24,"turns":4},{"damage":27,"enemies":"Centurion and Healer","floor":27,"turns":4},{"damage":10,"enemies":"Chosen and Byrds","floor":29,"turns":3},{"damage":5,"enemies":"Sentry and Sphere","floor":30,"turns":3},{"damage":15,"enemies":"Snecko","floor":31,"turns":3},{"damage":60,"enemies":"Champ","floor":33,"turns":10}],"seed_played":"-8396336611461847526","potions_obtained":[{"floor":1,"key":"BlessingOfTheForge"},{"floor":13,"key":"FearPotion"},{"floor":16,"key":"GamblersBrew"},{"floor":27,"key":"AttackPotion"},{"floor":29,"key":"Swift Potion"},{"floor":31,"key":"ColorlessPotion"}],"is_trial":false,"path_per_floor":["M","M","M","$","M","E","$","R","T","M","?","R","E","M","R","B",null,"M","$","?","M","$","R","M","?","T","M","?","M","M","M","R","B"],"character_chosen":"IRONCLAD","items_purchased":["Double Tap"],"campfire_rested":4,"item_purchase_floors":[4],"current_hp_per_floor":[80,80,80,80,58,10,10,34,34,34,34,58,50,52,77,51,86,63,63,63,54,54,54,42,42,42,23,23,21,24,17,47,0,0],"gold":97,"neow_bonus":"THREE_ENEMY_KILL","is_daily":false,"chose_seed":false,"campfire_upgraded":1,"win_rate":0.0,"timestamp":1610525184,"path_taken":["M","?","?","$","M","E","$","R","T","M","?","R","E","M","R","BOSS","M","$","?","M","?","R","M","?","T","?","?","M","M","M","R","BOSS"],"items_purchased_type":["Card"],"build_version":"2020-12-22","purchased_purges":2,"victory":false,"max_hp_per_floor":[80,80,80,80,80,80,80,80,80,82,82,82,82,84,84,86,86,88,88,88,90,90,90,92,92,92,94,94,96,98,100,100,100,100],"card_choices":[{"not_picked":["Twin Strike","Clothesline"],"picked":"Rampage","floor":1},{"not_picked":["Combust","Heavy Blade","Twin Strike"],"picked":"SKIP","floor":2},{"not_picked":["Heavy Blade","Hemokinesis","Flex"],"picked":"SKIP","floor":3},{"not_picked":["Cleave","Wild Strike","True Grit"],"picked":"SKIP","floor":5},{"not_picked":["Carnage","Juggernaut","Flex+1"],"picked":"SKIP","floor":6},{"not_picked":["Dual Wield+1","Thunderclap","Wild Strike"],"picked":"Singing Bowl","floor":10},{"not_picked":["Uppercut","Combust"],"picked":"Headbutt","floor":13},{"not_picked":["Spot Weakness+1","Armaments+1","Evolve"],"picked":"Singing Bowl","floor":14},{"not_picked":["Bludgeon","Offering+1","Reaper"],"picked":"Singing Bowl","floor":16},{"not_picked":["Warcry+1","Pummel","True Grit+1"],"picked":"Singing Bowl","floor":18},{"not_picked":["Seeing Red+1","Havoc+1","Thunderclap+1"],"picked":"Singing Bowl","floor":21},{"not_picked":["True Grit+1","Reckless Charge","Searing Blow"],"picked":"Singing Bowl","floor":24},{"not_picked":["Iron Wave","Pommel Strike","True Grit+1"],"picked":"Singing Bowl","floor":27},{"not_picked":["Thunderclap","Clothesline","Feel No Pain"],"picked":"Singing Bowl","floor":29},{"not_picked":["Whirlwind","Heavy Blade","Seeing Red+1"],"picked":"Singing Bowl","floor":30},{"not_picked":["Warcry+1","Second Wind+1","Flex+1"],"picked":"Singing Bowl","floor":31}],"player_experience":174204,"relics_obtained":[{"floor":6,"key":"Toxic Egg 2"},{"floor":9,"key":"Singing Bowl"},{"floor":13,"key":"Centennial Puzzle"}],"event_choices":[{"damage_healed":0,"gold_gain":0,"player_choice":"Ignored","damage_taken":0,"max_hp_gain":0,"max_hp_loss":0,"event_name":"WeMeetAgain","floor":11,"gold_loss":0},{"cards_removed":["Strike_R"],"damage_healed":0,"gold_gain":0,"player_choice":"Upgrade and Remove","damage_taken":0,"max_hp_gain":0,"max_hp_loss":0,"event_name":"Designer","floor":20,"gold_loss":90,"cards_upgraded":["Bash"]},{"damage_healed":0,"gold_gain":0,"player_choice":"Ignored","damage_taken":0,"max_hp_gain":0,"max_hp_loss":0,"event_name":"Duplicator","floor":25,"gold_loss":0},{"cards_removed":["Strike_R"],"damage_healed":0,"gold_gain":0,"player_choice":"Elegance","damage_taken":0,"max_hp_gain":0,"max_hp_loss":0,"event_name":"Back to Basics","floor":28,"gold_loss":0}],"is_beta":false,"boss_relics":[{"not_picked":["Sozu","Busted Crown"],"picked":"SacredBark"}],"items_purged_floors":[7,19],"is_endless":false,"potions_floor_spawned":[1,13,16,27,29,31],"killed_by":"Champ","ascension_level":1}}