{"host":"1c17lcvl7acx821p","time":1610557962,"event":{"mods":["AchievementEnabler","BaseMod","Colored Map","Minty Spire (QoL Compilation)","StSLib"],"gold_per_floor":[365,365,379,393,414,453,68,86,86,119,119,137,151,191,191,316,316,337,31,130,130,143,474,489,532,581,619,221,234,259,290,290,414,414,437,450,450,475,488,519,169,502,502,126,146,176,176,202,202,202,202,202,63,91,91],"floor_reached":56,"language":"ENG","playtime":3007,"items_purged":["Strike_B","Strike_B","Zap"],"score":1683,"play_id":"11d6b893-9421-42c4-8f25-de99801ac336","local_time":"20210113191242","is_ascension_mode":true,"campfire_choices":[{"data":"Tempest","floor":11,"key":"SMITH"},{"data":"White Noise","floor":15,"key":"SMITH"},{"data":"White Noise","floor":32,"key":"SMITH"},{"floor":47,"key":"RECALL"},{"floor":49,"key":"REST"},{"floor":52,"key":"REST"}],"circlet_count":0,"master_deck":["Defend_B","Defend_B","Defend_B","Defend_B","Dualcast","Auto Shields","Coolheaded","Undo","Ball Lightning+1","Sunder+1","Biased Cognition","Tempest+1","Loop","Rainbow","White Noise+1","Seek","Loop","Storm+1","Creative AI","Heatsinks","Defragment","Loop","White Noise+1","Core Surge","Machine Learning","Capacitor+1","Go for the Eyes+1","White Noise","White Noise","Machine Learning","Seek","Heatsinks","Core Surge+1","Chill+1","Lockon+1","Meteor Strike+1","Hologram+1"],"relics":["Cracked Core","StoneCalendar","Mummified Hand","Letter Opener","Meat on the Bone","Eternal Feather","Empty Cage","Bag of Preparation","Old Coin","Bottled Lightning","Ancient Tea Set","White Beast Statue","Lee\u0027s Waffle","Gremlin Horn","Fusion Hammer","Ice Cream","Orrery","Happy Flower","Molten Egg 2","Dream Catcher","Whetstone"],"acts_visited":["Exordium","TheCity","TheBeyond","TheEnding"],"potions_floor_usage":[16,16,31,33,55],"damage_taken":[{"damage":1,"enemies":"Cultist","floor":1,"turns":3},{"damage":1,"enemies":"2 Louse","floor":3,"turns":2},{"damage":1,"enemies":"Jaw Worm","floor":4,"turns":3},{"damage":0,"enemies":"Blue Slaver","floor":5,"turns":6},{"damage":6,"enemies":"Lagavulin","floor":6,"turns":10},{"damage":5,"enemies":"Exordium Wildlife","floor":8,"turns":4},{"damage":14,"enemies":"Gremlin Nob","floor":10,"turns":3},{"damage":0,"enemies":"2 Fungi Beasts","floor":12,"turns":3},{"damage":0,"enemies":"Blue Slaver","floor":13,"turns":3},{"damage":12,"enemies":"3 Sentries","floor":14,"turns":5},{"damage":0,"enemies":"Slime Boss","floor":16,"turns":7},{"damage":0,"enemies":"Chosen","floor":18,"turns":4},{"damage":7,"enemies":"2 Thieves","floor":22,"turns":3},{"damage":29,"enemies":"Slavers","floor":23,"turns":3},{"damage":0,"enemies":"3 Cultists","floor":24,"turns":3},{"damage":0,"enemies":"Book of Stabbing","floor":25,"turns":3},{"damage":15,"enemies":"Gremlin Leader","floor":27,"turns":5},{"damage":5,"enemies":"Shelled Parasite and Fungi","floor":29,"turns":3},{"damage":0,"enemies":"Sentry and Sphere","floor":30,"turns":2},{"damage":25,"enemies":"Slavers","floor":31,"turns":3},{"damage":17,"enemies":"Automaton","floor":33,"turns":4},{"damage":13,"enemies":"3 Darklings","floor":35,"turns":2},{"damage":6,"enemies":"Orb Walker","floor":36,"turns":2},{"damage":0,"enemies":"Transient","floor":38,"turns":5},{"damage":0,"enemies":"Maw","floor":39,"turns":4},{"damage":16,"enemies":"Reptomancer","floor":40,"turns":3},{"damage":7,"enemies":"Spire Growth","floor":45,"turns":2},{"damage":0,"enemies":"Giant Head","floor":46,"turns":5},{"damage":0,"enemies":"Nemesis","floor":48,"turns":3},{"damage":48,"enemies":"Time Eater","floor":50,"turns":4},{"damage":0,"enemies":"Shield and Spear","floor":54,"turns":2},{"damage":44,"enemies":"The Heart","floor":55,"turns":6}],"seed_played":"1539167450533819051","potions_obtained":[{"floor":1,"key":"Fire Potion"},{"floor":6,"key":"LiquidMemories"},{"floor":10,"key":"Weak Potion"},{"floor":14,"key":"FocusPotion"},{"floor":22,"key":"SpeedPotion"},{"floor":25,"key":"LiquidMemories"},{"floor":29,"key":"PowerPotion"},{"floor":31,"key":"Swift Potion"},{"floor":33,"key":"LiquidMemories"},{"floor":36,"key":"Ancient Potion"},{"floor":38,"key":"FocusPotion"},{"floor":46,"key":"DuplicationPotion"}],"is_trial":false,"path_per_floor":["M","?","M","M","M","E","$","M","T","E","R","M","M","E","R","B",null,"M","$","?","?","M","E","M","E","T","E","$","M","M","E","R","B",null,"M","M","?","M","M","E","$","?","T","$","M","E","R","E","R","B",null,"R","$","E","B",null],"character_chosen":"DEFECT","items_purchased":["Mummified Hand","Biased Cognition","Loop","Bag of Preparation","Lee\u0027s Waffle","Loop","PotionOfCapacity","Orrery","White Noise","Machine Learning","Seek","Happy Flower","Meteor Strike+1"],"campfire_rested":2,"item_purchase_floors":[7,7,19,19,28,28,28,41,41,44,44,44,53],"current_hp_per_floor":[67,63,62,61,61,55,55,50,50,36,36,36,36,36,48,48,63,63,63,63,63,56,39,39,39,39,36,70,65,65,40,55,38,70,57,51,51,51,51,47,47,47,47,47,40,40,58,58,70,34,70,70,70,70,38],"gold":91,"neow_bonus":"TWO_FIFTY_GOLD","is_daily":false,"chose_seed":false,"campfire_upgraded":3,"win_rate":0.0,"timestamp":1610557962,"path_taken":["M","?","M","M","M","E","$","M","T","E","R","M","M","E","R","BOSS","M","$","?","?","M","E","M","E","T","E","$","M","M","E","R","BOSS","M","M","?","M","M","E","$","?","T","?","M","E","R","E","R","BOSS","R","$","E","BOSS"],"items_purchased_type":["Relic","Card","Card","Relic","Relic","Card","Potion","Relic","Card","Card","Card","Relic","Card"],"build_version":"2020-12-22","purchased_purges":3,"victory":true,"max_hp_per_floor":[68,63,63,63,63,63,63,63,63,63,63,63,63,63,63,63,63,63,63,63,63,63,63,63,63,63,63,70,70,70,70,70,70,70,70,70,70,70,70,70,70,70,70,70,70,70,70,70,70,70,70,70,70,70,70],"card_choices":[{"not_picked":["Static Discharge","Compile Driver"],"picked":"Auto Shields","floor":1},{"not_picked":["Leap","Stack"],"picked":"Coolheaded","floor":3},{"not_picked":["Go for the Eyes","Redo"],"picked":"Undo","floor":4},{"not_picked":["Steam","Scrape"],"picked":"Ball Lightning","floor":5},{"not_picked":["Compile Driver","Melter"],"picked":"Sunder","floor":6},{"not_picked":["Barrage","Force Field","Turbo"],"picked":"SKIP","floor":8},{"not_picked":["Aggregate","Go for the Eyes"],"picked":"Tempest","floor":10},{"not_picked":["Rip and Tear","Skim"],"picked":"Loop","floor":12},{"not_picked":["Coolheaded","Sweeping Beam"],"picked":"Rainbow","floor":13},{"not_picked":["Coolheaded","Doom and Gloom"],"picked":"White Noise","floor":14},{"not_picked":["Rainbow","Multi-Cast"],"picked":"Seek","floor":16},{"not_picked":["Gash","Double Energy","Reprogram+1"],"picked":"SKIP","floor":18},{"not_picked":["Sunder","Cold Snap"],"picked":"Storm+1","floor":22},{"not_picked":["Recycle+1","Steam+1"],"picked":"Creative AI","floor":23},{"not_picked":["Go for the Eyes","Recycle+1"],"picked":"Heatsinks","floor":24},{"not_picked":["FTL","Glacier"],"picked":"Defragment","floor":25},{"not_picked":["Doom and Gloom","Beam Cell","Ball Lightning"],"picked":"SKIP","floor":27},{"not_picked":["Rebound","Compile Driver","Beam Cell+1"],"picked":"SKIP","floor":29},{"not_picked":["White Noise","Hologram","Streamline"],"picked":"SKIP","floor":30},{"not_picked":["Hologram","Streamline"],"picked":"White Noise","floor":30},{"not_picked":["Rebound","Static Discharge"],"picked":"Core Surge","floor":31},{"not_picked":["Thunder Strike","Reboot"],"picked":"Machine Learning","floor":33},{"not_picked":["Tempest","Redo+1","Barrage+1"],"picked":"SKIP","floor":35},{"not_picked":["Melter","Go for the Eyes","Redo"],"picked":"SKIP","floor":36},{"not_picked":["Compile Driver","Undo"],"picked":"Capacitor+1","floor":38},{"not_picked":["Chaos","Hologram","Reprogram"],"picked":"SKIP","floor":39},{"not_picked":["Compile Driver","Recycle","Streamline+1"],"picked":"SKIP","floor":40},{"not_picked":["Gash","Coolheaded"],"picked":"Go for the Eyes+1","floor":41},{"not_picked":["Coolheaded+1","Conserve Battery"],"picked":"White Noise","floor":41},{"not_picked":["Fusion+1","Static Discharge+1"],"picked":"Heatsinks","floor":45},{"not_picked":["Go for the Eyes+1","Redo"],"picked":"Core Surge+1","floor":46},{"not_picked":["Aggregate","Ball Lightning+1","Stack"],"picked":"SKIP","floor":48},{"not_picked":["Go for the Eyes+1","Melter+1"],"picked":"Chill+1","floor":49},{"not_picked":["Conserve Battery+1","Self Repair"],"picked":"Lockon+1","floor":52},{"not_picked":["Streamline+1","Reprogram"],"picked":"Hologram+1","floor":54}],"player_experience":65603,"relics_obtained":[{"floor":6,"key":"StoneCalendar"},{"floor":9,"key":"Letter Opener"},{"floor":10,"key":"Meat on the Bone"},{"floor":14,"key":"Eternal Feather"},{"floor":23,"key":"Old Coin"},{"floor":25,"key":"Bottled Lightning"},{"floor":26,"key":"Ancient Tea Set"},{"floor":27,"key":"White Beast Statue"},{"floor":31,"key":"Gremlin Horn"},{"floor":40,"key":"Ice Cream"},{"floor":46,"key":"Molten Egg 2"},{"floor":48,"key":"Dream Catcher"},{"floor":54,"key":"Whetstone"}],"event_choices":[{"damage_healed":0,"gold_gain":0,"player_choice":"Lose Max HP","damage_taken":0,"relics_obtained":["Golden Idol"],"max_hp_gain":0,"max_hp_loss":5,"event_name":"Golden Idol","floor":2,"gold_loss":0},{"damage_healed":0,"gold_gain":99,"player_choice":"Stole From Cult","damage_taken":0,"max_hp_gain":0,"max_hp_loss":0,"event_name":"Nest","floor":20,"gold_loss":0},{"damage_healed":0,"gold_gain":0,"player_choice":"Ignored","damage_taken":0,"max_hp_gain":0,"max_hp_loss":0,"event_name":"Ghosts","floor":21,"gold_loss":0},{"damage_healed":0,"gold_gain":0,"player_choice":"Ignored","damage_taken":0,"max_hp_gain":0,"max_hp_loss":0,"event_name":"Tomb of Lord Red Mask","floor":37,"gold_loss":0},{"damage_healed":0,"gold_gain":333,"player_choice":"Gave Idol","damage_taken":0,"max_hp_gain":0,"max_hp_loss":0,"event_name":"The Moai Head","floor":42,"relics_lost":["Golden Idol"],"gold_loss":0}],"is_beta":false,"boss_relics":[{"not_picked":["Philosopher\u0027s Stone","SlaversCollar"],"picked":"Empty Cage"},{"not_picked":["Astrolabe","Velvet Choker"],"picked":"Fusion Hammer"}],"items_purged_floors":[19,28,41],"is_endless":false,"potions_floor_spawned":[1,6,10,12,13,14,22,25,29,30,31,33,35,36,38,39,40,45,46,48,54],"ascension_level":2}}