{"host":"dftyqn972q7tuon4","time":1610497563,"event":{"mods":["AchievementEnabler","BaseMod","Better Altar","Better Match","Better Note","Better Sensory Stone","Better Skull","Better Third Choice","Colored Powertips","Highlight Path","Minty Spire (QoL Compilation)","Permanent Neow","Quick Restart","StSLib"],"gold_per_floor":[114,129,144,159,9,39,54,84,84,99,99,129,159,174,174,274,274,289,239,294,294,144,144,174,214,239,291,333,385,427,454,466,628,640,667,679,706,718,795,837,864,911,923,935,987,233,233,248,248,248],"floor_reached":51,"language":"ENG","playtime":4212,"items_purged":[],"score":1190,"play_id":"32ce387b-2fa2-49d6-913c-86a76ee1650d","local_time":"20210113012603","daily_mods":["Cursed Run","Hoarder","DeadlyEvents"],"is_ascension_mode":false,"campfire_choices":[{"data":"TalkToTheHand","floor":15,"key":"SMITH"},{"data":"TalkToTheHand","floor":23,"key":"SMITH"},{"floor":32,"key":"REST"},{"floor":44,"key":"REST"},{"floor":49,"key":"DIG"}],"circlet_count":0,"master_deck":["Strike_P","Strike_P","Strike_P","Strike_P","Defend_P+1","Defend_P+1","Defend_P","Defend_P","Eruption","Vigilance","TalkToTheHand+1","TalkToTheHand+1","TalkToTheHand","Fasting2","Fasting2","Fasting2","Consecrate","Consecrate","Consecrate","LikeWater+1","LikeWater+1","LikeWater+1","Meditate","Meditate","Meditate","Normality","Normality","DeusExMachina","DeusExMachina+1","DeusExMachina","Writhe","Writhe","Writhe","Wish","Wish+1","Wish+1","Indignation+1","Indignation+1","Indignation+1","Injury","Injury","Injury","JustLucky","JustLucky","JustLucky","MentalFortress+1","MentalFortress+1","MentalFortress+1","FlurryOfBlows","FlurryOfBlows","FlurryOfBlows","Normality","Normality","Normality","LessonLearned","LessonLearned","LessonLearned","CurseOfTheBell","CurseOfTheBell","CurseOfTheBell","Wireheading+1","Wireheading+1","Wireheading+1","DevaForm+1","DevaForm+1","DevaForm+1","FlurryOfBlows+1","FlurryOfBlows+1","FlurryOfBlows+1","Crescendo","Crescendo","Crescendo","Clumsy","Clumsy","Clumsy","Weave+1","Weave+1","Weave+1","Flash of Steel+1","Flash of Steel+1","Flash of Steel+1","Regret","Regret","Regret","ThirdEye+1","ThirdEye+1","ThirdEye+1","Injury","Injury","Injury"],"relics":["Cursed Key","Darkstone Periapt","Du-Vu Doll","Toolbox","Frozen Egg 2","GoldenEye","Orichalcum","Ornamental Fan","Pen Nib","Pear","Black Star","Akabeko","War Paint","Spirit Poop","Happy Flower","Vajra","Centennial Puzzle","MawBank","Question Card","Strawberry","Calipers","Mummified Hand","Calling Bell","Damaru","Molten Egg 2","Lizard Tail","Torii","MealTicket","Ginger","Blood Vial","Potion Belt","Frozen Eye","Shovel","Dead Branch","Boot"],"acts_visited":["Exordium","TheCity","TheBeyond"],"potions_floor_usage":[6,12,16,18,25,28,29,33,37,42,50,50],"damage_taken":[{"damage":0,"enemies":"Cultist","floor":1,"turns":2},{"damage":0,"enemies":"2 Louse","floor":2,"turns":2},{"damage":3,"enemies":"Jaw Worm","floor":3,"turns":3},{"damage":0,"enemies":"Looter","floor":4,"turns":3},{"damage":0,"enemies":"Lagavulin","floor":6,"turns":3},{"damage":0,"enemies":"Gremlin Gang","floor":7,"turns":4},{"damage":0,"enemies":"Gremlin Nob","floor":8,"turns":5},{"damage":3,"enemies":"Large Slime","floor":10,"turns":5},{"damage":0,"enemies":"Lagavulin","floor":12,"turns":5},{"damage":4,"enemies":"3 Sentries","floor":13,"turns":3},{"damage":4,"enemies":"Red Slaver","floor":14,"turns":2},{"damage":27,"enemies":"Hexaghost","floor":16,"turns":9},{"damage":8,"enemies":"2 Thieves","floor":18,"turns":2},{"damage":43,"enemies":"Gremlin Leader","floor":20,"turns":7},{"damage":5,"enemies":"Book of Stabbing","floor":24,"turns":4},{"damage":0,"enemies":"Chosen","floor":25,"turns":3},{"damage":7,"enemies":"3 Cultists","floor":27,"turns":5},{"damage":48,"enemies":"Slavers","floor":28,"turns":6},{"damage":0,"enemies":"Cultist and Chosen","floor":29,"turns":5},{"damage":12,"enemies":"Gremlin Leader","floor":30,"turns":3},{"damage":0,"enemies":"Sentry and Sphere","floor":31,"turns":4},{"damage":6,"enemies":"Champ","floor":33,"turns":8},{"damage":7,"enemies":"3 Darklings","floor":35,"turns":5},{"damage":5,"enemies":"3 Shapes","floor":37,"turns":4},{"damage":38,"enemies":"Jaw Worm Horde","floor":39,"turns":4},{"damage":7,"enemies":"Giant Head","floor":40,"turns":3},{"damage":6,"enemies":"4 Shapes","floor":41,"turns":1},{"damage":19,"enemies":"2 Orb Walkers","floor":42,"turns":3},{"damage":10,"enemies":"3 Darklings","floor":45,"turns":4},{"damage":10,"enemies":"Sphere and 2 Shapes","floor":48,"turns":2},{"damage":45,"enemies":"Time Eater","floor":50,"turns":6}],"seed_played":"-5514344210177769252","potions_obtained":[{"floor":1,"key":"DistilledChaos"},{"floor":3,"key":"FearPotion"},{"floor":4,"key":"EssenceOfSteel"},{"floor":10,"key":"Block Potion"},{"floor":13,"key":"Ambrosia"},{"floor":16,"key":"GamblersBrew"},{"floor":18,"key":"Swift Potion"},{"floor":28,"key":"PowerPotion"},{"floor":30,"key":"BottledMiracle"},{"floor":31,"key":"Dexterity Potion"},{"floor":33,"key":"EntropicBrew"},{"floor":37,"key":"BlessingOfTheForge"},{"floor":40,"key":"Block Potion"},{"floor":42,"key":"BottledMiracle"},{"floor":48,"key":"PowerPotion"}],"is_trial":false,"path_per_floor":["M","M","M","M","$","E","M","E","T","M","?","E","E","M","R","B",null,"M","?","E","?","$","R","E","M","T","M","E","M","E","M","R","B",null,"M","?","M","$","M","E","M","?","T","R","M","$","T","M","R","B",null],"character_chosen":"WATCHER","items_purchased":["Toolbox","Happy Flower","Potion Belt","Frozen Eye","Weave+1","Flash of Steel+1","Shovel"],"campfire_rested":2,"item_purchase_floors":[5,22,46,46,46,46,46],"current_hp_per_floor":[72,72,69,69,69,69,69,69,87,84,77,77,83,79,79,70,118,110,110,67,67,67,67,62,62,80,73,32,32,20,20,62,74,179,172,137,132,132,94,87,81,62,80,139,131,146,164,156,156,131],"gold":248,"neow_bonus":"","is_daily":true,"chose_seed":false,"campfire_upgraded":2,"win_rate":0.0,"timestamp":1610497563,"path_taken":["M","M","?","M","$","E","M","E","T","M","?","?","E","M","R","BOSS","M","?","?","?","$","R","?","M","T","?","?","M","E","M","R","BOSS","M","?","M","$","M","E","M","?","T","R","?","$","?","M","R","BOSS"],"items_purchased_type":["Relic","Relic","Relic","Relic","Card","Card","Relic"],"build_version":"2020-12-22","purchased_purges":0,"victory":true,"max_hp_per_floor":[72,72,72,72,72,72,72,72,90,90,90,90,100,100,100,118,118,118,118,118,118,118,118,118,118,136,136,143,143,143,143,143,161,179,179,179,179,179,179,179,179,179,197,197,197,197,215,215,215,233],"card_choices":[{"not_picked":["Evaluate","DeceiveReality"],"picked":"TalkToTheHand","floor":1},{"not_picked":["FlyingSleeves","ReachHeaven"],"picked":"Fasting2","floor":2},{"not_picked":["Study","Protect"],"picked":"Consecrate","floor":3},{"not_picked":["BowlingBash","CutThroughFate","Adaptation"],"picked":"SKIP","floor":4},{"not_picked":["Wireheading+1","FollowUp","SignatureMove"],"picked":"SKIP","floor":6},{"not_picked":["DeceiveReality","Wallop"],"picked":"LikeWater+1","floor":7},{"not_picked":["Perseverance","Prostrate"],"picked":"Meditate","floor":8},{"not_picked":["Halt","FearNoEvil","PathToVictory"],"picked":"SKIP","floor":10},{"not_picked":["EmptyFist","Wallop"],"picked":"DeusExMachina","floor":12},{"not_picked":["Vengeance","Worship","SashWhip"],"picked":"SKIP","floor":13},{"not_picked":["CrushJoints","TalkToTheHand","SashWhip"],"picked":"SKIP","floor":14},{"not_picked":["Omniscience","Devotion+1"],"picked":"Wish","floor":16},{"not_picked":["Consecrate+1","CutThroughFate","Prostrate"],"picked":"SKIP","floor":18},{"not_picked":["Conclude","EmptyBody","Weave"],"picked":"SKIP","floor":20},{"not_picked":["Halt","PathToVictory"],"picked":"Indignation+1","floor":24},{"not_picked":["Fasting2+1","ClearTheMind+1","EmptyMind"],"picked":"SKIP","floor":25},{"not_picked":["PathToVictory","CrushJoints","Nirvana+1"],"picked":"SKIP","floor":27},{"not_picked":["WreathOfFlame","ForeignInfluence"],"picked":"JustLucky","floor":28},{"not_picked":["Crescendo","ThirdEye","Omniscience","Sanctity"],"picked":"SKIP","floor":29},{"not_picked":["Consecrate","FlurryOfBlows+1","Meditate+1"],"picked":"MentalFortress+1","floor":30},{"not_picked":["Perseverance","CrushJoints","ConjureBlade"],"picked":"FlurryOfBlows","floor":31},{"not_picked":["Omniscience","Ragnarok","Scrawl"],"picked":"LessonLearned","floor":33},{"not_picked":["ClearTheMind+1","WheelKick+1","BattleHymn+1"],"picked":"Wireheading+1","floor":35},{"not_picked":["Halt","Protect","FlyingSleeves+1"],"picked":"FlurryOfBlows+1","floor":37},{"not_picked":["FollowUp+1","CutThroughFate+1","BattleHymn+1","Halt+1"],"picked":"SKIP","floor":39},{"not_picked":["BowlingBash+1","PathToVictory+1","Ragnarok+1"],"picked":"Crescendo","floor":40},{"not_picked":["Indignation+1","Prostrate+1","Worship+1","FearNoEvil+1"],"picked":"SKIP","floor":41},{"not_picked":["Perseverance+1","CutThroughFate+1","Consecrate+1","FlyingSleeves+1"],"picked":"SKIP","floor":45},{"not_picked":["BowlingBash+1","Meditate+1","TalkToTheHand+1"],"picked":"ThirdEye+1","floor":48}],"player_experience":602369,"relics_obtained":[{"floor":6,"key":"Frozen Egg 2"},{"floor":8,"key":"GoldenEye"},{"floor":9,"key":"Orichalcum"},{"floor":12,"key":"Pen Nib"},{"floor":13,"key":"Pear"},{"floor":20,"key":"Akabeko"},{"floor":20,"key":"War Paint"},{"floor":24,"key":"Vajra"},{"floor":24,"key":"Centennial Puzzle"},{"floor":26,"key":"MawBank"},{"floor":28,"key":"Question Card"},{"floor":28,"key":"Strawberry"},{"floor":30,"key":"Calipers"},{"floor":30,"key":"Mummified Hand"},{"floor":34,"key":"Damaru"},{"floor":34,"key":"Molten Egg 2"},{"floor":34,"key":"Lizard Tail"},{"floor":40,"key":"Torii"},{"floor":40,"key":"MealTicket"},{"floor":42,"key":"Ginger"},{"floor":43,"key":"Blood Vial"},{"floor":47,"key":"Dead Branch"},{"floor":49,"key":"Boot"}],"event_choices":[{"damage_healed":0,"gold_gain":0,"player_choice":"Relic ","damage_taken":7,"max_hp_gain":0,"max_hp_loss":0,"event_name":"betterThird:BetterScrap","floor":11,"gold_loss":0,"cards_obtained":["Machine Learning"]},{"damage_healed":0,"gold_gain":0,"player_choice":"Bet on Murderer","damage_taken":0,"max_hp_gain":0,"max_hp_loss":0,"event_name":"The Joust","floor":19,"gold_loss":50},{"cards_removed":["Normality"],"damage_healed":0,"gold_gain":0,"player_choice":"Offered Curse","damage_taken":0,"relics_obtained":["Spirit Poop"],"max_hp_gain":0,"max_hp_loss":0,"event_name":"Bonfire Elementals","floor":21,"gold_loss":0},{"damage_healed":0,"gold_gain":3,"player_choice":"2","damage_taken":0,"max_hp_gain":0,"max_hp_loss":35,"event_name":"betterStone:BetterStone","floor":36,"gold_loss":0},{"damage_healed":0,"gold_gain":0,"player_choice":"Fight","damage_taken":0,"max_hp_gain":0,"max_hp_loss":0,"event_name":"Mysterious Sphere","floor":42,"gold_loss":0}],"is_beta":false,"boss_relics":[{"not_picked":["Sozu","Tiny House"],"picked":"Black Star"},{"not_picked":["SacredBark","Pandora\u0027s Box"],"picked":"Calling Bell"}],"items_purged_floors":[],"is_endless":false,"potions_floor_spawned":[1,3,4,10,13,16,18,28,30,31,33,37,40,42,48],"ascension_level":0}}