{"host":"7k7fhzlbqzyu5ijh","time":1610574413,"event":{"mods":["AchievementEnabler","BaseMod","Bestiary","Colored Powertips","Filter the Spire","Highlight Path","Minty Spire (QoL Compilation)","Potion Indicator Mod","RNG Fix","Relic Stats"],"gold_per_floor":[115,125,139,139,12,37,37,68,91,101,121,121,16,29,29,125,125,140,140,140,154,165,198,198,229,283,283,317,317,352,370,370,468,468,480,494,140,153,78,110,110,142,226,290,251,251,275,309,309,309,309,309,15,42,42,42],"floor_reached":55,"language":"ENG","playtime":11233,"items_purged":["Strike_G"],"score":1223,"play_id":"41c098ef-1712-42fb-b5b7-4dc0af644064","local_time":"20210113164653","is_ascension_mode":true,"campfire_choices":[{"data":"Terror","floor":7.0,"key":"SMITH"},{"floor":12.0,"key":"REST"},{"data":"Dagger Spray","floor":15.0,"key":"SMITH"},{"floor":24.0,"key":"REST"},{"floor":29,"key":"REST"},{"floor":32,"key":"REST"},{"floor":41,"key":"RECALL"},{"data":"Phantasmal Killer","floor":46,"key":"SMITH"},{"floor":49,"key":"REST"},{"data":"Acrobatics","floor":52,"key":"SMITH"}],"circlet_count":0,"master_deck":["Strike_G+1","Strike_G+1","Strike_G+1","Strike_G+1","Defend_G+1","Defend_G+1","Defend_G+1","Defend_G+1","Defend_G+1","Survivor","Neutralize+1","Dagger Throw","Dagger Spray+1","Backflip","Terror+1","Slice","Footwork","Dash","Backflip","Doppelganger","Deflect","RitualDagger","Quick Slash+1","Flying Knee","After Image","Skewer+1","Phantasmal Killer+1","Backstab","Glass Knife","Blade Dance+1","Blade Dance+1","Acrobatics+1","Calculated Gamble","PiercingWail+1","Distraction+1","Well Laid Plans+1"],"relics":["Ring of the Snake","Bag of Preparation","InkBottle","Ninja Scroll","Oddly Smooth Stone","Odd Mushroom","Black Star","Prayer Wheel","Strawberry","Vajra","Tiny Chest","Blood Vial","Kunai","Akabeko","Centennial Puzzle","Philosopher\u0027s Stone","Singing Bowl","Juzu Bracelet","Question Card","MawBank","Dream Catcher","Bottled Flame","StoneCalendar","Whetstone","Snake Skull","Potion Belt","Pantograph","Orichalcum","Nunchaku"],"acts_visited":["Exordium","TheCity","TheBeyond","TheEnding"],"potions_floor_usage":[28,33,36,38,42,50,54,55,55],"damage_taken":[{"damage":9.0,"enemies":"Small Slimes","floor":1.0,"turns":4.0},{"damage":1.0,"enemies":"Jaw Worm","floor":2.0,"turns":4.0},{"damage":0.0,"enemies":"2 Louse","floor":3.0,"turns":2.0},{"damage":17.0,"enemies":"Gremlin Nob","floor":6.0,"turns":5.0},{"damage":7.0,"enemies":"Lagavulin","floor":8.0,"turns":5.0},{"damage":0.0,"enemies":"Looter","floor":10.0,"turns":2.0},{"damage":16.0,"enemies":"The Mushroom Lair","floor":11.0,"turns":4.0},{"damage":0.0,"enemies":"3 Louse","floor":14.0,"turns":2.0},{"damage":2.0,"enemies":"Slime Boss","floor":16.0,"turns":12.0},{"damage":17.0,"enemies":"Spheric Guardian","floor":18.0,"turns":7.0},{"damage":0.0,"enemies":"2 Thieves","floor":21.0,"turns":4.0},{"damage":12.0,"enemies":"Centurion and Healer","floor":22.0,"turns":6.0},{"damage":7.0,"enemies":"Slavers","floor":23.0,"turns":4.0},{"damage":14.0,"enemies":"Book of Stabbing","floor":25.0,"turns":6.0},{"damage":0,"enemies":"Gremlin Leader","floor":28,"turns":6},{"damage":13,"enemies":"Book of Stabbing","floor":30,"turns":7},{"damage":10,"enemies":"Cultist and Chosen","floor":31,"turns":5},{"damage":45,"enemies":"Champ","floor":33,"turns":11},{"damage":5,"enemies":"3 Shapes","floor":35,"turns":3},{"damage":0,"enemies":"Orb Walker","floor":36,"turns":1},{"damage":0,"enemies":"3 Darklings","floor":38,"turns":3},{"damage":0,"enemies":"Reptomancer","floor":40,"turns":8},{"damage":0,"enemies":"Giant Head","floor":42,"turns":8},{"damage":5,"enemies":"2 Orb Walkers","floor":44,"turns":4},{"damage":13,"enemies":"Nemesis","floor":48,"turns":3},{"damage":9,"enemies":"Donu and Deca","floor":50,"turns":13},{"damage":47,"enemies":"Shield and Spear","floor":54,"turns":7},{"damage":67,"enemies":"The Heart","floor":55,"turns":5}],"seed_played":"-2206554138946057655","potions_obtained":[{"floor":1.0,"key":"Dexterity Potion"},{"floor":6.0,"key":"CultistPotion"},{"floor":10.0,"key":"GamblersBrew"},{"floor":14.0,"key":"SteroidPotion"},{"floor":18.0,"key":"SmokeBomb"},{"floor":22.0,"key":"Strength Potion"},{"floor":25,"key":"Poison Potion"},{"floor":28,"key":"DuplicationPotion"},{"floor":33,"key":"EssenceOfSteel"},{"floor":35,"key":"AttackPotion"},{"floor":38,"key":"Dexterity Potion"}],"is_trial":false,"path_per_floor":["M","M","M","?","$","E","R","E","T","M","?","R","$","M","R","B",null,"M","?","?","M","M","E","R","E","T","?","E","R","E","M","R","B",null,"M","M","$","M","$","E","R","E","T","?","$","R","T","E","R","B",null,"R","$","E","B"],"character_chosen":"THE_SILENT","items_purchased":["Swift Potion","GhostInAJar","AttackPotion","Strength Potion","Singing Bowl","Calculated Gamble","Weak Potion","Pantograph","Energy Potion"],"campfire_rested":5,"item_purchase_floors":[5,13,37,37,37,39,45,53,53],"current_hp_per_floor":[54,53,53,53,53,36,36,29,29,29,13,34,34,34,34,32,61,44,38,38,38,26,26,49,35,35,35,35,58,47,39,62,19,63,60,62,62,68,68,72,72,74,74,73,73,73,73,62,87,78,85,85,85,40,0,0],"gold":42,"neow_bonus":"RANDOM_COMMON_RELIC","is_daily":false,"chose_seed":false,"campfire_upgraded":4,"win_rate":0.0,"timestamp":1610574413,"path_taken":["M","M","M","?","$","E","R","E","T","?","?","R","$","M","R","BOSS","M","?","?","M","M","E","R","E","T","?","E","R","E","M","R","BOSS","M","M","$","M","?","E","R","E","T","?","$","R","?","E","R","BOSS","R","$","E","BOSS"],"items_purchased_type":["Potion","Potion","Potion","Potion","Relic","Card","Potion","Relic","Potion"],"build_version":"2020-12-22","purchased_purges":1,"victory":false,"max_hp_per_floor":[70,70,70,70,70,70,70,70,70,70,70,70,70,70,70,70,70,70,70,70,70,70,77,77,77,77,77,77,77,77,77,77,77,77,77,77,77,81,81,83,83,83,83,85,85,85,85,85,87,87,87,87,87,87,87,87],"relic_stats":{"Singing Bowl":10,"counters":[28,151],"StoneCalendar":[129],"Snake Skull":[0],"Bag of Preparation":[10],"Juzu Bracelet":0,"Whetstone":["Quick Slash","Skewer"],"Orichalcum":[6],"Question Card":5,"MawBank":36,"Blood Vial":24,"Centennial Puzzle":[21],"Dream Catcher":1,"Nunchaku":[1],"Pantograph":25,"Prayer Wheel":4,"Tiny Chest":1,"Black Star":8,"Kunai":[70],"obtain_stats":[{"Singing Bowl":37,"Vajra":25,"StoneCalendar":44,"Snake Skull":48,"Bag of Preparation":0,"Juzu Bracelet":40,"Whetstone":47,"Blood Vial":28,"Centennial Puzzle":30,"Dream Catcher":42,"Nunchaku":54,"Ninja Scroll":8,"Strawberry":23,"Pantograph":53,"Prayer Wheel":23,"Tiny Chest":25,"Philosopher\u0027s Stone":34,"Kunai":28,"InkBottle":6,"Ring of the Snake":0,"Potion Belt":48,"Oddly Smooth Stone":9,"Odd Mushroom":11,"Orichalcum":54,"Question Card":40,"MawBank":42,"Akabeko":30,"Bottled Flame":43,"Black Star":17},{"Singing Bowl":20,"Vajra":14,"StoneCalendar":24,"Snake Skull":25,"Bag of Preparation":0,"Juzu Bracelet":22,"Whetstone":24,"Blood Vial":15,"Centennial Puzzle":16,"Dream Catcher":23,"Nunchaku":27,"Ninja Scroll":5,"Strawberry":13,"Pantograph":26,"Prayer Wheel":13,"Tiny Chest":14,"Philosopher\u0027s Stone":18,"Kunai":15,"InkBottle":4,"Ring of the Snake":0,"Potion Belt":25,"Oddly Smooth Stone":5,"Odd Mushroom":7,"Orichalcum":27,"Question Card":22,"MawBank":23,"Akabeko":16,"Bottled Flame":23,"Black Star":9},{"Singing Bowl":100,"Vajra":67,"StoneCalendar":123,"Snake Skull":126,"Bag of Preparation":0,"Juzu Bracelet":111,"Whetstone":123,"Blood Vial":73,"Centennial Puzzle":80,"Dream Catcher":119,"Nunchaku":146,"Ninja Scroll":20,"Strawberry":61,"Pantograph":139,"Prayer Wheel":61,"Tiny Chest":67,"Philosopher\u0027s Stone":96,"Kunai":73,"InkBottle":15,"Ring of the Snake":0,"Potion Belt":126,"Oddly Smooth Stone":20,"Odd Mushroom":26,"Orichalcum":146,"Question Card":111,"MawBank":119,"Akabeko":80,"Bottled Flame":119,"Black Star":40}],"InkBottle":[66],"Ring of the Snake":[56]},"card_choices":[{"not_picked":["Endless Agony","Flying Knee"],"picked":"Dagger Throw","floor":1.0},{"not_picked":["Slice","Masterful Stab"],"picked":"Dagger Spray","floor":2.0},{"not_picked":["Poisoned Stab","Flying Knee"],"picked":"Backflip","floor":3.0},{"not_picked":["Outmaneuver","Sucker Punch"],"picked":"Terror","floor":6.0},{"not_picked":["Acrobatics","Bouncing Flask"],"picked":"Slice","floor":8.0},{"not_picked":["Blur","Sucker Punch"],"picked":"Footwork","floor":10.0},{"not_picked":["Prepared","Blade Dance"],"picked":"Dash","floor":11.0},{"not_picked":["Catalyst","Crippling Poison"],"picked":"Backflip","floor":14.0},{"not_picked":["Unload","A Thousand Cuts"],"picked":"Doppelganger","floor":16.0},{"not_picked":["Underhanded Strike","PiercingWail"],"picked":"Deflect","floor":18.0},{"not_picked":["Sucker Punch","Distraction"],"picked":"Quick Slash","floor":21.0},{"not_picked":["PiercingWail","Cloak And Dagger"],"picked":"Flying Knee","floor":22.0},{"not_picked":["Bouncing Flask","PiercingWail+1"],"picked":"After Image","floor":23.0},{"not_picked":["Leg Sweep+1","Prepared+1"],"picked":"Skewer","floor":25},{"not_picked":["Eviscerate+1","Dagger Throw","Prepared"],"picked":"SKIP","floor":28},{"not_picked":["Eviscerate+1","Dagger Throw","Prepared"],"picked":"SKIP","floor":28},{"not_picked":["Dash","Flying Knee"],"picked":"Phantasmal Killer","floor":30},{"not_picked":["PiercingWail","Eviscerate+1"],"picked":"Backstab","floor":31},{"not_picked":["Expertise+1","Leg Sweep","PiercingWail+1"],"picked":"SKIP","floor":31},{"not_picked":["Phantasmal Killer","Night Terror"],"picked":"Glass Knife","floor":33},{"not_picked":["Prepared+1","Flying Knee"],"picked":"Blade Dance+1","floor":35},{"not_picked":["Reflex","Prepared","Deadly Poison+1"],"picked":"SKIP","floor":35},{"not_picked":["Dodge and Roll","Skewer"],"picked":"Blade Dance+1","floor":36},{"not_picked":["Slice+1","Sucker Punch+1"],"picked":"Acrobatics","floor":36},{"not_picked":["Sucker Punch+1","Predator+1","Phantasmal Killer"],"picked":"Singing Bowl","floor":38},{"not_picked":["Well Laid Plans","Reflex+1","Crippling Poison+1"],"picked":"Singing Bowl","floor":38},{"not_picked":["Cloak And Dagger","Dash","Underhanded Strike"],"picked":"Singing Bowl","floor":40},{"not_picked":["Heel Hook","Bullet Time","Slice+1"],"picked":"PiercingWail+1","floor":42},{"not_picked":["Outmaneuver","Backflip+1","Heel Hook+1","Footwork+1"],"picked":"Singing Bowl","floor":44},{"not_picked":["Doppelganger","Dagger Throw+1","Bouncing Flask"],"picked":"Distraction+1","floor":48},{"not_picked":["Backflip+1","Bane","Slice","Setup"],"picked":"Singing Bowl","floor":49},{"not_picked":["Deadly Poison","Quick Slash+1","Blade Dance"],"picked":"Well Laid Plans+1","floor":54}],"player_experience":411898,"relics_obtained":[{"floor":6.0,"key":"InkBottle"},{"floor":8.0,"key":"Ninja Scroll"},{"floor":9.0,"key":"Oddly Smooth Stone"},{"floor":11.0,"key":"Odd Mushroom"},{"floor":23.0,"key":"Prayer Wheel"},{"floor":23.0,"key":"Strawberry"},{"floor":25,"key":"Vajra"},{"floor":25,"key":"Tiny Chest"},{"floor":28,"key":"Blood Vial"},{"floor":28,"key":"Kunai"},{"floor":30,"key":"Akabeko"},{"floor":30,"key":"Centennial Puzzle"},{"floor":40,"key":"Juzu Bracelet"},{"floor":40,"key":"Question Card"},{"floor":42,"key":"MawBank"},{"floor":42,"key":"Dream Catcher"},{"floor":43,"key":"Bottled Flame"},{"floor":44,"key":"StoneCalendar"},{"floor":47,"key":"Whetstone"},{"floor":48,"key":"Snake Skull"},{"floor":48,"key":"Potion Belt"},{"floor":54,"key":"Orichalcum"},{"floor":54,"key":"Nunchaku"}],"event_choices":[{"damage_healed":0.0,"max_hp_gain":0.0,"max_hp_loss":0.0,"gold_gain":0.0,"event_name":"Living Wall","player_choice":"Grow","floor":4.0,"gold_loss":0.0,"damage_taken":0.0,"cards_upgraded":["Neutralize"]},{"damage_healed":0.0,"max_hp_gain":0.0,"max_hp_loss":0.0,"gold_gain":0.0,"event_name":"Mushrooms","player_choice":"Fought Mushrooms","floor":11.0,"gold_loss":0.0,"damage_taken":0.0},{"damage_healed":0.0,"max_hp_gain":0.0,"max_hp_loss":0.0,"gold_gain":0.0,"event_name":"Nest","player_choice":"Joined the Cult","floor":19.0,"gold_loss":0.0,"damage_taken":6.0,"cards_obtained":["RitualDagger"]},{"damage_healed":0.0,"max_hp_gain":0.0,"max_hp_loss":0.0,"gold_gain":0.0,"event_name":"Back to Basics","player_choice":"Simplicity","floor":20.0,"gold_loss":0.0,"damage_taken":0.0,"cards_upgraded":["Strike_G","Strike_G","Strike_G","Strike_G","Defend_G","Defend_G","Defend_G","Defend_G","Defend_G"]},{"damage_healed":0,"gold_gain":0,"player_choice":"Ignored","damage_taken":0,"max_hp_gain":0,"max_hp_loss":0,"event_name":"Vampires","floor":27,"gold_loss":0},{"damage_healed":0,"gold_gain":0,"player_choice":"Fight","damage_taken":0,"max_hp_gain":0,"max_hp_loss":0,"event_name":"Mysterious Sphere","floor":44,"gold_loss":0}],"is_beta":false,"boss_relics":[{"not_picked":["Velvet Choker","Calling Bell"],"picked":"Black Star"},{"not_picked":["SlaversCollar","Sozu"],"picked":"Philosopher\u0027s Stone"}],"items_purged_floors":[5],"is_endless":false,"potions_floor_spawned":[1,6,10,14,18,22,25,28,33,35,38],"killed_by":"The Heart","ascension_level":6}}