{"host":"gkmfgzxy0jvnl2zt","time":1610571266,"event":{"mods":["AchievementEnabler","Act Like it!","Aspiration","BaseMod","Better Note","BetterRewards","Card Forge","Colored Map","Colored Powertips","Conspire","Elementarium","Energized Spire","Infinite Spire","Ironclad Rager","Mimic Mod","Minty Spire (QoL Compilation)","Permanent Neow","Replay The Spire","Shop Mod","StSLib","The Factory","The Jungle","Trackpad","vexMod"],"gold_per_floor":[99999,99175,99175,99186,99186,99186,99221,99221,99221,99241,99241,99241,99268,99268,98892,98905,98905,99001,99001,99017,98942,98942,98595,98615,98555,98555,98566,98592,98608,98608,98642,98658,98677,98677,98677,98677],"floor_reached":35,"language":"ENG","playtime":2459,"items_purged":["Strike_B","Strike_B+1","Defend_B+1"],"score":444,"play_id":"50dd892b-d101-4f66-bdcd-b6c7d4f62af8","local_time":"20210113155426","is_ascension_mode":true,"campfire_choices":[{"floor":6.0,"key":"RECALL"},{"floor":8.0,"key":"REST"},{"floor":14.0,"key":"REST"},{"floor":17.0,"key":"REST"},{"floor":30.0,"key":"REST"},{"floor":34.0,"key":"REST"}],"circlet_count":0,"master_deck":["Zap+1","Dualcast+1","ReplayTheSpireMod:Calculation Training+1","Turbo+1","Pot Of Greed+1","Pot Of Greed+1","Static Discharge+1","Multi-Cast+1","ReplayGash+1","Gash+1","ReplayUltimateDefense+1","Gash+1","Deep Breath+1","Cold Snap+1","Hello World+1","Cold Snap+1","Static Discharge+1","Barrage+1","Pot Of Greed+1","Ball Lightning+1","Rainbow+1","Beam Cell+1","Ghostly+1","Ghostly+1","Ghostly+1","Ghostly+1","Ghostly+1","Thunder Strike+1","Rainbow+1","BasicCrystalCard+1","Draining Mist+1","Poison Darts+1","Concentrate+1","Pot Of Greed+1","Auto Shields+1","Ball Lightning+1","Doom and Gloom+1","conspire:SharedLibrary+1","Coolheaded+1"],"relics":["Cracked Core","Hammer of Thor","Seething Fire","Anvil of the Gods","Grinning Jar","infinitespire:PuzzleCube","Membership Card","ReplayTheSpireMod:Lightbulb","Pet Ghost","BargainBundle","Calipers","trackpad:AdjectivePendant","energizedSpire:RedRose","Gremlin Food","Boot","Bag of Preparation","Replay:WaspNest"],"acts_visited":["Exordium","TheCity"],"potions_floor_usage":[],"damage_taken":[{"damage":0.0,"enemies":"conspire:RoseBush","floor":1.0,"turns":3.0},{"damage":0.0,"enemies":"Cultist","floor":4.0,"turns":3.0},{"damage":11.0,"enemies":"Lagavulin","floor":7.0,"turns":5.0},{"damage":0.0,"enemies":"Jaw Worm","floor":10.0,"turns":3.0},{"damage":2.0,"enemies":"3 Sentries","floor":13.0,"turns":4.0},{"damage":14.0,"enemies":"Red Slaver","floor":16.0,"turns":2.0},{"damage":0.0,"enemies":"The Guardian","floor":18.0,"turns":8.0},{"damage":7.0,"enemies":"3 Byrds","floor":20.0,"turns":3.0},{"damage":15.0,"enemies":"2 Thieves","floor":24.0,"turns":4.0},{"damage":16.0,"enemies":"Cultist and Chosen","floor":27.0,"turns":3.0},{"damage":2.0,"enemies":"Snecko","floor":29.0,"turns":3.0},{"damage":11.0,"enemies":"Replay:Snechameleon","floor":31.0,"turns":4.0},{"damage":4.0,"enemies":"Centurion and Healer","floor":32.0,"turns":5.0},{"damage":2.0,"enemies":"Snake Plant","floor":33.0,"turns":3.0},{"damage":19,"enemies":"Collector","floor":35,"turns":2}],"seed_played":"8632641873395725153","potions_obtained":[{"floor":0.0,"key":"LiquidBronze"},{"floor":0.0,"key":"Venom Potion"},{"floor":0.0,"key":"Elixir"},{"floor":13.0,"key":"Regen Potion"},{"floor":20.0,"key":"BlessingOfTheForge"},{"floor":27.0,"key":"SmokeBomb"},{"floor":32.0,"key":"SkillPotion"}],"is_trial":false,"path_per_floor":["M","$","?","M","?","R","E","R","T","M","PTL","PTL","E","R","$","M","R","B",null,"M","?","?","$","M","?","?","M","T","M","R","E","M","M","R","B"],"character_chosen":"DEFECT","items_purchased":["Turbo","Grinning Jar","infinitespire:PuzzleCube","Membership Card","PotionOfCapacity","Static Discharge","Multi-Cast","ReplayGash","Gash","ReplayUltimateDefense","BargainBundle","Static Discharge","Calipers","Barrage+1","trackpad:AdjectivePendant","Gremlin Food","Boot","Thunder Strike+1","Rainbow"],"campfire_rested":5,"item_purchase_floors":[2,2,2,2,2,2,2,2,2,2,15,15,15,15,15,23,23,23,23],"current_hp_per_floor":[75,75,75,75,75,75,64,75,75,75,75,75,73,75,75,61,75,75,75,68,68,37,37,22,22,22,15,15,13,24,13,9,7,18,0,0],"gold":98677,"neow_bonus":"THREE_SMALL_POTIONS","is_daily":false,"chose_seed":false,"campfire_upgraded":0,"win_rate":0.0,"timestamp":1610571266,"path_taken":["M","$","?","?","?","R","E","R","T","M","PTL","PTL","E","R","$","?","R","BOSS","M","?","?","$","M","?","?","M","T","M","R","E","M","M","R","BOSS"],"items_purchased_type":["Card","Relic","Relic","Relic","Potion","Card","Card","Card","Card","Card","Relic","Card","Relic","Card","Relic","Relic","Relic","Card","Card"],"build_version":"2020-12-22","purchased_purges":3,"victory":false,"max_hp_per_floor":[75,75,75,75,75,75,75,75,75,75,75,75,75,75,75,75,75,75,75,75,75,37,37,37,37,37,37,37,37,37,37,37,37,37,37,37],"card_choices":[{"not_picked":["Recycle","Reboot"],"picked":"ReplayTheSpireMod:Calculation Training","floor":1.0},{"not_picked":["Cold Snap","Compile Driver"],"picked":"Gash","floor":4.0},{"not_picked":["Hologram","Stack","Reprogram"],"picked":"SKIP","floor":7.0},{"not_picked":["ReplayTheSpireMod:GoodbyeWorld","Cold Snap"],"picked":"Hello World","floor":10.0},{"not_picked":["ReplayTheSpireMod:Reroute Power","Chill"],"picked":"Cold Snap","floor":13.0},{"not_picked":["Stack","Panic Button"],"picked":"Ball Lightning","floor":16.0},{"not_picked":["Fission","All For One"],"picked":"Rainbow","floor":18.0},{"not_picked":["Stack+1","Cold Snap"],"picked":"Beam Cell","floor":20.0},{"not_picked":["Streamline","Coolheaded"],"picked":"BasicCrystalCard","floor":24.0},{"not_picked":["Ball Lightning","Scrape"],"picked":"Auto Shields","floor":27.0},{"not_picked":["Machine Learning","Leap"],"picked":"Ball Lightning","floor":29.0},{"not_picked":["conspire:Rain+1","Barrage"],"picked":"Doom and Gloom","floor":31.0},{"not_picked":["Conserve Battery","Melter"],"picked":"conspire:SharedLibrary+1","floor":32.0},{"not_picked":["Compile Driver","Blizzard"],"picked":"Coolheaded+1","floor":33.0}],"player_experience":34080,"relics_obtained":[{"floor":7.0,"key":"ReplayTheSpireMod:Lightbulb"},{"floor":13.0,"key":"Pet Ghost"},{"floor":28.0,"key":"Bag of Preparation"},{"floor":31.0,"key":"Replay:WaspNest"}],"event_choices":[{"cards_removed":["Strike_B"],"damage_healed":0.0,"max_hp_gain":0.0,"max_hp_loss":0.0,"gold_gain":0.0,"event_name":"Purifier","player_choice":"Purged","floor":3.0,"gold_loss":0.0,"damage_taken":0.0},{"damage_healed":0.0,"max_hp_gain":0.0,"max_hp_loss":0.0,"gold_gain":0.0,"event_name":"Match and Keep!","player_choice":"2 cards matched","floor":5.0,"gold_loss":0.0,"damage_taken":0.0,"cards_obtained":["Deep Breath","Cold Snap"]},{"cards_removed":["Strike_B"],"damage_healed":0.0,"max_hp_gain":0.0,"max_hp_loss":0.0,"gold_gain":0.0,"event_name":"Beggar","player_choice":"Gave Gold","floor":21.0,"gold_loss":75.0,"damage_taken":0.0},{"damage_healed":0.0,"max_hp_gain":0.0,"max_hp_loss":38.0,"gold_gain":0.0,"event_name":"Ghosts","player_choice":"Became a Ghost","floor":22.0,"gold_loss":0.0,"damage_taken":0.0,"cards_obtained":["Ghostly","Ghostly","Ghostly","Ghostly","Ghostly"]}],"is_beta":false,"boss_relics":[{"not_picked":["trackpad:NeutrinoGenerator","Replay:Drink Me"],"picked":"energizedSpire:RedRose"}],"items_purged_floors":[2,15,23],"is_endless":false,"potions_floor_spawned":[4,13,16,20,27,29,32],"killed_by":"Collector","ascension_level":2}}