{"host":"jl3raagrljzztomj","time":1610523561,"event":{"mods":["BaseMod","BetterRewards","Colored Map","Colored Powertips","Custom Start","Hermit","Highlight Path","Minty Spire (QoL Compilation)","Permanent Neow","StSLib","The Runesmith"],"gold_per_floor":[118,136,136,156,166,166,196,196,196,196,231,242,301,319,319,422,422,436,436,436,416,429,429,429],"floor_reached":23,"language":"ENG","playtime":936,"items_purged":[],"score":203,"play_id":"e9a7a44e-fefb-460c-bfc7-7463c7a107fe","local_time":"20210113013921","is_ascension_mode":false,"campfire_choices":[{"data":"Rampage","floor":6,"key":"SMITH"},{"data":"Blood for Blood","floor":8,"key":"SMITH"},{"data":"Sword Boomerang","floor":10,"key":"SMITH"},{"floor":15,"key":"REST"}],"circlet_count":0,"master_deck":["Strike_R","Strike_R","Strike_R","Strike_R","Strike_R","Defend_R","Defend_R","Defend_R","Defend_R","Bash+1","Sword Boomerang+1","Rampage+1","Brutality","Blood for Blood+1","Demon Form","RitualDagger","Spot Weakness+1"],"relics":["Burning Blood","GremlinMask","Mummified Hand","Paper Frog","Bag of Marbles","Black Star"],"acts_visited":["Exordium","TheCity"],"potions_floor_usage":[16,16,21,23],"damage_taken":[{"damage":2,"enemies":"Small Slimes","floor":1,"turns":4},{"damage":1,"enemies":"Cultist","floor":2,"turns":4},{"damage":6,"enemies":"Jaw Worm","floor":4,"turns":4},{"damage":4,"enemies":"Blue Slaver","floor":5,"turns":4},{"damage":30,"enemies":"Lagavulin","floor":7,"turns":5},{"damage":16,"enemies":"Gremlin Nob","floor":11,"turns":3},{"damage":5,"enemies":"2 Fungi Beasts","floor":12,"turns":3},{"damage":24,"enemies":"Gremlin Gang","floor":14,"turns":5},{"damage":29,"enemies":"The Guardian","floor":16,"turns":6},{"damage":24,"enemies":"Chosen","floor":18,"turns":5},{"damage":37,"enemies":"2 Thieves","floor":21,"turns":4},{"damage":11,"enemies":"Snake Plant","floor":22,"turns":3},{"damage":69,"enemies":"Gremlin Leader","floor":23,"turns":6}],"seed_played":"-4924201133452180433","potions_obtained":[{"floor":2,"key":"FearPotion"},{"floor":4,"key":"EssenceOfSteel"},{"floor":5,"key":"Regen Potion"},{"floor":14,"key":"Weak Potion"},{"floor":22,"key":"Explosive Potion"}],"is_trial":false,"path_per_floor":["M","M","?","M","M","R","E","R","T","R","E","M","?","M","R","B",null,"M","?","?","M","M","E"],"character_chosen":"IRONCLAD","items_purchased":[],"campfire_rested":1,"item_purchase_floors":[],"current_hp_per_floor":[80,80,80,80,80,80,56,56,56,56,46,47,47,29,53,30,80,62,56,90,71,66,0,0],"gold":429,"neow_bonus":"UPGRADE_CARD","is_daily":false,"chose_seed":false,"campfire_upgraded":3,"win_rate":0.0,"timestamp":1610523561,"path_taken":["M","M","?","?","?","R","E","R","T","R","E","M","?","M","R","BOSS","M","?","?","?","M","E"],"items_purchased_type":[],"build_version":"2020-12-22","purchased_purges":0,"victory":false,"max_hp_per_floor":[80,80,80,80,80,80,80,80,80,80,80,80,80,80,80,80,80,80,80,90,90,90,90,90],"card_choices":[{"not_picked":["Iron Wave","Havoc"],"picked":"Sword Boomerang","floor":1},{"not_picked":["Havoc","Clothesline"],"picked":"Rampage","floor":2},{"not_picked":["Iron Wave","Perfected Strike"],"picked":"Brutality","floor":4},{"not_picked":["Thunderclap","Burning Pact"],"picked":"Blood for Blood","floor":5},{"not_picked":["Iron Wave","Armaments","Shrug It Off"],"picked":"SKIP","floor":7},{"not_picked":["Heavy Blade","Perfected Strike","Wild Strike"],"picked":"SKIP","floor":11},{"not_picked":["Havoc","Shrug It Off","Feel No Pain"],"picked":"SKIP","floor":12},{"not_picked":["Warcry","Sentinel"],"picked":"Demon Form","floor":14},{"not_picked":["Reaper","Fiend Fire"],"picked":"Brutality","floor":16},{"not_picked":["Twin Strike+1","Shrug It Off","Entrench"],"picked":"SKIP","floor":18},{"not_picked":["Rage","Iron Wave"],"picked":"Spot Weakness+1","floor":21},{"not_picked":["Flex","Body Slam","Rage"],"picked":"SKIP","floor":22}],"player_experience":925021,"relics_obtained":[{"floor":7,"key":"Mummified Hand"},{"floor":9,"key":"Paper Frog"},{"floor":11,"key":"Bag of Marbles"}],"event_choices":[{"damage_healed":0,"gold_gain":0,"player_choice":"Trade","damage_taken":0,"relics_obtained":["GremlinMask"],"max_hp_gain":0,"max_hp_loss":0,"event_name":"FaceTrader","floor":3,"gold_loss":0},{"damage_healed":0,"gold_gain":59,"player_choice":"Gained Gold","damage_taken":0,"max_hp_gain":0,"max_hp_loss":0,"event_name":"Golden Wing","floor":13,"gold_loss":0},{"damage_healed":0,"gold_gain":0,"player_choice":"Joined the Cult","damage_taken":6,"max_hp_gain":0,"max_hp_loss":0,"event_name":"Nest","floor":19,"gold_loss":0,"cards_obtained":["RitualDagger"]},{"cards_removed":["Brutality"],"damage_healed":24,"gold_gain":0,"player_choice":"Offered Rare","damage_taken":0,"max_hp_gain":10,"max_hp_loss":0,"event_name":"Bonfire Elementals","floor":20,"gold_loss":0}],"is_beta":false,"boss_relics":[{"not_picked":["SacredBark","Ectoplasm"],"picked":"Black Star"}],"items_purged_floors":[],"is_endless":false,"potions_floor_spawned":[2,4,5,14,22],"killed_by":"Gremlin Leader","ascension_level":0}}