{"host":"aaqofma31c3gm2hj","time":1610507814,"event":{"mods":["BaseMod","GungeonMod","Minty Spire (QoL Compilation)","Replay The Spire","Spicy Shops","StSLib"],"gold_per_floor":[112,112,112,37,49,49,80,80,80,9,9,9],"floor_reached":11,"language":"ZHS","playtime":119,"items_purged":["Defend_P","Hallucinations"],"score":188,"play_id":"d35ca80c-5fcc-49b8-9f85-f982658522a9","local_time":"20210113111654","is_ascension_mode":true,"campfire_choices":[{"data":"BowlingBash","floor":6,"key":"SMITH"},{"data":"Vigilance","floor":8,"key":"SMITH"}],"circlet_count":0,"master_deck":["AscendersBane","Strike_P+1","Strike_P+1","Strike_P+1","Strike_P+1","Defend_P+1","Defend_P","Defend_P","Eruption+1","Vigilance+1","BowlingBash+1","Replay:AllIn","Writhe"],"relics":["PureWater","NeowsBlessing","DemoMod:GlassGuonStoneRelic","Replay:Bottled Snecko","Replay:Bottled Eggs","ReplayTheSpireMod:CursedCoin","Membership Card"],"acts_visited":["Exordium"],"potions_floor_usage":[11],"damage_taken":[{"damage":0,"enemies":"Small Slimes","floor":1,"turns":1},{"damage":0,"enemies":"Jaw Worm","floor":5,"turns":1},{"damage":0,"enemies":"3 Sentries","floor":7,"turns":1},{"damage":0,"enemies":"Gremlin Nob","floor":11,"turns":2}],"seed_played":"2003299222112874770","potions_obtained":[{"floor":1,"key":"EssenceOfSteel"},{"floor":5,"key":"ColorlessPotion"}],"is_trial":false,"path_per_floor":["M","?","T","$","M","R","E","R","T","$","E"],"character_chosen":"WATCHER","items_purchased":["ReplayTheSpireMod:CursedCoin","Membership Card"],"campfire_rested":0,"item_purchase_floors":[10,10],"current_hp_per_floor":[61,41,41,41,41,41,41,41,41,41,41,41],"gold":9,"neow_bonus":"THREE_ENEMY_KILL","is_daily":false,"chose_seed":false,"campfire_upgraded":2,"win_rate":0.0,"timestamp":1610507814,"path_taken":["M","?","?","$","?","R","E","R","T","$","E"],"items_purchased_type":["Relic","Relic"],"build_version":"2020-12-22","purchased_purges":2,"victory":false,"max_hp_per_floor":[68,68,68,68,68,68,68,68,68,68,68,68],"card_choices":[{"not_picked":["FollowUp","CrushJoints","ThirdEye"],"picked":"SKIP","floor":1},{"not_picked":["Replay:AtTheReady","Prostrate"],"picked":"BowlingBash","floor":5},{"not_picked":["Fasting2","CutThroughFate"],"picked":"Replay:AllIn","floor":7}],"player_experience":589876,"relics_obtained":[{"floor":3,"key":"Replay:Bottled Snecko"},{"floor":7,"key":"Replay:Bottled Eggs"}],"event_choices":[{"damage_healed":0,"gold_gain":0,"player_choice":"Entered Light","damage_taken":20,"max_hp_gain":0,"max_hp_loss":0,"event_name":"Shining Light","floor":2,"gold_loss":0,"cards_upgraded":["Eruption","Defend_P"]}],"is_beta":false,"boss_relics":[],"items_purged_floors":[4,10],"is_endless":false,"potions_floor_spawned":[1,5],"killed_by":"Gremlin Nob","ascension_level":20}}