{"host":"i0avyit1s6jb1siw","time":1610551368,"event":{"mods":["BaseMod","DeckTracker","Dota2Spire","Highlight Path","Minty Spire (QoL Compilation)","Quick Restart","StSLib","SuperFastMode"],"gold_per_floor":[117,29,42,42,52,52,81,81,81,110,120,131,131,166,166,245,245,257,270,270,283,32,32,43,63,63,97,97,97],"floor_reached":28,"language":"ENG","playtime":699,"items_purged":["Strike_G"],"score":520,"play_id":"128bbd6a-990b-4bcd-bd83-c638215cd736","local_time":"20210113162248","is_ascension_mode":true,"campfire_choices":[{"data":"Blade Dance","floor":6,"key":"SMITH"},{"data":"Venomology","floor":8,"key":"SMITH"},{"data":"Crippling Poison","floor":15,"key":"SMITH"},{"floor":23,"key":"REST"}],"circlet_count":0,"master_deck":["AscendersBane","Strike_G+1","Strike_G+1","Defend_G","Defend_G","Defend_G","Defend_G","Defend_G","Survivor","Neutralize","Blade Dance+1","Dagger Spray","Venomology+1","Crippling Poison+1","PiercingWail","Deadly Poison","Phantasmal Killer","Acrobatics+1","Dodge and Roll","Concentrate","Choke","After Image","Expertise+1","Footwork"],"relics":["Runic Dome","Dota2Spire:Desolator","Dota2Spire:MantaStyle","Dota2Spire:LinkenSphere","Whetstone","Shuriken","Dota2Spire:RefresherOrb","Question Card","Akabeko"],"acts_visited":["Exordium","TheCity"],"potions_floor_usage":[7,10,12,12,14,14,14,16,16,16,18,19,21,24,24,24,24,25,25,28,28],"damage_taken":[{"damage":9,"enemies":"Jaw Worm","floor":1,"turns":6},{"damage":0,"enemies":"Cultist","floor":3,"turns":2},{"damage":0,"enemies":"2 Louse","floor":5,"turns":3},{"damage":11,"enemies":"Gremlin Nob","floor":7,"turns":3},{"damage":15,"enemies":"Lagavulin","floor":10,"turns":7},{"damage":0,"enemies":"Looter","floor":11,"turns":2},{"damage":4,"enemies":"Large Slime","floor":12,"turns":4},{"damage":7,"enemies":"3 Sentries","floor":14,"turns":6},{"damage":7,"enemies":"The Guardian","floor":16,"turns":12},{"damage":20,"enemies":"2 Thieves","floor":18,"turns":4},{"damage":14,"enemies":"Chosen","floor":19,"turns":4},{"damage":14,"enemies":"Snake Plant","floor":21,"turns":4},{"damage":31,"enemies":"Cultist and Chosen","floor":24,"turns":6},{"damage":0,"enemies":"3 Cultists","floor":25,"turns":3},{"damage":35,"enemies":"Gremlin Leader","floor":27,"turns":7},{"damage":3,"enemies":"Snake Plant","floor":28,"turns":3}],"seed_played":"3074963988837217174","potions_obtained":[{"floor":3,"key":"ColorlessPotion"},{"floor":7,"key":"GamblersBrew"},{"floor":11,"key":"Fruit Juice"},{"floor":14,"key":"Explosive Potion"},{"floor":25,"key":"SmokeBomb"},{"floor":27,"key":"SkillPotion"}],"is_trial":false,"path_per_floor":["M","?","M","$","M","R","E","R","T","E","M","M","?","E","R","B",null,"M","M","?","M","$","R","M","M","T","E","M"],"character_chosen":"THE_SILENT","items_purchased":["After Image"],"campfire_rested":1,"item_purchase_floors":[22],"current_hp_per_floor":[50,50,50,50,50,50,39,39,39,24,24,25,30,23,23,31,65,45,31,31,17,17,39,8,8,8,1,0,0],"gold":97,"neow_bonus":"BOSS_RELIC","is_daily":false,"chose_seed":false,"campfire_upgraded":3,"win_rate":0.0,"timestamp":1610551368,"path_taken":["M","?","?","$","M","R","E","R","T","E","?","M","?","E","R","BOSS","M","M","?","M","$","R","M","M","T","E","M"],"items_purchased_type":["Card"],"build_version":"2020-12-22","purchased_purges":1,"victory":false,"max_hp_per_floor":[66,66,66,66,66,66,66,66,66,66,66,71,76,76,76,76,76,76,76,76,76,76,76,76,76,76,76,76,76],"card_choices":[{"not_picked":["Flechettes","PiercingWail"],"picked":"Blade Dance","floor":1},{"not_picked":["Catalyst","Outmaneuver","Bane"],"picked":"SKIP","floor":3},{"not_picked":["Catalyst","PiercingWail"],"picked":"Dagger Spray","floor":5},{"not_picked":["Caltrops","Outmaneuver"],"picked":"Venomology","floor":7},{"not_picked":["Blur","Catalyst"],"picked":"Crippling Poison","floor":10},{"not_picked":["Bane","Slice"],"picked":"PiercingWail","floor":11},{"not_picked":["Deflect","Underhanded Strike","Tactician"],"picked":"SKIP","floor":12},{"not_picked":["Deflect","Underhanded Strike"],"picked":"Deadly Poison","floor":14},{"not_picked":["Night Terror","Grand Finale"],"picked":"Phantasmal Killer","floor":16},{"not_picked":["Setup","Bane","Endless Agony"],"picked":"SKIP","floor":18},{"not_picked":["Quick Slash","Escape Plan"],"picked":"Acrobatics+1","floor":19},{"not_picked":["Choke","Sucker Punch","Deadly Poison"],"picked":"SKIP","floor":21},{"not_picked":["Sucker Punch","Deadly Poison"],"picked":"Choke","floor":21},{"not_picked":["Deflect","Crippling Poison","Flying Knee"],"picked":"SKIP","floor":24},{"not_picked":["Finisher","PiercingWail"],"picked":"Expertise+1","floor":25},{"not_picked":["Heel Hook","Prepared","Expertise"],"picked":"Footwork","floor":27}],"player_experience":2225090,"relics_obtained":[{"floor":7,"key":"Dota2Spire:MantaStyle"},{"floor":9,"key":"Dota2Spire:LinkenSphere"},{"floor":10,"key":"Whetstone"},{"floor":14,"key":"Shuriken"},{"floor":26,"key":"Question Card"},{"floor":27,"key":"Akabeko"}],"event_choices":[{"damage_healed":0,"gold_gain":0,"player_choice":"Paid Gold","damage_taken":0,"relics_obtained":["Dota2Spire:Desolator"],"max_hp_gain":0,"max_hp_loss":0,"event_name":"WeMeetAgain","floor":2,"gold_loss":88},{"damage_healed":0,"gold_gain":0,"player_choice":"Donut","damage_taken":0,"max_hp_gain":5,"max_hp_loss":0,"event_name":"Big Fish","floor":13,"gold_loss":0},{"damage_healed":0,"gold_gain":0,"cards_transformed":["Strike_G","Strike_G"],"player_choice":"Became Test Subject","damage_taken":0,"max_hp_gain":0,"max_hp_loss":0,"event_name":"Drug Dealer","floor":20,"gold_loss":0,"cards_obtained":["Dodge and Roll","Concentrate"]}],"is_beta":false,"boss_relics":[{"not_picked":["Coffee Dripper","HoveringKite"],"picked":"Dota2Spire:RefresherOrb"}],"items_purged_floors":[22],"is_endless":false,"potions_floor_spawned":[3,7,11,14,21,25,27],"killed_by":"Snake Plant","ascension_level":20}}