{"host":"6azrrw3tf7wb0f4b","time":1610557912,"event":{"mods":["BaseMod","DeckTracker","Minty Spire (QoL Compilation)","SuperFastMode"],"gold_per_floor":[17,17,27,46,30,30,40,40,40,40,53,53,53,70,70,70,70],"floor_reached":16,"language":"KOR","playtime":282,"items_purged":[],"score":150,"play_id":"a16214e9-766d-4d3c-8d65-bbbad360bb3c","local_time":"20210114021152","is_ascension_mode":true,"campfire_choices":[{"data":"Chaos","floor":6,"key":"SMITH"},{"data":"Dualcast","floor":8,"key":"SMITH"},{"data":"Zap","floor":10,"key":"SMITH"},{"floor":15,"key":"REST"}],"circlet_count":0,"master_deck":["AscendersBane","Strike_B","Strike_B","Defend_B","Defend_B","Defend_B","Defend_B","Zap+1","Dualcast+1","Reboot","Chaos+1","Sweeping Beam","Turbo","Turbo","Hologram","Reinforced Body"],"relics":["Cracked Core","Lantern"],"acts_visited":["Exordium"],"potions_floor_usage":[16],"damage_taken":[{"damage":3,"enemies":"2 Louse","floor":1,"turns":3},{"damage":6,"enemies":"Cultist","floor":3,"turns":3},{"damage":8,"enemies":"Jaw Worm","floor":4,"turns":6},{"damage":22,"enemies":"Exordium Thugs","floor":5,"turns":4},{"damage":9,"enemies":"Red Slaver","floor":7,"turns":3},{"damage":6,"enemies":"Exordium Wildlife","floor":11,"turns":4},{"damage":8,"enemies":"Blue Slaver","floor":14,"turns":3},{"damage":31,"enemies":"Hexaghost","floor":16,"turns":7}],"seed_played":"-2722963086592553659","potions_obtained":[{"floor":1,"key":"ColorlessPotion"},{"floor":4,"key":"PotionOfCapacity"},{"floor":14,"key":"Strength Potion"}],"is_trial":false,"path_per_floor":["M","?","M","M","M","R","M","R","T","R","M","$","?","M","R","B"],"character_chosen":"DEFECT","items_purchased":[],"campfire_rested":1,"item_purchase_floors":[],"current_hp_per_floor":[65,65,59,51,29,29,20,20,20,20,14,14,14,6,28,0,0],"gold":70,"neow_bonus":"THREE_RARE_CARDS","is_daily":false,"chose_seed":false,"campfire_upgraded":3,"win_rate":0.0,"timestamp":1610557912,"path_taken":["M","?","M","M","M","R","M","R","T","R","M","$","?","M","R","BOSS"],"items_purchased_type":[],"build_version":"2020-12-22","purchased_purges":0,"victory":false,"max_hp_per_floor":[75,75,75,75,75,75,75,75,75,75,75,75,75,75,75,75,75],"card_choices":[{"not_picked":["Thunder Strike","Multi-Cast"],"picked":"Reboot","floor":0},{"not_picked":["BootSequence","Steam"],"picked":"Chaos","floor":1},{"not_picked":["Streamline","FTL"],"picked":"Turbo","floor":3},{"not_picked":["Beam Cell","Go for the Eyes","Chaos"],"picked":"SKIP","floor":4},{"not_picked":["Ball Lightning","Genetic Algorithm"],"picked":"Turbo","floor":5},{"not_picked":["Consume","Lockon","Fission"],"picked":"SKIP","floor":7},{"not_picked":["Consume","Sweeping Beam"],"picked":"Hologram","floor":11},{"not_picked":["Go for the Eyes","Stack"],"picked":"Reinforced Body","floor":14}],"player_experience":711381,"relics_obtained":[{"floor":9,"key":"Lantern"}],"event_choices":[{"damage_healed":0,"gold_gain":0,"cards_transformed":["Strike_B"],"player_choice":"Change","damage_taken":0,"max_hp_gain":0,"max_hp_loss":0,"event_name":"Living Wall","floor":2,"gold_loss":0,"cards_obtained":["Sweeping Beam"]},{"cards_removed":["Strike_B"],"damage_healed":0,"gold_gain":0,"player_choice":"Purged","damage_taken":0,"max_hp_gain":0,"max_hp_loss":0,"event_name":"Purifier","floor":13,"gold_loss":0}],"is_beta":false,"boss_relics":[],"items_purged_floors":[],"is_endless":false,"potions_floor_spawned":[1,4,11,14],"killed_by":"Hexaghost","ascension_level":12}}