{"host":"15dd7v8o90xso62x","time":1610566369,"event":{"mods":["BaseMod","Minty Spire (QoL Compilation)","Quick Restart","StSLib","SuperFastMode"],"gold_per_floor":[111,111,111,134,134,174,174,217,217,217,10,10,10],"floor_reached":12,"language":"KOR","playtime":219,"items_purged":["Strike_G"],"score":218,"play_id":"7befb90c-6a1a-44a9-a55b-fd245f5d7d5b","local_time":"20210114043249","is_ascension_mode":true,"campfire_choices":[{"floor":7,"key":"REST"},{"data":"Phantasmal Killer","floor":10,"key":"SMITH"}],"circlet_count":0,"master_deck":["AscendersBane","Strike_G","Strike_G","Strike_G","Strike_G","Defend_G","Defend_G+1","Defend_G","Defend_G","Defend_G","Survivor","Neutralize","Blade Dance+1","Dagger Spray","Well Laid Plans","Phantasmal Killer+1","Blade Dance","Footwork"],"relics":["Ring of the Snake","NeowsBlessing","Golden Idol","Ice Cream","Tiny Chest","Meat on the Bone"],"acts_visited":["Exordium"],"potions_floor_usage":[8,12],"damage_taken":[{"damage":0,"enemies":"2 Louse","floor":1,"turns":1},{"damage":0,"enemies":"Jaw Worm","floor":4,"turns":1},{"damage":0,"enemies":"Gremlin Nob","floor":6,"turns":1},{"damage":24,"enemies":"3 Sentries","floor":8,"turns":8},{"damage":13,"enemies":"Lagavulin","floor":12,"turns":4}],"seed_played":"-8094176313775632614","potions_obtained":[{"floor":6,"key":"Poison Potion"},{"floor":8,"key":"Poison Potion"}],"is_trial":false,"path_per_floor":["M","?","?","M","?","E","R","E","T","R","$","E"],"character_chosen":"THE_SILENT","items_purchased":["Blade Dance","Footwork"],"campfire_rested":1,"item_purchase_floors":[11,11],"current_hp_per_floor":[59,36,16,16,16,16,35,11,11,11,11,0,0],"gold":10,"neow_bonus":"THREE_ENEMY_KILL","is_daily":false,"chose_seed":false,"campfire_upgraded":1,"win_rate":0.0,"timestamp":1610566369,"path_taken":["M","?","?","?","?","E","R","E","T","R","$","E"],"items_purchased_type":["Card","Card"],"build_version":"2020-12-22","purchased_purges":1,"victory":false,"max_hp_per_floor":[66,66,66,66,66,66,66,66,66,66,66,66,66],"card_choices":[{"not_picked":["Cloak And Dagger","All Out Attack"],"picked":"Blade Dance","floor":1},{"not_picked":["Backflip","Dodge and Roll"],"picked":"Dagger Spray","floor":4},{"not_picked":["Dagger Spray","Prepared"],"picked":"Well Laid Plans","floor":6},{"not_picked":["Acrobatics","Footwork"],"picked":"Phantasmal Killer","floor":8}],"player_experience":1033102,"relics_obtained":[{"floor":6,"key":"Ice Cream"},{"floor":8,"key":"Tiny Chest"},{"floor":9,"key":"Meat on the Bone"}],"event_choices":[{"damage_healed":0,"gold_gain":0,"player_choice":"Take Damage","damage_taken":23,"relics_obtained":["Golden Idol"],"max_hp_gain":0,"max_hp_loss":0,"event_name":"Golden Idol","floor":2,"gold_loss":0},{"damage_healed":0,"gold_gain":0,"player_choice":"Entered Light","damage_taken":20,"max_hp_gain":0,"max_hp_loss":0,"event_name":"Shining Light","floor":3,"gold_loss":0,"cards_upgraded":["Blade Dance","Defend_G"]},{"damage_healed":0,"gold_gain":0,"player_choice":"Ignored","damage_taken":0,"max_hp_gain":0,"max_hp_loss":0,"event_name":"Liars Game","floor":5,"gold_loss":0}],"is_beta":false,"boss_relics":[],"items_purged_floors":[11],"is_endless":false,"potions_floor_spawned":[6,8],"killed_by":"Lagavulin","ascension_level":20}}