{"host":"t7pj92rmddqyxjfj","time":1610556020,"event":{"mods":["AchievementEnabler","BaseMod","Colored Map","Colored Powertips","Minty Spire (QoL Compilation)","StSLib","SuperFastMode"],"gold_per_floor":[118,118,42,53,53,53,65,78,78,78,78,95,159,175,175,277,277,264,138,148,48,63,63,162,162,162,0,0,0],"floor_reached":28,"language":"ENG","playtime":603,"items_purged":["Strike_R","Strike_R"],"score":208,"play_id":"927a5b26-a375-4329-8f1e-549e504ff26a","local_time":"20210113094020","is_ascension_mode":false,"campfire_choices":[{"floor":6,"key":"REST"},{"floor":11,"key":"REST"},{"floor":15,"key":"REST"},{"floor":23,"key":"REST"},{"floor":25,"key":"REST"}],"circlet_count":0,"master_deck":["Strike_R","Strike_R","Strike_R","Defend_R","Defend_R","Defend_R","Defend_R","Bash+1","Flex","Twin Strike+1","Shockwave","Demon Form","Heavy Blade","Hemokinesis","Reaper","Anger+1","Rupture","Shrug It Off","Flame Barrier","Heavy Blade+1","Doubt"],"relics":["Burning Blood","NeowsBlessing","Champion Belt","WingedGreaves","Prayer Wheel","Cursed Key"],"acts_visited":["Exordium","TheCity"],"potions_floor_usage":[8,13,13,18,22,28],"damage_taken":[{"damage":0,"enemies":"Small Slimes","floor":1,"turns":1},{"damage":0,"enemies":"Cultist","floor":4,"turns":1},{"damage":0,"enemies":"Jaw Worm","floor":7,"turns":1},{"damage":17,"enemies":"2 Fungi Beasts","floor":8,"turns":4},{"damage":2,"enemies":"3 Louse","floor":12,"turns":5},{"damage":18,"enemies":"Lagavulin Event","floor":13,"turns":4},{"damage":18,"enemies":"Blue Slaver","floor":14,"turns":3},{"damage":26,"enemies":"Slime Boss","floor":16,"turns":5},{"damage":16,"enemies":"2 Thieves","floor":18,"turns":4},{"damage":28,"enemies":"Spheric Guardian","floor":20,"turns":5},{"damage":32,"enemies":"Shelled Parasite and Fungi","floor":22,"turns":4},{"damage":96,"enemies":"Book of Stabbing","floor":28,"turns":6}],"seed_played":"-5296546886624655997","potions_obtained":[{"floor":4,"key":"ColorlessPotion"},{"floor":7,"key":"PowerPotion"},{"floor":12,"key":"DistilledChaos"},{"floor":13,"key":"Block Potion"},{"floor":16,"key":"Ancient Potion"},{"floor":20,"key":"AttackPotion"}],"is_trial":false,"path_per_floor":["M","?","$","M","$","R","M","M","T","?","R","M","?","M","R","B",null,"M","$","M","$","M","R","?","R","T","?","E"],"character_chosen":"IRONCLAD","items_purchased":["Flex","Twin Strike","Shrug It Off"],"campfire_rested":5,"item_purchase_floors":[3,3,19],"current_hp_per_floor":[80,80,80,80,80,80,80,69,69,53,77,80,68,56,80,60,80,76,76,54,54,32,56,56,80,80,80,0,0],"gold":0,"neow_bonus":"THREE_ENEMY_KILL","is_daily":false,"chose_seed":false,"campfire_upgraded":0,"win_rate":0.0,"timestamp":1610556020,"path_taken":["M","?","$","?","$","R","M","M","T","?","R","M","?","M","R","BOSS","M","$","M","$","M","R","?","R","T","?","E"],"items_purchased_type":["Card","Card","Card"],"build_version":"2020-12-22","purchased_purges":2,"victory":false,"max_hp_per_floor":[80,80,80,80,80,80,80,80,80,80,80,80,80,80,80,80,80,80,80,80,80,80,80,80,80,80,80,80,80],"card_choices":[{"not_picked":["Clothesline","Havoc"],"picked":"Heavy Blade","floor":1},{"not_picked":["Havoc","True Grit"],"picked":"Shockwave","floor":4},{"not_picked":["Hemokinesis","Iron Wave"],"picked":"Demon Form","floor":7},{"not_picked":["Clash","Twin Strike","True Grit"],"picked":"SKIP","floor":8},{"not_picked":["Dual Wield","Sword Boomerang"],"picked":"Heavy Blade","floor":12},{"not_picked":["Ghostly Armor","Body Slam"],"picked":"Hemokinesis","floor":13},{"not_picked":["Cleave","Burning Pact","Havoc"],"picked":"SKIP","floor":14},{"not_picked":["Evolve","Iron Wave","Carnage"],"picked":"SKIP","floor":14},{"not_picked":["Corruption","Bludgeon"],"picked":"Reaper","floor":16},{"not_picked":["Iron Wave","Body Slam"],"picked":"Anger+1","floor":18},{"not_picked":["Uppercut+1","Clothesline"],"picked":"Rupture","floor":18},{"not_picked":["Rampage","Second Wind"],"picked":"Flame Barrier","floor":20},{"not_picked":["Body Slam","Clothesline","Battle Trance"],"picked":"SKIP","floor":20},{"not_picked":["Shrug It Off","Immolate"],"picked":"Heavy Blade+1","floor":22},{"not_picked":["Sentinel","Heavy Blade","Clash+1"],"picked":"SKIP","floor":22}],"player_experience":508045,"relics_obtained":[{"floor":9,"key":"WingedGreaves"},{"floor":13,"key":"Prayer Wheel"}],"event_choices":[{"cards_removed":["Heavy Blade"],"damage_healed":0,"gold_gain":0,"player_choice":"Gave Card","damage_taken":0,"relics_obtained":["Champion Belt"],"max_hp_gain":0,"max_hp_loss":0,"event_name":"WeMeetAgain","floor":2,"gold_loss":0},{"damage_healed":0,"gold_gain":0,"player_choice":"Entered Light","damage_taken":16,"max_hp_gain":0,"max_hp_loss":0,"event_name":"Shining Light","floor":10,"gold_loss":0,"cards_upgraded":["Twin Strike","Bash"]},{"damage_healed":0,"gold_gain":0,"player_choice":"Searched \u00271\u0027 times","damage_taken":0,"max_hp_gain":0,"max_hp_loss":0,"event_name":"Dead Adventurer","floor":13,"gold_loss":0},{"damage_healed":0,"gold_gain":99,"player_choice":"Stole From Cult","damage_taken":0,"max_hp_gain":0,"max_hp_loss":0,"event_name":"Nest","floor":24,"gold_loss":0},{"damage_healed":0,"gold_gain":0,"player_choice":"Paid Fearfully","damage_taken":0,"max_hp_gain":0,"max_hp_loss":0,"event_name":"Masked Bandits","floor":27,"gold_loss":162}],"is_beta":false,"boss_relics":[{"not_picked":["Snecko Eye","Runic Dome"],"picked":"Cursed Key"}],"items_purged_floors":[19,21],"is_endless":false,"potions_floor_spawned":[4,7,12,13,16,20],"killed_by":"Book of Stabbing","ascension_level":0}}