{"host":"254qdhpnbonm8z0p","time":1610526640,"event":{"mods":["BaseMod","Block Reminder","Colored Map","Colored Powertips","Minty Spire (QoL Compilation)","ojb\u0027s Better Paths Mod"],"gold_per_floor":[118,118,129,145,161,188,188,188,188,203,222,222,248,12,12,113,113,113,113,39,39,39,39,39,39,39,39,39,39,39,39,39],"floor_reached":31,"language":"ENG","playtime":3024,"items_purged":[],"score":274,"play_id":"e82f4839-b30f-476d-b162-3a8eb1db51a1","local_time":"20210113003040","is_ascension_mode":false,"campfire_choices":[{"floor":7,"key":"REST"},{"floor":12,"key":"REST"},{"floor":15,"key":"REST"},{"floor":23,"key":"REST"},{"data":"Loop","floor":27,"key":"SMITH"}],"circlet_count":0,"master_deck":["Strike_B+1","Strike_B+1","Strike_B+1","Defend_B+1","Defend_B+1","Defend_B+1","Defend_B+1","Zap","Dualcast","Loop","Loop","BootSequence","Reinforced Body","FTL","Capacitor","Go for the Eyes","Redo","Loop+1","Multi-Cast","Loop+1","Redo","Barrage","Chaos","Defragment+1","Conserve Battery"],"relics":["Cracked Core","NeowsBlessing","Blood Vial","Pantograph","Strawberry","Vajra","Chemical X","Ectoplasm","Ornamental Fan"],"acts_visited":["Exordium","TheCity"],"potions_floor_usage":[6,6,22,30,30,31],"damage_taken":[{"damage":0,"enemies":"2 Louse","floor":1,"turns":1},{"damage":0,"enemies":"Cultist","floor":3,"turns":1},{"damage":0,"enemies":"Small Slimes","floor":4,"turns":1},{"damage":9,"enemies":"Blue Slaver","floor":5,"turns":4},{"damage":25,"enemies":"Gremlin Nob","floor":6,"turns":5},{"damage":4,"enemies":"Red Slaver","floor":10,"turns":3},{"damage":2,"enemies":"2 Fungi Beasts","floor":11,"turns":4},{"damage":23,"enemies":"Lagavulin","floor":13,"turns":9},{"damage":11,"enemies":"Slime Boss","floor":16,"turns":8},{"damage":20,"enemies":"3 Byrds","floor":18,"turns":4},{"damage":19,"enemies":"Chosen","floor":21,"turns":6},{"damage":30,"enemies":"Centurion and Healer","floor":22,"turns":10},{"damage":7,"enemies":"Cultist and Chosen","floor":25,"turns":6},{"damage":30,"enemies":"Shelled Parasite and Fungi","floor":29,"turns":7},{"damage":7,"enemies":"Snecko","floor":30,"turns":4},{"damage":13,"enemies":"3 Cultists","floor":31,"turns":3}],"seed_played":"6017715626607317393","potions_obtained":[{"floor":1,"key":"Explosive Potion"},{"floor":3,"key":"AttackPotion"},{"floor":5,"key":"Energy Potion"},{"floor":16,"key":"GamblersBrew"},{"floor":21,"key":"DuplicationPotion"},{"floor":25,"key":"Strength Potion"},{"floor":29,"key":"SkillPotion"},{"floor":30,"key":"ColorlessPotion"}],"is_trial":false,"path_per_floor":["M","?","M","M","M","E","R","?","T","M","M","R","E","$","R","B",null,"M","?","$","M","M","R","?","M","T","R","?","M","M","M"],"character_chosen":"DEFECT","items_purchased":["Chemical X","Redo","Loop","Redo","Barrage"],"campfire_rested":4,"item_purchase_floors":[14,14,14,20,20],"current_hp_per_floor":[75,68,68,68,59,34,56,38,45,43,43,67,46,46,70,71,82,62,62,62,45,17,41,41,36,36,36,36,8,3,0,0],"gold":39,"neow_bonus":"THREE_ENEMY_KILL","is_daily":false,"chose_seed":false,"campfire_upgraded":1,"win_rate":0.0,"timestamp":1610526640,"path_taken":["M","?","M","M","M","E","R","?","T","M","M","R","E","$","R","BOSS","M","?","$","?","M","R","?","?","T","R","?","M","M","M"],"items_purchased_type":["Relic","Card","Card","Card","Card"],"build_version":"2020-12-22","purchased_purges":0,"victory":false,"max_hp_per_floor":[75,75,75,75,75,75,75,75,82,82,82,82,82,82,82,82,82,82,82,82,82,82,82,82,82,82,82,82,82,82,82,82],"card_choices":[{"not_picked":["Tempest","Aggregate"],"picked":"Loop","floor":1},{"not_picked":["Consume","Reprogram"],"picked":"Loop","floor":3},{"not_picked":["Rebound","Barrage"],"picked":"BootSequence","floor":4},{"not_picked":["Tempest","Leap"],"picked":"Reinforced Body","floor":5},{"not_picked":["Doom and Gloom","Skim"],"picked":"FTL","floor":6},{"not_picked":["Skim","Rebound","Undo"],"picked":"SKIP","floor":10},{"not_picked":["Go for the Eyes","Amplify"],"picked":"Capacitor","floor":11},{"not_picked":["Double Energy","Skim"],"picked":"Go for the Eyes","floor":13},{"not_picked":["Fission","All For One"],"picked":"Multi-Cast","floor":16},{"not_picked":["Coolheaded","Stack"],"picked":"Loop+1","floor":18},{"not_picked":["Melter","Steam"],"picked":"Chaos","floor":21},{"not_picked":["Coolheaded","Hologram+1"],"picked":"Defragment+1","floor":22},{"not_picked":["Reprogram","Cold Snap","Compile Driver"],"picked":"SKIP","floor":25},{"not_picked":["Consume","Redo","Compile Driver"],"picked":"SKIP","floor":29},{"not_picked":["Go for the Eyes+1","Stack+1"],"picked":"Conserve Battery","floor":30}],"player_experience":37010,"relics_obtained":[{"floor":6,"key":"Blood Vial"},{"floor":9,"key":"Strawberry"},{"floor":13,"key":"Vajra"},{"floor":26,"key":"Ornamental Fan"}],"event_choices":[{"cards_removed":["Strike_B"],"damage_healed":0,"gold_gain":0,"player_choice":"Card Removal","damage_taken":7,"max_hp_gain":0,"max_hp_loss":0,"event_name":"Golden Wing","floor":2,"gold_loss":0},{"damage_healed":0,"gold_gain":0,"player_choice":"Success","damage_taken":18,"relics_obtained":["Pantograph"],"max_hp_gain":0,"max_hp_loss":0,"event_name":"Scrap Ooze","floor":8,"gold_loss":0},{"damage_healed":0,"gold_gain":100,"player_choice":"Pray","damage_taken":0,"max_hp_gain":0,"max_hp_loss":0,"event_name":"Golden Shrine","floor":19,"gold_loss":0},{"damage_healed":0,"gold_gain":0,"player_choice":"Ignored","damage_taken":0,"max_hp_gain":0,"max_hp_loss":0,"event_name":"NoteForYourself","floor":24,"gold_loss":0},{"damage_healed":0,"gold_gain":0,"player_choice":"Simplicity","damage_taken":0,"max_hp_gain":0,"max_hp_loss":0,"event_name":"Back to Basics","floor":28,"gold_loss":0,"cards_upgraded":["Strike_B","Strike_B","Strike_B","Defend_B","Defend_B","Defend_B","Defend_B"]}],"is_beta":false,"boss_relics":[{"not_picked":["Busted Crown","Snecko Eye"],"picked":"Ectoplasm"}],"items_purged_floors":[],"is_endless":false,"potions_floor_spawned":[1,3,5,16,21,25,29,30],"killed_by":"3 Cultists","ascension_level":0}}