{"host":"bux1pdxjwq4dkad9","time":1610515122,"event":{"mods":["BaseMod","Downfall-rebalance","Minty Spire (QoL Compilation)","StSLib"],"gold_per_floor":[99,99,112,22,22,57,105,105,8,33,52,52,37,69,82,82,82,82],"floor_reached":16,"language":"ZHS","playtime":1434,"items_purged":["Guardian:Strike_Guardian"],"score":148,"play_id":"c43b4237-50f7-4cda-837a-b2d8049e1b5c","local_time":"20210113131842","is_ascension_mode":true,"campfire_choices":[{"data":"Guardian:TwinSlam","floor":1,"key":"SMITH"},{"data":"Guardian:FierceBash","floor":8,"key":"SMITH"},{"floor":12,"key":"RECALL"}],"circlet_count":0,"master_deck":["Guardian:Strike_Guardian","Guardian:Strike_Guardian","Guardian:Defend_Guardian","Guardian:Defend_Guardian","Guardian:Defend_Guardian","Guardian:Defend_Guardian","Guardian:CurlUp","Guardian:TwinSlam+1","Guardian:ShieldCharger","Guardian:FierceBash+1","Guardian:Preprogram","expansioncontent:Chronoboost","Guardian:BronzeOrb","Guardian:Clone","Guardian:ConstructionForm","Guardian:TimeCapacitor"],"relics":["Guardian:ModeShifter","Turnip","Guardian:GemstoneGun","Centennial Puzzle"],"acts_visited":["Exordium"],"potions_floor_usage":[],"damage_taken":[{"damage":0,"enemies":"Cultist","floor":3,"turns":5},{"damage":0,"enemies":"downfall:FleeingMerchant","floor":4,"turns":4},{"damage":27,"enemies":"3 Sentries","floor":6,"turns":8},{"damage":10,"enemies":"downfall:FleeingMerchant","floor":9,"turns":4},{"damage":0,"enemies":"Lagavulin","floor":10,"turns":7},{"damage":0,"enemies":"Small Slimes","floor":11,"turns":3},{"damage":4,"enemies":"downfall:FleeingMerchant","floor":13,"turns":4},{"damage":14,"enemies":"3 Sentries","floor":14,"turns":9},{"damage":1,"enemies":"Jaw Worm","floor":15,"turns":4},{"damage":38,"enemies":"downfall:Defect","floor":16,"turns":9}],"seed_played":"-7327971599861777426","potions_obtained":[{"floor":6,"key":"Swift Potion"},{"floor":14,"key":"BlessingOfTheForge"},{"floor":15,"key":"SkillPotion"}],"is_trial":false,"path_per_floor":["R","?","M","$","?","E","T","R","$","E","M","R","$","E","M","B"],"character_chosen":"GUARDIAN","items_purchased":["expansioncontent:Chronoboost"],"campfire_rested":0,"item_purchase_floors":[9],"current_hp_per_floor":[88,88,88,88,88,61,61,61,51,51,51,51,47,33,32,0,0,0],"gold":82,"neow_bonus":"TEN_PERCENT_HP_BONUS","is_daily":false,"chose_seed":false,"campfire_upgraded":2,"win_rate":0.0,"timestamp":1610515122,"path_taken":["R","?","M","$","?","E","T","R","$","E","M","R","$","E","M","BOSS"],"items_purchased_type":["Card"],"build_version":"2020-12-22","purchased_purges":1,"victory":false,"max_hp_per_floor":[88,88,88,88,88,88,88,88,88,88,88,88,88,88,88,88,88,88],"card_choices":[{"not_picked":["Guardian:ChargeCore","Guardian:Suspension"],"picked":"Guardian:ShieldCharger","floor":3},{"not_picked":["Guardian:VentSteam","Guardian:Suspension"],"picked":"Guardian:FierceBash","floor":4},{"not_picked":["Guardian:BodySlam","Guardian:Repulse"],"picked":"Guardian:Preprogram","floor":6},{"not_picked":["Guardian:ShieldCharger","Guardian:PrimingBeam","Guardian:PiercingHide"],"picked":"SKIP","floor":9},{"not_picked":["Guardian:TemporalStrike","Guardian:WalkerClaw"],"picked":"Guardian:BronzeOrb","floor":10},{"not_picked":["Guardian:Suspension","Guardian:Gem_Green"],"picked":"Guardian:Clone","floor":11},{"not_picked":["Guardian:TemporalStrike","Guardian:Incinerate","Guardian:Recover"],"picked":"SKIP","floor":13},{"not_picked":["Guardian:PiercingHide","Guardian:ConstructionForm","Guardian:Reroute"],"picked":"SKIP","floor":14},{"not_picked":["Guardian:PiercingHide","Guardian:Reroute"],"picked":"Guardian:ConstructionForm","floor":14},{"not_picked":["Guardian:MultiBeam","Guardian:Gem_Cyan"],"picked":"Guardian:TimeCapacitor","floor":15}],"player_experience":2322309,"relics_obtained":[{"floor":6,"key":"Turnip"},{"floor":10,"key":"Guardian:GemstoneGun"},{"floor":14,"key":"Centennial Puzzle"}],"event_choices":[],"is_beta":false,"boss_relics":[],"items_purged_floors":[4],"is_endless":false,"potions_floor_spawned":[6,14,15],"killed_by":"downfall:Defect","ascension_level":1}}