{"host":"jpol0bbzretdyr3c","time":1610515495,"event":{"mods":["100% Spire Juice","Act Like it!","Arknights The Spire","BaseMod","Colored Map","Downfall","Gensokyo","Googly Eyes","Hallownest","Koishi","Marisa????????","Minty Spire (QoL Compilation)","Remilia??????","Replay The Spire","StSLib","The Jungle","The Servant 0.9.4","Yuyuko"],"gold_per_floor":[111,186,286,298,312,340,340,340,340,396,396,407,140,158,158,254,254,271,271],"floor_reached":18,"language":"ENG","playtime":1332,"items_purged":[],"score":162,"play_id":"deccbb07-1d56-46b2-82be-6e5d7604e5a4","local_time":"20210112212455","is_ascension_mode":false,"campfire_choices":[{"floor":7,"key":"REST"},{"floor":11,"key":"REST"},{"data":"ats:Flexible Camouflage","floor":15,"key":"SMITH"}],"circlet_count":0,"master_deck":["ats:Strike C","ats:Strike G","ats:Strike S","ats:Strike V","ats:Armor Crushing Shot","ats:Defend","ats:Defend","ats:Defend","ats:Defend","ats:Emotion Absorption","ats:Leaping Hammer","ats:Flexible Camouflage+1","ats:Mental Burst","ats:Poison Spread","ats:Beaten Up","ats:Powerful Strike+1","ats:Red Shift+1","ats:Steam Pump","ats:Cat Scratch+1","ats:Shadow Raid","ats:Wolf Pack+1","ats:Thermite Blade+1"],"relics":["ats:Sanity","NeowsBlessing","ats:Originium","Replay:Accelerometer","Pantograph","Molten Egg 2","Regal Pillow","ClockworkSouvenir","Philosopher\u0027s Stone"],"acts_visited":["Exordium","TheCity"],"potions_floor_usage":[16,16],"damage_taken":[{"damage":0,"enemies":"Jaw Worm","floor":1,"turns":1},{"damage":0,"enemies":"2 Louse","floor":4,"turns":1},{"damage":0,"enemies":"Cultist","floor":5,"turns":1},{"damage":30,"enemies":"3 Sentries","floor":6,"turns":6},{"damage":13,"enemies":"2 Fungi Beasts","floor":12,"turns":3},{"damage":0,"enemies":"Exordium Wildlife","floor":14,"turns":2},{"damage":25,"enemies":"The Guardian","floor":16,"turns":6},{"damage":22,"enemies":"Spheric Guardian","floor":18,"turns":4}],"seed_played":"7803276248950900776","potions_obtained":[{"floor":1,"key":"BlessingOfTheForge"},{"floor":10,"key":"Weak Potion"},{"floor":12,"key":"ColorlessPotion"}],"is_trial":false,"path_per_floor":["M","?","?","M","M","E","R","?","T","?","R","M","$","M","R","B",null,"M"],"character_chosen":"DOCTOR_CLASS","items_purchased":["ClockworkSouvenir","ats:Steam Pump","ats:Cat Scratch+1"],"campfire_rested":2,"item_purchase_floors":[13,13,13],"current_hp_per_floor":[72,61,61,61,61,31,52,34,34,16,52,39,39,39,39,39,72,50,50],"gold":271,"neow_bonus":"THREE_ENEMY_KILL","is_daily":false,"chose_seed":false,"campfire_upgraded":1,"win_rate":0.0,"timestamp":1610515495,"path_taken":["M","?","?","?","M","E","R","?","T","?","R","M","?","M","R","BOSS","M"],"items_purchased_type":["Relic","Card","Card"],"build_version":"2020-12-22","purchased_purges":0,"victory":false,"max_hp_per_floor":[72,72,72,72,72,72,72,72,72,72,72,72,72,72,72,72,72,72,72],"card_choices":[{"not_picked":["ats:Counter Healing Mode","ats:Encircling Forest"],"picked":"ats:Leaping Hammer","floor":1},{"not_picked":["ats:Directed Diagnosis","ats:Composite Medical Shells"],"picked":"ats:Flexible Camouflage","floor":4},{"not_picked":["ats:Cat Scratch","ats:Apocalypse"],"picked":"ats:Mental Burst","floor":5},{"not_picked":["ats:Shell Defense","ats:Powerful Strike"],"picked":"ats:Poison Spread","floor":6},{"not_picked":["ats:Thorns","ats:Cat Scratch+1"],"picked":"ats:Beaten Up","floor":10},{"not_picked":["ats:Guardian Obelisk","ats:Flame Of Heaven"],"picked":"ats:Powerful Strike+1","floor":10},{"not_picked":["ats:Consecutive Shot Auto+1","ats:Curse Doll"],"picked":"ats:Red Shift+1","floor":12},{"not_picked":["ats:Charging Defense","ats:LN2 Cannon+1"],"picked":"ats:Shadow Raid","floor":14},{"not_picked":["ats:Durian","ats:Volcano+1"],"picked":"ats:Wolf Pack+1","floor":16},{"not_picked":["ats:Poison Spread+1","ats:Flexible Camouflage"],"picked":"ats:Thermite Blade+1","floor":18}],"player_experience":431065,"relics_obtained":[{"floor":6,"key":"ats:Originium"},{"floor":6,"key":"Replay:Accelerometer"},{"floor":9,"key":"Molten Egg 2"},{"floor":10,"key":"Regal Pillow"}],"event_choices":[{"damage_healed":0,"gold_gain":75,"player_choice":"Gather Gold","damage_taken":11,"max_hp_gain":0,"max_hp_loss":0,"event_name":"World of Goop","floor":2,"gold_loss":0},{"damage_healed":0,"gold_gain":100,"player_choice":"Pray","damage_taken":0,"max_hp_gain":0,"max_hp_loss":0,"event_name":"Golden Shrine","floor":3,"gold_loss":0},{"damage_healed":0,"gold_gain":0,"player_choice":"Success","damage_taken":18,"relics_obtained":["Pantograph"],"max_hp_gain":0,"max_hp_loss":0,"event_name":"Scrap Ooze","floor":8,"gold_loss":0}],"is_beta":false,"boss_relics":[{"not_picked":["Pandora\u0027s Box","Painkiller Herb"],"picked":"Philosopher\u0027s Stone"}],"items_purged_floors":[],"is_endless":false,"potions_floor_spawned":[1,12],"killed_by":"Spheric Guardian","ascension_level":0}}