{"host":"acw864156wjp8gcv","time":1610513221,"event":{"mods":["2.2 Compatiblity","AchievementEnabler","Ascension Reborn","Aspiration","BaseMod","Beaked The Cultist","Better Altar","Better Match","Better Note","Better Sensory Stone","Better Silent Start","Better Skull","Better Third Choice","Better Vampires","BetterRewards","Challenge The Spire","Colored Map","Colored Powertips","Conspire","Curses Come First","Downfall","Energized Spire","GifTheSpireLib","Halation","Hubris","Infinite Spire","Ironclad Rager","Jedi Mod","Mimic Mod","Minty Spire (QoL Compilation)","Permanent Neow","Relic Sorter","Replay The Spire","Shop Mod","Spicy Shops","Spikes Relics","StSLib","Stuff the Spire","The Blue Laboratory","The Construct","The Jungle","Wandering Minibosses","everything is the same but u backflip on backflip","vexMod"],"gold_per_floor":[112,112,112,1,24,24,44,44,106,106,138,138,158,180,180,301,301,321,321,321,344,388,422,422,422,422,444,461,461,461,474,474,590,590,655,655,720,794,794,794,890,890,890,979,1021,1021,1113,1240,1240,1240,1240,1240,345,407,407],"floor_reached":56,"language":"ENG","playtime":1803,"items_purged":["construct:Defend_Gold+1"],"score":500,"play_id":"503c2482-f8f5-40d6-a6f2-b4beab58f5fe","local_time":"20210112224701","is_ascension_mode":true,"campfire_choices":[{"data":"hubris:DuctTapeCard","floor":6.0,"key":"SMITH"},{"data":"hubris:DuctTapeCard+3","floor":8.0,"key":"SMITH"},{"data":"construct:ScopeCore","floor":10.0,"key":"SMITH"},{"data":"construct:ScopeCore+1","floor":15.0,"key":"SMITH"},{"data":"construct:SweepLaser","floor":24.0,"key":"SMITH"},{"data":"construct:SweepLaser+1","floor":29.0,"key":"SMITH"},{"data":"construct:Analyze","floor":32.0,"key":"SMITH"},{"data":"construct:Analyze+1","floor":40,"key":"SMITH"},{"data":"construct:ShiftStrike+1","floor":42,"key":"SMITH"},{"data":"construct:Strike_Gold+1","floor":46,"key":"SMITH"},{"data":"construct:Autoturret","floor":49,"key":"SMITH"},{"data":"construct:Autoturret+1","floor":52,"key":"SMITH"}],"circlet_count":0,"master_deck":["construct:Strike_Gold+1","construct:Strike_Gold+1","construct:Strike_Gold+2","construct:Strike_Gold+1","construct:Strike_Gold+2","construct:Defend_Gold+1","construct:Defend_Gold+1","construct:Defend_Gold+1","construct:DefenseMode+2","construct:ScopeCore+2","construct:Reserves+2","construct:SweepLaser+2","construct:LaserCore+2","construct:Analyze+2","hubris:DuctTapeCard","construct:ShiftStrike+2","construct:Autoturret+2","construct:FlameCore"],"relics":["construct:ClockworkPhoenix","hubris:DuctTape","Strange Spoon","Replay:Bottled Steam","StuffTheSpire:EmeraldSignet","GremlinMask","hubris:MedicalManual","ReplayTheSpireMod:DimensionalGlitch","construct:MegaBattery","Question Card","SnailShell","Mummified Hand","construct:MasterCore","hubris:64BitClover","infinitespire:EvilPickle","ReplayTheSpireMod:Ring of Collecting","ReplayTheSpireMod:Ring of Exchange","Potion Belt","halation:PrussianBluePaint","Ring of Fury","conspire:DeflatedDodgeball","aspiration:EmptySkull","StuffTheSpire:ForceGauntlet","energizedSpire:DeadBattery","Sling","hubris:MobiusCoin"],"acts_visited":["Exordium","TheCity","TheBeyond","TheEnding"],"potions_floor_usage":[55,55,55,55],"damage_taken":[{"damage":0.0,"enemies":"conspire:RoseBush","floor":1.0,"turns":3.0},{"damage":0.0,"enemies":"Small Slimes","floor":5.0,"turns":2.0},{"damage":0.0,"enemies":"Cultist","floor":7.0,"turns":1.0},{"damage":0.0,"enemies":"Gremlin Nob","floor":11.0,"turns":2.0},{"damage":0.0,"enemies":"Looter","floor":13.0,"turns":2.0},{"damage":17.0,"enemies":"Large Slime","floor":14.0,"turns":7.0},{"damage":12.0,"enemies":"Slime Boss","floor":16.0,"turns":4.0},{"damage":0.0,"enemies":"Chosen","floor":18.0,"turns":2.0},{"damage":0.0,"enemies":"conspire:FuzzyDice","floor":21.0,"turns":2.0},{"damage":6.0,"enemies":"Sentry and Sphere","floor":22.0,"turns":3.0},{"damage":0.0,"enemies":"conspire:Head Lice","floor":23.0,"turns":3.0},{"damage":0.0,"enemies":"Sentry and Sphere","floor":27.0,"turns":3.0},{"damage":0.0,"enemies":"3 Cultists","floor":28.0,"turns":2.0},{"damage":0.0,"enemies":"conspire:HollyBat","floor":31.0,"turns":3.0},{"damage":14.0,"enemies":"Pondfish","floor":33.0,"turns":6.0},{"damage":7.0,"enemies":"Orb Walker","floor":35.0,"turns":2.0},{"damage":0.0,"enemies":"3 Darklings","floor":37.0,"turns":2.0},{"damage":18.0,"enemies":"Writhing Mass","floor":38.0,"turns":3.0},{"damage":1,"enemies":"Reptomancer","floor":41,"turns":3},{"damage":0,"enemies":"Spire Growth","floor":44,"turns":2},{"damage":14,"enemies":"4 Shapes","floor":47,"turns":2},{"damage":0,"enemies":"beaked:SuperParasite","floor":48,"turns":2},{"damage":36,"enemies":"Replay:Hell Engine","floor":50,"turns":4},{"damage":0,"enemies":"Shield and Spear","floor":54,"turns":3},{"damage":122,"enemies":"The Heart","floor":55,"turns":5}],"seed_played":"6655351011316884179","potions_obtained":[{"floor":1.0,"key":"LifebloodPotion"},{"floor":7.0,"key":"blueLaboratory:FruitPunch"},{"floor":7.0,"key":"blueLaboratory:BubblePotion"},{"floor":31.0,"key":"FairyPotion"},{"floor":45,"key":"Death Potion"},{"floor":47,"key":"blueLaboratory:BottledHope"},{"floor":54,"key":"DistilledChaos"}],"is_trial":false,"path_per_floor":["M","?","?","$","M","R","M","R","T","R","E","?","M","M","R","B",null,"M","?","?","M","MIM","E","R","AVR","T","M","M","R","?","M","R","B",null,"M","AVR","M","M","?","R","E","R","T","M","?","R","M","E","R","B",null,"R","$","E","B",null],"character_chosen":"THE_CONSTRUCT_MOD","items_purchased":["Strange Spoon","energizedSpire:DeadBattery","Sling"],"campfire_rested":0,"item_purchase_floors":[4,53,53],"current_hp_per_floor":[90,83,83,83,83,83,83,83,83,83,83,83,86,72,72,70,95,95,95,24,26,22,24,24,24,24,26,28,28,28,30,30,27,100,93,93,95,79,79,79,80,80,80,82,57,57,45,47,47,22,105,105,105,105,60],"gold":407,"neow_bonus":"ONE_RANDOM_RARE_CARD","is_daily":false,"chose_seed":false,"campfire_upgraded":12,"win_rate":0.0,"timestamp":1610513221,"path_taken":["M","?","?","$","M","R","M","R","T","R","E","?","M","?","R","BOSS","M","?","?","M","?","E","R","AVR","T","M","M","R","?","M","R","BOSS","M","AVR","M","M","?","R","E","R","T","M","?","R","?","E","R","BOSS","R","$","E","BOSS"],"items_purchased_type":["Relic","Relic","Relic"],"build_version":"2020-12-22","purchased_purges":1,"victory":true,"max_hp_per_floor":[90,90,90,90,90,90,90,90,90,90,90,90,90,90,90,95,95,95,95,95,95,95,95,95,95,95,95,95,95,95,95,95,100,100,100,100,100,100,100,100,100,100,100,100,100,100,100,100,100,105,105,105,105,105,112],"card_choices":[{"not_picked":["construct:Autoturret","construct:FierceBash","construct:ModeShift"],"picked":"SKIP","floor":1.0},{"not_picked":["construct:Autoturret","construct:FierceBash","construct:ModeShift"],"picked":"SKIP","floor":1.0},{"not_picked":["construct:ModeShift","construct:HardReboot+1","construct:Antimatter"],"picked":"SKIP","floor":5.0},{"not_picked":["construct:HeavyBolt","construct:SuppressiveFire"],"picked":"construct:ScopeCore","floor":7.0},{"not_picked":["construct:PointDefense","construct:ClusterMines","construct:SyphonStrike+1"],"picked":"SKIP","floor":11.0},{"not_picked":["construct:LongRangeLance","construct:Reinforce+1","construct:SuppressiveFire"],"picked":"SKIP","floor":11.0},{"not_picked":["construct:Antimatter","construct:Anticipate","construct:ElectricArmor"],"picked":"SKIP","floor":13.0},{"not_picked":["construct:ShiftStrike","construct:Forcefield","construct:ClusterMines+1"],"picked":"SKIP","floor":14.0},{"not_picked":["construct:GoldenBullet","construct:HammerDown"],"picked":"construct:Reserves","floor":16.0},{"not_picked":["construct:Analyze+1","construct:Autoturret+1"],"picked":"construct:SweepLaser","floor":18.0},{"not_picked":["construct:SaveState+1","construct:Anticipate","construct:Versatility+1"],"picked":"SKIP","floor":21.0},{"not_picked":["construct:HeavyBolt","construct:SpinDrive","construct:VentSteam"],"picked":"SKIP","floor":23.0},{"not_picked":["construct:HeavyBolt","construct:SpinDrive","construct:VentSteam"],"picked":"SKIP","floor":23.0},{"not_picked":["construct:FocusedBeam","construct:CripplingShot+1","construct:Backfire","construct:OneWayMirror+1"],"picked":"SKIP","floor":27.0},{"not_picked":["construct:Failsafe+1","construct:SuppressiveFire+1","construct:Reinforce+1","construct:ClusterMines"],"picked":"SKIP","floor":28.0},{"not_picked":["construct:HammerDown","construct:ScrapCannon","construct:QuickAttack+1"],"picked":"construct:Analyze","floor":31.0},{"not_picked":["construct:Hazardproof+1","construct:Anticipate+1","construct:SyphonStrike+1","construct:Backfire+1"],"picked":"SKIP","floor":35.0},{"not_picked":["construct:SaveState","construct:Accumulate+1","construct:Boost","construct:PanicFire"],"picked":"SKIP","floor":37.0},{"not_picked":["construct:VentSteam","construct:SaveState+1","construct:MassProduction","construct:UnbalancingBlast+1"],"picked":"SKIP","floor":38.0},{"not_picked":["construct:ClockworkEgg","construct:SyphonStrike+1","construct:PowerUp+1"],"picked":"construct:ShiftStrike+1","floor":41},{"not_picked":["construct:Forcefield+1","construct:ModeShift","construct:ShiftGuard+1","construct:Disrupt+1"],"picked":"SKIP","floor":44},{"not_picked":["construct:ModeShift","construct:GatlingGun","construct:FierceBash"],"picked":"construct:Autoturret","floor":47},{"not_picked":["construct:ElectricArmor","construct:Overcharge+1","construct:VentSteam+1","construct:Versatility+1"],"picked":"SKIP","floor":48},{"not_picked":["construct:Failsafe+1","construct:BatteryAcid+1","construct:Overcharge"],"picked":"construct:FlameCore","floor":54}],"player_experience":154303,"relics_obtained":[{"floor":1.0,"key":"hubris:DuctTape"},{"floor":9.0,"key":"Replay:Bottled Steam"},{"floor":11.0,"key":"StuffTheSpire:EmeraldSignet"},{"floor":16.0,"key":"hubris:MedicalManual"},{"floor":22.0,"key":"construct:MegaBattery"},{"floor":23.0,"key":"Question Card"},{"floor":26.0,"key":"SnailShell"},{"floor":26.0,"key":"Mummified Hand"},{"floor":27.0,"key":"construct:MasterCore"},{"floor":33.0,"key":"hubris:64BitClover"},{"floor":39,"key":"ReplayTheSpireMod:Ring of Collecting"},{"floor":39,"key":"ReplayTheSpireMod:Ring of Exchange"},{"floor":41,"key":"Potion Belt"},{"floor":43,"key":"halation:PrussianBluePaint"},{"floor":43,"key":"Ring of Fury"},{"floor":43,"key":"conspire:DeflatedDodgeball"},{"floor":45,"key":"aspiration:EmptySkull"},{"floor":48,"key":"StuffTheSpire:ForceGauntlet"},{"floor":54,"key":"hubris:MobiusCoin"}],"event_choices":[{"cards_removed":["construct:Defend_Gold"],"damage_healed":0.0,"max_hp_gain":0.0,"max_hp_loss":0.0,"gold_gain":0.0,"event_name":"Golden Wing","player_choice":"Card Removal","floor":2.0,"gold_loss":0.0,"damage_taken":7.0},{"damage_healed":0.0,"max_hp_gain":0.0,"max_hp_loss":0.0,"gold_gain":0.0,"event_name":"conspire:Investor","player_choice":"Leave","floor":3.0,"gold_loss":0.0,"damage_taken":0.0},{"damage_healed":0.0,"max_hp_gain":0.0,"max_hp_loss":0.0,"gold_gain":0.0,"event_name":"FaceTrader","player_choice":"Trade","floor":12.0,"gold_loss":0.0,"damage_taken":0.0,"relics_obtained":["GremlinMask"]},{"damage_healed":0.0,"max_hp_gain":0.0,"max_hp_loss":0.0,"gold_gain":0.0,"event_name":"Lab","player_choice":"Got Potions","floor":19.0,"gold_loss":0.0,"damage_taken":0.0},{"damage_healed":0.0,"max_hp_gain":0.0,"max_hp_loss":0.0,"gold_gain":0.0,"event_name":"betterSkull:BetterSkull","player_choice":"UP UP UP ","floor":20.0,"gold_loss":0.0,"damage_taken":52.0,"cards_upgraded":["construct:Strike_Gold","construct:DefenseMode","construct:Reserves"],"relics_obtained":[]},{"cards_removed":["construct:SweepLaser"],"damage_healed":0.0,"max_hp_gain":0.0,"max_hp_loss":0.0,"gold_gain":0.0,"event_name":"betterNote:BetterNote","player_choice":"Take \u0026 Give","floor":30.0,"gold_loss":0.0,"damage_taken":0.0,"cards_obtained":["construct:LaserCore"]}],"is_beta":false,"boss_relics":[{"not_picked":["Abe\u0027s Treasure","Runic Pyramid"],"picked":"ReplayTheSpireMod:DimensionalGlitch"},{"not_picked":["aspiration:WatcherSkillbook","Velvet Choker","Kintsugi"]}],"items_purged_floors":[53],"is_endless":false,"potions_floor_spawned":[7,13,27,28,31,33,35,37,38,47,54],"ascension_level":-20}}