{"host":"Krakhan","time":1610509035,"event":{"mods":["AchievementEnabler","BaseMod","Colored Map","Colored Powertips","Faster Ascension Climbing","Highlight Path","Minty Spire (QoL Compilation)","Rare Cards Sparkle","Relic Stats","StSLib"],"gold_per_floor":[118,118,131,3,3,3,28,28,79,79,123,123,144,162,162,286,286,286],"floor_reached":17,"language":"ENG","playtime":387,"items_purged":[],"score":155,"play_id":"d9133a70-4ea9-40a1-aee2-e090ec7daf11","local_time":"20210112223715","is_ascension_mode":false,"campfire_choices":[{"data":"Whirlwind","floor":6.0,"key":"SMITH"},{"data":"Clothesline","floor":10.0,"key":"SMITH"},{"data":"Corruption","floor":12.0,"key":"SMITH"},{"data":"Power Through","floor":15.0,"key":"SMITH"}],"circlet_count":0,"master_deck":["Bash+1","Dropkick","Clothesline+1","Whirlwind+1","Second Wind","Corruption+1","Power Through+1","Barricade","Exhume","Inflame","Demon Form","Twin Strike","Intimidate","Shockwave","Offering","Flame Barrier"],"relics":["Mark of Pain","Golden Idol","Regal Pillow","Nunchaku","Pandora\u0027s Box"],"acts_visited":["Exordium","TheCity"],"potions_floor_usage":[16,16],"damage_taken":[{"damage":3.0,"enemies":"2 Louse","floor":1.0,"turns":2.0},{"damage":0.0,"enemies":"Small Slimes","floor":3.0,"turns":3.0},{"damage":1.0,"enemies":"Jaw Worm","floor":7.0,"turns":2.0},{"damage":13.0,"enemies":"3 Sentries","floor":11.0,"turns":3.0},{"damage":8.0,"enemies":"Red Slaver","floor":13.0,"turns":2.0},{"damage":10.0,"enemies":"Looter","floor":14.0,"turns":2.0},{"damage":16,"enemies":"Hexaghost","floor":16,"turns":9}],"seed_played":"-1146640017582174605","potions_obtained":[{"floor":1.0,"key":"FearPotion"},{"floor":3.0,"key":"Weak Potion"},{"floor":7.0,"key":"Ancient Potion"}],"is_trial":false,"path_per_floor":["M","?","M","$","?","R","M","?","T","R","E","R","M","M","R","B",null],"character_chosen":"IRONCLAD","items_purchased":["Whirlwind","Block Potion"],"campfire_rested":0,"item_purchase_floors":[4,4],"current_hp_per_floor":[77,77,77,77,57,57,56,49,49,49,36,36,28,18,18,2,80,80],"gold":286,"neow_bonus":"BOSS_RELIC","is_daily":false,"chose_seed":false,"campfire_upgraded":4,"win_rate":0.0,"timestamp":1610509035,"path_taken":["M","?","M","$","?","R","M","?","T","R","E","R","?","M","R","BOSS"],"items_purchased_type":["Card","Potion"],"build_version":"2020-12-18","purchased_purges":0,"victory":false,"max_hp_per_floor":[80,80,80,80,80,80,80,80,80,80,80,80,80,80,80,80,80,80],"relic_stats":{"Regal Pillow":0,"Nunchaku":[2],"counters":[7,23],"Golden Idol":47,"Pandora\u0027s Box":["Exhume","Inflame","Demon Form","Twin Strike","Intimidate","Shockwave","Offering","Flame Barrier"],"obtain_stats":[{"Regal Pillow":9,"Nunchaku":11,"Golden Idol":5,"Pandora\u0027s Box":17,"Mark of Pain":0,"Burning Blood":0},{"Regal Pillow":3,"Nunchaku":4,"Golden Idol":2,"Pandora\u0027s Box":7,"Mark of Pain":0,"Burning Blood":0},{"Regal Pillow":7,"Nunchaku":10,"Golden Idol":5,"Pandora\u0027s Box":23,"Mark of Pain":0,"Burning Blood":0}]},"card_choices":[{"not_picked":["Power Through","Evolve"],"picked":"Dropkick","floor":1.0},{"not_picked":["Sword Boomerang","True Grit"],"picked":"Clothesline","floor":3.0},{"not_picked":["Sentinel","Thunderclap"],"picked":"Second Wind","floor":7.0},{"not_picked":["Perfected Strike","Shrug It Off"],"picked":"Corruption","floor":11.0},{"not_picked":["Clothesline","Perfected Strike","Sword Boomerang"],"picked":"SKIP","floor":13.0},{"not_picked":["Clothesline","Cleave"],"picked":"Power Through","floor":14.0},{"not_picked":["Exhume","Double Tap"],"picked":"Barricade","floor":16}],"player_experience":1313392,"relics_obtained":[{"floor":9.0,"key":"Regal Pillow"},{"floor":11.0,"key":"Nunchaku"}],"event_choices":[{"damage_healed":0.0,"max_hp_gain":0.0,"max_hp_loss":0.0,"gold_gain":0.0,"event_name":"Living Wall","player_choice":"Grow","floor":2.0,"gold_loss":0.0,"damage_taken":0.0,"cards_upgraded":["Bash"]},{"damage_healed":0.0,"max_hp_gain":0.0,"max_hp_loss":0.0,"gold_gain":0.0,"event_name":"Golden Idol","player_choice":"Take Damage","floor":5.0,"gold_loss":0.0,"damage_taken":20.0,"relics_obtained":["Golden Idol"]},{"cards_removed":["Defend_R"],"damage_healed":0.0,"max_hp_gain":0.0,"max_hp_loss":0.0,"gold_gain":0.0,"event_name":"Golden Wing","player_choice":"Card Removal","floor":8.0,"gold_loss":0.0,"damage_taken":7.0}],"is_beta":true,"boss_relics":[{"not_picked":["Tiny House","Coffee Dripper"],"picked":"Pandora\u0027s Box"}],"items_purged_floors":[],"is_endless":false,"potions_floor_spawned":[1,3,7,14],"ascension_level":0}}