{"host":"hl2lcm3kcu0x5jvn","time":1610518786,"event":{"mods":["AchievementEnabler","BaseMod","Conspire","Downfall","Friendly Minions","Highlight Path","Hubris","Infinite Spire","Lobotomy","Minty Spire (QoL Compilation)","Replay The Spire","Shop Mod","StSLib","everything is the same but u backflip on backflip","vexMod"],"gold_per_floor":[109,129,149,149,49,49,49,78,78,78,88,101,101,119,119,215,215,203,303,318,318,318],"floor_reached":21,"language":"ENG","playtime":971,"items_purged":[],"score":181,"play_id":"461ef136-7135-42b5-b181-078f7460ab8e","local_time":"20210113131946","is_ascension_mode":false,"campfire_choices":[{"data":"Ghostly","floor":6,"key":"SMITH"},{"floor":10,"key":"REST"},{"data":"Noxious Fumes","floor":13,"key":"SMITH"},{"floor":15,"key":"REST"}],"circlet_count":0,"master_deck":["Strike_G","Strike_G","Strike_G","Strike_G","Strike_G","Defend_G","Defend_G","Defend_G","Defend_G","Defend_G","Survivor","Neutralize","OldLady","Hidden Blade","GreedKing","Outmaneuver","Wellcheers","Blade Dance","Ghostly+1","Accuracy","Scorched","Noxious Fumes+1","OSAHOGD","Deadly Poison","Bloodbath","Deflect","BigBadWolf","ReplayTheSpireMod:Necrosis","Deadly Poison","MeatLantern","PunishingBird","Cloak And Dagger"],"relics":["Ring of the Snake","CogitoBucket","Ornamental Fan","Toy Ornithopter","Darkstone Periapt","hubris:TerracottaHorce"],"acts_visited":["Exordium","TheCity"],"potions_floor_usage":[],"damage_taken":[{"damage":0,"enemies":"2 Louse","floor":1,"turns":3},{"damage":1,"enemies":"Jaw Worm","floor":2,"turns":4},{"damage":7,"enemies":"Cultist","floor":3,"turns":4},{"damage":14,"enemies":"Gremlin Nob","floor":8,"turns":4},{"damage":0,"enemies":"Looter","floor":11,"turns":2},{"damage":12,"enemies":"Gremlin Gang","floor":12,"turns":3},{"damage":3,"enemies":"Blue Slaver","floor":14,"turns":3},{"damage":55,"enemies":"Fading Forest","floor":16,"turns":11},{"damage":23,"enemies":"2 Thieves","floor":18,"turns":4},{"damage":28,"enemies":"Chosen","floor":20,"turns":5},{"damage":26,"enemies":"3 Cultists","floor":21,"turns":1}],"seed_played":"-5214754355540414059","potions_obtained":[{"floor":8,"key":"ColorlessPotion"},{"floor":11,"key":"PowerPotion"},{"floor":14,"key":"Elixir"},{"floor":18,"key":"Venom Potion"}],"is_trial":false,"path_per_floor":["M","M","M","?","?","R","$","E","T","R","M","M","R","M","R","B",null,"M","?","M","M"],"character_chosen":"THE_SILENT","items_purchased":[],"campfire_rested":2,"item_purchase_floors":[],"current_hp_per_floor":[70,69,62,62,62,62,62,48,48,69,70,61,61,58,70,20,58,39,39,12,0,0],"gold":318,"neow_bonus":"","is_daily":false,"chose_seed":false,"campfire_upgraded":2,"win_rate":0.0,"timestamp":1610518786,"path_taken":["M","M","M","?","?","R","$","E","T","R","M","M","R","M","R","BOSS","M","?","?","M"],"items_purchased_type":[],"build_version":"2020-12-22","purchased_purges":0,"victory":false,"max_hp_per_floor":[70,70,70,70,70,70,70,70,70,70,70,70,70,70,70,70,70,70,70,70,70,70],"card_choices":[{"not_picked":["Scorched","BeautyBeast"],"picked":"OldLady","floor":1},{"not_picked":["PiercingWail","Backflip"],"picked":"Hidden Blade","floor":1},{"not_picked":["SingingMachine","QueenBee"],"picked":"GreedKing","floor":2},{"not_picked":["Acrobatics","Sucker Punch"],"picked":"Outmaneuver","floor":2},{"not_picked":["MeatLantern","Murderer"],"picked":"Wellcheers","floor":3},{"not_picked":["Bane","Backflip"],"picked":"Blade Dance","floor":3},{"not_picked":["Sucker Punch","Dagger Throw"],"picked":"Accuracy","floor":8},{"not_picked":["BigBird","NothingThere"],"picked":"Scorched","floor":8},{"not_picked":["Caltrops","PiercingWail"],"picked":"Noxious Fumes","floor":11},{"not_picked":["BigBird","CherryBlossoms"],"picked":"OSAHOGD","floor":11},{"not_picked":["Poison Darts","Dash"],"picked":"Deadly Poison","floor":12},{"not_picked":["FairyFestival","MHz"],"picked":"Bloodbath","floor":14},{"not_picked":["PiercingWail","Hidden Blade"],"picked":"Deflect","floor":14},{"not_picked":["ShyLook","FairyFestival"],"picked":"BigBadWolf","floor":16},{"not_picked":["Corpse Explosion","Venomology"],"picked":"ReplayTheSpireMod:Necrosis","floor":16},{"not_picked":["Dodge and Roll+1","hubris:Sniper"],"picked":"Deadly Poison","floor":18},{"not_picked":["BlackSwan","SpiderBud"],"picked":"MeatLantern","floor":18},{"not_picked":["HappyTeddy","LaLuna"],"picked":"PunishingBird","floor":20},{"not_picked":["Expertise","hubris:Counter"],"picked":"Cloak And Dagger","floor":20}],"player_experience":102880,"relics_obtained":[{"floor":4,"key":"Ornamental Fan"},{"floor":8,"key":"Toy Ornithopter"},{"floor":9,"key":"Darkstone Periapt"}],"event_choices":[{"damage_healed":0,"gold_gain":0,"player_choice":"Argue","damage_taken":0,"max_hp_gain":0,"max_hp_loss":0,"event_name":"conspire:LoneGhost","floor":5,"gold_loss":0},{"damage_healed":0,"gold_gain":100,"player_choice":"Pray","damage_taken":0,"max_hp_gain":0,"max_hp_loss":0,"event_name":"Golden Shrine","floor":19,"gold_loss":0}],"is_beta":false,"boss_relics":[{"not_picked":["vexMod:RockOfEvil","Honey Jar"],"picked":"hubris:TerracottaHorce"}],"items_purged_floors":[],"is_endless":false,"potions_floor_spawned":[8,11,14,16,18],"killed_by":"3 Cultists","ascension_level":0}}