{"host":"alk2ftu785mujiir","time":1610555101,"event":{"mods":["BaseMod","Colored Map","Downfall","Minty Spire (QoL Compilation)","StSLib"],"gold_per_floor":[99,115,127,146,162,195,195,195,214,229,259,288,288,288,308,407,407,407,425,425,443,469,394,394,413,454,304,329,191,219,219,239,352,352,352,376,404,404,117,117,194,217,228,228,244,287,287,309,309,309,309],"floor_reached":49,"language":"ENG","playtime":3029,"items_purged":["hexamod:Strike","Writhe"],"score":526,"play_id":"a0a62353-c43d-4ab8-9444-92f56eaf1822","local_time":"20210113112501","is_ascension_mode":false,"campfire_choices":[{"data":"hexamod:WildfireWeapon","floor":1.0,"key":"SMITH"},{"floor":8.0,"key":"REST"},{"data":"hexamod:DynamicBlow","floor":13.0,"key":"SMITH"},{"floor":18.0,"key":"RECALL"},{"floor":23.0,"key":"REST"},{"floor":27.0,"key":"REST"},{"data":"hexamod:SuperheatedStrike","floor":35.0,"key":"SMITH"},{"data":"Apotheosis","floor":40.0,"key":"SMITH"},{"floor":47,"key":"REST"}],"circlet_count":0,"master_deck":["hexamod:Strike","hexamod:Strike","hexamod:Defend+1","hexamod:Defend","hexamod:Defend+1","hexamod:Defend","hexamod:Sear","hexamod:Float+1","hexamod:WildfireWeapon+1","hexamod:ThermalTransfer","hexamod:BurningTouch+1","hexamod:SuperheatedStrike+1","hexamod:DynamicBlow+1","hexamod:NightmareStrike+1","hexamod:ThermalTransfer+1","hexamod:Incineration+1","hexamod:FirstSeal","hexamod:GhostflameBarrier","hexamod:TimeOfNeed","hexamod:SecondSeal","hexamod:PhantomFireball+1","hexamod:RainOfEmbers+1","hexamod:RecurringNightmare+1","hexamod:SoulSteal","hexamod:SixthSeal","hexamod:ThirdSeal","hexamod:GhostflameBarrier+1","Apotheosis+1","expansioncontent:Chronoboost","hexamod:EmpoweredFlame+1","hexamod:Hexaguard+1","hexamod:PowerFromBeyond+1"],"relics":["hexamod:SpiritBrand","Molten Egg 2","Unceasing Top","TungstenRod","Busted Crown","downfall:HeartBlessingRed","Tiny Chest","downfall:HeartBlessingGreen","downfall:HeartBlessingBlue","Red Mask","MealTicket","Black Star","White Beast Statue","Pen Nib","hexamod:SoulConsumer","Boot"],"acts_visited":["Exordium","TheCity","TheBeyond"],"potions_floor_usage":[46,48],"damage_taken":[{"damage":2.0,"enemies":"Jaw Worm","floor":2.0,"turns":3.0},{"damage":3.0,"enemies":"2 Louse","floor":3.0,"turns":3.0},{"damage":2.0,"enemies":"Small Slimes","floor":4.0,"turns":3.0},{"damage":6.0,"enemies":"Exordium Wildlife","floor":5.0,"turns":5.0},{"damage":14.0,"enemies":"Lagavulin","floor":6.0,"turns":5.0},{"damage":2.0,"enemies":"Blue Slaver","floor":9.0,"turns":3.0},{"damage":0.0,"enemies":"2 Fungi Beasts","floor":10.0,"turns":2.0},{"damage":3.0,"enemies":"Gremlin Nob","floor":12.0,"turns":3.0},{"damage":3.0,"enemies":"Lots of Slimes","floor":15.0,"turns":4.0},{"damage":21.0,"enemies":"downfall:Ironclad","floor":16.0,"turns":9.0},{"damage":0.0,"enemies":"Spheric Guardian","floor":19.0,"turns":4.0},{"damage":26.0,"enemies":"3 Cultists","floor":21.0,"turns":6.0},{"damage":14.0,"enemies":"Chosen and Byrds","floor":22.0,"turns":6.0},{"damage":3.0,"enemies":"Snecko","floor":25.0,"turns":6.0},{"damage":49.0,"enemies":"Gremlin Leader","floor":26.0,"turns":9.0},{"damage":22.0,"enemies":"Masked Bandits","floor":28.0,"turns":5.0},{"damage":0.0,"enemies":"downfall:FleeingMerchant","floor":29.0,"turns":4.0},{"damage":7.0,"enemies":"Snake Plant","floor":30.0,"turns":3.0},{"damage":4.0,"enemies":"Chosen and Byrds","floor":32.0,"turns":4.0},{"damage":22.0,"enemies":"downfall:Watcher","floor":33.0,"turns":8.0},{"damage":0.0,"enemies":"Orb Walker","floor":36.0,"turns":3.0},{"damage":2.0,"enemies":"3 Shapes","floor":37.0,"turns":4.0},{"damage":0.0,"enemies":"downfall:FleeingMerchant","floor":39.0,"turns":4.0},{"damage":23.0,"enemies":"Jaw Worm Horde","floor":43.0,"turns":3.0},{"damage":0.0,"enemies":"Sphere and 2 Shapes","floor":45.0,"turns":3.0},{"damage":61,"enemies":"Reptomancer","floor":46,"turns":6},{"damage":17,"enemies":"Maw","floor":48,"turns":8},{"damage":26,"enemies":"Transient","floor":49,"turns":4}],"seed_played":"6415751758999369857","potions_obtained":[{"floor":2.0,"key":"Ancient Potion"},{"floor":5.0,"key":"FearPotion"},{"floor":9.0,"key":"Explosive Potion"},{"floor":15.0,"key":"FearPotion"},{"floor":21.0,"key":"LiquidMemories"},{"floor":25.0,"key":"Block Potion"},{"floor":28.0,"key":"Dexterity Potion"},{"floor":45.0,"key":"LiquidMemories"},{"floor":46,"key":"hexamod:EctoCoolerPotion"},{"floor":48,"key":"GamblersBrew"}],"is_trial":false,"path_per_floor":["R","M","M","M","M","E","T","R","M","M","?","E","R","?","M","B",null,"R","M","?","M","M","R","T","M","E","R","?","$","M","?","M","B",null,"R","M","M","?","$","R","T","T","M","?","M","E","R","M","M"],"character_chosen":"THE_SPIRIT","items_purchased":["hexamod:SpectersWail+1","Apotheosis"],"campfire_rested":4,"item_purchase_floors":[29,39],"current_hp_per_floor":[70,68,65,63,57,43,43,64,62,62,62,59,59,59,63,49,70,70,70,70,51,44,65,65,69,27,61,46,53,46,46,49,34,80,80,80,78,78,80,80,80,80,64,64,64,10,34,24,0,0,0],"gold":309,"neow_bonus":"THREE_RARE_CARDS","is_daily":false,"chose_seed":false,"campfire_upgraded":4,"win_rate":0.0,"timestamp":1610555101,"path_taken":["R","M","M","M","M","E","T","R","M","M","?","E","R","?","M","BOSS","R","M","?","M","M","R","T","M","E","R","?","$","M","?","M","BOSS","R","M","M","?","$","R","T","?","M","?","M","E","R","M","M"],"items_purchased_type":["Card","Card"],"build_version":"2020-12-22","purchased_purges":2,"victory":false,"max_hp_per_floor":[70,70,70,70,70,70,70,70,70,70,70,70,70,70,70,70,70,70,70,70,70,70,70,70,70,70,80,80,80,80,80,80,80,80,80,80,80,80,80,80,80,80,80,80,80,80,80,80,80,80,80],"card_choices":[{"not_picked":["hexamod:UnlimitedPower","hexamod:EmpoweringStance"],"picked":"hexamod:WildfireWeapon","floor":0.0},{"not_picked":["hexamod:BurningTouch","hexamod:Hexaguard"],"picked":"hexamod:ThermalTransfer","floor":2.0},{"not_picked":["hexamod:Firestarter","hexamod:SpectralAdrenaline"],"picked":"hexamod:BurningTouch","floor":3.0},{"not_picked":["hexamod:NightmareGuise","hexamod:RadiantFlame"],"picked":"hexamod:SuperheatedStrike","floor":4.0},{"not_picked":["hexamod:RetreatToShadows","hexamod:Hexaguard"],"picked":"hexamod:DynamicBlow","floor":5.0},{"not_picked":["hexamod:AdvancingGuard","hexamod:GhostOfSpireFuture"],"picked":"hexamod:NightmareStrike+1","floor":6.0},{"not_picked":["hexamod:SuperheatedStrike+1","hexamod:PhantomCloak"],"picked":"hexamod:ThermalTransfer+1","floor":9.0},{"not_picked":["hexamod:ThermalTransfer+1","hexamod:BacktrackSmack+1"],"picked":"hexamod:Incineration+1","floor":10.0},{"not_picked":["hexamod:EtherealExpedition","hexamod:RainOfEmbers+1"],"picked":"hexamod:FirstSeal","floor":12.0},{"not_picked":["hexamod:RetreatToShadows","hexamod:Firestarter+1"],"picked":"hexamod:GhostflameBarrier","floor":15.0},{"not_picked":["hexamod:WildfireWeapon","hexamod:Toasty+1"],"picked":"hexamod:TimeOfNeed","floor":16.0},{"not_picked":[],"picked":"hexamod:SecondSeal","floor":19.0},{"not_picked":[],"picked":"hexamod:PhantomFireball+1","floor":21.0},{"not_picked":["hexamod:AdvancingGuard"],"picked":"SKIP","floor":22.0},{"not_picked":["hexamod:GhostShield"],"picked":"SKIP","floor":25.0},{"not_picked":["hexamod:BacktrackSmack+1"],"picked":"SKIP","floor":26.0},{"not_picked":[],"picked":"hexamod:RainOfEmbers+1","floor":28.0},{"not_picked":["hexamod:AdvancingGuard"],"picked":"SKIP","floor":29.0},{"not_picked":[],"picked":"hexamod:RecurringNightmare+1","floor":30.0},{"not_picked":[],"picked":"hexamod:SoulSteal","floor":32.0},{"not_picked":[],"picked":"hexamod:SixthSeal","floor":33.0},{"not_picked":["hexamod:InspiringFlames+1"],"picked":"SKIP","floor":36.0},{"not_picked":["hexamod:HauntingEcho+1"],"picked":"SKIP","floor":37.0},{"not_picked":[],"picked":"hexamod:GhostflameBarrier+1","floor":39.0},{"not_picked":["hexamod:SwordOfDarkness+1"],"picked":"SKIP","floor":43.0},{"not_picked":["hexamod:RainOfEmbers+1"],"picked":"SKIP","floor":43.0},{"not_picked":[],"picked":"expansioncontent:Chronoboost","floor":44.0},{"not_picked":[],"picked":"hexamod:EmpoweredFlame+1","floor":45.0},{"not_picked":["hexamod:HauntingEcho+1"],"picked":"SKIP","floor":45.0},{"not_picked":[],"picked":"hexamod:Hexaguard+1","floor":46},{"not_picked":[],"picked":"hexamod:PowerFromBeyond+1","floor":48},{"not_picked":["hexamod:ChargedBarrage"],"picked":"SKIP","floor":48}],"player_experience":1754489,"relics_obtained":[{"floor":6.0,"key":"Molten Egg 2"},{"floor":7.0,"key":"Unceasing Top"},{"floor":12.0,"key":"TungstenRod"},{"floor":26.0,"key":"Tiny Chest"},{"floor":28.0,"key":"Red Mask"},{"floor":41.0,"key":"White Beast Statue"},{"floor":42.0,"key":"Pen Nib"},{"floor":46,"key":"hexamod:SoulConsumer"},{"floor":46,"key":"Boot"}],"event_choices":[{"cards_removed":["Regret"],"damage_healed":0.0,"max_hp_gain":0.0,"max_hp_loss":0.0,"gold_gain":0.0,"event_name":"Living Wall","player_choice":"Forget","floor":14.0,"gold_loss":0.0,"damage_taken":0.0},{"damage_healed":0.0,"max_hp_gain":0.0,"max_hp_loss":0.0,"gold_gain":0.0,"event_name":"Masked Bandits","player_choice":"Fought Bandits","floor":28.0,"gold_loss":0.0,"damage_taken":0.0}],"is_beta":false,"boss_relics":[{"not_picked":["Runic Dome","Fusion Hammer"],"picked":"Busted Crown"},{"not_picked":["SacredBark","Snecko Eye"],"picked":"Black Star"}],"items_purged_floors":[29,39],"is_endless":false,"potions_floor_spawned":[2,5,9,15,21,22,25,28,32,36,43,45,46,48],"killed_by":"Transient","ascension_level":0}}