{"host":"qm4rv4rkpk76sbxu","time":1610553079,"event":{"mods":["BaseMod","Bestiary","Block Reminder","DeckTracker","Filter the Spire","Keyboard Shortcuts","Minty Spire (QoL Compilation)","MonsterHotkey","Potion Indicator Mod","Quick Restart","Relic Stats","Slay-I","StSLib","ojb\u0027s Better Paths Mod"],"gold_per_floor":[109,109,109,109,125,166,166,187,187,27,27,27,67,91,91,180,180,203,478,29,45,59,59,90,90,90,90,131,144,179,202,202,297,297,322,341,17,31,31,64,64,102,102,126,172,208,208,233,233,233,233,233,233,4,47,47,47],"floor_reached":56,"language":"ENG","playtime":4388,"items_purged":["Regret"],"score":2206,"play_id":"81263eb1-b64c-434c-9615-37d119f32493","local_time":"20210113165119","is_ascension_mode":true,"campfire_choices":[{"data":"Skewer","floor":7.0,"key":"SMITH"},{"data":"Dagger Spray","floor":11.0,"key":"SMITH"},{"data":"Calculated Gamble","floor":15.0,"key":"SMITH"},{"data":"Well Laid Plans","floor":23.0,"key":"SMITH"},{"floor":25.0,"key":"REST"},{"data":"Poisoned Stab","floor":32.0,"key":"SMITH"},{"data":"Catalyst","floor":41.0,"key":"SMITH"},{"floor":49.0,"key":"RECALL"},{"data":"Terror","floor":53.0,"key":"SMITH"}],"circlet_count":0,"master_deck":["AscendersBane","Strike_G+1","Strike_G+1","Strike_G+1","Strike_G+1","Defend_G+1","Defend_G+1","Defend_G+1","Survivor","Neutralize","Calculated Gamble+1","Catalyst+1","Dagger Throw","Predator","Dagger Spray+1","Skewer+1","Cloak And Dagger","Terror+1","Well Laid Plans+1","After Image","Escape Plan","Swift Strike","Underhanded Strike","Reflex","PiercingWail+1","Poisoned Stab+1","Burst+1","Slice+1","Deflect+1","Reflex+1","Distraction+1","Escape Plan+1","Acrobatics+1","Blur+1","Deflect+1","Prepared+1"],"relics":["Ring of the Snake","Golden Idol","Meat on the Bone","Bag of Preparation","Medical Kit","Gremlin Horn","Boot","Black Star","HornCleat","Blue Candle","Lantern","Bottled Flame","Eternal Feather","Toxic Egg 2","Mercury Hourglass","Omamori","Sozu","Lee\u0027s Waffle","Anchor","WarpedTongs","Thread and Needle","Art of War","Tough Bandages","Vajra","Dream Catcher","Bottled Tornado","Sundial","Oddly Smooth Stone","Unceasing Top","Orichalcum"],"acts_visited":["Exordium","TheCity","TheBeyond","TheEnding"],"potions_floor_usage":[],"damage_taken":[{"damage":0.0,"enemies":"Small Slimes","floor":1.0,"turns":5.0},{"damage":0.0,"enemies":"2 Louse","floor":5.0,"turns":2.0},{"damage":12.0,"enemies":"3 Sentries","floor":6.0,"turns":6.0},{"damage":0.0,"enemies":"Cultist","floor":8.0,"turns":3.0},{"damage":29.0,"enemies":"Lagavulin","floor":13.0,"turns":6.0},{"damage":0.0,"enemies":"Blue Slaver","floor":14.0,"turns":2.0},{"damage":2.0,"enemies":"Slime Boss","floor":16.0,"turns":7.0},{"damage":27.0,"enemies":"Spheric Guardian","floor":18.0,"turns":6.0},{"damage":0.0,"enemies":"Chosen","floor":21.0,"turns":3.0},{"damage":20.0,"enemies":"Snake Plant","floor":22.0,"turns":4.0},{"damage":31.0,"enemies":"Slavers","floor":24.0,"turns":4.0},{"damage":0.0,"enemies":"Gremlin Leader","floor":28.0,"turns":4.0},{"damage":19.0,"enemies":"Sentry and Sphere","floor":29.0,"turns":6.0},{"damage":7.0,"enemies":"Book of Stabbing","floor":30.0,"turns":5.0},{"damage":1.0,"enemies":"Snecko","floor":31.0,"turns":5.0},{"damage":50.0,"enemies":"Automaton","floor":33.0,"turns":11.0},{"damage":9.0,"enemies":"3 Darklings","floor":35.0,"turns":4.0},{"damage":2.0,"enemies":"3 Shapes","floor":36.0,"turns":5.0},{"damage":0.0,"enemies":"Writhing Mass","floor":38.0,"turns":8.0},{"damage":42.0,"enemies":"Nemesis","floor":40.0,"turns":6.0},{"damage":46.0,"enemies":"Giant Head","floor":42.0,"turns":7.0},{"damage":0.0,"enemies":"Transient","floor":44.0,"turns":6.0},{"damage":0.0,"enemies":"Nemesis","floor":46.0,"turns":7.0},{"damage":0.0,"enemies":"Maw","floor":48.0,"turns":6.0},{"damage":36.0,"enemies":"Time Eater","floor":50.0,"turns":10.0},{"damage":28.0,"enemies":"Awakened One","floor":51.0,"turns":15.0},{"damage":17.0,"enemies":"Shield and Spear","floor":55.0,"turns":11.0},{"damage":55,"enemies":"The Heart","floor":56,"turns":8}],"seed_played":"2054389807409197346","potions_obtained":[{"floor":1.0,"key":"Fire Potion"},{"floor":5.0,"key":"CunningPotion"},{"floor":14.0,"key":"Swift Potion"},{"floor":16.0,"key":"LiquidMemories"},{"floor":18.0,"key":"CultistPotion"},{"floor":22.0,"key":"PowerPotion"},{"floor":24.0,"key":"AttackPotion"},{"floor":29.0,"key":"ColorlessPotion"}],"is_trial":false,"path_per_floor":["M","?","?","?","M","E","R","M","T","$","R","?","E","M","R","B",null,"M","?","$","M","M","R","E","R","T","?","E","M","E","M","R","B",null,"M","M","$","M","?","E","R","E","T","M","T","E","?","M","R","B","B",null,"R","$","E","B"],"character_chosen":"THE_SILENT","items_purchased":["Medical Kit","HornCleat","Swift Strike","Lee\u0027s Waffle","Anchor","Oddly Smooth Stone","Deflect+1"],"campfire_rested":1,"item_purchase_floors":[10,20,20,37,37,54,54],"current_hp_per_floor":[59,59,59,59,59,47,47,47,47,47,47,36,19,31,31,41,55,40,40,40,40,32,32,13,31,31,31,31,24,29,40,55,17,49,40,38,67,67,67,37,55,21,21,33,33,45,45,45,63,39,23,56,67,67,50,0,0],"gold":47,"neow_bonus":"TRANSFORM_TWO_CARDS","is_daily":false,"chose_seed":false,"campfire_upgraded":7,"win_rate":0.0,"timestamp":1610553079,"path_taken":["M","?","?","?","?","E","R","M","T","$","R","?","E","M","R","BOSS","M","?","$","M","M","R","E","R","T","?","E","M","E","M","R","BOSS","M","M","$","M","?","E","R","E","T","?","?","E","?","M","R","BOSS","BOSS","R","$","E","BOSS"],"items_purchased_type":["Relic","Relic","Card","Relic","Relic","Relic","Card"],"build_version":"2020-12-22","purchased_purges":1,"victory":false,"max_hp_per_floor":[66,66,60,60,60,60,60,60,60,60,60,60,60,60,60,60,60,60,60,60,60,60,60,60,60,60,60,60,60,60,60,60,60,60,60,60,67,67,67,67,67,67,67,67,67,67,67,67,67,67,67,67,67,67,67,67,67],"relic_stats":{"Lee\u0027s Waffle":29,"Gremlin Horn":[20,20],"counters":[28,171],"Golden Idol":205,"Blue Candle":[1],"Eternal Feather":62,"Bag of Preparation":[48],"Orichalcum":[12],"Medical Kit":[25],"Boot":[150],"Mercury Hourglass":[332],"WarpedTongs":[61],"Sozu":5,"Tough Bandages":[357],"Dream Catcher":0,"Sundial":[8],"Black Star":7,"Art of War":[6],"obtain_stats":[{"Lantern":24,"Gremlin Horn":12,"Vajra":42,"Bag of Preparation":9,"Bottled Tornado":46,"Boot":13,"Sozu":34,"Tough Bandages":42,"Dream Catcher":45,"HornCleat":20,"Sundial":47,"Toxic Egg 2":28,"Ring of the Snake":0,"Lee\u0027s Waffle":37,"Golden Idol":3,"Blue Candle":24,"Oddly Smooth Stone":54,"Eternal Feather":28,"Thread and Needle":40,"Omamori":30,"Orichalcum":55,"Medical Kit":10,"Mercury Hourglass":30,"WarpedTongs":39,"Bottled Flame":26,"Anchor":37,"Black Star":17,"Art of War":40,"Unceasing Top":55,"Meat on the Bone":6},{"Lantern":11,"Gremlin Horn":4,"Vajra":21,"Bag of Preparation":4,"Bottled Tornado":23,"Boot":5,"Sozu":16,"Tough Bandages":21,"Dream Catcher":22,"HornCleat":8,"Sundial":23,"Toxic Egg 2":12,"Ring of the Snake":0,"Lee\u0027s Waffle":18,"Golden Idol":1,"Blue Candle":11,"Oddly Smooth Stone":26,"Eternal Feather":12,"Thread and Needle":20,"Omamori":14,"Orichalcum":27,"Medical Kit":4,"Mercury Hourglass":14,"WarpedTongs":19,"Bottled Flame":11,"Anchor":18,"Black Star":7,"Art of War":20,"Unceasing Top":27,"Meat on the Bone":3},{"Lantern":48,"Gremlin Horn":16,"Vajra":108,"Bag of Preparation":16,"Bottled Tornado":121,"Boot":22,"Sozu":79,"Tough Bandages":108,"Dream Catcher":114,"HornCleat":37,"Sundial":121,"Toxic Egg 2":52,"Ring of the Snake":0,"Lee\u0027s Waffle":87,"Golden Idol":5,"Blue Candle":48,"Oddly Smooth Stone":152,"Eternal Feather":52,"Thread and Needle":101,"Omamori":63,"Orichalcum":163,"Medical Kit":16,"Mercury Hourglass":63,"WarpedTongs":95,"Bottled Flame":48,"Anchor":87,"Black Star":31,"Art of War":101,"Unceasing Top":163,"Meat on the Bone":13}],"Unceasing Top":[0],"Ring of the Snake":[56],"Meat on the Bone":192},"card_choices":[{"not_picked":["Distraction","Bane"],"picked":"Dagger Throw","floor":1.0},{"not_picked":["Dodge and Roll","Quick Slash"],"picked":"Dagger Spray","floor":5.0},{"not_picked":["Prepared","Bane"],"picked":"Skewer","floor":6.0},{"not_picked":["Flechettes","Outmaneuver"],"picked":"Cloak And Dagger","floor":8.0},{"not_picked":["Setup","Noxious Fumes"],"picked":"Terror","floor":13.0},{"not_picked":["Deadly Poison","Bane"],"picked":"Well Laid Plans","floor":14.0},{"not_picked":["Phantasmal Killer","Glass Knife"],"picked":"After Image","floor":16.0},{"not_picked":["Prepared","Sucker Punch"],"picked":"Escape Plan","floor":18.0},{"not_picked":["Caltrops","PiercingWail"],"picked":"Underhanded Strike","floor":21.0},{"not_picked":["Flying Knee","Dagger Throw"],"picked":"Reflex","floor":22.0},{"not_picked":["Flying Knee","Masterful Stab","Acrobatics"],"picked":"SKIP","floor":24.0},{"not_picked":["Cloak And Dagger+1","Dagger Throw","Setup+1"],"picked":"SKIP","floor":28.0},{"not_picked":["Well Laid Plans","Masterful Stab"],"picked":"PiercingWail+1","floor":29.0},{"not_picked":["Riddle With Holes","Dagger Throw","Sucker Punch"],"picked":"SKIP","floor":30.0},{"not_picked":["Eviscerate","Choke"],"picked":"Poisoned Stab","floor":31.0},{"not_picked":["Night Terror+1","Adrenaline+1"],"picked":"Burst+1","floor":33.0},{"not_picked":["Cloak And Dagger+1","Quick Slash","Masterful Stab"],"picked":"SKIP","floor":35.0},{"not_picked":["Cloak And Dagger+1","Bane+1"],"picked":"Slice+1","floor":36.0},{"not_picked":["Underhanded Strike","Backflip+1"],"picked":"Deflect+1","floor":38.0},{"not_picked":["Escape Plan+1","Deflect+1"],"picked":"Reflex+1","floor":40.0},{"not_picked":["Underhanded Strike+1","Backstab"],"picked":"Distraction+1","floor":42.0},{"not_picked":["Bane","Blade Dance+1"],"picked":"Escape Plan+1","floor":44.0},{"not_picked":["Backflip+1","Riddle With Holes"],"picked":"Acrobatics+1","floor":46.0},{"not_picked":["Acrobatics+1","Cloak And Dagger+1"],"picked":"Blur+1","floor":48.0},{"not_picked":["Sucker Punch","Bane"],"picked":"Prepared+1","floor":55.0}],"player_experience":1269935,"relics_obtained":[{"floor":6.0,"key":"Meat on the Bone"},{"floor":9.0,"key":"Bag of Preparation"},{"floor":13.0,"key":"Boot"},{"floor":24.0,"key":"Blue Candle"},{"floor":24.0,"key":"Lantern"},{"floor":26.0,"key":"Bottled Flame"},{"floor":28.0,"key":"Eternal Feather"},{"floor":28.0,"key":"Toxic Egg 2"},{"floor":30.0,"key":"Mercury Hourglass"},{"floor":30.0,"key":"Omamori"},{"floor":40.0,"key":"Thread and Needle"},{"floor":40.0,"key":"Art of War"},{"floor":42.0,"key":"Tough Bandages"},{"floor":42.0,"key":"Vajra"},{"floor":45.0,"key":"Dream Catcher"},{"floor":46.0,"key":"Bottled Tornado"},{"floor":47.0,"key":"Sundial"},{"floor":55.0,"key":"Unceasing Top"},{"floor":55.0,"key":"Orichalcum"}],"event_choices":[{"damage_healed":0.0,"max_hp_gain":0.0,"max_hp_loss":0.0,"gold_gain":0.0,"cards_transformed":["Defend_G"],"event_name":"Living Wall","player_choice":"Change","floor":2.0,"gold_loss":0.0,"damage_taken":0.0,"cards_obtained":["Predator"]},{"damage_healed":0.0,"max_hp_gain":0.0,"max_hp_loss":6.0,"gold_gain":0.0,"event_name":"Golden Idol","player_choice":"Lose Max HP","floor":3.0,"gold_loss":0.0,"damage_taken":0.0,"relics_obtained":["Golden Idol"]},{"cards_removed":["Regret"],"damage_healed":0.0,"max_hp_gain":0.0,"max_hp_loss":0.0,"gold_gain":0.0,"event_name":"Purifier","player_choice":"Purged","floor":4.0,"gold_loss":0.0,"damage_taken":0.0},{"damage_healed":0.0,"max_hp_gain":0.0,"max_hp_loss":0.0,"gold_gain":0.0,"event_name":"Scrap Ooze","player_choice":"Success","floor":12.0,"gold_loss":0.0,"damage_taken":11.0,"relics_obtained":["Gremlin Horn"]},{"damage_healed":0.0,"max_hp_gain":0.0,"max_hp_loss":0.0,"gold_gain":275.0,"event_name":"Golden Shrine","player_choice":"Desecrate","floor":19.0,"gold_loss":0.0,"damage_taken":0.0,"cards_obtained":["Regret"]},{"damage_healed":0.0,"max_hp_gain":0.0,"max_hp_loss":0.0,"gold_gain":0.0,"event_name":"Back to Basics","player_choice":"Simplicity","floor":27.0,"gold_loss":0.0,"damage_taken":0.0,"cards_upgraded":["Strike_G","Strike_G","Strike_G","Strike_G","Defend_G","Defend_G","Defend_G"]},{"damage_healed":0.0,"max_hp_gain":0.0,"max_hp_loss":0.0,"gold_gain":0.0,"event_name":"Accursed Blacksmith","player_choice":"Rummage","floor":39.0,"gold_loss":0.0,"damage_taken":0.0,"relics_obtained":["WarpedTongs"],"cards_obtained":["Pain"]},{"damage_healed":0.0,"max_hp_gain":0.0,"max_hp_loss":0.0,"gold_gain":0.0,"event_name":"Wheel of Change","player_choice":"Relic","floor":47.0,"gold_loss":0.0,"damage_taken":0.0}],"is_beta":false,"boss_relics":[{"not_picked":["SacredBark","Runic Dome"],"picked":"Black Star"},{"not_picked":["Pandora\u0027s Box","Runic Pyramid"],"picked":"Sozu"}],"items_purged_floors":[20],"is_endless":false,"potions_floor_spawned":[1,5,14,16,18,22,24,29,35,36,44,46,55],"killed_by":"The Heart","ascension_level":20}}