{"host":"i0s8vbixp24k5aul","time":1610530753,"event":{"mods":["2.2 Compatiblity","Act Like it!","Aspiration","BaseMod","Better Note","Better Third Choice","Better Vampires","BetterUpgradePreview","Colorless Booster Pack","Displayed Cursed Tome","Energized Spire","Fox Events","GifTheSpireLib","Halation","Hermit","Hubris","Jedi Mod","Minty Spire (QoL Compilation)","Optimize The Spire","Poor People Problems","Random Character Mod","Shade Mod","StSLib","Stuff the Spire","Swap Starting Deck Mod","The Bug Knight","The Construct","The Cursed","The Disciple","The Mystic","TheHero","TheWitcher","vexMod","??????REMEMod"],"gold_per_floor":[115,149,162,162,162,162,194,219,219,257,271,271,288,304,304,404,404,416,416,416,428,446,446,474,474,474,474,574,609,609,465,465,561,561,574,574,534,112,129,129,129,144,144,173,173,173,173,203,203,203],"floor_reached":51,"language":"RUS","playtime":1756,"items_purged":[],"score":804,"play_id":"1458ff0d-18cf-4864-8f98-74d7668671fe","local_time":"20210113123912","is_ascension_mode":false,"campfire_choices":[{"data":"hermit:DeadOrAlive","floor":6,"key":"SMITH"},{"data":"Whirlwind","floor":12,"key":"SMITH"},{"data":"Flame Barrier","floor":15,"key":"SMITH"},{"data":"Spot Weakness","floor":23,"key":"SMITH"},{"data":"Bash","floor":25,"key":"SMITH"},{"floor":30,"key":"REST"},{"floor":32,"key":"REST"},{"data":"Spot Weakness","floor":41,"key":"SMITH"},{"data":"StuffTheSpire:TitanForm","floor":45,"key":"SMITH"},{"data":"Panache","floor":49,"key":"SMITH"}],"circlet_count":0,"master_deck":["Strike_R","Strike_R","Strike_R","Strike_R","Defend_R","Defend_R","Defend_R","Defend_R","Bash+1","hermit:DeadOrAlive+1","Carnage","Twin Strike","Thunderclap","Whirlwind+1","Impervious","Sever Soul","Spot Weakness+1","Flame Barrier+1","StuffTheSpire:TitanForm+1","Spot Weakness+1","REME_MawOfCthun+1","REME_MawOfCthun+1","Sword Boomerang+1","Battle Trance","Armaments+1","Whirlwind","Perfected Strike+1","Wild Strike+1","Reaper","Anger+1","Inflame+1","Panache+1","Dual Wield+1","vexMod:EmailVexCard","vexMod:StairwayStrike","StuffTheSpire:PlasmaPulse","Sentinel+1"],"relics":["Burning Blood","REME_ComplimentaryCards","NeowsBlessing","HollowMod:PaleOreRelic","Odd Mushroom","energizedSpire:EnergizedDie","jedi:shrinkray","Shuriken","Blood Vial","Lizard Tail","hubris:MysteriousPyramids","aspiration:FetidBarrel","vexMod:ScavengeHelm","hubris:VirtuousBlindfold","Pantograph","hubris:Reverence","halation:PapillonHeart","hubris:ToyBattleship"],"acts_visited":["Exordium","TheCity","TheBeyond"],"potions_floor_usage":[16,16,27,40,48,50],"damage_taken":[{"damage":0,"enemies":"Cultist","floor":1,"turns":1},{"damage":0,"enemies":"2 Louse","floor":2,"turns":1},{"damage":0,"enemies":"Jaw Worm","floor":3,"turns":1},{"damage":0,"enemies":"2 Fungi Beasts","floor":7,"turns":3},{"damage":13,"enemies":"Gremlin Gang","floor":8,"turns":3},{"damage":21,"enemies":"The Mushroom Lair","floor":10,"turns":4},{"damage":12,"enemies":"Blue Slaver","floor":11,"turns":2},{"damage":1,"enemies":"Exordium Thugs","floor":13,"turns":3},{"damage":0,"enemies":"Large Slime","floor":14,"turns":4},{"damage":39,"enemies":"Hexaghost","floor":16,"turns":11},{"damage":8,"enemies":"3 Byrds","floor":18,"turns":4},{"damage":0,"enemies":"Chosen","floor":21,"turns":3},{"damage":3,"enemies":"Snecko","floor":22,"turns":4},{"damage":0,"enemies":"Book of Stabbing","floor":24,"turns":6},{"damage":32,"enemies":"Slavers","floor":27,"turns":3},{"damage":15,"enemies":"Colosseum Slavers","floor":28,"turns":4},{"damage":19,"enemies":"Colosseum Nobs","floor":28,"turns":4},{"damage":15,"enemies":"HollowMod:Nosk","floor":29,"turns":6},{"damage":17,"enemies":"Automaton","floor":33,"turns":11},{"damage":1,"enemies":"3 Darklings","floor":35,"turns":3},{"damage":10,"enemies":"Orb Walker","floor":36,"turns":3},{"damage":14,"enemies":"Jaw Worm Horde","floor":39,"turns":2},{"damage":0,"enemies":"Transient","floor":40,"turns":5},{"damage":11,"enemies":"3 Darklings","floor":42,"turns":3},{"damage":20,"enemies":"Sphere and 2 Shapes","floor":44,"turns":6},{"damage":6,"enemies":"Giant Head","floor":48,"turns":4},{"damage":50,"enemies":"Donu and Deca","floor":50,"turns":7}],"seed_played":"2082741620491804831","potions_obtained":[{"floor":1,"key":"GamblersBrew"},{"floor":7,"key":"Weak Potion"},{"floor":10,"key":"Strength Potion"},{"floor":11,"key":"Fire Potion"},{"floor":21,"key":"SpeedPotion"},{"floor":28,"key":"Energy Potion"},{"floor":33,"key":"GamblersBrew"},{"floor":37,"key":"SmokeBomb"},{"floor":42,"key":"jedi:StrikingPotion"}],"is_trial":false,"path_per_floor":["M","M","M","?","?","R","M","M","T","?","M","R","M","M","R","B",null,"M","?","?","M","M","R","E","R","T","E","?","E","R","?","R","B",null,"M","M","?","$","M","M","R","M","T","M","R","?","?","E","R","B",null],"character_chosen":"IRONCLAD","items_purchased":["Panache","Pantograph"],"campfire_rested":2,"item_purchase_floors":[38,38],"current_hp_per_floor":[80,80,80,80,80,80,80,73,73,58,52,52,57,63,63,30,80,78,78,78,80,80,80,80,80,80,54,36,29,53,53,77,68,80,80,76,76,76,70,80,80,75,75,80,80,76,66,76,76,72],"gold":203,"neow_bonus":"THREE_ENEMY_KILL","is_daily":false,"chose_seed":false,"campfire_upgraded":8,"win_rate":0.0,"timestamp":1610530752,"path_taken":["M","M","?","?","?","R","?","M","T","?","M","R","M","M","R","BOSS","M","?","?","M","?","R","E","R","T","E","?","E","R","?","R","BOSS","M","?","?","$","?","M","R","M","T","M","R","?","?","E","R","BOSS"],"items_purchased_type":["Card","Relic"],"build_version":"2020-12-22","purchased_purges":0,"victory":true,"max_hp_per_floor":[80,80,80,80,80,80,80,80,80,80,80,80,80,80,80,80,80,80,80,80,80,80,80,80,80,80,80,80,80,80,80,80,80,80,80,80,80,80,80,80,80,80,80,80,80,76,76,76,76,76],"card_choices":[{"not_picked":["Sentinel","Feel No Pain"],"picked":"Carnage","floor":1},{"not_picked":["Armaments","Rage"],"picked":"Twin Strike","floor":2},{"not_picked":["Twin Strike","Body Slam"],"picked":"Thunderclap","floor":3},{"not_picked":["Sword Boomerang","hubris:SharpeningStone","Armaments"],"picked":"SKIP","floor":7},{"not_picked":["StuffTheSpire:RockThrow","Pommel Strike"],"picked":"Whirlwind","floor":8},{"not_picked":["Headbutt","Heavy Blade"],"picked":"Impervious","floor":10},{"not_picked":["Warcry","True Grit"],"picked":"Sever Soul","floor":11},{"not_picked":["jedi:MakeshiftSword","True Grit"],"picked":"Spot Weakness","floor":13},{"not_picked":["Heavy Blade","jedi:fear"],"picked":"Flame Barrier","floor":14},{"not_picked":["Impervious","jedi:harder"],"picked":"StuffTheSpire:TitanForm","floor":16},{"not_picked":["Combust","Iron Wave+1"],"picked":"Spot Weakness","floor":18},{"not_picked":["Flex","Perfected Strike"],"picked":"Sword Boomerang+1","floor":21},{"not_picked":["Shrug It Off","Headbutt"],"picked":"Battle Trance","floor":22},{"not_picked":["StuffTheSpire:RockThrow","Impervious"],"picked":"Armaments+1","floor":24},{"not_picked":["Iron Wave","StuffTheSpire:RockThrow"],"picked":"Whirlwind","floor":27},{"not_picked":["Havoc","Whirlwind"],"picked":"Perfected Strike+1","floor":28},{"not_picked":["Anger","Armaments"],"picked":"Wild Strike+1","floor":29},{"not_picked":["Exhume","Offering"],"picked":"Reaper","floor":33},{"not_picked":["Seeing Red","True Grit"],"picked":"Anger+1","floor":35},{"not_picked":["Armaments","Combust"],"picked":"Inflame+1","floor":36},{"not_picked":["StuffTheSpire:RagingBull","StuffTheSpire:Slingshot+1","jedi:fear"],"picked":"SKIP","floor":39},{"not_picked":["Carnage","StuffTheSpire:Pyroclast"],"picked":"Dual Wield+1","floor":40},{"not_picked":["StuffTheSpire:BloodClot","Sword Boomerang","Clash+1"],"picked":"SKIP","floor":42},{"not_picked":["Iron Wave+1","StuffTheSpire:Incineration+1","jedi:hate"],"picked":"SKIP","floor":44},{"not_picked":["jedi:forcepush","HandOfGreed"],"picked":"vexMod:EmailVexCard","floor":47},{"not_picked":["Chrysalis","Dark Shackles"],"picked":"vexMod:StairwayStrike","floor":47},{"not_picked":["vexMod:EmailVexCard","Flash of Steel"],"picked":"StuffTheSpire:PlasmaPulse","floor":47},{"not_picked":["Thunderclap","StuffTheSpire:Pyroclast+1"],"picked":"Sentinel+1","floor":48}],"player_experience":948180,"relics_obtained":[{"floor":9,"key":"HollowMod:PaleOreRelic"},{"floor":10,"key":"Odd Mushroom"},{"floor":24,"key":"jedi:shrinkray"},{"floor":26,"key":"Shuriken"},{"floor":27,"key":"Blood Vial"},{"floor":28,"key":"Lizard Tail"},{"floor":28,"key":"hubris:MysteriousPyramids"},{"floor":29,"key":"aspiration:FetidBarrel"},{"floor":43,"key":"hubris:Reverence"},{"floor":48,"key":"hubris:ToyBattleship"}],"event_choices":[{"damage_healed":0,"gold_gain":0,"player_choice":"Ignored","damage_taken":0,"max_hp_gain":0,"max_hp_loss":0,"event_name":"Golden Idol","floor":4,"gold_loss":0},{"cards_removed":["Strike_R"],"damage_healed":0,"gold_gain":0,"player_choice":"Card Removal","damage_taken":0,"max_hp_gain":0,"max_hp_loss":0,"event_name":"Wheel of Change","floor":5,"gold_loss":0},{"damage_healed":0,"gold_gain":0,"player_choice":"Fought Mushrooms","damage_taken":0,"max_hp_gain":0,"max_hp_loss":0,"event_name":"Mushrooms","floor":10,"gold_loss":0},{"cards_removed":["hermit:DeadOrAlive"],"damage_healed":0,"gold_gain":0,"player_choice":"Take \u0026 Give","damage_taken":0,"max_hp_gain":0,"max_hp_loss":0,"event_name":"betterNote:BetterNote","floor":19,"gold_loss":0,"cards_obtained":["REME_MawOfCthun"]},{"damage_healed":0,"gold_gain":0,"player_choice":"Copied","damage_taken":0,"max_hp_gain":0,"max_hp_loss":0,"event_name":"Duplicator","floor":20,"gold_loss":0,"cards_obtained":["REME_MawOfCthun"]},{"damage_healed":0,"gold_gain":0,"player_choice":"Fight","damage_taken":0,"max_hp_gain":0,"max_hp_loss":0,"event_name":"Colosseum","floor":28,"gold_loss":0},{"damage_healed":0,"gold_gain":0,"player_choice":"Fought Nobs","damage_taken":0,"max_hp_gain":0,"max_hp_loss":0,"event_name":"Colosseum","floor":28,"gold_loss":0},{"damage_healed":0,"gold_gain":0,"player_choice":"Paid Gold","damage_taken":0,"relics_obtained":["vexMod:ScavengeHelm"],"max_hp_gain":0,"max_hp_loss":0,"event_name":"WeMeetAgain","floor":31,"gold_loss":144},{"damage_healed":0,"gold_gain":0,"player_choice":"Bought 3 Potions","damage_taken":0,"max_hp_gain":0,"max_hp_loss":0,"event_name":"The Woman in Blue","floor":37,"gold_loss":0},{"damage_healed":0,"gold_gain":0,"player_choice":"Memory 3","damage_taken":10,"max_hp_gain":0,"max_hp_loss":0,"event_name":"SensoryStone","floor":47,"gold_loss":0}],"is_beta":false,"boss_relics":[{"not_picked":["jedi:paperlyon","REME_ChargedStone"],"picked":"energizedSpire:EnergizedDie"},{"not_picked":["aspiration:RitualDagger","halation:MonkeysPaw"],"picked":"hubris:VirtuousBlindfold"}],"items_purged_floors":[],"is_endless":false,"potions_floor_spawned":[1,7,10,11,21,22,28,29,33,35,42,44],"ascension_level":0}}