{"host":"33eci8hn4byprget","time":1610505051,"event":{"mods":["Aspiration","BaseMod","Colored Powertips","Downfall","GifTheSpireLib","Hubris","KinomotoSakuraMod(ƒæ÷Æ±æ”£)","Marisa£®ÏF”Í°°ƒß¿Ì…≥£©","Minty Spire (QoL Compilation)","Reimu£®≤©¿ˆ¡È√Œ£©","StSLib","The Construct","The Poker Player","The Servant 0.9.4"],"gold_per_floor":[99,99,99,99,199,199,199,199,231,231,251,280,280,294,314,314,314,314],"floor_reached":16,"language":"ZHS","playtime":484,"items_purged":[],"score":131,"play_id":"9384f0a2-43c0-4056-b626-c29234be7697","local_time":"20210113103051","is_ascension_mode":false,"campfire_choices":[{"data":"hexamod:Sear","floor":1.0,"key":"SMITH"},{"floor":10,"key":"REST"},{"floor":13,"key":"REST"}],"circlet_count":0,"master_deck":["hexamod:Strike","hexamod:Strike","hexamod:Strike","hexamod:Strike","hexamod:Defend","hexamod:Defend","hexamod:Defend","hexamod:Defend","hexamod:Sear+1","hexamod:Float","hexamod:ShieldOfDarkness","hexamod:SoulSteal","hexamod:HauntingEcho","hexamod:Incineration","hexamod:ExtraCrispy","hexamod:GhostflameBarrier","hexamod:GhostflameBarrier"],"relics":["hexamod:SpiritBrand","downfall:HeartsMalice","hubris:Icosahedron","hubris:Towel","Nunchaku","Anchor","hubris:64BitClover"],"acts_visited":["Exordium"],"potions_floor_usage":[12,16,16],"damage_taken":[{"damage":0.0,"enemies":"Small Slimes","floor":2.0,"turns":1.0},{"damage":0.0,"enemies":"Jaw Worm","floor":6.0,"turns":1.0},{"damage":0.0,"enemies":"2 Louse","floor":8.0,"turns":1.0},{"damage":45,"enemies":"3 Sentries","floor":9,"turns":9},{"damage":0,"enemies":"Exordium Wildlife","floor":11,"turns":3},{"damage":0,"enemies":"Gremlin Nob","floor":12,"turns":3},{"damage":0,"enemies":"2 Fungi Beasts","floor":14,"turns":3},{"damage":16,"enemies":"Lots of Slimes","floor":15,"turns":3},{"damage":53,"enemies":"downfall:Defect","floor":16,"turns":6}],"seed_played":"-4601047776426658200","potions_obtained":[{"floor":9,"key":"LiquidBronze"},{"floor":12,"key":"Ancient Potion"},{"floor":14,"key":"Fire Potion"}],"is_trial":false,"path_per_floor":["R","M","?","?","?","M","T","M","E","R","M","E","R","M","M","B"],"character_chosen":"THE_SPIRIT","items_purchased":[],"campfire_rested":2,"item_purchase_floors":[],"current_hp_per_floor":[70,70,70,70,70,70,70,70,25,46,46,46,67,67,51,0,0,0],"gold":314,"neow_bonus":"THREE_ENEMY_KILL","is_daily":false,"chose_seed":false,"campfire_upgraded":1,"win_rate":0.0,"timestamp":1610505051,"path_taken":["R","M","?","?","?","M","T","M","E","R","M","E","R","M","M","BOSS"],"items_purchased_type":[],"build_version":"2020-12-22","purchased_purges":0,"victory":false,"max_hp_per_floor":[70,70,70,70,70,70,70,70,70,70,70,70,70,70,70,70,70,70],"card_choices":[{"not_picked":["hexamod:EtherealExpedition","hexamod:NightmareGuise"],"picked":"hexamod:ShieldOfDarkness","floor":2.0},{"not_picked":["hexamod:SkipABeat","hexamod:PhantomCloak"],"picked":"hexamod:SoulSteal","floor":6.0},{"not_picked":["hexamod:InspiringFlames","hexamod:BacktrackSmack"],"picked":"hexamod:HauntingEcho","floor":8.0},{"not_picked":["hexamod:InspiringFlames","hexamod:NightmareGuise"],"picked":"hexamod:Incineration","floor":9},{"not_picked":["hexamod:FastForward","hexamod:NightmareStrike"],"picked":"hexamod:ExtraCrispy","floor":11},{"not_picked":["hexamod:GhostShield","hexamod:SwordOfDarkness","hexamod:FastForward"],"picked":"SKIP","floor":12},{"not_picked":["hexamod:ThermalTransfer","hexamod:ShieldOfDarkness"],"picked":"hexamod:GhostflameBarrier","floor":14},{"not_picked":["hexamod:RadiantFlame","hexamod:NightmareGuise"],"picked":"hexamod:GhostflameBarrier","floor":15}],"player_experience":141955,"relics_obtained":[{"floor":7.0,"key":"Nunchaku"},{"floor":9,"key":"Anchor"},{"floor":12,"key":"hubris:64BitClover"}],"event_choices":[],"is_beta":false,"boss_relics":[],"items_purged_floors":[],"is_endless":false,"potions_floor_spawned":[9,12,14],"killed_by":"downfall:Defect","ascension_level":0}}