{"host":"uv231blk40vjdojr","time":1610546683,"event":{"mods":["AchievementEnabler","BaseMod","Bestiary","Minty Spire (QoL Compilation)","Relic Stats"],"gold_per_floor":[110,122,122,122,137,137,164,164,164,197,213,213,36,52,52,148,148,160,175,8,21,21,54,153,153,153,185,201,0,0,30,30,125,125,136,136,25,36,49,49,49,81,81,131,148,164,164,180,180,180],"floor_reached":51,"language":"ENG","playtime":1474,"items_purged":["Strike_P"],"score":820,"play_id":"768acac5-682b-48de-b09b-9a42931ff8c5","local_time":"20210113150443","is_ascension_mode":false,"campfire_choices":[{"data":"Eruption","floor":6,"key":"SMITH"},{"data":"Adaptation","floor":8,"key":"SMITH"},{"data":"ReachHeaven","floor":15,"key":"SMITH"},{"data":"Apotheosis","floor":25,"key":"SMITH"},{"floor":30,"key":"REST"},{"floor":32,"key":"REST"},{"data":"Vault","floor":40,"key":"SMITH"},{"floor":47,"key":"REST"},{"floor":49,"key":"REST"}],"circlet_count":0,"master_deck":["Strike_P+1","Strike_P+1","Defend_P","Defend_P","Defend_P+1","Eruption+1","Vigilance","FollowUp","TalkToTheHand+1","Adaptation+1","MasterReality+1","ReachHeaven+1","Vault+1","Apotheosis+1","FearNoEvil","Ragnarok","DeusExMachina","TalkToTheHand+1","Tantrum+1"],"relics":["PureWater","NeowsBlessing","Kunai","Frozen Egg 2","MealTicket","FaceOfCleric","Membership Card","Busted Crown","Bronze Scales","StoneCalendar","Du-Vu Doll","Whetstone","Shuriken","Medical Kit","Gambling Chip","Empty Cage","Sling","Lantern","Toy Ornithopter","Calipers"],"acts_visited":["Exordium","TheCity","TheBeyond"],"potions_floor_usage":[16,23,27,31,38,39,50,50],"damage_taken":[{"damage":0,"enemies":"Small Slimes","floor":1,"turns":1},{"damage":0,"enemies":"Cultist","floor":2,"turns":1},{"damage":0,"enemies":"Jaw Worm","floor":5,"turns":1},{"damage":4,"enemies":"Gremlin Nob","floor":7,"turns":3},{"damage":23,"enemies":"Lagavulin","floor":10,"turns":4},{"damage":0,"enemies":"2 Fungi Beasts","floor":11,"turns":3},{"damage":2,"enemies":"Exordium Thugs","floor":14,"turns":3},{"damage":0,"enemies":"Slime Boss","floor":16,"turns":3},{"damage":2,"enemies":"Spheric Guardian","floor":18,"turns":3},{"damage":5,"enemies":"Chosen","floor":19,"turns":5},{"damage":4,"enemies":"3 Cultists","floor":21,"turns":5},{"damage":41,"enemies":"Book of Stabbing","floor":23,"turns":5},{"damage":27,"enemies":"Slavers","floor":27,"turns":6},{"damage":2,"enemies":"Sentry and Sphere","floor":28,"turns":4},{"damage":21,"enemies":"Book of Stabbing","floor":31,"turns":5},{"damage":8,"enemies":"Automaton","floor":33,"turns":5},{"damage":3,"enemies":"3 Shapes","floor":35,"turns":2},{"damage":0,"enemies":"Orb Walker","floor":38,"turns":4},{"damage":27,"enemies":"4 Shapes","floor":39,"turns":4},{"damage":10,"enemies":"Giant Head","floor":42,"turns":5},{"damage":13,"enemies":"2 Orb Walkers","floor":44,"turns":4},{"damage":7,"enemies":"Spire Growth","floor":45,"turns":3},{"damage":49,"enemies":"Sphere and 2 Shapes","floor":46,"turns":4},{"damage":0,"enemies":"Jaw Worm Horde","floor":48,"turns":3},{"damage":17,"enemies":"Time Eater","floor":50,"turns":7}],"seed_played":"-6537714908470201382","potions_obtained":[{"floor":2,"key":"Energy Potion"},{"floor":7,"key":"Regen Potion"},{"floor":14,"key":"AttackPotion"},{"floor":16,"key":"ColorlessPotion"},{"floor":27,"key":"PowerPotion"},{"floor":28,"key":"GamblersBrew"},{"floor":35,"key":"Regen Potion"},{"floor":42,"key":"Strength Potion"},{"floor":46,"key":"Energy Potion"},{"floor":48,"key":"DuplicationPotion"}],"is_trial":false,"path_per_floor":["M","M","?","?","M","R","E","R","T","E","M","?","$","M","R","B",null,"M","M","$","M","?","E","?","R","T","E","M","$","R","E","R","B",null,"M","?","$","M","M","R","$","E","T","?","M","M","R","M","R","B",null],"character_chosen":"WATCHER","items_purchased":["Membership Card","Fire Potion","Apotheosis","Bronze Scales","Shuriken","Medical Kit","Sling"],"campfire_rested":4,"item_purchase_floors":[13,13,20,20,29,29,37],"current_hp_per_floor":[72,72,72,58,58,58,54,54,54,31,31,31,46,45,45,46,74,73,69,76,73,73,33,33,33,33,7,6,21,45,25,49,42,82,80,80,83,84,67,67,82,73,73,61,55,7,33,34,61,55],"gold":180,"neow_bonus":"THREE_ENEMY_KILL","is_daily":false,"chose_seed":false,"campfire_upgraded":5,"win_rate":0.0,"timestamp":1610546683,"path_taken":["M","M","?","?","M","R","E","R","T","E","M","?","$","M","R","BOSS","M","M","$","?","?","E","?","R","T","E","M","$","R","E","R","BOSS","M","?","$","M","M","R","$","E","T","?","M","M","R","M","R","BOSS"],"items_purchased_type":["Relic","Potion","Card","Relic","Relic","Relic","Relic"],"build_version":"2020-12-22","purchased_purges":1,"victory":true,"max_hp_per_floor":[72,72,72,72,72,72,72,72,72,72,72,72,72,73,73,74,74,75,76,76,77,77,78,78,78,78,79,80,80,80,81,81,82,82,83,83,83,84,85,85,85,86,86,87,88,89,89,90,90,91],"relic_stats":{"counters":[25,93],"StoneCalendar":[0],"Whetstone":["Strike_P","TalkToTheHand"],"Medical Kit":[5],"Busted Crown":32,"FaceOfCleric":19,"Shuriken":[23],"Bronze Scales":[144],"Gambling Chip":[39],"MealTicket":55,"Kunai":[37],"obtain_stats":[{"Lantern":42,"Calipers":44,"NeowsBlessing":0,"StoneCalendar":23,"Whetstone":27,"Frozen Egg 2":9,"Medical Kit":29,"Empty Cage":34,"Sling":37,"Du-Vu Doll":26,"Busted Crown":17,"FaceOfCleric":12,"Shuriken":29,"Bronze Scales":20,"Gambling Chip":31,"MealTicket":10,"Kunai":7,"Membership Card":13,"PureWater":0,"Toy Ornithopter":43},{"Lantern":20,"Calipers":21,"NeowsBlessing":0,"StoneCalendar":12,"Whetstone":13,"Frozen Egg 2":4,"Medical Kit":14,"Empty Cage":16,"Sling":17,"Du-Vu Doll":12,"Busted Crown":8,"FaceOfCleric":6,"Shuriken":14,"Bronze Scales":10,"Gambling Chip":15,"MealTicket":5,"Kunai":4,"Membership Card":6,"PureWater":0,"Toy Ornithopter":20},{"Lantern":72,"Calipers":76,"NeowsBlessing":0,"StoneCalendar":37,"Whetstone":43,"Frozen Egg 2":6,"Medical Kit":47,"Empty Cage":57,"Sling":59,"Du-Vu Doll":37,"Busted Crown":19,"FaceOfCleric":13,"Shuriken":47,"Bronze Scales":27,"Gambling Chip":52,"MealTicket":10,"Kunai":6,"Membership Card":13,"PureWater":0,"Toy Ornithopter":72}],"Toy Ornithopter":10},"card_choices":[{"not_picked":["SashWhip","CrushJoints","Evaluate"],"picked":"SKIP","floor":1},{"not_picked":["ClearTheMind","Vengeance"],"picked":"FollowUp","floor":2},{"not_picked":["FlurryOfBlows","Wireheading"],"picked":"TalkToTheHand","floor":5},{"not_picked":["Vengeance","ForeignInfluence"],"picked":"Adaptation","floor":7},{"not_picked":["Prostrate","WaveOfTheHand"],"picked":"MasterReality+1","floor":10},{"not_picked":["ThirdEye","CrushJoints","CutThroughFate"],"picked":"SKIP","floor":11},{"not_picked":["CrushJoints","Prostrate"],"picked":"ReachHeaven","floor":14},{"not_picked":["MasterReality+1","Wish"],"picked":"Vault","floor":16},{"not_picked":["Wireheading+1"],"picked":"SKIP","floor":18},{"not_picked":["CrushJoints"],"picked":"SKIP","floor":19},{"not_picked":["ThirdEye"],"picked":"SKIP","floor":21},{"not_picked":["EmptyBody"],"picked":"SKIP","floor":23},{"not_picked":[],"picked":"Ragnarok","floor":27},{"not_picked":["Protect"],"picked":"SKIP","floor":28},{"not_picked":["Halt"],"picked":"SKIP","floor":31},{"not_picked":[],"picked":"DeusExMachina","floor":33},{"not_picked":["WindmillStrike"],"picked":"SKIP","floor":35},{"not_picked":["SignatureMove+1"],"picked":"SKIP","floor":38},{"not_picked":["JustLucky"],"picked":"SKIP","floor":39},{"not_picked":[],"picked":"TalkToTheHand+1","floor":42},{"not_picked":[],"picked":"Tantrum+1","floor":45},{"not_picked":["FollowUp"],"picked":"SKIP","floor":46},{"not_picked":["ClearTheMind+1"],"picked":"SKIP","floor":48}],"player_experience":677180,"relics_obtained":[{"floor":7,"key":"Kunai"},{"floor":9,"key":"Frozen Egg 2"},{"floor":10,"key":"MealTicket"},{"floor":23,"key":"StoneCalendar"},{"floor":26,"key":"Du-Vu Doll"},{"floor":27,"key":"Whetstone"},{"floor":31,"key":"Gambling Chip"},{"floor":42,"key":"Lantern"},{"floor":43,"key":"Toy Ornithopter"},{"floor":44,"key":"Calipers"}],"event_choices":[{"damage_healed":0,"gold_gain":0,"player_choice":"Ignored","damage_taken":0,"max_hp_gain":0,"max_hp_loss":0,"event_name":"Liars Game","floor":3,"gold_loss":0},{"damage_healed":0,"gold_gain":0,"player_choice":"Entered Light","damage_taken":14,"max_hp_gain":0,"max_hp_loss":0,"event_name":"Shining Light","floor":4,"gold_loss":0,"cards_upgraded":["Defend_P","Strike_P"]},{"damage_healed":0,"gold_gain":0,"player_choice":"Trade","damage_taken":0,"relics_obtained":["FaceOfCleric"],"max_hp_gain":0,"max_hp_loss":0,"event_name":"FaceTrader","floor":12,"gold_loss":0},{"damage_healed":0,"gold_gain":0,"player_choice":"Read","damage_taken":0,"max_hp_gain":0,"max_hp_loss":0,"event_name":"The Library","floor":22,"gold_loss":0,"cards_obtained":["FearNoEvil"]},{"damage_healed":0,"gold_gain":99,"player_choice":"Stole From Cult","damage_taken":0,"max_hp_gain":0,"max_hp_loss":0,"event_name":"Nest","floor":24,"gold_loss":0},{"damage_healed":0,"gold_gain":0,"player_choice":"Ignored","damage_taken":0,"max_hp_gain":0,"max_hp_loss":0,"event_name":"Tomb of Lord Red Mask","floor":36,"gold_loss":0},{"damage_healed":0,"gold_gain":0,"player_choice":"Fight","damage_taken":0,"max_hp_gain":0,"max_hp_loss":0,"event_name":"Mysterious Sphere","floor":44,"gold_loss":0}],"is_beta":false,"boss_relics":[{"not_picked":["Calling Bell","VioletLotus"],"picked":"Busted Crown"},{"not_picked":["HolyWater","Philosopher\u0027s Stone"],"picked":"Empty Cage"}],"items_purged_floors":[37],"is_endless":false,"potions_floor_spawned":[2,7,14,16,21,27,28,35,42,46,48],"ascension_level":0}}