{"host":"d85gwtocd8go8gx0","time":1610570135,"event":{"mods":["BaseMod","Highlight Path","Minty Spire (QoL Compilation)","UnlockEverythingMod"],"gold_per_floor":[113,128,138,155,172,172,207,225,252,269,269,269,269,283,283,388,388,398,398,398,409,425,425,451,465,465,47,47,47,62,74,74,74,74],"floor_reached":33,"language":"ENG","playtime":1802,"items_purged":["Second Wind"],"score":273,"play_id":"31633bd5-a846-441f-aceb-3abb1238c62a","local_time":"20210113123535","is_ascension_mode":false,"campfire_choices":[{"data":"Bash","floor":6,"key":"SMITH"},{"floor":13,"key":"REST"},{"floor":15,"key":"REST"},{"floor":23,"key":"REST"},{"floor":28,"key":"REST"},{"data":"Double Tap","floor":32,"key":"SMITH"}],"circlet_count":0,"master_deck":["Strike_R","Strike_R","Strike_R","Strike_R","Defend_R","Defend_R","Defend_R","Defend_R","Bash+1","Flex","Clothesline","Perfected Strike","Spot Weakness","Offering+1","Dropkick","Warcry","Impervious","Sword Boomerang","Twin Strike","Double Tap+1","Whirlwind","Twin Strike","Armaments","Inflame+1","Sword Boomerang+1","Clothesline+1","Seeing Red"],"relics":["Burning Blood","Dream Catcher","Vajra","Busted Crown","PreservedInsect","Frozen Egg 2","Bag of Marbles","Red Skull"],"acts_visited":["TheCity"],"potions_floor_usage":[16,24,24,25,33],"damage_taken":[{"damage":6.0,"enemies":"Cultist","floor":1.0,"turns":3.0},{"damage":8.0,"enemies":"Small Slimes","floor":2.0,"turns":3.0},{"damage":0.0,"enemies":"2 Louse","floor":3.0,"turns":2.0},{"damage":7.0,"enemies":"Blue Slaver","floor":4.0,"turns":4.0},{"damage":19,"enemies":"Lots of Slimes","floor":5,"turns":5},{"damage":41,"enemies":"3 Sentries","floor":7,"turns":7},{"damage":19,"enemies":"2 Fungi Beasts","floor":8,"turns":3},{"damage":6,"enemies":"Exordium Wildlife","floor":10,"turns":1},{"damage":12,"enemies":"Blue Slaver","floor":14,"turns":3},{"damage":22,"enemies":"The Guardian","floor":16,"turns":7},{"damage":14,"enemies":"Shell Parasite","floor":18,"turns":2},{"damage":11,"enemies":"Chosen","floor":21,"turns":3},{"damage":26,"enemies":"Centurion and Healer","floor":22,"turns":5},{"damage":43,"enemies":"Gremlin Leader","floor":24,"turns":4},{"damage":26,"enemies":"Snecko","floor":25,"turns":5},{"damage":16,"enemies":"3 Cultists","floor":30,"turns":4},{"damage":6,"enemies":"Cultist and Chosen","floor":31,"turns":3},{"damage":61,"enemies":"Champ","floor":33,"turns":6}],"seed_played":"2269172733860412230","potions_obtained":[{"floor":1.0,"key":"BloodPotion"},{"floor":3.0,"key":"BlessingOfTheForge"},{"floor":5,"key":"AttackPotion"},{"floor":16,"key":"BlessingOfTheForge"},{"floor":18,"key":"SteroidPotion"},{"floor":25,"key":"GamblersBrew"}],"is_trial":false,"path_per_floor":["M","M","M","M","M","R","E","M","T","M","?","?","R","M","R","B",null,"M","?","?","M","M","R","E","M","T","$","R","$","M","M","R","B"],"character_chosen":"IRONCLAD","items_purchased":["Inflame+1","Bag of Marbles","Red Skull"],"campfire_rested":4,"item_purchase_floors":[27,27,27],"current_hp_per_floor":[80,78,80,79,66,66,31,18,18,18,18,18,42,36,60,44,80,72,72,72,67,47,71,34,30,30,30,54,54,44,44,44,0,0],"gold":74,"neow_bonus":"","is_daily":false,"chose_seed":false,"campfire_upgraded":2,"win_rate":0.0,"timestamp":1610570135,"path_taken":["M","M","?","M","M","R","E","M","T","M","?","?","R","M","R","BOSS","M","?","?","M","M","R","E","M","T","$","R","?","M","?","R","BOSS"],"items_purchased_type":["Card","Relic","Relic"],"build_version":"2020-12-22","purchased_purges":1,"victory":false,"max_hp_per_floor":[80,80,80,80,80,80,80,80,80,80,80,80,80,80,80,80,80,80,80,80,80,80,80,80,80,80,80,80,80,80,80,80,80,80],"card_choices":[{"not_picked":["Clothesline","Rage"],"picked":"Flex","floor":1.0},{"not_picked":["Entrench","Carnage"],"picked":"Clothesline","floor":2.0},{"not_picked":["True Grit","Reckless Charge","Bloodletting"],"picked":"SKIP","floor":3.0},{"not_picked":["Flame Barrier","Pommel Strike"],"picked":"Perfected Strike","floor":4},{"not_picked":["Ghostly Armor","Bloodletting"],"picked":"Spot Weakness","floor":5},{"not_picked":["Dropkick","Perfected Strike"],"picked":"Offering","floor":7},{"not_picked":["Rampage","Sword Boomerang"],"picked":"Dropkick","floor":8},{"not_picked":["Infernal Blade","Clash"],"picked":"Warcry","floor":10},{"not_picked":["Clothesline","Havoc"],"picked":"Impervious","floor":13},{"not_picked":["Burning Pact","Clothesline"],"picked":"Sword Boomerang","floor":14},{"not_picked":["Anger","Evolve"],"picked":"Twin Strike","floor":15},{"not_picked":["Immolate","Fiend Fire"],"picked":"Double Tap","floor":16},{"not_picked":[],"picked":"Second Wind","floor":18},{"not_picked":["Iron Wave"],"picked":"SKIP","floor":21},{"not_picked":["Combust"],"picked":"SKIP","floor":22},{"not_picked":[],"picked":"Twin Strike","floor":23},{"not_picked":["Thunderclap"],"picked":"SKIP","floor":24},{"not_picked":[],"picked":"Armaments","floor":25},{"not_picked":[],"picked":"Sword Boomerang+1","floor":28},{"not_picked":[],"picked":"Clothesline+1","floor":30},{"not_picked":[],"picked":"Seeing Red","floor":31}],"player_experience":0,"relics_obtained":[{"floor":7,"key":"Dream Catcher"},{"floor":9,"key":"Vajra"},{"floor":24,"key":"PreservedInsect"},{"floor":26,"key":"Frozen Egg 2"}],"event_choices":[{"damage_healed":0,"gold_gain":0,"player_choice":"Grow","damage_taken":0,"max_hp_gain":0,"max_hp_loss":0,"event_name":"Living Wall","floor":11,"gold_loss":0,"cards_upgraded":["Offering"]},{"cards_removed":["Strike_R"],"damage_healed":0,"gold_gain":0,"player_choice":"Offered Basic","damage_taken":0,"max_hp_gain":0,"max_hp_loss":0,"event_name":"Bonfire Elementals","floor":12,"gold_loss":0},{"damage_healed":0,"gold_gain":0,"player_choice":"Ignored","damage_taken":0,"max_hp_gain":0,"max_hp_loss":0,"event_name":"Ghosts","floor":19,"gold_loss":0},{"damage_healed":0,"gold_gain":0,"player_choice":"Read","damage_taken":0,"max_hp_gain":0,"max_hp_loss":0,"event_name":"The Library","floor":20,"gold_loss":0,"cards_obtained":["Whirlwind"]}],"is_beta":false,"boss_relics":[{"not_picked":["Velvet Choker","Mark of Pain"],"picked":"Busted Crown"}],"items_purged_floors":[27],"is_endless":false,"potions_floor_spawned":[1,3,5,16,18,25],"killed_by":"Champ","ascension_level":0}}