{"host":"a1eatafr7pisesky","time":1610556900,"event":{"mods":["AchievementEnabler","BaseMod","Colored Map","Keyboard Shortcuts","Minty Spire (QoL Compilation)","Say the Spire","StSLib","SuperFastMode","everything is the same but u backflip on backflip"],"gold_per_floor":[111,129,144,154,164,164,194,85,85,95,95,105,125,200,200,298,298,310,310,136,155,168,168,168],"floor_reached":23,"language":"KOR","playtime":541,"items_purged":["Strike_R","Wild Strike"],"score":395,"play_id":"5e93c011-fae0-4f61-ade5-016370961fb5","local_time":"20210114015500","is_ascension_mode":true,"campfire_choices":[{"floor":6.0,"key":"REST"},{"floor":15,"key":"REST"}],"circlet_count":0,"master_deck":["AscendersBane","Strike_R","Strike_R","Defend_R","Defend_R","Bash","Blood for Blood","Armaments","Blood for Blood","Bloodletting","Rupture","Body Slam","Hemokinesis","Combust","Dual Wield","Thunderclap","Feed","Rupture","Body Slam","Rage"],"relics":["Burning Blood","Potion Belt","Mercury Hourglass","CultistMask","Runic Cube"],"acts_visited":["Exordium","TheCity"],"potions_floor_usage":[7,16,21,22,23,23],"damage_taken":[{"damage":6.0,"enemies":"Cultist","floor":1.0,"turns":3.0},{"damage":12.0,"enemies":"Jaw Worm","floor":2.0,"turns":2.0},{"damage":10.0,"enemies":"Small Slimes","floor":3.0,"turns":5.0},{"damage":15.0,"enemies":"Exordium Wildlife","floor":4.0,"turns":5.0},{"damage":16.0,"enemies":"Blue Slaver","floor":5.0,"turns":2.0},{"damage":29,"enemies":"Gremlin Nob","floor":7,"turns":4},{"damage":16,"enemies":"Lots of Slimes","floor":10,"turns":5},{"damage":8,"enemies":"Looter","floor":12,"turns":3},{"damage":4,"enemies":"Exordium Wildlife","floor":13,"turns":3},{"damage":11,"enemies":"Slime Boss","floor":16,"turns":5},{"damage":16,"enemies":"Shell Parasite","floor":18,"turns":3},{"damage":21,"enemies":"Chosen","floor":21,"turns":4},{"damage":38,"enemies":"Shelled Parasite and Fungi","floor":22,"turns":4},{"damage":20,"enemies":"Slavers","floor":23,"turns":1}],"seed_played":"3469917996617903328","potions_obtained":[{"floor":1.0,"key":"GamblersBrew"},{"floor":2.0,"key":"PowerPotion"},{"floor":10,"key":"Strength Potion"},{"floor":12,"key":"Dexterity Potion"},{"floor":18,"key":"Weak Potion"},{"floor":21,"key":"Dexterity Potion"}],"is_trial":false,"path_per_floor":["M","M","M","M","M","R","E","$","T","M","?","M","M","?","R","B",null,"M","?","$","M","M","E"],"character_chosen":"IRONCLAD","items_purchased":["Hemokinesis","Rage"],"campfire_rested":2,"item_purchase_floors":[8,20],"current_hp_per_floor":[51,45,41,32,22,46,23,23,23,13,13,11,13,2,26,21,65,58,58,58,43,14,0,0],"gold":168,"neow_bonus":"REMOVE_TWO","is_daily":false,"chose_seed":false,"campfire_upgraded":0,"win_rate":0.0,"timestamp":1610556900,"path_taken":["M","M","M","M","M","R","E","$","T","?","?","?","M","?","R","BOSS","M","?","$","M","M","E"],"items_purchased_type":["Card","Card"],"build_version":"2020-12-22","purchased_purges":2,"victory":false,"max_hp_per_floor":[80,80,80,80,80,80,80,80,80,80,80,80,80,80,80,80,80,83,83,83,83,86,86,86],"card_choices":[{"not_picked":["Searing Blow","Thunderclap"],"picked":"Blood for Blood","floor":1.0},{"not_picked":["Combust","Clash"],"picked":"Armaments","floor":2.0},{"not_picked":["Perfected Strike","Metallicize"],"picked":"Blood for Blood","floor":3.0},{"not_picked":["Twin Strike","Warcry"],"picked":"Bloodletting","floor":4.0},{"not_picked":["Ghostly Armor","Flex"],"picked":"Rupture","floor":5.0},{"not_picked":["Infernal Blade","Rage"],"picked":"Body Slam","floor":7},{"not_picked":["Fire Breathing","Intimidate"],"picked":"Combust","floor":10},{"not_picked":["Anger","Havoc"],"picked":"Dual Wield","floor":12},{"not_picked":["Sword Boomerang","Clash"],"picked":"Thunderclap","floor":13},{"not_picked":["Fiend Fire","Bludgeon"],"picked":"Feed","floor":16},{"not_picked":["Cleave","Warcry"],"picked":"Rupture","floor":18},{"not_picked":["Iron Wave","Dark Embrace","Anger"],"picked":"SKIP","floor":21},{"not_picked":["Twin Strike","Pommel Strike","Pummel"],"picked":"SKIP","floor":22}],"player_experience":315309,"relics_obtained":[{"floor":7,"key":"Potion Belt"},{"floor":9,"key":"Mercury Hourglass"}],"event_choices":[{"damage_healed":0,"gold_gain":0,"player_choice":"Trade","damage_taken":0,"relics_obtained":["CultistMask"],"max_hp_gain":0,"max_hp_loss":0,"event_name":"FaceTrader","floor":11,"gold_loss":0},{"damage_healed":0,"gold_gain":75,"player_choice":"Gather Gold","damage_taken":11,"max_hp_gain":0,"max_hp_loss":0,"event_name":"World of Goop","floor":14,"gold_loss":0},{"damage_healed":0,"gold_gain":0,"cards_transformed":["Strike_R","Defend_R"],"player_choice":"Became Test Subject","damage_taken":0,"max_hp_gain":0,"max_hp_loss":0,"event_name":"Drug Dealer","floor":19,"gold_loss":0,"cards_obtained":["Body Slam","Wild Strike"]}],"is_beta":false,"boss_relics":[{"not_picked":["Sozu","Empty Cage"],"picked":"Runic Cube"}],"items_purged_floors":[8,20],"is_endless":false,"potions_floor_spawned":[1,2,4,5,10,12,18,21],"killed_by":"Slavers","ascension_level":12}}