{"host":"04hh9gplt9wkfmr1","time":1610555652,"event":{"mods":["AchievementEnabler","BaseMod","Colored Map","KOR Keyword Fix","Minty Spire (QoL Compilation)","Rare Cards Sparkle","SuperFastMode"],"gold_per_floor":[110,123,123,298,308,337,302,302,302,319,354,354,368,225,225,324,324,341,353,365,365,376,376,407,423,423,454,473,338,338,191,191,293,293,309,88,98,117,136,136,161,161,161,161,189,189,207,207,207,207],"floor_reached":51,"language":"KOR","playtime":1648,"items_purged":["Doubt"],"score":938,"play_id":"d4c2e6da-801b-492d-bbd2-41b22e912a21","local_time":"20210114013412","is_ascension_mode":true,"campfire_choices":[{"data":"Infinite Blades","floor":8.0,"key":"SMITH"},{"data":"Accuracy","floor":12.0,"key":"SMITH"},{"floor":15.0,"key":"REST"},{"floor":23.0,"key":"REST"},{"floor":30.0,"key":"REST"},{"data":"Venomology","floor":32.0,"key":"SMITH"},{"floor":40.0,"key":"REST"},{"floor":42.0,"key":"REST"},{"floor":46.0,"key":"REST"},{"data":"Wraith Form v2","floor":49.0,"key":"SMITH"}],"circlet_count":0,"master_deck":["Strike_G","Strike_G","Strike_G","Defend_G","Defend_G","Defend_G","Defend_G","Defend_G","Survivor","Neutralize+1","Dramatic Entrance+1","Accuracy+1","Well Laid Plans","Infinite Blades+1","Accuracy+1","Footwork","Accuracy","After Image","Blade Dance+1","Blade Dance","Slice+1","Die Die Die","Blade Dance","Blade Dance","Footwork+1","Choke","Venomology+1","Storm of Steel","Night Terror","Slice+1","Finisher","Wraith Form v2+1","Accuracy","Accuracy","Footwork+1"],"relics":["Ring of the Snake","HornCleat","Whetstone","Vajra","WristBlade","Omamori","White Beast Statue","PreservedInsect","Snake Skull","Philosopher\u0027s Stone","Nunchaku","Bottled Lightning","Tingsha","Ninja Scroll"],"acts_visited":["Exordium","TheCity","TheBeyond"],"potions_floor_usage":[50,50,50,50],"damage_taken":[{"damage":0.0,"enemies":"2 Louse","floor":1.0,"turns":2.0},{"damage":0.0,"enemies":"Jaw Worm","floor":2.0,"turns":6.0},{"damage":0.0,"enemies":"Small Slimes","floor":5.0,"turns":3.0},{"damage":51.0,"enemies":"3 Sentries","floor":6.0,"turns":15.0},{"damage":5.0,"enemies":"Exordium Thugs","floor":10.0,"turns":4.0},{"damage":5.0,"enemies":"Gremlin Nob","floor":11.0,"turns":4.0},{"damage":6.0,"enemies":"Gremlin Gang","floor":13.0,"turns":2.0},{"damage":4.0,"enemies":"Hexaghost","floor":16.0,"turns":9.0},{"damage":21.0,"enemies":"Shell Parasite","floor":18.0,"turns":5.0},{"damage":3.0,"enemies":"2 Thieves","floor":19.0,"turns":2.0},{"damage":0.0,"enemies":"Snecko","floor":20.0,"turns":3.0},{"damage":13.0,"enemies":"Shelled Parasite and Fungi","floor":22.0,"turns":3.0},{"damage":6.0,"enemies":"Book of Stabbing","floor":24.0,"turns":3.0},{"damage":14.0,"enemies":"Centurion and Healer","floor":25.0,"turns":3.0},{"damage":15.0,"enemies":"Slavers","floor":27.0,"turns":3.0},{"damage":0.0,"enemies":"Snecko","floor":28.0,"turns":3.0},{"damage":24.0,"enemies":"Collector","floor":33.0,"turns":6.0},{"damage":31.0,"enemies":"3 Shapes","floor":35.0,"turns":2.0},{"damage":9.0,"enemies":"Orb Walker","floor":37.0,"turns":2.0},{"damage":9.0,"enemies":"Transient","floor":38.0,"turns":5.0},{"damage":6.0,"enemies":"Sphere and 2 Shapes","floor":39.0,"turns":6.0},{"damage":19.0,"enemies":"Nemesis","floor":41.0,"turns":3.0},{"damage":5.0,"enemies":"Giant Head","floor":45.0,"turns":5.0},{"damage":0.0,"enemies":"Writhing Mass","floor":47.0,"turns":5.0},{"damage":31,"enemies":"Donu and Deca","floor":50,"turns":4}],"seed_played":"-1978228483136128325","potions_obtained":[{"floor":2.0,"key":"Dexterity Potion"},{"floor":10.0,"key":"Dexterity Potion"},{"floor":18.0,"key":"SpeedPotion"},{"floor":25.0,"key":"LiquidBronze"},{"floor":27.0,"key":"Block Potion"},{"floor":28.0,"key":"Poison Potion"},{"floor":33.0,"key":"DistilledChaos"},{"floor":35.0,"key":"FearPotion"},{"floor":37.0,"key":"SkillPotion"},{"floor":38.0,"key":"BlessingOfTheForge"},{"floor":39.0,"key":"PowerPotion"},{"floor":41.0,"key":"AttackPotion"},{"floor":44.0,"key":"LiquidMemories"},{"floor":45.0,"key":"PowerPotion"},{"floor":47.0,"key":"BlessingOfTheForge"}],"is_trial":false,"path_per_floor":["M","M","?","?","M","E","?","R","T","M","E","R","M","$","R","B",null,"M","M","M","?","M","R","E","M","T","E","M","$","R","$","R","B",null,"M","$","M","M","M","R","E","R","T","?","E","R","M","?","R","B",null],"character_chosen":"THE_SILENT","items_purchased":["Accuracy","Storm of Steel","Snake Skull","Nunchaku","Finisher"],"campfire_rested":6,"item_purchase_floors":[14,29,31,36,36],"current_hp_per_floor":[70,70,70,70,70,19,36,36,36,31,26,26,20,20,41,37,70,49,46,46,46,33,54,48,34,34,19,19,19,40,40,40,16,70,39,39,30,21,15,36,17,38,38,38,33,54,54,54,54,23],"gold":207,"neow_bonus":"RANDOM_COLORLESS","is_daily":false,"chose_seed":false,"campfire_upgraded":4,"win_rate":0.0,"timestamp":1610555652,"path_taken":["M","M","?","?","M","E","?","R","T","M","E","R","M","$","R","BOSS","M","M","M","?","M","R","E","M","T","E","?","$","R","$","R","BOSS","M","$","M","M","M","R","E","R","T","?","E","R","?","?","R","BOSS"],"items_purchased_type":["Card","Card","Relic","Relic","Card"],"build_version":"2020-12-22","purchased_purges":1,"victory":true,"max_hp_per_floor":[70,70,70,70,70,70,70,70,70,70,70,70,70,70,70,70,70,70,70,70,70,70,70,70,70,70,70,70,70,70,70,70,70,70,70,70,70,70,70,70,70,70,70,70,70,70,70,70,70,70],"card_choices":[{"not_picked":["Madness","Forethought"],"picked":"Dramatic Entrance","floor":0.0},{"not_picked":["Slice","Distraction","Dash"],"picked":"SKIP","floor":1.0},{"not_picked":["Sucker Punch","Blade Dance"],"picked":"Accuracy","floor":2.0},{"not_picked":["Sucker Punch","Quick Slash"],"picked":"Well Laid Plans","floor":5.0},{"not_picked":["Adrenaline","Terror"],"picked":"Infinite Blades","floor":6.0},{"not_picked":["Acrobatics","Underhanded Strike","Poisoned Stab"],"picked":"SKIP","floor":10.0},{"not_picked":["Backstab","Escape Plan"],"picked":"Accuracy","floor":11.0},{"not_picked":["Deadly Poison","Flying Knee"],"picked":"Footwork","floor":13.0},{"not_picked":["Corpse Explosion","Die Die Die"],"picked":"After Image","floor":16.0},{"not_picked":["Backflip","Quick Slash"],"picked":"Blade Dance+1","floor":18.0},{"not_picked":["Backstab","PiercingWail"],"picked":"Blade Dance","floor":19.0},{"not_picked":["Masterful Stab","Acrobatics"],"picked":"Slice+1","floor":20.0},{"not_picked":["Flechettes","Dagger Spray"],"picked":"Blade Dance","floor":22.0},{"not_picked":["Tactician","Noxious Fumes+1"],"picked":"Blade Dance","floor":24.0},{"not_picked":["Catalyst","PiercingWail"],"picked":"Footwork+1","floor":25.0},{"not_picked":["Endless Agony","Outmaneuver"],"picked":"Choke","floor":27.0},{"not_picked":["Acrobatics+1","Sucker Punch+1"],"picked":"Venomology","floor":28.0},{"not_picked":["Doppelganger","Bullet Time"],"picked":"Night Terror","floor":33.0},{"not_picked":["Eviscerate+1","Deadly Poison"],"picked":"Slice+1","floor":35.0},{"not_picked":["Predator","Deadly Poison","Underhanded Strike+1"],"picked":"SKIP","floor":37.0},{"not_picked":["Underhanded Strike+1","Tactician+1"],"picked":"Wraith Form v2","floor":38.0},{"not_picked":["Dagger Throw","Crippling Poison"],"picked":"Accuracy","floor":39.0},{"not_picked":["Poisoned Stab+1","Sucker Punch"],"picked":"Accuracy","floor":41.0},{"not_picked":["Underhanded Strike+1","Leg Sweep+1"],"picked":"Footwork+1","floor":45.0},{"not_picked":["Endless Agony","Skewer","Predator+1"],"picked":"SKIP","floor":47.0}],"player_experience":22299,"relics_obtained":[{"floor":6.0,"key":"HornCleat"},{"floor":9.0,"key":"Whetstone"},{"floor":11.0,"key":"Vajra"},{"floor":24.0,"key":"Omamori"},{"floor":26.0,"key":"White Beast Statue"},{"floor":27.0,"key":"PreservedInsect"},{"floor":41.0,"key":"Bottled Lightning"},{"floor":43.0,"key":"Tingsha"},{"floor":45.0,"key":"Ninja Scroll"}],"event_choices":[{"damage_healed":0.0,"max_hp_gain":0.0,"max_hp_loss":0.0,"gold_gain":0.0,"event_name":"Living Wall","player_choice":"Grow","floor":3.0,"gold_loss":0.0,"damage_taken":0.0,"cards_upgraded":["Accuracy"]},{"damage_healed":0.0,"max_hp_gain":0.0,"max_hp_loss":0.0,"gold_gain":175.0,"event_name":"Liars Game","player_choice":"AGREE","floor":4.0,"gold_loss":0.0,"damage_taken":0.0,"cards_obtained":["Doubt"]},{"damage_healed":17.0,"max_hp_gain":0.0,"max_hp_loss":0.0,"gold_gain":0.0,"event_name":"The Cleric","player_choice":"Healed","floor":7.0,"gold_loss":35.0,"damage_taken":0.0},{"damage_healed":0.0,"max_hp_gain":0.0,"max_hp_loss":0.0,"gold_gain":0.0,"cards_transformed":["Strike_G"],"event_name":"Transmorgrifier","player_choice":"Transformed","floor":21.0,"gold_loss":0.0,"damage_taken":0.0,"cards_obtained":["Die Die Die"]},{"damage_healed":0.0,"max_hp_gain":0.0,"max_hp_loss":0.0,"gold_gain":0.0,"event_name":"Lab","player_choice":"Got Potions","floor":44.0,"gold_loss":0.0,"damage_taken":0.0},{"cards_removed":["Strike_G"],"damage_healed":0.0,"max_hp_gain":0.0,"max_hp_loss":0.0,"gold_gain":0.0,"event_name":"Bonfire Elementals","player_choice":"Offered Basic","floor":48.0,"gold_loss":0.0,"damage_taken":0.0}],"is_beta":false,"boss_relics":[{"not_picked":["Calling Bell","Snecko Eye"],"picked":"WristBlade"},{"not_picked":["Black Star","Astrolabe"],"picked":"Philosopher\u0027s Stone"}],"items_purged_floors":[14],"is_endless":false,"potions_floor_spawned":[2,10,18,25,27,28,33,35,37,38,39,41,45,47],"ascension_level":3}}