{"host":"cjhtzh7tp54jdfyv","time":1610537333,"event":{"mods":["AchievementEnabler","BaseMod","Colored Map","Colored Powertips","Curses Come First","DeckTracker","Filter the Spire","Minty Spire (QoL Compilation)","RNG Fix","Relic Sorter","Relic Stats","StSLib","UnlockEverythingMod","ojb\u0027s Better Paths Mod","ojb\u0027s Info Mod"],"gold_per_floor":[115,125,137,155,173,205,205,205,205],"floor_reached":8,"language":"ENG","playtime":328,"items_purged":[],"score":120,"play_id":"4187ca96-fc59-4913-a35d-0d8926edb4b5","local_time":"20210113062853","is_ascension_mode":true,"campfire_choices":[{"floor":7.0,"key":"REST"}],"circlet_count":0,"master_deck":["AscendersBane","Strike_P","Strike_P","Strike_P","Strike_P","Defend_P","Defend_P","Defend_P","Defend_P","Eruption","Vigilance","JustLucky","Meditate"],"relics":["Busted Crown","Bag of Preparation"],"acts_visited":["Exordium"],"potions_floor_usage":[],"damage_taken":[{"damage":0.0,"enemies":"Small Slimes","floor":1.0,"turns":2.0},{"damage":0.0,"enemies":"Jaw Worm","floor":2.0,"turns":2.0},{"damage":0.0,"enemies":"Cultist","floor":3.0,"turns":2.0},{"damage":0.0,"enemies":"2 Fungi Beasts","floor":4.0,"turns":4.0},{"damage":32.0,"enemies":"Exordium Thugs","floor":5.0,"turns":3.0},{"damage":16.0,"enemies":"Gremlin Nob","floor":6.0,"turns":3.0},{"damage":33,"enemies":"3 Sentries","floor":8,"turns":6}],"seed_played":"-5154421298017463337","potions_obtained":[{"floor":3.0,"key":"LiquidMemories"},{"floor":6.0,"key":"Energy Potion"}],"is_trial":false,"path_per_floor":["M","M","M","M","M","E","R","E"],"character_chosen":"WATCHER","items_purchased":[],"campfire_rested":1,"item_purchase_floors":[],"current_hp_per_floor":[61,61,61,61,29,13,33,0,0],"gold":205,"neow_bonus":"BOSS_RELIC","is_daily":false,"chose_seed":false,"campfire_upgraded":0,"win_rate":0.0,"timestamp":1610537333,"path_taken":["M","M","M","M","M","E","R","E"],"items_purchased_type":[],"build_version":"2020-12-22","purchased_purges":0,"victory":false,"max_hp_per_floor":[68,68,68,68,68,68,68,68,68],"relic_stats":{"Busted Crown":12,"counters":[7,22],"Bag of Preparation":[2],"obtain_stats":[{"Busted Crown":0,"Bag of Preparation":6,"PureWater":0},{"Busted Crown":0,"Bag of Preparation":6,"PureWater":0},{"Busted Crown":0,"Bag of Preparation":16,"PureWater":0}]},"card_choices":[{"not_picked":[],"picked":"JustLucky","floor":1.0},{"not_picked":["ClearTheMind"],"picked":"SKIP","floor":2.0},{"not_picked":["Crescendo"],"picked":"SKIP","floor":3.0},{"not_picked":["Protect"],"picked":"SKIP","floor":4.0},{"not_picked":["SandsOfTime"],"picked":"SKIP","floor":5.0},{"not_picked":[],"picked":"Meditate","floor":6.0}],"player_experience":4496693,"relics_obtained":[{"floor":6.0,"key":"Bag of Preparation"}],"event_choices":[],"is_beta":false,"boss_relics":[],"items_purged_floors":[],"is_endless":false,"potions_floor_spawned":[3,6],"killed_by":"3 Sentries","ascension_level":20}}