{"host":"dn6kke80v5f7isus","time":1610566375,"event":{"mods":["AchievementEnabler","Act Like it!","BaseMod","Colored Powertips","Custom Start","Defuse TimeMaze Blight","Downfall","Duelist Mod","Gremlin Skip","Highlight Path","Hubris","Infinite Spire","Minty Spire (QoL Compilation)","Rare Cards Sparkle","Replay The Spire","StSLib","Uncapped"],"gold_per_floor":[140,151,9151,9162,9133,8244,8244,8244,8267,8317,8317,8368,8435,8435,8435,8549,8549,8605,8121,8121,8121,8179,8179,8229,8229,8229,8283,8349,8409,8409,8409,8409,8521,8521,8577,8612,8612,7865,7920,7920,7488,7488,7488,7544,7544,7544,7584],"floor_reached":51,"language":"ENG","playtime":1558,"items_purged":["theDuelist:Sparks","theDuelist:JerryBeansMan"],"score":1594,"play_id":"340e1646-175f-47e1-bed4-defc1880e8c2","local_time":"20210113143255","is_ascension_mode":true,"campfire_choices":[{"data":"theDuelist:Nameless:Greed:GracefulCharity","floor":8,"key":"SMITH"},{"floor":11,"key":"RECALL"},{"floor":15,"key":"REST"},{"data":"theDuelist:BlackRoseMoonlight","floor":23,"key":"SMITH"},{"floor":30,"key":"REST"},{"data":"ReplayTheSpireMod:Haul","floor":32,"key":"SMITH"},{"floor":41,"key":"REST"},{"data":"theDuelist:SilverApples","floor":44,"key":"SMITH"},{"floor":49,"key":"REST"}],"circlet_count":0,"master_deck":["theDuelist:AngelTrumpeter","theDuelist:CactusBouncer","theDuelist:DarkworldThorns","theDuelist:Inmato","theDuelist:JerryBeansMan","theDuelist:Nameless:Greed:GracefulCharity","theDuelist:Nameless:Greed:GracefulCharity+1","theDuelist:BlackRoseMoonlight+1","ReplayTheSpireMod:Haul+1","theDuelist:GracefulCharity","theDuelist:BlossomBombardment","theDuelist:LonefireBlossom","theDuelist:SuperSolarNutrient","theDuelist:SuperSolarNutrient","theDuelist:MonsterEggSpecial+1","theDuelist:SilverApples+1"],"relics":["theDuelist:MillenniumPuzzle","theDuelist:CardPoolRelic","theDuelist:CardPoolBasicRelic","theDuelist:BoosterPackPoolRelic","theDuelist:CardPoolAddRelic","theDuelist:CardPoolMinusRelic","theDuelist:CardPoolSaveRelic","theDuelist:CardPoolOptionsRelic","NeowsBlessing","theDuelist:NamelessPowerRelicA","DollysMirror","hubris:AncientText","Champion Belt","theDuelist:MillenniumArmor","Juzu Bracelet","Replay:Kaleidoscope","Chameleon Ring","HoveringKite","Girya","Omamori","theDuelist:MillenniumSymbol","infinitespire:PuzzleCube","theDuelist:ZombieRelic","theDuelist:MonsterEggRelic","Calipers","Runic Cube","Frozen Egg 2","hubris:Teleporter","Akabeko","Snake Skull","theDuelist:CardRewardRelicG"],"acts_visited":["Exordium","TheCity","TheBeyond"],"potions_floor_usage":[10,12,28,28,28,28,40,50,50,50],"damage_taken":[{"damage":0.0,"enemies":"Jaw Worm","floor":1.0,"turns":1.0},{"damage":0.0,"enemies":"Cultist","floor":2.0,"turns":1.0},{"damage":0,"enemies":"2 Louse","floor":4,"turns":1},{"damage":60,"enemies":"3 Sentries","floor":10,"turns":6},{"damage":0,"enemies":"Blue Slaver","floor":12,"turns":2},{"damage":0,"enemies":"Lagavulin","floor":13,"turns":5},{"damage":41,"enemies":"Slime Boss","floor":16,"turns":7},{"damage":15,"enemies":"2 Thieves","floor":18,"turns":4},{"damage":16,"enemies":"Shell Parasite","floor":22,"turns":4},{"damage":0,"enemies":"Centurion and Healer","floor":27,"turns":3},{"damage":6,"enemies":"Slavers","floor":28,"turns":3},{"damage":3,"enemies":"Chosen and Byrds","floor":29,"turns":3},{"damage":11,"enemies":"hubris:MusketHawk","floor":33,"turns":6},{"damage":29,"enemies":"3 Darklings","floor":35,"turns":3},{"damage":9,"enemies":"3 Shapes","floor":36,"turns":2},{"damage":52,"enemies":"R_Hoarder","floor":40,"turns":6},{"damage":0,"enemies":"Spire Growth","floor":47,"turns":3},{"damage":10,"enemies":"infinitespire:MassOfShapes","floor":50,"turns":7}],"seed_played":"-2428537596422753142","potions_obtained":[{"floor":1.0,"key":"theDuelist:DestructPotionPot"},{"floor":10,"key":"Explosive Potion"},{"floor":13,"key":"Languid Potion"},{"floor":16,"key":"theDuelist:BottledKuriboh"},{"floor":18,"key":"theDuelist:OrbBottle"},{"floor":27,"key":"Strength Potion"},{"floor":33,"key":"FocusPotion"},{"floor":35,"key":"champ:CounterPotion"},{"floor":40,"key":"Block Potion"},{"floor":47,"key":"FairyPotion"}],"is_trial":false,"path_per_floor":["M","M","?","M","?","$","?","R","T","E","R","M","E","?","R","B",null,"M","$","?","?","M","R","?","AVR","T","M","E","M","R","?","R","B",null,"M","M","?","$","E","R","$","R","?","M","?","R","B",null],"character_chosen":"THE_DUELIST","items_purchased":["DollysMirror","hubris:AncientText","Champion Belt","theDuelist:BlackRoseMoonlight","Girya","Omamori","Frozen Egg 2","hubris:Teleporter","theDuelist:SuperSolarNutrient","Snake Skull","theDuelist:CardRewardRelicG"],"campfire_rested":4,"item_purchase_floors":[6,6,6,6,19,19,38,38,38,42,42],"current_hp_per_floor":[63,63,163,163,163,163,155,155,155,105,105,105,105,105,159,118,165,150,150,150,150,134,134,134,134,134,134,128,125,179,179,179,168,177,148,139,139,139,87,141,141,141,141,141,141,180,170],"gold":7584,"neow_bonus":"THREE_ENEMY_KILL","is_daily":false,"chose_seed":false,"campfire_upgraded":4,"win_rate":0.0,"timestamp":1610566375,"path_taken":["M","M","?","?","?","$","?","R","T","E","R","M","E","?","R","BOSS","M","$","?","?","M","R","?","AVR","T","M","E","M","R","?","R","BOSS","M","M","?","?","E","R","$","R","?","M","?","R","BOSS"],"items_purchased_type":["Relic","Relic","Relic","Card","Relic","Relic","Relic","Relic","Card","Relic","Relic"],"build_version":"2020-12-22","purchased_purges":2,"victory":true,"max_hp_per_floor":[70,70,170,170,170,170,170,170,170,180,180,180,180,180,180,180,180,180,180,180,180,180,180,180,180,180,180,180,180,180,180,180,180,180,180,180,180,180,180,180,180,180,180,180,180,180,180],"card_choices":[{"not_picked":["theDuelist:Fissure","theDuelist:WeepingIdol","theDuelist:EarthGiant","theDuelist:ScrapFactory","theDuelist:DarkMirrorForce"],"picked":"SKIP","floor":1.0},{"not_picked":["theDuelist:EvilswarmHeliotrope","theDuelist:GreenGraveOni","theDuelist:HaneHane","theDuelist:ReinforcementsArmy","theDuelist:ReleaseFromStone"],"picked":"SKIP","floor":2.0},{"not_picked":["theDuelist:WorldTree","theDuelist:BloomingDarkestRose","theDuelist:SplendidRose"],"picked":"theDuelist:VioletCrystal","floor":4},{"not_picked":["theDuelist:AttackTheMoon","theDuelist:DestroyerGolem","theDuelist:Hinotama","theDuelist:LightningVortex","theDuelist:EarthquakeGiant"],"picked":"SKIP","floor":10},{"not_picked":["theDuelist:BlossomBombardment","theDuelist:QueenAngelRoses","theDuelist:BlackRoseMoonlight"],"picked":"SKIP","floor":12},{"not_picked":["theDuelist:AttackTheMoon","theDuelist:PowerWall","theDuelist:GauntletWarrior","theDuelist:Fissure","theDuelist:FutureFusion"],"picked":"SKIP","floor":13},{"not_picked":["theDuelist:CactusBouncer","theDuelist:ThornMalice+1","theDuelist:Mudora","theDuelist:BottomlessTrapHole","theDuelist:MiracleFertilizer+1"],"picked":"SKIP","floor":18},{"not_picked":["theDuelist:HeartUnderdog","theDuelist:BeastFangs","theDuelist:QueenAngelRoses+1","theDuelist:PredaplantSarraceniant","theDuelist:PredaplantChimerafflesia"],"picked":"SKIP","floor":22},{"not_picked":["theDuelist:CactusBouncer+1","theDuelist:Spore","theDuelist:PredaplantPterapenthes","theDuelist:PredaplantFlytrap+1"],"picked":"theDuelist:GracefulCharity","floor":27},{"not_picked":["theDuelist:Fissure","theDuelist:HammerShot","theDuelist:Sangan","theDuelist:WormKing","theDuelist:PowerGiant"],"picked":"SKIP","floor":28},{"not_picked":["theDuelist:CactusBouncer","theDuelist:PredaplantPterapenthes","theDuelist:JerryBeansMan","theDuelist:CheerfulCoffin","theDuelist:AcidTrapHole"],"picked":"SKIP","floor":29},{"not_picked":["theDuelist:HeartUnderdog","theDuelist:RevivalRose+1","theDuelist:QueenAngelRoses","theDuelist:PredaplantSarraceniant"],"picked":"theDuelist:BlossomBombardment","floor":33},{"not_picked":["theDuelist:BlockGolem+1","theDuelist:DestroyerGolem+1","theDuelist:EarthEffigy","theDuelist:GiantSoldierSteel+1","theDuelist:MagicHoleGolem"],"picked":"SKIP","floor":35},{"not_picked":["theDuelist:TwilightRoseKnight","theDuelist:JerryBeansMan","theDuelist:BlueRoseDragon","theDuelist:Mudora"],"picked":"theDuelist:LonefireBlossom","floor":36},{"not_picked":["theDuelist:DarkworldThorns","theDuelist:Spore+1","theDuelist:MudGolem+1"],"picked":"theDuelist:MonsterEggSpecial+1","floor":40},{"not_picked":["theDuelist:MillenniumGolem","theDuelist:RainbowBridge","theDuelist:GilfordLegend+1","theDuelist:HarpieFeather","theDuelist:WingedKuriboh+1"],"picked":"SKIP","floor":47}],"player_experience":624072,"relics_obtained":[{"floor":9,"key":"Juzu Bracelet"},{"floor":10,"key":"Replay:Kaleidoscope"},{"floor":13,"key":"Chameleon Ring"},{"floor":26,"key":"theDuelist:MonsterEggRelic"},{"floor":28,"key":"Calipers"},{"floor":40,"key":"Akabeko"}],"event_choices":[{"damage_healed":0,"gold_gain":0,"player_choice":"Leave","damage_taken":0,"max_hp_gain":0,"max_hp_loss":0,"event_name":"FaceTrader","floor":3,"gold_loss":0},{"power_reward":2,"total_magic_score":23,"gold_gain":0,"greed_reward":4,"duelist":true,"damage_taken":0,"relics_obtained":["theDuelist:NamelessPowerRelicA"],"points":6,"max_hp_gain":0,"max_hp_loss":0,"spent_points":{"magic":0,"greed":4,"war":0,"power":2,"hunger":0},"event_name":"Nameless Tomb","floor":5,"gold_loss":29,"cards_obtained":["theDuelist:Nameless:Greed:GracefulCharity"]},{"damage_healed":0,"gold_gain":0,"player_choice":"Dig - random Duelist relic","duelist":true,"damage_taken":0,"max_hp_gain":0,"max_hp_loss":0,"event_name":"Aknamkanon\u0027s Tomb","floor":7,"gold_loss":0},{"cards_removed":["theDuelist:Sparks"],"damage_healed":0,"gold_gain":0,"player_choice":"Offered Basic","damage_taken":0,"max_hp_gain":0,"max_hp_loss":0,"event_name":"Bonfire Elementals","floor":14,"gold_loss":0},{"damage_healed":0,"gold_gain":0,"player_choice":"Took item - Received: Millennium Symbol","duelist":true,"damage_taken":0,"max_hp_gain":0,"max_hp_loss":0,"event_name":"Millennium Items","floor":20,"gold_loss":0},{"damage_healed":0,"gold_gain":0,"player_choice":"Opened","damage_taken":0,"relics_obtained":["infinitespire:PuzzleCube"],"max_hp_gain":0,"max_hp_loss":0,"event_name":"The Mausoleum","floor":21,"gold_loss":0,"cards_obtained":["Writhe"]},{"damage_healed":0,"gold_gain":50,"player_choice":"Stole From Cult","damage_taken":0,"max_hp_gain":0,"max_hp_loss":0,"event_name":"Nest","floor":24,"gold_loss":0},{"damage_healed":0,"gold_gain":0,"player_choice":"Leave","duelist":true,"damage_taken":0,"max_hp_gain":0,"max_hp_loss":0,"event_name":"Egyptian Village","floor":31,"gold_loss":0},{"damage_healed":0,"gold_gain":0,"player_choice":"Leave","duelist":true,"damage_taken":0,"max_hp_gain":0,"max_hp_loss":0,"event_name":"Visit from Anubis","floor":37,"gold_loss":0},{"damage_healed":0,"gold_gain":0,"player_choice":"Leave","duelist":true,"damage_taken":0,"max_hp_gain":0,"max_hp_loss":0,"event_name":"Card Trader","floor":46,"gold_loss":0},{"cards_removed":["theDuelist:VioletCrystal"],"damage_healed":0,"gold_gain":0,"player_choice":"Removed Power","damage_taken":0,"max_hp_gain":0,"max_hp_loss":0,"event_name":"Falling","floor":48,"gold_loss":0}],"is_beta":false,"boss_relics":[{"not_picked":["Inserter","Ectoplasm"],"picked":"HoveringKite"},{"not_picked":["ReplayTheSpireMod:SealedPack","hubris:BlackHole"],"picked":"Runic Cube"}],"items_purged_floors":[6,38],"is_endless":false,"potions_floor_spawned":[1,10,13,16,18,27,33,35,40,47],"ascension_level":18}}