{"host":"kqe6w2igxc79vo14","time":1610541515,"event":{"mods":["AchievementEnabler","BaseMod","Downfall","Minty Spire (QoL Compilation)","Quick Restart","StSLib"],"gold_per_floor":[99,99,199,199,199,199,199,349,349,377,139,153,78,91,108,206,206,131,149,34,46,57,88,138,88,88,88,100,100,49,49,49,49],"floor_reached":31,"language":"ENG","playtime":2221,"items_purged":["Regret","Slimebound:Icky"],"score":274,"play_id":"1cdc1c9a-e546-4837-bfbc-e0b40c2d8f24","local_time":"20210113143835","is_ascension_mode":false,"campfire_choices":[{"data":"champ:Taunt","floor":1.0,"key":"SMITH"},{"data":"champ:CalledShot","floor":6.0,"key":"SMITH"},{"data":"champ:BerserkerStyle","floor":9.0,"key":"SMITH"},{"floor":13.0,"key":"RECALL"},{"data":"champ:Improvising","floor":18.0,"key":"SMITH"},{"data":"champ:MurderStrike","floor":27.0,"key":"SMITH"}],"circlet_count":0,"master_deck":["champ:Strike","champ:Strike","champ:Strike","champ:Strike","champ:Defend","champ:Defend","champ:Defend","champ:Defend","champ:Execute","champ:Taunt+1","champ:CalledShot+1","champ:BerserkerStyle+1","champ:Improvising+1","champ:BerserkersShout","champ:Devastate","champ:AdrenalArmor","champ:ShieldWall","champ:MurderStrike+1","CurseOfTheBell","champ:ArenaPreparation","champ:BerserkersShout+1","champ:HeartStrike","champ:BerserkerStyle","champ:CalledShot","champ:MurderStrike","champ:BringItOn+1","champ:PreciseThrust"],"relics":["champ:ChampionCrown","downfall:HeartsMalice","Akabeko","Mango","Art of War","downfall:HeartBlessingGreen","Calling Bell","Juzu Bracelet","Question Card","StoneCalendar","downfall:HeartBlessingRed","Unceasing Top","champ:FightingForDummies"],"acts_visited":["Exordium","TheCity"],"potions_floor_usage":[31],"damage_taken":[{"damage":0.0,"enemies":"Jaw Worm","floor":2.0,"turns":1.0},{"damage":0.0,"enemies":"2 Louse","floor":5.0,"turns":1.0},{"damage":0.0,"enemies":"Gremlin Nob","floor":10.0,"turns":1.0},{"damage":20.0,"enemies":"downfall:FleeingMerchant","floor":11.0,"turns":4.0},{"damage":38.0,"enemies":"Small Slimes","floor":12.0,"turns":5.0},{"damage":57.0,"enemies":"3 Louse","floor":14.0,"turns":5.0},{"damage":39.0,"enemies":"Blue Slaver","floor":15.0,"turns":6.0},{"damage":91.0,"enemies":"downfall:Watcher","floor":16.0,"turns":10.0},{"damage":56.0,"enemies":"Shell Parasite","floor":19.0,"turns":7.0},{"damage":35.0,"enemies":"downfall:FleeingMerchant","floor":20.0,"turns":4.0},{"damage":53.0,"enemies":"Centurion and Healer","floor":21.0,"turns":6.0},{"damage":47.0,"enemies":"Snake Plant","floor":22.0,"turns":4.0},{"damage":82.0,"enemies":"Slavers","floor":23.0,"turns":5.0},{"damage":83.0,"enemies":"Cultist and Chosen","floor":28.0,"turns":6.0},{"damage":22,"enemies":"downfall:FleeingMerchant","floor":30,"turns":4},{"damage":17,"enemies":"Gremlin Leader","floor":31,"turns":1}],"seed_played":"-806696649525149510","potions_obtained":[{"floor":10.0,"key":"SkillPotion"},{"floor":12.0,"key":"Explosive Potion"},{"floor":16.0,"key":"champ:CounterPotion"},{"floor":22.0,"key":"hexamod:EctoCoolerPotion"},{"floor":28.0,"key":"LiquidBronze"}],"is_trial":false,"path_per_floor":["R","M","?","?","M","R","T","?","R","E","$","M","R","M","M","B",null,"R","M","$","M","M","E","T","?","?","R","M","?","$","E"],"character_chosen":"THE_CHAMP","items_purchased":["champ:Devastate","champ:PreciseThrust"],"campfire_rested":0,"item_purchase_floors":[11,30],"current_hp_per_floor":[90,90,90,90,90,90,104,104,104,104,96,83,83,73,69,54,104,104,88,79,79,55,21,21,57,57,57,23,23,14,0,0,0],"gold":49,"neow_bonus":"THREE_ENEMY_KILL","is_daily":false,"chose_seed":false,"campfire_upgraded":5,"win_rate":0.0,"timestamp":1610541515,"path_taken":["R","M","?","?","M","R","T","?","R","E","$","M","R","M","M","BOSS","R","M","$","M","M","E","T","?","?","R","M","?","$","E"],"items_purchased_type":["Card","Card"],"build_version":"2020-12-22","purchased_purges":2,"victory":false,"max_hp_per_floor":[90,90,90,90,90,90,104,104,104,104,104,104,104,104,104,104,104,104,104,104,104,104,104,104,104,104,104,104,104,104,104,104,104],"card_choices":[{"not_picked":["champ:Haymaker","champ:FlashCut"],"picked":"champ:CalledShot","floor":2.0},{"not_picked":["champ:Backstep","champ:GladiatorsShout"],"picked":"champ:BerserkerStyle","floor":5.0},{"not_picked":["champ:FaceSlap","champ:TornadoPunch"],"picked":"champ:Improvising","floor":10.0},{"not_picked":["champ:HeavySlash","champ:Lariat"],"picked":"champ:BerserkersShout","floor":11.0},{"not_picked":["champ:Lariat","champ:Duel"],"picked":"champ:AdrenalArmor","floor":12.0},{"not_picked":["champ:DefensiveShout","champ:ShieldWall","champ:FanOfKnives"],"picked":"SKIP","floor":14.0},{"not_picked":["champ:GladiatorStyle","champ:BringItOn"],"picked":"champ:ShieldWall","floor":15.0},{"not_picked":["champ:PerfectForm","champ:ShieldSlam"],"picked":"champ:MurderStrike","floor":16.0},{"not_picked":["champ:EnGarde+1","champ:Shatter","champ:EndlessRage"],"picked":"champ:ArenaPreparation","floor":19.0},{"not_picked":["champ:StanceDance","champ:Circumvent+1","champ:CrookedStrike+1"],"picked":"champ:BerserkersShout+1","floor":20.0},{"not_picked":["champ:SkillfulDodge+1","champ:GladiatorStyle","champ:Haymaker"],"picked":"champ:HeartStrike","floor":21.0},{"not_picked":["champ:FaceSlap","champ:FocusedBerserking","champ:FocusedDefense+1"],"picked":"champ:BerserkerStyle","floor":22.0},{"not_picked":["champ:GladiatorStyle","champ:BerserkersShout","champ:DeathBlow"],"picked":"champ:CalledShot","floor":23.0},{"not_picked":["champ:StanceDance","champ:RecklessLeap","champ:ShieldWall+1"],"picked":"champ:MurderStrike","floor":28.0},{"not_picked":["champ:GutPunch+1","champ:FocusedDefense","champ:StanceDance"],"picked":"champ:BringItOn+1","floor":30}],"player_experience":889095,"relics_obtained":[{"floor":7.0,"key":"Mango"},{"floor":10.0,"key":"Art of War"},{"floor":17.0,"key":"Juzu Bracelet"},{"floor":17.0,"key":"Question Card"},{"floor":17.0,"key":"StoneCalendar"},{"floor":23.0,"key":"Unceasing Top"},{"floor":24.0,"key":"champ:FightingForDummies"}],"event_choices":[{"damage_healed":0.0,"max_hp_gain":0.0,"max_hp_loss":0.0,"gold_gain":0.0,"event_name":"Big Fish","player_choice":"Box","floor":4.0,"gold_loss":0.0,"damage_taken":0.0,"relics_obtained":["Akabeko"],"cards_obtained":["Regret"]}],"is_beta":false,"boss_relics":[{"not_picked":["Runic Pyramid","Fusion Hammer"],"picked":"Calling Bell"}],"items_purged_floors":[11,20],"is_endless":false,"potions_floor_spawned":[10,12,16,22,28],"killed_by":"Gremlin Leader","ascension_level":0}}