{"host":"Angela","time":1610538038,"event":{"mods":["2.2 Compatiblity","Act Like it!","Aspiration","BaseMod","Better Third Choice","Colored Map","Conspire","DeckTracker","Friendly Minions","Halation","Hallownest","Hubris","Infinite Spire","Mimic Mod","Minty Spire (QoL Compilation)","Relic Stats","Replay The Spire","Shop Mod","Spikes Relics","StSLib","The Bug Knight","vexMod"],"gold_per_floor":[119,133,133,133,148,183,183,198,198,215,241,258,126,56,56,158,158,174,174,174,204,216,242,242,242,242],"floor_reached":25,"language":"ENG","playtime":2024,"items_purged":["HollowMod:NailStrikeStart"],"score":221,"play_id":"9d1f7f5b-623c-4d80-9dd4-4cf44ecca515","local_time":"20210113084038","is_ascension_mode":false,"campfire_choices":[{"data":"HollowMod:MantisMark","floor":7,"key":"SMITH"},{"data":"HollowMod:MothsMistake","floor":15,"key":"SMITH"}],"circlet_count":0,"master_deck":["HollowMod:NailStrikeStart","HollowMod:NailStrikeStart","HollowMod:NailStrikeStart","HollowMod:QuickDashStart","HollowMod:QuickDashStart","HollowMod:QuickDashStart","HollowMod:QuickDashStart","HollowMod:FocusHealStart","HollowMod:PogoStrike","HollowMod:MantisMark+1","HollowMod:DashSlash","HollowMod:CycloneSlash","HollowMod:NewGlowingWomb","HollowMod:DungDefenderAura","HollowMod:MothsMistake+1","HollowMod:DesolateDive","Finesse+1","HollowMod:Weaversong","HollowMod:PureNailStrike","HollowMod:InfectedCysts","HollowMod:VengefulSpirit+1"],"relics":["HollowMod:VesselMask","NeowsBlessing","infinitespire:Golems Mask","Blue Doll","Matryoshka","infinitespire:Eraser","Hallownest:StagBellRelic1","Coffee Dripper","Omamori","hubris:Icosahedron","Pen Nib","hubris:DisguiseKit","WarpedTongs"],"acts_visited":["Hallownest:Greenpath","Hallownest:CityofTears"],"potions_floor_usage":[12,16,21,23],"damage_taken":[{"damage":0,"enemies":"Hallownest:monsterHuskGuard","floor":1,"turns":1},{"damage":0,"enemies":"Hallownest:2_Baldur","floor":2,"turns":1},{"damage":0,"enemies":"Hallownest:2_MossCreeps","floor":5,"turns":1},{"damage":7,"enemies":"Hallownest:eliteVengeflyKing","floor":6,"turns":7},{"damage":3,"enemies":"Hallownest:MossCreep_and_Mosskin","floor":8,"turns":4},{"damage":8,"enemies":"Hallownest:2_Tiktiks_1_Baldur_1_Crawlid","floor":10,"turns":3},{"damage":15,"enemies":"Hallownest:Guard_and_Warrior","floor":12,"turns":5},{"damage":17,"enemies":"Hallownest:BossBrokenVessel","floor":16,"turns":9},{"damage":13,"enemies":"Hallownest:2_Mistakes","floor":18,"turns":6},{"damage":17,"enemies":"conspire:MimicChest","floor":21,"turns":5},{"damage":15,"enemies":"Hallownest:Flukemon_and_Top","floor":22,"turns":4},{"damage":40,"enemies":"Hallownest:eliteWatcherKnight","floor":23,"turns":11},{"damage":7,"enemies":"Hallownest:3_Mistakes","floor":25,"turns":2}],"seed_played":"6675863207995481975","potions_obtained":[{"floor":1,"key":"Weak Potion"},{"floor":5,"key":"Weak Potion"},{"floor":16,"key":"Explosive Potion"},{"floor":18,"key":"SpeedPotion"}],"is_trial":false,"path_per_floor":["M","M","T","?","M","E","R","M","T","M","T","M","$","?","R","B",null,"M","AVR","?","?","M","E","?","M"],"character_chosen":"THE_BUGKNIGHT","items_purchased":["Finesse+1"],"campfire_rested":0,"item_purchase_floors":[13],"current_hp_per_floor":[75,75,75,65,65,68,68,65,65,57,57,42,42,42,42,35,75,72,72,72,55,40,6,6,0,0],"gold":242,"neow_bonus":"THREE_ENEMY_KILL","is_daily":false,"chose_seed":false,"campfire_upgraded":2,"win_rate":0.0,"timestamp":1610538038,"path_taken":["M","?","?","?","M","E","R","M","T","?","?","M","$","?","R","BOSS","M","AVR","?","?","M","E","?","M"],"items_purchased_type":["Card"],"build_version":"2020-12-18","purchased_purges":1,"victory":false,"max_hp_per_floor":[75,75,75,75,75,75,75,75,75,75,75,75,75,75,75,75,75,75,75,75,75,75,75,75,75,75],"relic_stats":{"counters":[13,59],"Pen Nib":[3],"obtain_stats":[{"hubris:DisguiseKit":23,"Hallownest:StagBellRelic1":14,"NeowsBlessing":0,"HollowMod:VesselMask":0,"Blue Doll":6,"Pen Nib":21,"Omamori":19,"WarpedTongs":24,"Matryoshka":9,"hubris:Icosahedron":20,"infinitespire:Golems Mask":3,"Coffee Dripper":17,"infinitespire:Eraser":11},{"hubris:DisguiseKit":12,"Hallownest:StagBellRelic1":7,"NeowsBlessing":0,"HollowMod:VesselMask":0,"Blue Doll":4,"Pen Nib":10,"Omamori":9,"WarpedTongs":12,"Matryoshka":5,"hubris:Icosahedron":9,"infinitespire:Golems Mask":2,"Coffee Dripper":8,"infinitespire:Eraser":6},{"hubris:DisguiseKit":57,"Hallownest:StagBellRelic1":22,"NeowsBlessing":0,"HollowMod:VesselMask":0,"Blue Doll":10,"Pen Nib":42,"Omamori":37,"WarpedTongs":57,"Matryoshka":14,"hubris:Icosahedron":37,"infinitespire:Golems Mask":2,"Coffee Dripper":31,"infinitespire:Eraser":17}],"WarpedTongs":[2]},"card_choices":[{"not_picked":["HollowMod:CoiledNail","HollowMod:HeavyBlow"],"picked":"HollowMod:MantisMark","floor":1},{"not_picked":["HollowMod:SoulEater","HollowMod:InfectionAssault"],"picked":"HollowMod:DashSlash","floor":2},{"not_picked":["HollowMod:Grubsong","HollowMod:HowlingWraiths"],"picked":"HollowMod:CycloneSlash","floor":5},{"not_picked":["HollowMod:MothsMistake","HollowMod:InfectedAttack"],"picked":"HollowMod:NewGlowingWomb","floor":6},{"not_picked":["HollowMod:HeavyBlow","HollowMod:LifebloodCocoon"],"picked":"HollowMod:DungDefenderAura","floor":8},{"not_picked":["HollowMod:InfectedCysts","HollowMod:SoulShaman"],"picked":"HollowMod:MothsMistake","floor":10},{"not_picked":["HollowMod:DoubleDash","HollowMod:CycloneSlash"],"picked":"HollowMod:DesolateDive","floor":12},{"not_picked":["HollowMod:LifebloodCore","HollowMod:VoidDash"],"picked":"HollowMod:Weaversong","floor":16},{"not_picked":["HollowMod:CrystalDash","HollowMod:HowlingWraiths+1"],"picked":"HollowMod:PureNailStrike","floor":18},{"not_picked":["HollowMod:GrimmsGift","HollowMod:PureNailStrike"],"picked":"HollowMod:InfectedCysts","floor":21},{"not_picked":["HollowMod:DescendingDark","HollowMod:MawleksShell","HollowMod:CrystalDash+1"],"picked":"SKIP","floor":22},{"not_picked":["HollowMod:CornifersMapStart","HollowMod:InfectionAssault"],"picked":"HollowMod:VengefulSpirit+1","floor":23}],"player_experience":63056,"relics_obtained":[{"floor":3,"key":"infinitespire:Golems Mask"},{"floor":6,"key":"Blue Doll"},{"floor":9,"key":"Matryoshka"},{"floor":11,"key":"infinitespire:Eraser"},{"floor":21,"key":"Pen Nib"},{"floor":23,"key":"hubris:DisguiseKit"}],"event_choices":[],"is_beta":true,"boss_relics":[{"not_picked":["halation:HeavySnake","vexMod:BigBerry"],"picked":"Coffee Dripper"}],"items_purged_floors":[13],"is_endless":false,"potions_floor_spawned":[1,5,16,18],"killed_by":"Hallownest:3_Mistakes","ascension_level":0}}