{"host":"dztixnx9b0gu6w9i","time":1610570069,"event":{"mods":["BaseMod","Bestiary","Minty Spire (QoL Compilation)","Relic Stats","Slay the Relics Exporter","SpireBot","ojb\u0027s Better Paths Mod","ojb\u0027s Info Mod"],"gold_per_floor":[113,113,134,150,150,150,185,209,209,233,233,267,267,22,22,121,121,140,140,154,204,41,41,76,76,76,99,140,195,228,253,253,349,349,367,381,381,381,714,714,746,746,746,777,829,857,870,679,679,679,679,679,679,42,70,70],"floor_reached":57,"language":"ENG","playtime":7953,"items_purged":["Strike_B","Strike_B"],"score":3108,"play_id":"d884a3c4-5c94-4273-b7b6-e704fc1cb700","local_time":"20210113153429","is_ascension_mode":true,"campfire_choices":[{"data":"Sunder","floor":6,"key":"SMITH"},{"data":"Biased Cognition","floor":13,"key":"SMITH"},{"data":"Electrodynamics","floor":15,"key":"SMITH"},{"data":"Static Discharge","floor":23,"key":"SMITH"},{"data":"Undo","floor":25,"key":"SMITH"},{"data":"Capacitor","floor":32,"key":"SMITH"},{"data":"Loop","floor":40,"key":"SMITH"},{"data":"Biased Cognition","floor":42,"key":"SMITH"},{"floor":49,"key":"RECALL"},{"data":"Loop","floor":53,"key":"SMITH"}],"circlet_count":0,"master_deck":["AscendersBane","Strike_B","Defend_B","Defend_B","Defend_B","Zap","Dualcast","Leap","Compile Driver","Sunder+1","Sweeping Beam","Echo Form","Conserve Battery","Coolheaded","Biased Cognition+1","Electrodynamics+1","FTL","Chill","Cold Snap","Capacitor+1","Static Discharge+1","Core Surge","Genetic Algorithm","Echo Form","Undo+1","Loop+1","Creative AI","Sunder","Biased Cognition+1","Aggregate","Defragment+1","Glacier","Heatsinks+1","Reinforced Body+1","Glacier","Loop+1","Heatsinks"],"relics":["Coffee Dripper","Lizard Tail","Cables","Symbiotic Virus","Orrery","Snecko Eye","DollysMirror","Vajra","Du-Vu Doll","Strawberry","Matryoshka","Runic Dome","Meat on the Bone","Ancient Tea Set","Bag of Marbles","DataDisk","Bird Faced Urn","InkBottle","Anchor","Bag of Preparation","Strange Spoon","HornCleat"],"acts_visited":["Exordium","TheCity","TheBeyond","TheEnding"],"potions_floor_usage":[27,28],"damage_taken":[{"damage":3,"enemies":"2 Louse","floor":1,"turns":3},{"damage":2,"enemies":"Jaw Worm","floor":3,"turns":4},{"damage":4,"enemies":"Small Slimes","floor":4,"turns":3},{"damage":10,"enemies":"3 Sentries","floor":7,"turns":6},{"damage":10,"enemies":"Exordium Thugs","floor":8,"turns":3},{"damage":1,"enemies":"Exordium Wildlife","floor":10,"turns":2},{"damage":0,"enemies":"Gremlin Nob","floor":12,"turns":3},{"damage":0,"enemies":"Slime Boss","floor":16,"turns":4},{"damage":0,"enemies":"Chosen","floor":18,"turns":3},{"damage":0,"enemies":"Spheric Guardian","floor":20,"turns":4},{"damage":4,"enemies":"Book of Stabbing","floor":24,"turns":4},{"damage":15,"enemies":"Shelled Parasite and Fungi","floor":27,"turns":3},{"damage":5,"enemies":"Slavers","floor":28,"turns":3},{"damage":9,"enemies":"Gremlin Leader","floor":30,"turns":6},{"damage":17,"enemies":"Snake Plant","floor":31,"turns":1},{"damage":7,"enemies":"Champ","floor":33,"turns":8},{"damage":0,"enemies":"Orb Walker","floor":35,"turns":4},{"damage":6,"enemies":"3 Shapes","floor":36,"turns":10},{"damage":24,"enemies":"Reptomancer","floor":41,"turns":4},{"damage":0,"enemies":"Giant Head","floor":44,"turns":8},{"damage":5,"enemies":"2 Orb Walkers","floor":45,"turns":5},{"damage":36,"enemies":"Reptomancer","floor":46,"turns":13},{"damage":6,"enemies":"Sphere and 2 Shapes","floor":47,"turns":7},{"damage":11,"enemies":"Time Eater","floor":50,"turns":7},{"damage":0,"enemies":"Donu and Deca","floor":51,"turns":11},{"damage":10,"enemies":"Shield and Spear","floor":55,"turns":12},{"damage":27,"enemies":"The Heart","floor":56,"turns":8}],"seed_played":"-8555489100755080107","potions_obtained":[{"floor":4,"key":"Ancient Potion"},{"floor":12,"key":"Strength Potion"},{"floor":16,"key":"PowerPotion"},{"floor":18,"key":"Swift Potion"},{"floor":28,"key":"LiquidBronze"},{"floor":33,"key":"LiquidMemories"},{"floor":35,"key":"LiquidMemories"}],"is_trial":false,"path_per_floor":["M","?","M","M","?","R","E","M","T","M","?","E","R","$","R","B",null,"M","?","M","?","$","R","E","R","T","M","E","T","E","M","R","B",null,"M","M","?","?","?","R","E","R","T","E","?","E","M","$","R","B","B",null,"R","$","E","B",null],"character_chosen":"DEFECT","items_purchased":["Orrery","Capacitor","DollysMirror","Glacier","Loop","Anchor","Bag of Preparation","Strange Spoon","Heatsinks"],"campfire_rested":0,"item_purchase_floors":[14,14,22,48,48,54,54,54,54],"current_hp_per_floor":[61,61,59,55,55,55,45,35,35,34,34,34,34,34,34,34,57,57,57,57,57,57,57,53,53,53,38,33,40,31,14,14,7,55,55,49,49,49,49,49,25,25,25,37,44,67,67,67,67,67,67,67,67,67,67,67],"gold":70,"neow_bonus":"BOSS_RELIC","is_daily":false,"chose_seed":false,"campfire_upgraded":9,"win_rate":0.0,"timestamp":1610570069,"path_taken":["M","?","M","M","?","R","E","M","T","M","?","E","R","$","R","BOSS","M","?","M","?","$","R","E","R","T","?","E","?","E","M","R","BOSS","M","M","?","?","?","R","E","R","T","E","?","E","M","?","R","BOSS","BOSS","R","$","E","BOSS"],"items_purchased_type":["Relic","Card","Relic","Card","Card","Relic","Relic","Relic","Card"],"build_version":"2020-12-22","purchased_purges":2,"victory":true,"max_hp_per_floor":[71,64,64,64,64,64,64,64,64,64,64,64,64,64,64,64,64,64,64,64,64,64,64,64,64,64,64,64,71,71,71,71,71,71,71,71,71,67,67,67,67,67,67,67,67,67,67,67,67,67,67,67,67,67,67,67],"relic_stats":{"Strange Spoon":[7],"Lizard Tail":0,"counters":[27,149],"Bird Faced Urn":[113],"Snecko Eye":[230,291,253,244],"Bag of Preparation":[4],"obtain_stats":[{"Golden Idol":2,"Vajra":24,"Bag of Preparation":54,"Ancient Tea Set":43,"Cables":9,"Du-Vu Doll":28,"Runic Dome":34,"Strange Spoon":54,"Lizard Tail":7,"DataDisk":44,"Anchor":54,"Matryoshka":30,"HornCleat":55,"DollysMirror":22,"Strawberry":29,"Bird Faced Urn":45,"Orrery":14,"Snecko Eye":17,"Coffee Dripper":0,"Bag of Marbles":43,"Cracked Core":0,"Symbiotic Virus":12,"InkBottle":46,"Meat on the Bone":41},{"Golden Idol":1,"Vajra":11,"Bag of Preparation":25,"Ancient Tea Set":19,"Cables":5,"Du-Vu Doll":13,"Runic Dome":16,"Strange Spoon":25,"Lizard Tail":4,"DataDisk":20,"Anchor":25,"Matryoshka":14,"HornCleat":26,"DollysMirror":10,"Strawberry":13,"Bird Faced Urn":21,"Orrery":7,"Snecko Eye":8,"Coffee Dripper":0,"Bag of Marbles":19,"Cracked Core":0,"Symbiotic Virus":7,"InkBottle":22,"Meat on the Bone":19},{"Golden Idol":3,"Vajra":39,"Bag of Preparation":129,"Ancient Tea Set":78,"Cables":19,"Du-Vu Doll":45,"Runic Dome":60,"Strange Spoon":129,"Lizard Tail":16,"DataDisk":86,"Anchor":129,"Matryoshka":51,"HornCleat":141,"DollysMirror":35,"Strawberry":45,"Bird Faced Urn":91,"Orrery":24,"Snecko Eye":28,"Coffee Dripper":0,"Bag of Marbles":78,"Cracked Core":0,"Symbiotic Virus":24,"InkBottle":104,"Meat on the Bone":78}],"InkBottle":[26],"Cables":[133,22,55,56,0],"Meat on the Bone":24},"card_choices":[{"not_picked":["Gash","Heatsinks"],"picked":"Leap","floor":1},{"not_picked":["Steam","Gash"],"picked":"Compile Driver","floor":3},{"not_picked":["Aggregate","Loop"],"picked":"Sunder","floor":4},{"not_picked":["Melter","Coolheaded"],"picked":"Echo Form","floor":7},{"not_picked":["Turbo","Steam Power"],"picked":"Conserve Battery","floor":8},{"not_picked":["Redo","Steam"],"picked":"Coolheaded","floor":10},{"not_picked":["Gash","Rebound"],"picked":"Biased Cognition","floor":12},{"not_picked":["Conserve Battery","Rip and Tear"],"picked":"Electrodynamics","floor":14},{"not_picked":["Sweeping Beam","Fusion"],"picked":"FTL","floor":14},{"not_picked":["Recycle","Ball Lightning"],"picked":"Chill","floor":14},{"not_picked":["Steam","Auto Shields"],"picked":"Cold Snap","floor":14},{"not_picked":["Turbo","Rebound"],"picked":"Static Discharge","floor":14},{"not_picked":["Machine Learning","Creative AI"],"picked":"Core Surge","floor":16},{"not_picked":["Rebound","Go for the Eyes","Leap"],"picked":"SKIP","floor":18},{"not_picked":["Rebound","Go for the Eyes","Leap"],"picked":"SKIP","floor":18},{"not_picked":["Go for the Eyes","Leap","Gash"],"picked":"SKIP","floor":20},{"not_picked":["Sweeping Beam","Consume"],"picked":"Undo","floor":24},{"not_picked":["Steam+1","Reprogram"],"picked":"Loop","floor":27},{"not_picked":["Turbo","Chill"],"picked":"Creative AI","floor":28},{"not_picked":["Barrage","Rebound","Undo"],"picked":"SKIP","floor":30},{"not_picked":["Gash","Turbo"],"picked":"Sunder","floor":31},{"not_picked":["Buffer","Electrodynamics"],"picked":"Biased Cognition","floor":33},{"not_picked":["Gash","Static Discharge"],"picked":"Aggregate","floor":35},{"not_picked":["Capacitor+1","Streamline"],"picked":"Defragment+1","floor":36},{"not_picked":["Heatsinks+1","Cold Snap+1"],"picked":"Glacier","floor":41},{"not_picked":["Barrage","Rip and Tear+1"],"picked":"Heatsinks+1","floor":44},{"not_picked":["Sunder","Reboot"],"picked":"Reinforced Body+1","floor":46},{"not_picked":["Barrage","Ball Lightning","Compile Driver"],"picked":"SKIP","floor":47},{"not_picked":["Gash","Consume+1","Chaos"],"picked":"SKIP","floor":55}],"player_experience":8111389,"relics_obtained":[{"floor":7,"key":"Lizard Tail"},{"floor":9,"key":"Cables"},{"floor":12,"key":"Symbiotic Virus"},{"floor":24,"key":"Vajra"},{"floor":28,"key":"Du-Vu Doll"},{"floor":29,"key":"Strawberry"},{"floor":30,"key":"Matryoshka"},{"floor":41,"key":"Meat on the Bone"},{"floor":43,"key":"Ancient Tea Set"},{"floor":43,"key":"Bag of Marbles"},{"floor":44,"key":"DataDisk"},{"floor":45,"key":"Bird Faced Urn"},{"floor":46,"key":"InkBottle"},{"floor":55,"key":"HornCleat"}],"event_choices":[{"damage_healed":0,"gold_gain":0,"player_choice":"Lose Max HP","damage_taken":0,"relics_obtained":["Golden Idol"],"max_hp_gain":0,"max_hp_loss":7,"event_name":"Golden Idol","floor":2,"gold_loss":0},{"damage_healed":0,"gold_gain":0,"cards_transformed":["Defend_B"],"player_choice":"Change","damage_taken":0,"max_hp_gain":0,"max_hp_loss":0,"event_name":"Living Wall","floor":5,"gold_loss":0,"cards_obtained":["Sweeping Beam"]},{"cards_removed":["Strike_B"],"damage_healed":0,"gold_gain":0,"player_choice":"Purged","damage_taken":0,"max_hp_gain":0,"max_hp_loss":0,"event_name":"Purifier","floor":11,"gold_loss":0},{"damage_healed":0,"gold_gain":0,"player_choice":"Read","damage_taken":0,"max_hp_gain":0,"max_hp_loss":0,"event_name":"The Library","floor":19,"gold_loss":0,"cards_obtained":["Genetic Algorithm"]},{"damage_healed":0,"gold_gain":50,"player_choice":"Stole From Cult","damage_taken":0,"max_hp_gain":0,"max_hp_loss":0,"event_name":"Nest","floor":21,"gold_loss":0},{"damage_healed":0,"gold_gain":0,"player_choice":"Memory 1","damage_taken":0,"max_hp_gain":0,"max_hp_loss":0,"event_name":"SensoryStone","floor":37,"gold_loss":0},{"damage_healed":0,"gold_gain":0,"player_choice":"Max HP","damage_taken":0,"max_hp_gain":0,"max_hp_loss":4,"event_name":"Winding Halls","floor":38,"gold_loss":0},{"damage_healed":0,"gold_gain":333,"player_choice":"Gave Idol","damage_taken":0,"max_hp_gain":0,"max_hp_loss":0,"event_name":"The Moai Head","floor":39,"relics_lost":["Golden Idol"],"gold_loss":0},{"damage_healed":0,"gold_gain":0,"player_choice":"Fight","damage_taken":0,"max_hp_gain":0,"max_hp_loss":0,"event_name":"Mysterious Sphere","floor":45,"gold_loss":0}],"is_beta":false,"boss_relics":[{"not_picked":["Empty Cage","Tiny House"],"picked":"Snecko Eye"},{"not_picked":["Astrolabe","SacredBark"],"picked":"Runic Dome"}],"items_purged_floors":[48,54],"is_endless":false,"potions_floor_spawned":[4,12,16,18,28,33,35,36,41,47,55],"ascension_level":20}}