{"host":"ufl0k2so27eic2iy","time":1610541369,"event":{"mods":["BaseMod","Minty Spire (QoL Compilation)","StSLib","The Animator"],"gold_per_floor":[110,58,86,98,98,98,136,151,151,151,167,167,200,237,237,335,335,355,51,69,69,99,135,154,154,154,187,223,254,154,189,189,289,376,392,725,753,169,184,223,223,262,341,341,341],"floor_reached":44,"language":"ENG","playtime":2958,"items_purged":["animator:Strike","animator:Strike","animator:Strike"],"score":970,"play_id":"845eed13-b087-4934-8fce-13a9279f5108","local_time":"20210113123609","is_ascension_mode":true,"campfire_choices":[{"data":"animator:Kuribayashi","floor":6.0,"key":"SMITH"},{"data":"animator:LeleiLaLalena","floor":12.0,"key":"SMITH"},{"data":"animator:Fredrika","floor":15.0,"key":"SMITH"},{"data":"animator:Arpeggio","floor":25,"key":"SMITH"},{"floor":32,"key":"REST"},{"floor":41,"key":"RECALL"}],"circlet_count":0,"master_deck":["AscendersBane","animator:Strike_GATE","animator:Defend_GATE+1","animator:Defend","animator:Defend","animator:Defend","animator:TukaLunaMarceau","animator:Kuribayashi+1","animator:Darkness","animator:KyokoSakura","animator:YaoHaDucy","animator:LeleiLaLalena+1","animator:Fredrika+1","animator:DolaStephanie","animator:Arpeggio","animator:PinaCoLada","animator:Arpeggio+1","animator:TukaLunaMarceau","animator:SayakaMiki","animator:OrikoMikuni","animator:Mitsurugi+1","animator:Sonic","animator:YuiTsuruno","animator:GuildGirl","animator:MadokaKaname","animator:Bozes+1","animator:Kazuma+1","animator:DolaSchwi","animator:Kyubey","animator:DolaStephanie","animator:Fredrika+1"],"relics":["animator:LivingPicture","animator:TheMissingPiece","Red Skull","Meat on the Bone","Happy Flower","Philosopher\u0027s Stone","ClockworkSouvenir","Juzu Bracelet","Omamori","MealTicket","Turnip","Tiny House","animator:WizardHat","Oddly Smooth Stone","Champion Belt"],"acts_visited":["Exordium","TheCity","TheBeyond"],"potions_floor_usage":[24,27,31,31,33,44,44],"damage_taken":[{"damage":1.0,"enemies":"2 Louse","floor":1.0,"turns":5.0},{"damage":6.0,"enemies":"Small Slimes","floor":3.0,"turns":4.0},{"damage":1.0,"enemies":"Jaw Worm","floor":4.0,"turns":3.0},{"damage":25.0,"enemies":"Lagavulin","floor":7.0,"turns":9.0},{"damage":6.0,"enemies":"3 Louse","floor":8.0,"turns":5.0},{"damage":7.0,"enemies":"Lots of Slimes","floor":11.0,"turns":4.0},{"damage":2.0,"enemies":"Gremlin Nob","floor":13.0,"turns":3.0},{"damage":0.0,"enemies":"Blue Slaver","floor":14.0,"turns":3.0},{"damage":16.0,"enemies":"The Guardian","floor":16.0,"turns":10.0},{"damage":27.0,"enemies":"2 Thieves","floor":18.0,"turns":4.0},{"damage":3.0,"enemies":"Spheric Guardian","floor":20.0,"turns":4.0},{"damage":2.0,"enemies":"Chosen and Byrds","floor":22.0,"turns":5.0},{"damage":2.0,"enemies":"Book of Stabbing","floor":23.0,"turns":5.0},{"damage":8,"enemies":"Snake Plant","floor":24,"turns":5},{"damage":14,"enemies":"Gremlin Leader","floor":27,"turns":10},{"damage":6,"enemies":"Sentry and Sphere","floor":28,"turns":5},{"damage":0,"enemies":"Centurion and Healer","floor":29,"turns":5},{"damage":43,"enemies":"Slavers","floor":31,"turns":5},{"damage":14,"enemies":"Champ","floor":33,"turns":8},{"damage":11,"enemies":"Orb Walker","floor":35,"turns":3},{"damage":16,"enemies":"3 Shapes","floor":37,"turns":6},{"damage":8,"enemies":"Spire Growth","floor":39,"turns":6},{"damage":33,"enemies":"Nemesis","floor":40,"turns":7},{"damage":6,"enemies":"Giant Head","floor":42,"turns":8},{"damage":42,"enemies":"Reptomancer","floor":44,"turns":2}],"seed_played":"157415557500475450","potions_obtained":[{"floor":1.0,"key":"Regen Potion"},{"floor":3.0,"key":"Fire Potion"},{"floor":13.0,"key":"DuplicationPotion"},{"floor":24,"key":"AttackPotion"},{"floor":28,"key":"SteroidPotion"},{"floor":31,"key":"SteroidPotion"},{"floor":34,"key":"Block Potion"},{"floor":35,"key":"PowerPotion"}],"is_trial":false,"path_per_floor":["M","$","M","M","?","R","E","M","T","?","M","R","E","M","R","B",null,"M","$","M","?","M","E","M","R","T","E","M","M","$","E","R","B",null,"M","?","M","$","M","E","R","E","T","E"],"character_chosen":"THE_ANIMATOR","items_purchased":["animator:KyokoSakura","ClockworkSouvenir","animator:FalseLifePotion","animator:WizardHat","animator:Kyubey"],"campfire_rested":1,"item_purchase_floors":[2,19,19,38,38],"current_hp_per_floor":[53,53,47,46,46,46,37,31,31,31,36,36,34,34,34,31,50,35,35,32,32,30,41,33,33,33,31,37,37,52,21,38,37,58,47,47,43,58,56,41,41,35,35,0,0],"gold":341,"neow_bonus":"RANDOM_COMMON_RELIC","is_daily":false,"chose_seed":false,"campfire_upgraded":4,"win_rate":0.0,"timestamp":1610541369,"path_taken":["M","$","M","M","?","R","E","M","T","?","?","R","E","M","R","BOSS","M","$","M","?","M","E","M","R","T","E","M","M","?","E","R","BOSS","M","?","M","$","M","E","R","E","T","E"],"items_purchased_type":["Card","Relic","Potion","Relic","Card"],"build_version":"2020-12-22","purchased_purges":3,"victory":false,"max_hp_per_floor":[60,60,60,60,54,54,55,55,55,55,55,55,55,55,55,56,56,56,56,56,56,56,57,57,57,57,57,57,57,57,57,57,58,63,63,63,63,63,63,63,63,63,63,63,63],"card_choices":[{"not_picked":["animator:YachiyoNanami","animator:DolaStephanie"],"picked":"animator:Darkness","floor":1.0},{"not_picked":["animator:Verdia","animator:MetalKnight"],"picked":"animator:YaoHaDucy","floor":3.0},{"not_picked":["animator:MamiTomoe","animator:Genos","animator:AcuraAkari"],"picked":"SKIP","floor":4.0},{"not_picked":["animator:YaoHaDucy","animator:Kuribayashi"],"picked":"animator:LeleiLaLalena","floor":7.0},{"not_picked":["animator:Verdia","animator:Priestess"],"picked":"animator:Fredrika","floor":8.0},{"not_picked":["animator:Witch","animator:Guy","animator:KyokoSakura"],"picked":"SKIP","floor":11.0},{"not_picked":["animator:AcuraAkari","animator:DolaCouronne"],"picked":"animator:DolaStephanie","floor":13.0},{"not_picked":["animator:Kuribayashi","animator:LeleiLaLalena"],"picked":"animator:Arpeggio","floor":14.0},{"not_picked":["animator:Hans","animator:Wiz"],"picked":"animator:PinaCoLada","floor":16.0},{"not_picked":["animator:SilverFang","animator:Kuribayashi"],"picked":"animator:Arpeggio","floor":18.0},{"not_picked":["animator:Viivi","animator:MamiTomoe"],"picked":"animator:TukaLunaMarceau","floor":20.0},{"not_picked":["animator:Tatsumaki","animator:DolaSchwi"],"picked":"animator:SayakaMiki","floor":22.0},{"not_picked":["animator:IrohaTamaki","animator:KyokoSakura"],"picked":"animator:OrikoMikuni","floor":23},{"not_picked":["animator:OrikoMikuni+1","animator:Gillette","animator:Vanir"],"picked":"SKIP","floor":24},{"not_picked":["animator:Genos","animator:OrikoMikuni"],"picked":"animator:Mitsurugi+1","floor":27},{"not_picked":["animator:YunYun","animator:Priestess+1"],"picked":"animator:Sonic","floor":28},{"not_picked":["animator:OrikoMikuni","animator:KyokoSakura"],"picked":"animator:YuiTsuruno","floor":29},{"not_picked":["animator:Hans","animator:YunYun"],"picked":"animator:GuildGirl","floor":31},{"not_picked":["animator:Wiz","animator:Saitama"],"picked":"animator:MadokaKaname","floor":33},{"not_picked":["animator:Megumin","animator:FielNirvalen"],"picked":"animator:Bozes+1","floor":34},{"not_picked":["animator:HighElfArcher","animator:SilverFang"],"picked":"animator:Kazuma+1","floor":35},{"not_picked":["animator:AcuraTooru","animator:ChlammyZell"],"picked":"animator:DolaSchwi","floor":37},{"not_picked":["animator:Jibril","animator:DolaSchwi"],"picked":"animator:DolaStephanie","floor":39},{"not_picked":["animator:DolaSchwi","animator:Megumin"],"picked":"animator:Fredrika+1","floor":40},{"not_picked":["animator:Sonic","animator:Shiro","animator:DolaCouronne"],"picked":"SKIP","floor":42}],"player_experience":2441073,"relics_obtained":[{"floor":9.0,"key":"Meat on the Bone"},{"floor":13.0,"key":"Happy Flower"},{"floor":23,"key":"Juzu Bracelet"},{"floor":26,"key":"Omamori"},{"floor":27,"key":"MealTicket"},{"floor":31,"key":"Turnip"},{"floor":40,"key":"Oddly Smooth Stone"},{"floor":42,"key":"Champion Belt"}],"event_choices":[{"damage_healed":0.0,"max_hp_gain":0.0,"max_hp_loss":6.0,"gold_gain":0.0,"event_name":"Golden Idol","player_choice":"Lose Max HP","floor":5.0,"gold_loss":0.0,"damage_taken":0.0,"relics_obtained":["Golden Idol"]},{"damage_healed":0.0,"max_hp_gain":0.0,"max_hp_loss":0.0,"gold_gain":0.0,"event_name":"Liars Game","player_choice":"Ignored","floor":10.0,"gold_loss":0.0,"damage_taken":0.0},{"damage_healed":0.0,"max_hp_gain":0.0,"max_hp_loss":0.0,"gold_gain":0.0,"event_name":"Lab","player_choice":"Got Potions","floor":21.0,"gold_loss":0.0,"damage_taken":0.0},{"damage_healed":0,"gold_gain":333,"player_choice":"Gave Idol","damage_taken":0,"max_hp_gain":0,"max_hp_loss":0,"event_name":"The Moai Head","floor":36,"relics_lost":["Golden Idol"],"gold_loss":0}],"is_beta":false,"boss_relics":[{"not_picked":["Busted Crown","SacredBark"],"picked":"Philosopher\u0027s Stone"},{"not_picked":["Black Star","animator:RacePiece"],"picked":"Tiny House"}],"items_purged_floors":[19,30,38],"is_endless":false,"potions_floor_spawned":[1,3,4,13,24,28,31,35,37],"killed_by":"Reptomancer","ascension_level":15}}