{"host":"bydnmyvf669xu6ab","time":1610496044,"event":{"mods":["BaseMod","BetterRewards","Colored Map","Infinite Spire","Minty Spire (QoL Compilation)","Poor People Problems","Rare Cards Sparkle","Relic Stats","Shop Mod","Spikes Relics","StSLib","SuperFastMode"],"gold_per_floor":[114,79,92,104,80,80,97,97,124,185,185,185,215,227,227,326,326,346,346,346,346,346,380,380,406,406,420,420,420,420,420,420,524,524,536,536,382,394,406,406,435,0,0,31,31,59,59,71,71,71,71,71,24,49,49],"floor_reached":56,"playtime":3082,"items_purged":[],"score":1684,"play_id":"27840481-01e1-408c-874f-78e1ae6ffb60","local_time":"20210112160044","is_ascension_mode":true,"campfire_choices":[{"data":"Whirlwind","floor":6,"key":"SMITH"},{"data":"Armaments","floor":8,"key":"SMITH"},{"data":"Flex","floor":11,"key":"SMITH"},{"floor":15,"key":"RECALL"},{"data":"Demon Form","floor":24,"key":"SMITH"},{"data":"Juggernaut","floor":28,"key":"SMITH"},{"data":"BarbarianYell","floor":30,"key":"SMITH"},{"data":"Infernal Blade","floor":32,"key":"SMITH"},{"data":"Shrug It Off","floor":40,"key":"SMITH"},{"data":"Bash","floor":47,"key":"SMITH"},{"data":"Warcry","floor":49,"key":"SMITH"},{"floor":52,"key":"REST"}],"circlet_count":0,"master_deck":["Strike_R+1","Strike_R+1","Defend_R+1","Defend_R+1","Defend_R+1","Defend_R+1","Bash+1","Whirlwind+1","Rage+1","Mind Blast+1","Clothesline+1","Headbutt+1","Armaments+1","Flex+1","Shrug It Off+1","Pommel Strike+1","Demon Form+1","Body Slam+1","Bludgeon+1","Infernal Blade+1","Whirlwind+1","Warcry+1","Juggernaut+1","BarbarianYell+1","infinitespire:Oblivion+1","Immolate+1","Wild Strike+1","Armaments+1","Flex+1","Burning Pact+1","Mind Blast+1","Iron Wave+1","Warcry"],"relics":["Burning Blood","Matryoshka","Chemical X","Molten Egg 2","War Paint","infinitespire:PuzzleCube","BrokenLever","RollingBoulder","Sozu","Bronze Scales","Toy Ornithopter","infinitespire:Golems Mask","HornCleat","Busted Crown","MealTicket","Blue Candle","Red Mask","infinitespire:FocusingShard","infinitespire:Satchel","GolemAmulet","Boot"],"acts_visited":["Exordium","TheCity","TheBeyond","TheEnding"],"potions_floor_usage":[55,55,55],"damage_taken":[{"damage":0,"enemies":"Small Slimes","floor":1,"turns":3},{"damage":2,"enemies":"2 Louse","floor":3,"turns":2},{"damage":1,"enemies":"Jaw Worm","floor":4,"turns":3},{"damage":0,"enemies":"3 Louse","floor":7,"turns":2},{"damage":9,"enemies":"3 Sentries","floor":13,"turns":3},{"damage":0,"enemies":"2 Fungi Beasts","floor":14,"turns":2},{"damage":3,"enemies":"Slime Boss","floor":16,"turns":6},{"damage":0,"enemies":"3 Byrds","floor":18,"turns":1},{"damage":0,"enemies":"Gremlin Leader","floor":23,"turns":4},{"damage":20,"enemies":"Slavers","floor":25,"turns":2},{"damage":0,"enemies":"Shell Parasite","floor":27,"turns":3},{"damage":0,"enemies":"Automaton","floor":33,"turns":5},{"damage":0,"enemies":"3 Darklings","floor":35,"turns":1},{"damage":0,"enemies":"Orb Walker","floor":38,"turns":1},{"damage":0,"enemies":"3 Darklings","floor":39,"turns":2},{"damage":13,"enemies":"Nemesis","floor":41,"turns":5},{"damage":0,"enemies":"Giant Head","floor":44,"turns":5},{"damage":0,"enemies":"Reptomancer","floor":46,"turns":3},{"damage":0,"enemies":"Maw","floor":48,"turns":4},{"damage":16,"enemies":"Donu and Deca","floor":50,"turns":5},{"damage":14,"enemies":"Shield and Spear","floor":54,"turns":2},{"damage":56,"enemies":"The Heart","floor":55,"turns":8}],"seed_played":"8914216140340828332","potions_obtained":[{"floor":4,"key":"DistilledChaos"},{"floor":7,"key":"EssenceOfSteel"},{"floor":16,"key":"CultistPotion"}],"is_trial":false,"path_per_floor":["M","?","M","M","$","R","M","R","T","?","R","?","E","M","R","B",null,"M","?","?","AVR","T","E","R","E","T","M","R","?","R","?","R","B",null,"M","?","$","M","M","R","E","?","T","E","?","E","R","M","R","B",null,"R","$","E","B",null],"character_chosen":"IRONCLAD","items_purchased":["Matryoshka","Chemical X","Whirlwind","Rage","Molten Egg 2","Mind Blast+1","Armaments","MealTicket","Warcry"],"campfire_rested":1,"item_purchase_floors":[0,0,0,0,0,0,5,37,53],"current_hp_per_floor":[49,69,73,78,78,78,80,80,80,80,80,80,77,80,80,80,80,80,80,80,80,80,80,80,66,66,72,72,72,72,52,52,58,80,80,80,80,80,80,80,73,73,73,79,79,80,80,80,80,70,80,80,80,72,30],"gold":49,"neow_bonus":"","is_daily":false,"chose_seed":false,"campfire_upgraded":10,"win_rate":0.0,"timestamp":1610496044,"path_taken":["M","?","M","M","$","R","M","R","T","?","R","?","E","M","R","BOSS","M","?","?","AVR","?","E","R","E","T","M","R","?","R","?","R","BOSS","M","?","$","?","M","R","E","?","T","E","?","E","R","M","R","BOSS","R","$","E","BOSS"],"items_purchased_type":["Relic","Relic","Card","Card","Relic","Card","Card","Relic","Card"],"build_version":"2020-12-22","purchased_purges":0,"victory":true,"max_hp_per_floor":[80,80,80,80,80,80,80,80,80,80,80,80,80,80,80,80,80,80,80,80,80,80,80,80,80,80,80,80,80,80,80,80,80,80,80,80,80,80,80,80,80,80,80,80,80,80,80,80,80,80,80,80,80,80,80],"relic_stats":{"Sozu":3,"Busted Crown":20,"counters":[83,340],"Bronze Scales":[169],"Blue Candle":[0],"MealTicket":15,"Chemical X":[30],"War Paint":["Defend_R","Rage"],"Boot":[0],"obtain_stats":[{"Ginger":10,"Boot":54,"Sozu":17,"HornCleat":26,"DollysMirror":28,"Strawberry":31,"MealTicket":41,"infinitespire:Golems Mask":25,"Fusion Hammer":17,"Toxic Egg 2":0,"LugNut":2,"MerchantsRug":8,"Dead Branch":0,"Blue Candle":41,"Pen Nib":8,"Letter Opener":0,"War Paint":0,"Shuriken":19,"infinitespire:Lychee Nut":26,"Bird Faced Urn":23,"Bronze Scales":22,"Molten Egg 2":0,"Mark of Pain":17,"infinitespire:PuzzleCube":26,"Darkstone Periapt":11,"SnailShell":43,"Black Blood":34,"BrokenLever":12,"Incense Burner":38,"HeavenlyBonsai":24,"PrismaticShard":0,"Cursed Key":34,"Burning Blood":0,"ClockworkSouvenir":20,"HailfireSword":17,"Matryoshka":0,"Gambling Chip":40,"Pantograph":0,"RollingBoulder":13,"Red Mask":42,"Chemical X":0,"Paper Frog":42,"Potion Belt":38,"Thread and Needle":39,"infinitespire:Joker Card":8,"infinitespire:FocusingShard":43,"Omamori":12,"infinitespire:CheckeredPen":9,"Busted Crown":34,"infinitespire:WardingShard":46,"infinitespire:Satchel":44,"SpikesRelics:DaevaFist":7,"Art of War":11,"GolemAmulet":46,"Membership Card":0,"Toy Ornithopter":23},{"Ginger":31,"Boot":82,"Sozu":68,"HornCleat":71,"DollysMirror":50,"Strawberry":52,"MealTicket":57,"infinitespire:Golems Mask":71,"Fusion Hammer":9,"Toxic Egg 2":0,"LugNut":28,"MerchantsRug":5,"Dead Branch":0,"Blue Candle":77,"Pen Nib":5,"Letter Opener":27,"War Paint":0,"Shuriken":10,"infinitespire:Lychee Nut":15,"Bird Faced Urn":13,"Bronze Scales":69,"Molten Egg 2":61,"Mark of Pain":46,"infinitespire:PuzzleCube":49,"Darkstone Periapt":31,"SnailShell":25,"Black Blood":19,"BrokenLever":65,"Incense Burner":56,"HeavenlyBonsai":37,"PrismaticShard":27,"Cursed Key":53,"Burning Blood":0,"ClockworkSouvenir":35,"HailfireSword":33,"Matryoshka":61,"Gambling Chip":23,"Pantograph":27,"RollingBoulder":66,"Red Mask":77,"Chemical X":61,"Paper Frog":57,"Potion Belt":21,"Thread and Needle":56,"infinitespire:Joker Card":42,"infinitespire:FocusingShard":77,"Omamori":6,"infinitespire:CheckeredPen":30,"Busted Crown":73,"infinitespire:WardingShard":26,"infinitespire:Satchel":78,"SpikesRelics:DaevaFist":42,"Art of War":44,"GolemAmulet":79,"Membership Card":0,"Toy Ornithopter":70},{"Ginger":129,"Boot":332,"Sozu":289,"HornCleat":296,"DollysMirror":215,"Strawberry":223,"MealTicket":249,"infinitespire:Golems Mask":296,"Fusion Hammer":34,"Toxic Egg 2":0,"LugNut":114,"MerchantsRug":17,"Dead Branch":0,"Blue Candle":313,"Pen Nib":17,"Letter Opener":111,"War Paint":0,"Shuriken":36,"infinitespire:Lychee Nut":54,"Bird Faced Urn":48,"Bronze Scales":290,"Molten Egg 2":268,"Mark of Pain":199,"infinitespire:PuzzleCube":210,"Darkstone Periapt":129,"SnailShell":102,"Black Blood":75,"BrokenLever":278,"Incense Burner":242,"HeavenlyBonsai":154,"PrismaticShard":111,"Cursed Key":231,"Burning Blood":0,"ClockworkSouvenir":146,"HailfireSword":139,"Matryoshka":268,"Gambling Chip":93,"Pantograph":111,"RollingBoulder":281,"Red Mask":313,"Chemical X":268,"Paper Frog":249,"Potion Belt":84,"Thread and Needle":242,"infinitespire:Joker Card":180,"infinitespire:FocusingShard":313,"Omamori":21,"infinitespire:CheckeredPen":123,"Busted Crown":304,"infinitespire:WardingShard":107,"infinitespire:Satchel":318,"SpikesRelics:DaevaFist":180,"Art of War":188,"GolemAmulet":321,"Membership Card":0,"Toy Ornithopter":294}],"Burning Blood":456,"Toy Ornithopter":8},"card_choices":[{"not_picked":["Iron Wave+1","Anger+1"],"picked":"Clothesline+1","floor":1},{"not_picked":["Clash+1","Wild Strike+1","Clothesline+1"],"picked":"SKIP","floor":3},{"not_picked":["Iron Wave+1","Combust"],"picked":"Headbutt+1","floor":4},{"not_picked":["Headbutt+1","True Grit"],"picked":"Flex","floor":7},{"not_picked":["Twin Strike+1","True Grit"],"picked":"Shrug It Off","floor":13},{"not_picked":["Evolve","Sever Soul+1"],"picked":"Pommel Strike+1","floor":14},{"not_picked":["Double Tap","Feed+1"],"picked":"Demon Form","floor":16},{"not_picked":["Sword Boomerang+1","Clash+1"],"picked":"Body Slam+1","floor":18},{"not_picked":["Dark Embrace","Anger+1"],"picked":"Warcry","floor":23},{"not_picked":["Perfected Strike+1","True Grit+1"],"picked":"Juggernaut","floor":25},{"not_picked":["Thunderclap+1","Pommel Strike+1"],"picked":"BarbarianYell","floor":27},{"not_picked":["infinitespire:Fortify","infinitespire:Menacing"],"picked":"infinitespire:Oblivion","floor":31},{"not_picked":["Bludgeon+1","Fiend Fire+1"],"picked":"Immolate+1","floor":33},{"not_picked":[],"picked":"Wild Strike+1","floor":35},{"not_picked":["Intimidate"],"picked":"SKIP","floor":38},{"not_picked":[],"picked":"Armaments+1","floor":39},{"not_picked":[],"picked":"Flex+1","floor":41},{"not_picked":[],"picked":"Burning Pact+1","floor":44},{"not_picked":[],"picked":"Iron Wave+1","floor":46},{"not_picked":["Dropkick+1"],"picked":"SKIP","floor":48},{"not_picked":["Perfected Strike+1"],"picked":"SKIP","floor":54}],"player_experience":2216613,"relics_obtained":[{"floor":9,"key":"War Paint"},{"floor":9,"key":"infinitespire:PuzzleCube"},{"floor":12,"key":"BrokenLever"},{"floor":13,"key":"RollingBoulder"},{"floor":22,"key":"Bronze Scales"},{"floor":23,"key":"Toy Ornithopter"},{"floor":25,"key":"infinitespire:Golems Mask"},{"floor":26,"key":"HornCleat"},{"floor":41,"key":"Blue Candle"},{"floor":43,"key":"infinitespire:FocusingShard"},{"floor":44,"key":"infinitespire:Satchel"},{"floor":46,"key":"GolemAmulet"},{"floor":54,"key":"Boot"}],"event_choices":[{"damage_healed":20,"gold_gain":0,"player_choice":"Healed","damage_taken":0,"max_hp_gain":0,"max_hp_loss":0,"event_name":"The Cleric","floor":2,"gold_loss":35},{"damage_healed":0,"gold_gain":61,"player_choice":"Gained Gold","damage_taken":0,"max_hp_gain":0,"max_hp_loss":0,"event_name":"Golden Wing","floor":10,"gold_loss":0},{"damage_healed":0,"gold_gain":0,"cards_transformed":["Strike_R","Strike_R"],"player_choice":"Became Test Subject","damage_taken":0,"max_hp_gain":0,"max_hp_loss":0,"event_name":"Drug Dealer","floor":19,"gold_loss":0,"cards_obtained":["Bludgeon","Infernal Blade"]},{"damage_healed":0,"gold_gain":0,"player_choice":"Read","damage_taken":0,"max_hp_gain":0,"max_hp_loss":0,"event_name":"The Library","floor":20,"gold_loss":0,"cards_obtained":["Whirlwind"]},{"damage_healed":0,"gold_gain":0,"player_choice":"Simplicity","damage_taken":0,"max_hp_gain":0,"max_hp_loss":0,"event_name":"Back to Basics","floor":29,"gold_loss":0,"cards_upgraded":["Strike_R","Strike_R","Strike_R","Defend_R","Defend_R","Defend_R"]},{"cards_removed":["Strike_R"],"damage_healed":0,"gold_gain":0,"player_choice":"Purged","damage_taken":0,"max_hp_gain":0,"max_hp_loss":0,"event_name":"Purifier","floor":36,"gold_loss":0},{"damage_healed":0,"gold_gain":0,"player_choice":"Paid","damage_taken":0,"relics_obtained":["Red Mask"],"max_hp_gain":0,"max_hp_loss":0,"event_name":"Tomb of Lord Red Mask","floor":42,"gold_loss":435},{"damage_healed":0,"gold_gain":0,"player_choice":"Copied","damage_taken":0,"max_hp_gain":0,"max_hp_loss":0,"event_name":"Duplicator","floor":45,"gold_loss":0,"cards_obtained":["Mind Blast"]}],"is_beta":false,"boss_relics":[{"not_picked":["Runic Pyramid","Black Star"],"picked":"Sozu"},{"not_picked":["Empty Cage","Coffee Dripper"],"picked":"Busted Crown"}],"items_purged_floors":[],"is_endless":false,"potions_floor_spawned":[4,7,16,25,27,35,41,44],"ascension_level":1}}