{"host":"vjza61176pkzgzt7","time":1610513515,"event":{"mods":["BaseMod","Better Third Choice","Minty Spire (QoL Compilation)","StSLib","The Forsaken","The Senshi"],"gold_per_floor":[116,126,81,91,109,56,56,69,69,69,89,106,120,155,155,155,155],"floor_reached":16,"language":"ENG","playtime":1886,"items_purged":[],"score":106,"play_id":"1cd4fd4e-f803-478a-bb39-2283ed56982e","local_time":"20210112225155","is_ascension_mode":false,"campfire_choices":[{"data":"theForsaken:QuickAttack","floor":7,"key":"SMITH"},{"floor":10,"key":"REST"},{"floor":15,"key":"REST"}],"circlet_count":0,"master_deck":["theForsaken:TheForsaken_Strike","theForsaken:TheForsaken_Strike","theForsaken:TheForsaken_Strike","theForsaken:TheForsaken_Strike","theForsaken:TheForsaken_Defend","theForsaken:TheForsaken_Defend","theForsaken:TheForsaken_Defend","theForsaken:TheForsaken_Defend","theForsaken:Smite+1","theForsaken:Penitence","theForsaken:WordsOfMight","theForsaken:RainingSunlight","theForsaken:FatRoll","theForsaken:RainingSunlight","theForsaken:FountainOfLife","theForsaken:QuickAttack+1","theForsaken:Tranquility","theForsaken:Parry","theForsaken:Preservation","theForsaken:Eulogy","theForsaken:Terrorize"],"relics":["theForsaken:JudgementScales","theSenshi:SuperSailorFukuRelic"],"acts_visited":["Exordium"],"potions_floor_usage":[11,14,14,16,16],"damage_taken":[{"damage":0,"enemies":"Cultist","floor":1,"turns":4},{"damage":8,"enemies":"Jaw Worm","floor":2,"turns":5},{"damage":0,"enemies":"2 Louse","floor":4,"turns":2},{"damage":28,"enemies":"Exordium Thugs","floor":5,"turns":5},{"damage":12,"enemies":"Exordium Wildlife","floor":8,"turns":4},{"damage":9,"enemies":"Lots of Slimes","floor":11,"turns":7},{"damage":20,"enemies":"3 Louse","floor":12,"turns":10},{"damage":24,"enemies":"Red Slaver","floor":13,"turns":5},{"damage":34,"enemies":"Gremlin Nob","floor":14,"turns":6},{"damage":45,"enemies":"Hexaghost","floor":16,"turns":14}],"seed_played":"-8393289248594641284","potions_obtained":[{"floor":1,"key":"Dexterity Potion"},{"floor":4,"key":"GamblersBrew"},{"floor":8,"key":"BlessingOfTheForge"},{"floor":12,"key":"Block Potion"},{"floor":14,"key":"SpeedPotion"}],"is_trial":false,"path_per_floor":["M","M","$","M","M","$","R","M","T","R","M","M","M","E","R","B"],"character_chosen":"THE_FORSAKEN","items_purchased":["theForsaken:FatRoll","theForsaken:QuickAttack"],"campfire_rested":2,"item_purchase_floors":[3,6],"current_hp_per_floor":[65,65,65,65,42,42,42,38,38,58,65,53,32,9,30,0,0],"gold":155,"neow_bonus":"UPGRADE_CARD","is_daily":false,"chose_seed":false,"campfire_upgraded":1,"win_rate":0.0,"timestamp":1610513515,"path_taken":["M","M","$","M","M","$","R","?","T","R","M","M","M","E","R","BOSS"],"items_purchased_type":["Card","Card"],"build_version":"2020-12-22","purchased_purges":0,"victory":false,"max_hp_per_floor":[65,65,65,65,65,65,65,67,67,67,69,71,71,73,73,73,73],"card_choices":[{"not_picked":["theForsaken:ShieldCharge","theForsaken:Backlash"],"picked":"theForsaken:WordsOfMight","floor":1},{"not_picked":["theForsaken:ChargeAttack","theForsaken:HealingLight"],"picked":"theForsaken:RainingSunlight","floor":2},{"not_picked":["theForsaken:BattleHymn","theForsaken:ShieldCharge"],"picked":"theForsaken:RainingSunlight","floor":4},{"not_picked":["theForsaken:SiphonStrike","theForsaken:HorrifyingStrike"],"picked":"theForsaken:FountainOfLife","floor":5},{"not_picked":["theForsaken:FatRoll","theForsaken:Thunderbolt"],"picked":"theForsaken:Tranquility","floor":8},{"not_picked":["theForsaken:ChargeAttack","theForsaken:FatRoll"],"picked":"theForsaken:Parry","floor":11},{"not_picked":["theForsaken:Thunderbolt","theForsaken:ChargeAttack"],"picked":"theForsaken:Preservation","floor":12},{"not_picked":["theForsaken:ScorchingSunlight","theForsaken:ShieldBash"],"picked":"theForsaken:Eulogy","floor":13},{"not_picked":["theForsaken:Purification","theForsaken:Backlash"],"picked":"theForsaken:Terrorize","floor":14}],"player_experience":221893,"relics_obtained":[{"floor":14,"key":"theSenshi:SuperSailorFukuRelic"}],"event_choices":[],"is_beta":false,"boss_relics":[],"items_purged_floors":[],"is_endless":false,"potions_floor_spawned":[1,4,8,12,14],"killed_by":"Hexaghost","ascension_level":0}}