{"host":"a1eatafr7pisesky","time":1610525833,"event":{"mods":["AchievementEnabler","BaseMod","Colored Map","Keyboard Shortcuts","Minty Spire (QoL Compilation)","Say the Spire","StSLib","SuperFastMode","everything is the same but u backflip on backflip"],"gold_per_floor":[118,128,147,147,165,165,165,200,247,266,11,11,29,62,62,166,166,178,178,103,121,121,121,136,36,36,36,56,84,84,84,84],"floor_reached":31,"language":"KOR","playtime":785,"items_purged":["Strike_G","Writhe"],"score":358,"play_id":"1104484d-6332-421c-a812-baeb481c25c6","local_time":"20210113171713","is_ascension_mode":true,"campfire_choices":[{"floor":6.0,"key":"REST"},{"floor":12.0,"key":"REST"},{"data":"Burst","floor":15.0,"key":"SMITH"},{"floor":23.0,"key":"REST"}],"circlet_count":0,"master_deck":["Strike_G","Strike_G","Strike_G","Defend_G+1","Defend_G","Defend_G","Defend_G","Survivor","Neutralize","Night Terror","Backflip","Blade Dance+1","PiercingWail","Crippling Poison","Crippling Poison","Dagger Throw","Acrobatics","Cloak And Dagger","Burst+1","Backstab","Cloak And Dagger","Cloak And Dagger","Blade Dance+1","Adrenaline+1"],"relics":["Ring of the Snake","Eternal Feather","Juzu Bracelet","Shuriken","Orichalcum","Sozu","Toxic Egg 2","Singing Bowl","FaceOfCleric"],"acts_visited":["Exordium","TheCity"],"potions_floor_usage":[29,29],"damage_taken":[{"damage":0.0,"enemies":"Small Slimes","floor":1.0,"turns":4.0},{"damage":0.0,"enemies":"Cultist","floor":2.0,"turns":4.0},{"damage":9.0,"enemies":"Jaw Worm","floor":3.0,"turns":4.0},{"damage":19.0,"enemies":"Exordium Thugs","floor":5.0,"turns":5.0},{"damage":20.0,"enemies":"3 Sentries","floor":8.0,"turns":9.0},{"damage":6.0,"enemies":"Blue Slaver","floor":10.0,"turns":4.0},{"damage":2.0,"enemies":"Looter","floor":13.0,"turns":3.0},{"damage":20.0,"enemies":"Lagavulin","floor":14.0,"turns":6.0},{"damage":20.0,"enemies":"The Guardian","floor":16.0,"turns":13.0},{"damage":23.0,"enemies":"2 Thieves","floor":18.0,"turns":4.0},{"damage":0.0,"enemies":"3 Byrds","floor":21.0,"turns":4.0},{"damage":22.0,"enemies":"Snake Plant","floor":24.0,"turns":6.0},{"damage":0.0,"enemies":"Snecko","floor":28.0,"turns":3.0},{"damage":15,"enemies":"Gremlin Leader","floor":29,"turns":6},{"damage":13,"enemies":"Book of Stabbing","floor":31,"turns":3}],"seed_played":"5510699280308017456","potions_obtained":[{"floor":1.0,"key":"Swift Potion"},{"floor":8.0,"key":"Swift Potion"},{"floor":14.0,"key":"Poison Potion"},{"floor":16.0,"key":"Poison Potion"}],"is_trial":false,"path_per_floor":["M","M","M","?","M","R","?","E","T","M","$","R","M","E","R","B",null,"M","?","$","M","?","R","M","$","T","?","M","E","?","E"],"character_chosen":"THE_SILENT","items_purchased":["Shuriken"],"campfire_rested":3,"item_purchase_floors":[11],"current_hp_per_floor":[63,63,54,54,35,53,40,20,20,14,14,41,39,19,31,11,50,27,16,16,16,16,48,26,26,26,26,26,11,11,0,0],"gold":84,"neow_bonus":"TRANSFORM_TWO_CARDS","is_daily":false,"chose_seed":false,"campfire_upgraded":1,"win_rate":0.0,"timestamp":1610525833,"path_taken":["M","M","M","?","?","R","?","E","T","M","?","R","M","E","R","BOSS","M","?","$","M","?","R","M","$","T","?","M","E","?","E"],"items_purchased_type":["Relic"],"build_version":"2020-12-22","purchased_purges":2,"victory":false,"max_hp_per_floor":[63,63,63,63,63,63,63,63,63,63,63,63,63,63,63,63,63,63,68,68,68,68,68,68,68,68,68,68,68,68,68,68],"card_choices":[{"not_picked":["Skewer","Poisoned Stab"],"picked":"Blade Dance","floor":1.0},{"not_picked":["Underhanded Strike","Calculated Gamble"],"picked":"PiercingWail","floor":2.0},{"not_picked":["Deadly Poison","Dagger Spray"],"picked":"Crippling Poison","floor":3.0},{"not_picked":["Sucker Punch","Dodge and Roll"],"picked":"Dagger Throw","floor":5.0},{"not_picked":["Setup","Deflect"],"picked":"Acrobatics","floor":8.0},{"not_picked":["Acrobatics","PiercingWail"],"picked":"Cloak And Dagger","floor":10.0},{"not_picked":["PiercingWail","Prepared"],"picked":"Burst","floor":13.0},{"not_picked":["Bane","Flying Knee"],"picked":"Backstab","floor":14.0},{"not_picked":["Dagger Throw","Poisoned Stab"],"picked":"Cloak And Dagger","floor":18.0},{"not_picked":["Outmaneuver","Dagger Spray"],"picked":"Cloak And Dagger","floor":21.0},{"not_picked":["Underhanded Strike","Dodge and Roll+1"],"picked":"Blade Dance+1","floor":24.0},{"not_picked":["Dodge and Roll+1","Bouncing Flask+1","Setup+1"],"picked":"SKIP","floor":28.0},{"not_picked":["Dagger Spray+1","Prepared+1"],"picked":"Adrenaline+1","floor":29}],"player_experience":309472,"relics_obtained":[{"floor":8.0,"key":"Eternal Feather"},{"floor":9.0,"key":"Juzu Bracelet"},{"floor":14.0,"key":"Orichalcum"},{"floor":29,"key":"Singing Bowl"}],"event_choices":[{"damage_healed":0.0,"max_hp_gain":0.0,"max_hp_loss":0.0,"gold_gain":0.0,"event_name":"Match and Keep!","player_choice":"1 cards matched","floor":4.0,"gold_loss":0.0,"damage_taken":0.0,"cards_obtained":["Crippling Poison"]},{"damage_healed":0.0,"max_hp_gain":0.0,"max_hp_loss":0.0,"gold_gain":0.0,"event_name":"Shining Light","player_choice":"Entered Light","floor":7.0,"gold_loss":0.0,"damage_taken":13.0,"cards_upgraded":["Defend_G","Blade Dance"]},{"damage_healed":0.0,"max_hp_gain":5.0,"max_hp_loss":0.0,"gold_gain":0.0,"event_name":"Forgotten Altar","player_choice":"Shed Blood","floor":19.0,"gold_loss":0.0,"damage_taken":16.0},{"damage_healed":0.0,"max_hp_gain":0.0,"max_hp_loss":0.0,"gold_gain":0.0,"event_name":"The Mausoleum","player_choice":"Opened","floor":22.0,"gold_loss":0.0,"damage_taken":0.0,"relics_obtained":["Toxic Egg 2"],"cards_obtained":["Writhe"]},{"damage_healed":0.0,"max_hp_gain":0.0,"max_hp_loss":0.0,"gold_gain":0.0,"event_name":"Lab","player_choice":"Got Potions","floor":27.0,"gold_loss":0.0,"damage_taken":0.0},{"damage_healed":0,"gold_gain":0,"player_choice":"Trade","damage_taken":0,"relics_obtained":["FaceOfCleric"],"max_hp_gain":0,"max_hp_loss":0,"event_name":"FaceTrader","floor":30,"gold_loss":0}],"is_beta":false,"boss_relics":[{"not_picked":["Tiny House","Calling Bell"],"picked":"Sozu"}],"items_purged_floors":[20,25],"is_endless":false,"potions_floor_spawned":[1,8,14,16,21,28,29],"killed_by":"Book of Stabbing","ascension_level":7}}