{"host":"6ve8qn5s1am4lo6s","time":1610505091,"event":{"mods":["100% Spire Juice","AchievementEnabler","BaseMod","Better Altar","Better Match","Better Note","Better Vampires","BetterRewards","CapriCore","Displayed Cursed Tome","Evolution","Minty Spire (QoL Compilation)","Permanent Neow","Relic Stats","StSLib"],"gold_per_floor":[117,117,117,117,136,136,211,228,228,262,279,25,25,25,25,121,121,134,134,134,149,2,2,18,18,41,41,60,79,89,139,139,139,139],"floor_reached":33,"language":"ENG","playtime":2244,"items_purged":["Moonworks:Defend","Moonworks:MiracleRedBeanIceCream"],"score":370,"play_id":"ed0bb426-b62e-48e0-85df-9055941870eb","local_time":"20210112213131","is_ascension_mode":false,"campfire_choices":[{"floor":6.0,"key":"RECALL"},{"data":"Moonworks:AwakeningOfTalent","floor":13,"key":"SMITH"},{"data":"Moonworks:EvilSpyWorkPreparation","floor":15,"key":"SMITH"},{"data":"Moonworks:Dash","floor":23,"key":"SMITH"},{"data":"Moonworks:LeapThroughSpace","floor":25,"key":"SMITH"},{"data":"Moonworks:CompletionReward","floor":27,"key":"SMITH"},{"data":"Moonworks:LulusLuckyEgg","floor":32,"key":"SMITH"}],"circlet_count":0,"master_deck":["Moonworks:Assault","Moonworks:Assault","Moonworks:Assault","Moonworks:Assault","Moonworks:LulusLuckyEgg+1","Moonworks:AwakeningOfTalent+1","Moonworks:AwakeningOfTalent+1","Moonworks:EvilSpyWorkPreparation","Moonworks:EvilSpyWorkPreparation+1","Moonworks:LeapThroughSpace+1","Moonworks:Blazing+1","Moonworks:LulusLuckyEgg+1","Moonworks:GoAway+1","Moonworks:CompletionReward+1","Moonworks:Dash+1","Moonworks:EvilSpyWorkPreparation","Moonworks:NicePresent","Moonworks:NicePresent"],"relics":["Moonworks:BrokenBomb","Moonworks:Homemark","EVO:Axolotl","Lee\u0027s Waffle","Du-Vu Doll","Anchor","Omamori","Oddly Smooth Stone","Astrolabe","Sling","Lantern"],"acts_visited":["Exordium","TheCity"],"potions_floor_usage":[24,33,33],"damage_taken":[{"damage":0.0,"enemies":"Jaw Worm","floor":1.0,"turns":3.0},{"damage":0.0,"enemies":"Small Slimes","floor":5.0,"turns":2.0},{"damage":0.0,"enemies":"2 Louse","floor":8.0,"turns":2.0},{"damage":2.0,"enemies":"Lagavulin","floor":10.0,"turns":5.0},{"damage":0,"enemies":"Looter","floor":11,"turns":2},{"damage":18,"enemies":"Hexaghost","floor":16,"turns":9},{"damage":3,"enemies":"Shell Parasite","floor":18,"turns":5},{"damage":9,"enemies":"2 Thieves","floor":21,"turns":3},{"damage":0,"enemies":"Chosen and Byrds","floor":24,"turns":5},{"damage":1,"enemies":"Snake Plant","floor":28,"turns":5},{"damage":4,"enemies":"Centurion and Healer","floor":29,"turns":4},{"damage":0,"enemies":"Chosen and Byrds","floor":30,"turns":6},{"damage":83,"enemies":"Automaton","floor":33,"turns":7}],"seed_played":"-682343528827403900","potions_obtained":[{"floor":10,"key":"Weak Potion"},{"floor":16,"key":"DistilledChaos"},{"floor":21,"key":"Fire Potion"}],"is_trial":false,"path_per_floor":["M","?","?","?","M","R","?","M","T","E","M","$","R","T","R","B",null,"M","?","$","M","$","R","M","R","T","R","M","M","M","?","R","B"],"character_chosen":"THE_STARBREAKER","items_purchased":["Moonworks:AwakeningOfTalent","Lee\u0027s Waffle","Omamori","Sling"],"campfire_rested":0,"item_purchase_floors":[0,0,12,22],"current_hp_per_floor":[67,60,53,53,53,53,42,42,42,40,40,40,40,40,40,22,67,64,64,64,55,55,55,52,52,52,52,52,46,46,46,46,0,0],"gold":139,"neow_bonus":"","is_daily":false,"chose_seed":false,"campfire_upgraded":6,"win_rate":0.0,"timestamp":1610505091,"path_taken":["M","?","?","?","M","R","?","M","T","E","M","?","R","?","R","BOSS","M","?","$","M","$","R","M","R","T","R","M","M","M","?","R","BOSS"],"items_purchased_type":["Card","Relic","Relic","Relic"],"build_version":"2020-12-22","purchased_purges":2,"victory":false,"max_hp_per_floor":[67,67,67,67,67,67,67,67,67,67,67,67,67,67,67,67,67,67,67,67,67,67,67,67,67,67,67,67,67,67,67,67,67,67],"relic_stats":{"Lee\u0027s Waffle":29,"counters":[62,262],"Astrolabe":["Moonworks:BigMagnum","Moonworks:ScrambledEve","Moonworks:AngelHand","Moonworks:MeltingMemories","Moonworks:ForcedRevival","Moonworks:Dash","Moonworks:Blazing","Moonworks:LulusLuckyEgg","Moonworks:GoAway"],"obtain_stats":[{"Darkstone Periapt":23,"Lantern":28,"Torii":39,"Mango":28,"EVO:Axolotl":0,"Sling":22,"Blood Vial":21,"Sozu":34,"Lizard Tail":37,"Prayer Wheel":22,"Kunai":13,"Lee\u0027s Waffle":0,"Pear":9,"Moonworks:LittleGull":26,"Golden Idol":2,"Astrolabe":34,"Blue Candle":43,"Oddly Smooth Stone":20,"Pen Nib":30,"Omamori":12,"Medical Kit":20,"MawBank":46,"Mercury Hourglass":43,"Du-Vu Doll":3,"SlaversCollar":17,"Bottled Flame":54,"Anchor":10,"Moonworks:Homemark":0,"Bloody Idol":21,"MutagenicStrength":22,"CultistMask":4,"Moonworks:BrokenBomb":0},{"Darkstone Periapt":34,"Lantern":12,"Torii":19,"Mango":37,"EVO:Axolotl":0,"Sling":57,"Blood Vial":33,"Sozu":39,"Lizard Tail":41,"Prayer Wheel":33,"Kunai":6,"Lee\u0027s Waffle":49,"Pear":28,"Moonworks:LittleGull":10,"Golden Idol":1,"Astrolabe":16,"Blue Candle":19,"Oddly Smooth Stone":33,"Pen Nib":14,"Omamori":54,"Medical Kit":33,"MawBank":46,"Mercury Hourglass":44,"Du-Vu Doll":50,"SlaversCollar":8,"Bottled Flame":23,"Anchor":53,"Moonworks:Homemark":0,"Bloody Idol":9,"MutagenicStrength":9,"CultistMask":2,"Moonworks:BrokenBomb":0},{"Darkstone Periapt":136,"Lantern":61,"Torii":90,"Mango":146,"EVO:Axolotl":0,"Sling":235,"Blood Vial":134,"Sozu":153,"Lizard Tail":162,"Prayer Wheel":134,"Kunai":26,"Lee\u0027s Waffle":204,"Pear":117,"Moonworks:LittleGull":51,"Golden Idol":4,"Astrolabe":80,"Blue Candle":90,"Oddly Smooth Stone":134,"Pen Nib":71,"Omamori":218,"Medical Kit":134,"MawBank":187,"Mercury Hourglass":175,"Du-Vu Doll":207,"SlaversCollar":41,"Bottled Flame":103,"Anchor":216,"Moonworks:Homemark":0,"Bloody Idol":45,"MutagenicStrength":45,"CultistMask":7,"Moonworks:BrokenBomb":0}]},"card_choices":[{"not_picked":["Moonworks:SakisCookie","Moonworks:BeyondHell"],"picked":"Moonworks:AwakeningOfTalent","floor":1.0},{"not_picked":["Moonworks:BigMagnum","Moonworks:Assault"],"picked":"Moonworks:EvilSpyWorkPreparation","floor":5.0},{"not_picked":["Moonworks:Assault","Moonworks:IndiscriminateFireSupport"],"picked":"Moonworks:EvilSpyWorkPreparation","floor":8.0},{"not_picked":["Moonworks:BigMagnum","Moonworks:DeployBits","Moonworks:SakisCookie"],"picked":"SKIP","floor":10},{"not_picked":["Moonworks:IndiscriminateFireSupport","Moonworks:DeployBits"],"picked":"Moonworks:MiracleRedBeanIceCream","floor":11},{"not_picked":["Moonworks:Gamble","Moonworks:CrystalBarrier"],"picked":"Moonworks:LeapThroughSpace","floor":16},{"not_picked":["Moonworks:DevilHand","Moonworks:ScrambledEve"],"picked":"Moonworks:CompletionReward","floor":18},{"not_picked":["Moonworks:ImOnFire+1","Moonworks:AngelHand"],"picked":"Moonworks:Dash","floor":21},{"not_picked":["Moonworks:LulusLuckyEgg","Moonworks:DeployBits","Moonworks:MiracleRedBeanIceCream+1"],"picked":"SKIP","floor":24},{"not_picked":["Moonworks:UnpaidWork","Moonworks:RedAndBlue"],"picked":"Moonworks:EvilSpyWorkPreparation","floor":28},{"not_picked":["Moonworks:ImOnFire","Moonworks:LulusLuckyEgg"],"picked":"Moonworks:NicePresent","floor":29},{"not_picked":["Moonworks:FinalSurgery","Moonworks:DeployBits"],"picked":"Moonworks:NicePresent","floor":30}],"player_experience":243539,"relics_obtained":[{"floor":10,"key":"Anchor"},{"floor":14,"key":"Oddly Smooth Stone"},{"floor":26,"key":"Lantern"}],"event_choices":[{"cards_removed":["Moonworks:Defend"],"damage_healed":0.0,"max_hp_gain":0.0,"max_hp_loss":0.0,"gold_gain":0.0,"event_name":"Golden Wing","player_choice":"Card Removal","floor":2.0,"gold_loss":0.0,"damage_taken":7.0},{"damage_healed":0.0,"max_hp_gain":0.0,"max_hp_loss":0.0,"gold_gain":0.0,"event_name":"Scrap Ooze","player_choice":"Success","floor":3.0,"gold_loss":0.0,"damage_taken":7.0,"relics_obtained":["Du-Vu Doll"]},{"damage_healed":0.0,"max_hp_gain":0.0,"max_hp_loss":0.0,"gold_gain":0.0,"event_name":"Living Wall","player_choice":"Grow","floor":4.0,"gold_loss":0.0,"damage_taken":0.0,"cards_upgraded":["Moonworks:AwakeningOfTalent"]},{"damage_healed":0.0,"max_hp_gain":0.0,"max_hp_loss":0.0,"gold_gain":75.0,"event_name":"World of Goop","player_choice":"Gather Gold","floor":7.0,"gold_loss":0.0,"damage_taken":11.0},{"cards_removed":["Moonworks:Blazing"],"damage_healed":0,"gold_gain":0,"player_choice":"Give","damage_taken":0,"max_hp_gain":0,"max_hp_loss":0,"event_name":"betterNote:BetterNote","floor":19,"gold_loss":0,"cards_obtained":["Moonworks:Defend"]},{"damage_healed":0,"gold_gain":100,"player_choice":"Bet on Murderer","damage_taken":0,"max_hp_gain":0,"max_hp_loss":0,"event_name":"The Joust","floor":31,"gold_loss":50}],"is_beta":false,"boss_relics":[{"not_picked":["Snecko Eye","Busted Crown"],"picked":"Astrolabe"}],"items_purged_floors":[0,12],"is_endless":false,"potions_floor_spawned":[10,16,21],"killed_by":"Automaton","ascension_level":0}}