{"host":"hnrafgucdht3qvsp","time":1610572708,"event":{"mods":["BaseMod","Bestiary","Colored Map","Minty Spire (QoL Compilation)","Relic Stats","StSLib"],"gold_per_floor":[99,99,99,99,99,99,99,99,99,99,99,99,99,99,99,99,99,54,54,54,54,54,54,54],"floor_reached":23,"language":"ENG","playtime":7337,"items_purged":[],"score":313,"play_id":"7f4d626b-2cdf-49ed-af98-4027f99722d7","local_time":"20210113161828","is_ascension_mode":true,"campfire_choices":[{"data":"Go for the Eyes","floor":6,"key":"SMITH"},{"data":"Electrodynamics","floor":8,"key":"SMITH"},{"floor":11,"key":"REST"},{"floor":15,"key":"REST"}],"circlet_count":0,"master_deck":["Strike_B","Strike_B","Strike_B","Defend_B","Defend_B","Defend_B","Defend_B","Zap","Dualcast","Cold Snap","Pain","Go for the Eyes+1","Genetic Algorithm","Electrodynamics+1","Compile Driver","Chill","Leap","Core Surge","Conserve Battery","Hologram","Streamline","J.A.X."],"relics":["Ectoplasm","WarpedTongs","Peace Pipe","The Courier","MealTicket","Bottled Lightning","Golden Idol","Cursed Key"],"acts_visited":["Exordium","TheCity"],"potions_floor_usage":[12],"damage_taken":[{"damage":2,"enemies":"Jaw Worm","floor":1,"turns":4},{"damage":0,"enemies":"Cultist","floor":2,"turns":3},{"damage":1,"enemies":"2 Louse","floor":4,"turns":2},{"damage":12,"enemies":"Blue Slaver","floor":5,"turns":3},{"damage":15,"enemies":"Lagavulin","floor":7,"turns":7},{"damage":28,"enemies":"Gremlin Nob","floor":10,"turns":4},{"damage":9,"enemies":"3 Sentries","floor":12,"turns":4},{"damage":3,"enemies":"Large Slime","floor":14,"turns":3},{"damage":9,"enemies":"Slime Boss","floor":16,"turns":9},{"damage":13,"enemies":"2 Thieves","floor":18,"turns":3},{"damage":18,"enemies":"Spheric Guardian","floor":19,"turns":4},{"damage":37,"enemies":"Cultist and Chosen","floor":20,"turns":8},{"damage":1,"enemies":"Book of Stabbing","floor":23,"turns":1}],"seed_played":"3569614401826517325","potions_obtained":[{"floor":1,"key":"LiquidMemories"},{"floor":4,"key":"LiquidMemories"},{"floor":5,"key":"EssenceOfSteel"},{"floor":7,"key":"Block Potion"},{"floor":18,"key":"SkillPotion"}],"is_trial":false,"path_per_floor":["M","M","?","M","M","R","E","R","T","E","R","E","?","M","R","B",null,"M","M","M","?","?","E"],"character_chosen":"DEFECT","items_purchased":[],"campfire_rested":2,"item_purchase_floors":[],"current_hp_per_floor":[73,73,73,72,60,60,45,45,45,17,39,30,30,27,47,38,69,56,38,1,1,1,0,0],"gold":54,"neow_bonus":"BOSS_RELIC","is_daily":false,"chose_seed":false,"campfire_upgraded":2,"win_rate":0.0,"timestamp":1610572708,"path_taken":["M","M","?","?","M","R","E","R","T","E","R","E","?","M","R","BOSS","M","M","M","?","?","E"],"items_purchased_type":[],"build_version":"2020-12-22","purchased_purges":0,"victory":false,"max_hp_per_floor":[75,75,75,75,75,75,75,75,75,75,75,75,69,69,69,69,69,69,69,69,69,69,69,69],"relic_stats":{"Peace Pipe":0,"counters":[13,55],"Golden Idol":39,"MealTicket":0,"Ectoplasm":453,"Cursed Key":0,"obtain_stats":[{"Peace Pipe":7,"Golden Idol":13,"MealTicket":10,"Ectoplasm":0,"The Courier":9,"Bottled Lightning":12,"Cracked Core":0,"Cursed Key":17,"WarpedTongs":3},{"Peace Pipe":5,"Golden Idol":7,"MealTicket":6,"Ectoplasm":0,"The Courier":5,"Bottled Lightning":7,"Cracked Core":0,"Cursed Key":9,"WarpedTongs":2},{"Peace Pipe":19,"Golden Idol":27,"MealTicket":23,"Ectoplasm":0,"The Courier":19,"Bottled Lightning":27,"Cracked Core":0,"Cursed Key":39,"WarpedTongs":7}],"WarpedTongs":[47]},"card_choices":[{"not_picked":["Auto Shields","Redo"],"picked":"Cold Snap","floor":1},{"not_picked":["Turbo","White Noise","Leap"],"picked":"SKIP","floor":2},{"not_picked":["Redo","Scrape"],"picked":"Go for the Eyes","floor":4},{"not_picked":["Stack","Compile Driver"],"picked":"Genetic Algorithm","floor":5},{"not_picked":["Go for the Eyes","Conserve Battery"],"picked":"Electrodynamics","floor":7},{"not_picked":["Cold Snap","Sunder"],"picked":"Compile Driver","floor":10},{"not_picked":["Tempest","Seek"],"picked":"Chill","floor":12},{"not_picked":["Turbo","Hologram"],"picked":"Leap","floor":14},{"not_picked":["Electrodynamics","Seek"],"picked":"Core Surge","floor":16},{"not_picked":["Go for the Eyes","Cold Snap"],"picked":"Conserve Battery","floor":18},{"not_picked":["Auto Shields","Conserve Battery"],"picked":"Hologram","floor":19},{"not_picked":["BootSequence","Compile Driver"],"picked":"Streamline","floor":20}],"player_experience":402825,"relics_obtained":[{"floor":7,"key":"Peace Pipe"},{"floor":9,"key":"The Courier"},{"floor":10,"key":"MealTicket"},{"floor":12,"key":"Bottled Lightning"}],"event_choices":[{"damage_healed":0,"gold_gain":0,"player_choice":"Rummage","damage_taken":0,"relics_obtained":["WarpedTongs"],"max_hp_gain":0,"max_hp_loss":0,"event_name":"Accursed Blacksmith","floor":3,"gold_loss":0,"cards_obtained":["Pain"]},{"damage_healed":0,"gold_gain":0,"player_choice":"Lose Max HP","damage_taken":0,"relics_obtained":["Golden Idol"],"max_hp_gain":0,"max_hp_loss":6,"event_name":"Golden Idol","floor":13,"gold_loss":0},{"cards_removed":["Strike_B"],"damage_healed":0,"gold_gain":0,"player_choice":"Elegance","damage_taken":0,"max_hp_gain":0,"max_hp_loss":0,"event_name":"Back to Basics","floor":21,"gold_loss":0},{"damage_healed":0,"gold_gain":0,"player_choice":"Obtain J.A.X.","damage_taken":0,"max_hp_gain":0,"max_hp_loss":0,"event_name":"Drug Dealer","floor":22,"gold_loss":0,"cards_obtained":["J.A.X."]}],"is_beta":false,"boss_relics":[{"not_picked":["Coffee Dripper","Tiny House"],"picked":"Cursed Key"}],"items_purged_floors":[],"is_endless":false,"potions_floor_spawned":[1,4,5,7,10,18],"killed_by":"Book of Stabbing","ascension_level":4}}