{"host":"1c17lcvl7acx821p","time":1610554874,"event":{"mods":["AchievementEnabler","BaseMod","Colored Map","Minty Spire (QoL Compilation)","StSLib"],"gold_per_floor":[117,117,67,87,106,106,135,135,135,155,2,32,51,86,86,186,186,200,200,200,219,105,136,149,149,149,184,7,42,3,19,19,116,116,129,1128,1128,763,763,795,795,825,825,498,524,524,543,570,570,570,570,570,11,41,41],"floor_reached":56,"language":"ENG","playtime":2835,"items_purged":["Strike_B","Normality","Normality","Zap"],"score":1620,"play_id":"476b6046-5ca2-489c-b05d-f39dbfbb3042","local_time":"20210113182114","is_ascension_mode":true,"campfire_choices":[{"data":"Electrodynamics","floor":6.0,"key":"SMITH"},{"data":"Conserve Battery","floor":8.0,"key":"SMITH"},{"floor":15.0,"key":"REST"},{"floor":25.0,"key":"REST"},{"floor":32.0,"key":"REST"},{"data":"Echo Form","floor":41.0,"key":"SMITH"},{"data":"Defragment","floor":46.0,"key":"SMITH"},{"floor":49.0,"key":"RECALL"},{"data":"Go for the Eyes","floor":52,"key":"SMITH"}],"circlet_count":0,"master_deck":["Defend_B","Defend_B","Defend_B","Dualcast","Conserve Battery+1","Melter","Electrodynamics+1","Storm","Cold Snap","Loop","Conserve Battery","Go for the Eyes+1","Static Discharge","Leap","Loop","Echo Form+1","Machine Learning","Doom and Gloom","BootSequence","Storm","Heatsinks","Self Repair","White Noise+1","Conserve Battery+1","Double Energy+1","Amplify+1","Mayhem","Loop","Lockon","Reinforced Body+1","Defragment+1","Turbo+1","Defragment+1","Hologram+1","Chill+1","Seek+1","Loop","Hologram+1","Storm+1","Cold Snap+1","Defragment+1"],"relics":["Cracked Core","Ginger","InkBottle","Gremlin Horn","Question Card","Pen Nib","Inserter","Toxic Egg 2","Bag of Preparation","Unceasing Top","Membership Card","Happy Flower","Runic Pyramid","FossilizedHelix","Molten Egg 2","Potion Belt","Omamori","Toy Ornithopter","Cauldron","Prayer Wheel","Centennial Puzzle","HornCleat","Orrery","Orichalcum","Eternal Feather"],"acts_visited":["Exordium","TheCity","TheBeyond","TheEnding"],"potions_floor_usage":[50,55,55,55,55],"damage_taken":[{"damage":1.0,"enemies":"Cultist","floor":1.0,"turns":4.0},{"damage":0.0,"enemies":"Small Slimes","floor":4.0,"turns":3.0},{"damage":1.0,"enemies":"Jaw Worm","floor":5.0,"turns":3.0},{"damage":30.0,"enemies":"Gremlin Nob","floor":7.0,"turns":4.0},{"damage":7.0,"enemies":"Blue Slaver","floor":10.0,"turns":3.0},{"damage":5.0,"enemies":"3 Sentries","floor":12.0,"turns":3.0},{"damage":7.0,"enemies":"2 Fungi Beasts","floor":13.0,"turns":2.0},{"damage":1.0,"enemies":"Lagavulin","floor":14.0,"turns":5.0},{"damage":0.0,"enemies":"Slime Boss","floor":16.0,"turns":5.0},{"damage":16.0,"enemies":"Shell Parasite","floor":18.0,"turns":5.0},{"damage":17.0,"enemies":"3 Byrds","floor":21.0,"turns":3.0},{"damage":17.0,"enemies":"Slavers","floor":23.0,"turns":3.0},{"damage":23.0,"enemies":"Sentry and Sphere","floor":24.0,"turns":6.0},{"damage":6.0,"enemies":"Book of Stabbing","floor":27.0,"turns":7.0},{"damage":18.0,"enemies":"Slavers","floor":29.0,"turns":3.0},{"damage":0.0,"enemies":"Cultist and Chosen","floor":31.0,"turns":4.0},{"damage":9.0,"enemies":"Champ","floor":33.0,"turns":7.0},{"damage":12.0,"enemies":"3 Shapes","floor":35.0,"turns":4.0},{"damage":19.0,"enemies":"Nemesis","floor":40.0,"turns":7.0},{"damage":0.0,"enemies":"Giant Head","floor":42.0,"turns":8.0},{"damage":0.0,"enemies":"Reptomancer","floor":45.0,"turns":5.0},{"damage":0.0,"enemies":"Orb Walker","floor":47.0,"turns":3.0},{"damage":0.0,"enemies":"Giant Head","floor":48.0,"turns":5.0},{"damage":24,"enemies":"Time Eater","floor":50,"turns":6},{"damage":0,"enemies":"Shield and Spear","floor":54,"turns":3},{"damage":14,"enemies":"The Heart","floor":55,"turns":4}],"seed_played":"-4292451741074212235","potions_obtained":[{"floor":1.0,"key":"CultistPotion"},{"floor":7.0,"key":"LiquidBronze"},{"floor":13.0,"key":"AttackPotion"},{"floor":16.0,"key":"Energy Potion"},{"floor":21.0,"key":"DistilledChaos"},{"floor":24.0,"key":"Dexterity Potion"},{"floor":40.0,"key":"BlessingOfTheForge"},{"floor":42.0,"key":"DistilledChaos"},{"floor":44.0,"key":"PotionOfCapacity"},{"floor":44.0,"key":"Dexterity Potion"},{"floor":44.0,"key":"AttackPotion"}],"is_trial":false,"path_per_floor":["M","?","?","M","M","R","E","R","T","M","$","E","M","E","R","B",null,"M","?","?","M","$","E","M","R","T","E","$","E","$","M","R","B",null,"M","?","?","$","?","E","R","E","T","$","E","R","M","E","R","B",null,"R","$","E","B",null],"character_chosen":"DEFECT","items_purchased":["Loop","Conserve Battery","Go for the Eyes","Storm","Membership Card","Conserve Battery+1","Double Energy+1","Mayhem","FossilizedHelix","Loop","PowerPotion","Defragment","Omamori","Toy Ornithopter","Cauldron","HornCleat","Chill+1","Seek+1","Loop","Orrery","EssenceOfSteel","Orichalcum","Weak Potion"],"campfire_rested":3,"item_purchase_floors":[11,11,11,22,28,28,30,38,38,38,38,44,44,44,44,53,53,53,53,53,53,53,53],"current_hp_per_floor":[74,67,67,67,66,66,36,36,36,29,29,24,17,16,38,38,75,59,59,59,42,42,25,2,24,24,32,32,21,21,35,57,55,75,63,63,63,63,63,44,44,44,44,44,51,51,51,58,58,46,71,71,71,71,64],"gold":41,"neow_bonus":"ONE_RARE_RELIC","is_daily":false,"chose_seed":false,"campfire_upgraded":5,"win_rate":0.0,"timestamp":1610554874,"path_taken":["M","?","?","M","M","R","E","R","T","M","$","E","M","E","R","BOSS","M","?","?","M","?","E","M","R","T","E","?","E","$","M","R","BOSS","M","?","?","$","?","E","R","E","T","$","E","R","M","E","R","BOSS","R","$","E","BOSS"],"items_purchased_type":["Card","Card","Card","Card","Relic","Card","Card","Card","Relic","Card","Potion","Card","Relic","Relic","Relic","Relic","Card","Card","Card","Relic","Potion","Relic","Potion"],"build_version":"2020-12-22","purchased_purges":4,"victory":true,"max_hp_per_floor":[75,75,75,75,75,75,75,75,75,75,75,75,75,75,75,75,75,75,75,75,75,75,75,75,75,75,75,75,75,75,75,75,75,75,75,75,71,71,71,71,71,71,71,71,71,71,71,71,71,71,71,71,71,71,71],"card_choices":[{"not_picked":["Turbo","Coolheaded"],"picked":"Conserve Battery","floor":1.0},{"not_picked":["Gash","Conserve Battery"],"picked":"Melter","floor":4.0},{"not_picked":["Leap","Streamline"],"picked":"Electrodynamics","floor":5.0},{"not_picked":["Auto Shields","Rebound"],"picked":"Storm","floor":7.0},{"not_picked":["Stack","Gash"],"picked":"Cold Snap","floor":10.0},{"not_picked":["Gash","Genetic Algorithm"],"picked":"Static Discharge","floor":12.0},{"not_picked":["Doom and Gloom","Gash","Streamline"],"picked":"Leap","floor":13.0},{"not_picked":["Leap","Gash","Reprogram"],"picked":"Loop","floor":14.0},{"not_picked":["Electrodynamics","Amplify","Thunder Strike"],"picked":"Echo Form","floor":16.0},{"not_picked":["Compile Driver","Conserve Battery","Beam Cell","Ball Lightning"],"picked":"SKIP","floor":18.0},{"not_picked":["Sweeping Beam","Gash","Aggregate"],"picked":"BootSequence","floor":21.0},{"not_picked":["Melter","Leap+1","Compile Driver"],"picked":"Heatsinks","floor":23.0},{"not_picked":["Steam+1","Multi-Cast+1","Coolheaded+1"],"picked":"Self Repair","floor":24.0},{"not_picked":["Coolheaded+1","Ball Lightning+1","Cold Snap"],"picked":"White Noise+1","floor":27.0},{"not_picked":["Gash","Ball Lightning+1","Sunder+1","Cold Snap"],"picked":"SKIP","floor":29.0},{"not_picked":["Static Discharge+1","Ball Lightning","Darkness+1","Redo+1"],"picked":"SKIP","floor":31.0},{"not_picked":["Biased Cognition","Rainbow+1","Seek+1"],"picked":"Amplify+1","floor":33.0},{"not_picked":["Doom and Gloom","Gash","BootSequence+1","Barrage"],"picked":"SKIP","floor":35.0},{"not_picked":["Static Discharge+1","Glacier+1","Conserve Battery+1"],"picked":"Reinforced Body+1","floor":40.0},{"not_picked":["Cold Snap+1","Redo+1","Rebound+1","Chaos+1"],"picked":"SKIP","floor":42.0},{"not_picked":["Self Repair+1","Steam Power+1","Conserve Battery+1"],"picked":"Turbo+1","floor":45.0},{"not_picked":["Steam+1","Cold Snap+1","Gash+1"],"picked":"Defragment+1","floor":47.0},{"not_picked":["Gash+1","Sunder+1","Sweeping Beam+1","Auto Shields+1"],"picked":"SKIP","floor":47.0},{"not_picked":["Capacitor","Sweeping Beam+1","Cold Snap+1"],"picked":"Hologram+1","floor":48.0},{"not_picked":["Ball Lightning+1","Auto Shields+1","Coolheaded+1"],"picked":"Hologram+1","floor":53},{"not_picked":["Electrodynamics","Sweeping Beam+1","Beam Cell+1"],"picked":"Storm+1","floor":53},{"not_picked":["Go for the Eyes+1","Storm+1","Blizzard+1"],"picked":"Cold Snap+1","floor":53},{"not_picked":["Streamline+1","Reboot+1","Genetic Algorithm+1"],"picked":"Defragment+1","floor":54}],"player_experience":62768,"relics_obtained":[{"floor":7.0,"key":"InkBottle"},{"floor":9.0,"key":"Gremlin Horn"},{"floor":12.0,"key":"Question Card"},{"floor":14.0,"key":"Pen Nib"},{"floor":23.0,"key":"Toxic Egg 2"},{"floor":26.0,"key":"Bag of Preparation"},{"floor":27.0,"key":"Unceasing Top"},{"floor":29.0,"key":"Happy Flower"},{"floor":40.0,"key":"Molten Egg 2"},{"floor":42.0,"key":"Potion Belt"},{"floor":45.0,"key":"Prayer Wheel"},{"floor":48.0,"key":"Centennial Puzzle"},{"floor":54,"key":"Eternal Feather"}],"event_choices":[{"cards_removed":["Defend_B"],"damage_healed":0.0,"max_hp_gain":0.0,"max_hp_loss":0.0,"gold_gain":0.0,"event_name":"Golden Wing","player_choice":"Card Removal","floor":2.0,"gold_loss":0.0,"damage_taken":7.0},{"cards_removed":["Doubt"],"damage_healed":0.0,"max_hp_gain":0.0,"max_hp_loss":0.0,"gold_gain":0.0,"event_name":"The Cleric","player_choice":"Card Removal","floor":3.0,"gold_loss":50.0,"damage_taken":0.0},{"damage_healed":0.0,"max_hp_gain":0.0,"max_hp_loss":0.0,"gold_gain":0.0,"cards_transformed":["Strike_B","Strike_B"],"event_name":"Drug Dealer","player_choice":"Became Test Subject","floor":19.0,"gold_loss":0.0,"damage_taken":0.0,"cards_obtained":["Machine Learning","Doom and Gloom"]},{"damage_healed":0.0,"max_hp_gain":0.0,"max_hp_loss":0.0,"gold_gain":0.0,"event_name":"Vampires","player_choice":"Ignored","floor":20.0,"gold_loss":0.0,"damage_taken":0.0},{"damage_healed":0.0,"max_hp_gain":0.0,"max_hp_loss":0.0,"gold_gain":999.0,"event_name":"MindBloom","player_choice":"Gold","floor":36.0,"gold_loss":0.0,"damage_taken":0.0,"cards_obtained":["Normality","Normality"]},{"damage_healed":0.0,"max_hp_gain":0.0,"max_hp_loss":4.0,"gold_gain":0.0,"event_name":"Winding Halls","player_choice":"Max HP","floor":37.0,"gold_loss":0.0,"damage_taken":0.0},{"damage_healed":0.0,"max_hp_gain":0.0,"max_hp_loss":0.0,"gold_gain":0.0,"cards_transformed":["Strike_B"],"event_name":"Transmorgrifier","player_choice":"Transformed","floor":39.0,"gold_loss":0.0,"damage_taken":0.0,"cards_obtained":["Lockon"]}],"is_beta":false,"boss_relics":[{"not_picked":["Cursed Key","Fusion Hammer"],"picked":"Inserter"},{"not_picked":["Astrolabe","Velvet Choker"],"picked":"Runic Pyramid"}],"items_purged_floors":[22,38,44,53],"is_endless":false,"potions_floor_spawned":[1,7,13,16,18,21,24,40,42],"ascension_level":1}}