{"host":"2jftgrhdogeeegvp","time":1610519801,"event":{"mods":["Act Like it!","Arknights The Spire","BaseMod","Colored Map","Downfall","Gensokyo","Marisa（F雨　魔理沙）","Minty Spire (QoL Compilation)","READ ME - Guardian Mod","Reimu（博丽灵梦）","StSLib","SuperFastMode","The Cursed","The Gatherer","The Mystic"],"gold_per_floor":[118,134,59,74,88,120,120,120,147,147,147,158,186,202,202,302,302,314,324,324,599,102,102,102],"floor_reached":23,"language":"ZHS","playtime":825,"items_purged":["ats:Strike V","Regret"],"score":251,"play_id":"34935830-a919-47f3-9cbf-c67d129bed0b","local_time":"20210112223641","is_ascension_mode":false,"campfire_choices":[{"data":"ats:Emotion Absorption","floor":7,"key":"SMITH"},{"data":"ats:Armor Crushing Shot","floor":11,"key":"SMITH"},{"floor":15,"key":"RECALL"}],"circlet_count":0,"master_deck":["ats:Strike C","ats:Strike G","ats:Strike S","ats:Armor Crushing Shot+1","ats:Defend","ats:Defend","ats:Defend","ats:Defend","ats:Emotion Absorption+1","ats:Cat Scratch","ats:Ignite","ats:Consecutive Shot Auto","ats:Red Shift","ats:Counter Healing Mode","ats:Consecutive Shot Auto","ats:Burning Ground","ats:Durian","ats:Directed Diagnosis","ats:Mental Burst"],"relics":["Busted Crown","ats:Originium","Strawberry","YidongShenshe:ReiMu","Boot","Bag of Marbles","Velvet Choker","ats:Bonebreaker","ats:Ability Aura"],"acts_visited":["Exordium","TheCity"],"potions_floor_usage":[6,13,16],"damage_taken":[{"damage":1,"enemies":"Cultist","floor":1,"turns":4},{"damage":6,"enemies":"Jaw Worm","floor":2,"turns":4},{"damage":7,"enemies":"Small Slimes","floor":4,"turns":3},{"damage":10,"enemies":"3 Louse","floor":5,"turns":4},{"damage":18,"enemies":"Lagavulin","floor":6,"turns":3},{"damage":0,"enemies":"2 Fungi Beasts","floor":12,"turns":2},{"damage":15,"enemies":"3 Sentries","floor":13,"turns":5},{"damage":0,"enemies":"Red Slaver","floor":14,"turns":1},{"damage":0,"enemies":"Slime Boss","floor":16,"turns":5},{"damage":15,"enemies":"3 Byrds","floor":18,"turns":3},{"damage":25,"enemies":"2 Thieves","floor":19,"turns":3},{"damage":42,"enemies":"Gremlin Leader","floor":23,"turns":2}],"seed_played":"-5433427086998293350","potions_obtained":[{"floor":5,"key":"GrandPatriotsElixir:ReiMu"},{"floor":6,"key":"ats:Top Emergency Sanity Potion"},{"floor":12,"key":"Dexterity Potion"},{"floor":14,"key":"Fire Potion"},{"floor":16,"key":"MagicPotion:ReiMu"}],"is_trial":false,"path_per_floor":["M","M","$","M","M","E","R","?","T","?","R","M","E","M","R","B",null,"M","M","?","?","$","E"],"character_chosen":"DOCTOR_CLASS","items_purchased":["ats:Bonebreaker","ats:Ability Aura"],"campfire_rested":0,"item_purchase_floors":[22,22],"current_hp_per_floor":[71,65,65,58,48,37,37,37,37,37,37,37,22,22,22,22,79,64,39,39,39,39,0,0],"gold":102,"neow_bonus":"BOSS_RELIC","is_daily":false,"chose_seed":false,"campfire_upgraded":2,"win_rate":0.0,"timestamp":1610519801,"path_taken":["M","?","$","M","M","E","R","?","T","?","R","M","E","M","R","BOSS","M","M","?","?","$","E"],"items_purchased_type":["Relic","Relic"],"build_version":"2020-12-22","purchased_purges":2,"victory":false,"max_hp_per_floor":[72,72,72,72,72,79,79,79,79,79,79,79,79,79,79,79,79,79,79,79,79,79,79,79],"card_choices":[{"not_picked":[],"picked":"ats:Cat Scratch","floor":1},{"not_picked":[],"picked":"ats:Ignite","floor":2},{"not_picked":[],"picked":"ats:Consecutive Shot Auto","floor":4},{"not_picked":[],"picked":"ats:Red Shift","floor":5},{"not_picked":[],"picked":"ats:Counter Healing Mode","floor":6},{"not_picked":["ats:Cat Scratch"],"picked":"SKIP","floor":12},{"not_picked":[],"picked":"ats:Consecutive Shot Auto","floor":13},{"not_picked":[],"picked":"ats:Burning Ground","floor":14},{"not_picked":[],"picked":"ats:Durian","floor":16},{"not_picked":[],"picked":"ats:Directed Diagnosis","floor":18},{"not_picked":["ats:Hammer On"],"picked":"SKIP","floor":19}],"player_experience":412224,"relics_obtained":[{"floor":6,"key":"ats:Originium"},{"floor":6,"key":"Strawberry"},{"floor":9,"key":"Boot"},{"floor":13,"key":"ats:Originium"},{"floor":13,"key":"Bag of Marbles"}],"event_choices":[{"damage_healed":0,"gold_gain":0,"player_choice":"带走神社","damage_taken":0,"relics_obtained":["YidongShenshe:ReiMu"],"max_hp_gain":0,"max_hp_loss":0,"event_name":"yidonshenshe","floor":8,"gold_loss":0,"cards_obtained":["Poor:ReiMu"]},{"cards_removed":["Poor:ReiMu"],"damage_healed":0,"gold_gain":0,"player_choice":"Forget","damage_taken":0,"max_hp_gain":0,"max_hp_loss":0,"event_name":"Living Wall","floor":10,"gold_loss":0},{"damage_healed":0,"gold_gain":0,"player_choice":"Read","damage_taken":0,"max_hp_gain":0,"max_hp_loss":0,"event_name":"The Library","floor":20,"gold_loss":0,"cards_obtained":["ats:Mental Burst"]},{"damage_healed":0,"gold_gain":275,"player_choice":"Desecrate","damage_taken":0,"max_hp_gain":0,"max_hp_loss":0,"event_name":"Golden Shrine","floor":21,"gold_loss":0,"cards_obtained":["Regret"]}],"is_beta":false,"boss_relics":[{"not_picked":["Snecko Eye","Sozu"],"picked":"Velvet Choker"}],"items_purged_floors":[3,22],"is_endless":false,"potions_floor_spawned":[5,6,12,14,16],"killed_by":"Gremlin Leader","ascension_level":0}}