{"host":"2xe1naorbvdtp4t7","time":1610534754,"event":{"mods":["BaseMod","Colored Map","Colored Powertips","Dark Map","Minty Spire (QoL Compilation)","Random Character Button","Rare Cards Sparkle","Spire Birthday Party"],"gold_per_floor":[113,125,143,143,155,180,180,180,203,203,267,286,301,360,360,464,464,477,494,23,37,37,37,49,49,49],"floor_reached":25,"language":"ENG","playtime":1118,"items_purged":[],"score":205,"play_id":"29e10d06-11a3-417d-89d0-16b413b8ec71","local_time":"20210113114554","is_ascension_mode":false,"campfire_choices":[{"floor":7,"key":"REST"},{"data":"Rainbow","floor":10,"key":"SMITH"},{"floor":15,"key":"REST"},{"floor":23,"key":"REST"}],"circlet_count":0,"master_deck":["Strike_B","Strike_B","Strike_B","Strike_B","Defend_B","Defend_B","Defend_B","Defend_B","Zap","Dualcast","Conserve Battery","Stack","Go for the Eyes","Melter","Rainbow+1","Chaos","Barrage","Rebound","Multi-Cast","Conserve Battery","Hologram+1","Redo","Skim","Decay","Reinforced Body+1"],"relics":["Cracked Core","Bronze Scales","Smiling Mask","Blood Vial","Runic Pyramid","Incense Burner","Chemical X"],"acts_visited":["Exordium","TheCity"],"potions_floor_usage":[16,19,19,21,25],"damage_taken":[{"damage":4,"enemies":"2 Louse","floor":1,"turns":2},{"damage":1,"enemies":"Cultist","floor":2,"turns":3},{"damage":6,"enemies":"Jaw Worm","floor":3,"turns":3},{"damage":0,"enemies":"Looter","floor":5,"turns":3},{"damage":23,"enemies":"Gremlin Nob","floor":6,"turns":5},{"damage":9,"enemies":"3 Louse","floor":12,"turns":3},{"damage":3,"enemies":"Blue Slaver","floor":13,"turns":4},{"damage":33,"enemies":"Lagavulin Event","floor":14,"turns":5},{"damage":24,"enemies":"Hexaghost","floor":16,"turns":8},{"damage":29,"enemies":"Shell Parasite","floor":18,"turns":8},{"damage":20,"enemies":"Spheric Guardian","floor":19,"turns":5},{"damage":19,"enemies":"Cultist and Chosen","floor":21,"turns":6},{"damage":20,"enemies":"Snecko","floor":24,"turns":6},{"damage":36,"enemies":"Slavers","floor":25,"turns":3}],"seed_played":"-2936067541969974722","potions_obtained":[{"floor":0,"key":"Regen Potion"},{"floor":0,"key":"LiquidMemories"},{"floor":0,"key":"EssenceOfDarkness"},{"floor":19,"key":"Fire Potion"},{"floor":24,"key":"SkillPotion"}],"is_trial":false,"path_per_floor":["M","M","M","?","M","E","R","?","T","R","?","M","M","?","R","B",null,"M","M","$","M","?","R","M","E"],"character_chosen":"DEFECT","items_purchased":["Incense Burner","Chemical X","Redo"],"campfire_rested":3,"item_purchase_floors":[20,20,20],"current_hp_per_floor":[71,70,64,64,64,41,63,68,68,68,68,59,56,23,47,25,80,51,45,45,28,28,52,34,0,0],"gold":49,"neow_bonus":"THREE_SMALL_POTIONS","is_daily":false,"chose_seed":false,"campfire_upgraded":1,"win_rate":0.0,"timestamp":1610534754,"path_taken":["M","M","M","?","?","E","R","?","T","R","?","M","M","?","R","BOSS","M","M","$","M","?","R","M","E"],"items_purchased_type":["Relic","Relic","Card"],"build_version":"2020-12-22","purchased_purges":0,"victory":false,"max_hp_per_floor":[75,75,75,75,75,75,75,80,80,80,80,80,80,80,80,80,80,80,80,80,80,80,80,80,80,80],"card_choices":[{"not_picked":["Darkness","Hologram"],"picked":"Conserve Battery","floor":1},{"not_picked":["Compile Driver","Consume"],"picked":"Stack","floor":2},{"not_picked":["Gash","Compile Driver"],"picked":"Go for the Eyes","floor":3},{"not_picked":["Beam Cell","Compile Driver"],"picked":"Melter","floor":5},{"not_picked":["Go for the Eyes","Genetic Algorithm"],"picked":"Rainbow","floor":6},{"not_picked":["FTL","Tempest"],"picked":"Chaos","floor":12},{"not_picked":["Chill","Coolheaded"],"picked":"Barrage","floor":13},{"not_picked":["Go for the Eyes","Biased Cognition"],"picked":"Rebound","floor":14},{"not_picked":["Machine Learning","Core Surge"],"picked":"Multi-Cast","floor":16},{"not_picked":["Barrage","Go for the Eyes"],"picked":"Conserve Battery","floor":18},{"not_picked":["Redo","Barrage"],"picked":"Hologram+1","floor":19},{"not_picked":["Go for the Eyes+1","Conserve Battery+1"],"picked":"Skim","floor":21},{"not_picked":["Static Discharge+1","Rip and Tear+1"],"picked":"Reinforced Body+1","floor":24}],"player_experience":61863,"relics_obtained":[{"floor":6,"key":"Bronze Scales"},{"floor":9,"key":"Smiling Mask"},{"floor":14,"key":"Blood Vial"}],"event_choices":[{"damage_healed":0,"gold_gain":0,"player_choice":"Bought 0 Potions","damage_taken":0,"max_hp_gain":0,"max_hp_loss":0,"event_name":"The Woman in Blue","floor":4,"gold_loss":0},{"damage_healed":0,"gold_gain":0,"player_choice":"Donut","damage_taken":0,"max_hp_gain":5,"max_hp_loss":0,"event_name":"Big Fish","floor":8,"gold_loss":0},{"damage_healed":0,"gold_gain":64,"player_choice":"Gained Gold","damage_taken":0,"max_hp_gain":0,"max_hp_loss":0,"event_name":"Golden Wing","floor":11,"gold_loss":0},{"damage_healed":0,"gold_gain":0,"player_choice":"Searched \u00272\u0027 times","damage_taken":0,"max_hp_gain":0,"max_hp_loss":0,"event_name":"Dead Adventurer","floor":14,"gold_loss":0},{"damage_healed":0,"gold_gain":0,"player_choice":"Smashed Altar","damage_taken":0,"max_hp_gain":0,"max_hp_loss":0,"event_name":"Forgotten Altar","floor":22,"gold_loss":0,"cards_obtained":["Decay"]}],"is_beta":false,"boss_relics":[{"not_picked":["Empty Cage","Velvet Choker"],"picked":"Runic Pyramid"}],"items_purged_floors":[],"is_endless":false,"potions_floor_spawned":[2,3,12,19,24],"killed_by":"Slavers","ascension_level":0}}