{"host":"npubv26u89aif4fa","time":1610527531,"event":{"mods":["Astrologer","BaseMod","Better Vampires","Better-Laid Plans","Colored Powertips","GifTheSpireLib","GungeonMod","HornydragonMod","Hubris","Jedi Mod","Minty Spire (QoL Compilation)","Quick Restart","Remilia（蕾米莉亚）","Replay The Spire","StSLib","Td1madao Mod","The Administrix","The Alterego","The Bug Knight","The Cursed","The Runesmith","Yuri Mod","残留之物"],"gold_per_floor":[20,20,34,51,67,67,97,97,176,209,209,163,163,180,180,277,277,296,296,296,311,329,364,364,396,396,412,412,213,213,247,247,352,352,369,135,135,151,190,190,221,237,237,248,261,278,278,295,295,295,295,295,11,44,44],"floor_reached":56,"language":"ZHS","playtime":4687,"items_purged":["Strike_B","Strike_B+1"],"score":1122,"play_id":"341d960d-c2f9-4d18-8e8c-4f38bed9008b","local_time":"20210113164531","is_ascension_mode":false,"campfire_choices":[{"data":"BasicCrystalCard","floor":6.0,"key":"SMITH"},{"floor":8.0,"key":"RECALL"},{"floor":15.0,"key":"REST"},{"floor":24.0,"key":"REST"},{"floor":28.0,"key":"REST"},{"data":"ReplayTheSpireMod:Calculation Training","floor":40.0,"key":"SMITH"},{"data":"hubris:Ukulele","floor":49,"key":"SMITH"},{"data":"jedi:markofdeath","floor":52,"key":"SMITH"}],"circlet_count":0,"master_deck":["Strike_B+1","Defend_B","Defend_B","Defend_B","Defend_B","Zap","Dualcast","Heatsinks","Time Bomb","BasicCrystalCard+1","jedi:markofdeath+1","ReplayTheSpireMod:Calculation Training+1","Force Field","Creative AI","Ball Lightning","Heatsinks","Voices","Self Repair+1","jedi:BurstFrost+1","jedi:bruteforce","hubris:SpecializedCircuitry+1","Panic Button","FIFO Queue+1","Madness","Madness","Time Bomb","Looming Evil","BasicCrystalCard+1","BasicCrystalCard+1","Stack","Hologram+1","jedi:BattleThirst","Ball Lightning+1","hubris:Ukulele+1","Static Discharge+1","Rip and Tear+1","Barrage+1"],"relics":["Cracked Core","Iron Hammer","Carrot","DemoMod:MemoryAlloy","Membership Card","PlaceholderMod:FlatBlood","ReplayTheSpireMod:Ring of Addiction","hubris:EmptyBottle","SacredBark","Cursed Key","Enchiridion","Frozen Egg 2","HollowMod:PaleOreRelic","Art of War","Darkstone Periapt","alterego_mod:SomeoneToFightFor","yuri:PortableGlitches","SlaversCollar","hubris:ToyBattleship","TheAbacus","Runesmith:AutoHammer","Bottled Tornado","Sundial","Blood Vial","Replay:Bottled Flurry"],"acts_visited":["Exordium","TheCity","TheBeyond","TheEnding"],"potions_floor_usage":[44,45,46,48,50,50,55,55,55],"damage_taken":[{"damage":0.0,"enemies":"2 Louse","floor":1.0,"turns":1.0},{"damage":6.0,"enemies":"Jaw Worm","floor":3.0,"turns":3.0},{"damage":0.0,"enemies":"Cultist","floor":4.0,"turns":4.0},{"damage":4.0,"enemies":"Looter","floor":5.0,"turns":3.0},{"damage":24.0,"enemies":"Gremlin Nob","floor":7.0,"turns":4.0},{"damage":13.0,"enemies":"Lagavulin","floor":10.0,"turns":5.0},{"damage":0.0,"enemies":"Large Slime","floor":14.0,"turns":3.0},{"damage":13.0,"enemies":"Slime Boss","floor":16.0,"turns":8.0},{"damage":0.0,"enemies":"3 Byrds","floor":18.0,"turns":5.0},{"damage":0.0,"enemies":"Chosen","floor":21.0,"turns":5.0},{"damage":44.0,"enemies":"3 Cultists","floor":22.0,"turns":4.0},{"damage":18.0,"enemies":"Book of Stabbing","floor":23.0,"turns":5.0},{"damage":0.0,"enemies":"Slavers","floor":25.0,"turns":2.0},{"damage":12.0,"enemies":"Sentry and Sphere","floor":27.0,"turns":4.0},{"damage":4.0,"enemies":"Book of Stabbing","floor":31.0,"turns":6.0},{"damage":53.0,"enemies":"Automaton","floor":33.0,"turns":10.0},{"damage":4.0,"enemies":"Orb Walker","floor":35.0,"turns":3.0},{"damage":17.0,"enemies":"3 Darklings","floor":38.0,"turns":5.0},{"damage":29.0,"enemies":"Reptomancer","floor":41.0,"turns":6.0},{"damage":38.0,"enemies":"Transient","floor":42.0,"turns":5.0},{"damage":24,"enemies":"Sphere and 2 Shapes","floor":44,"turns":6},{"damage":25,"enemies":"3 Darklings","floor":45,"turns":4},{"damage":0,"enemies":"Maw","floor":46,"turns":5},{"damage":25,"enemies":"Writhing Mass","floor":48,"turns":3},{"damage":59,"enemies":"Replay:Hell Engine","floor":50,"turns":9},{"damage":93,"enemies":"Shield and Spear","floor":54,"turns":5},{"damage":99,"enemies":"The Heart","floor":55,"turns":7}],"seed_played":"3743235163886326727","potions_obtained":[{"floor":3.0,"key":"Explosive Potion"},{"floor":7.0,"key":"Strength Potion"},{"floor":10.0,"key":"SkillPotion"},{"floor":13.0,"key":"AttackPotion"},{"floor":14.0,"key":"FairyPotion"},{"floor":16.0,"key":"FocusPotion"},{"floor":18.0,"key":"jedi:coolantleak"},{"floor":23.0,"key":"Explosive Potion"},{"floor":31.0,"key":"FearPotion"},{"floor":33.0,"key":"Fire Potion"},{"floor":39.0,"key":"AttackPotion"},{"floor":41.0,"key":"PlaceholderMod:PlaceholderPotion"},{"floor":42.0,"key":"Weak Potion"},{"floor":44,"key":"AttackPotion"},{"floor":46,"key":"LiquidMemories"},{"floor":48,"key":"jedi:StrikingPotion"}],"is_trial":false,"path_per_floor":["M","?","M","M","M","R","E","R","T","E","$","?","?","M","R","B",null,"M","?","?","M","M","E","R","E","T","M","R","$","?","E","R","B",null,"M","$","?","M","?","R","E","M","T","M","M","M","?","M","R","B",null,"R","$","E","B",null],"character_chosen":"DEFECT","items_purchased":["Membership Card","PlaceholderMod:FlatBlood","Darkstone Periapt","Self Repair+1","FIFO Queue+1","hubris:ToyBattleship","TheAbacus","Sundial","Blood Vial","Static Discharge+1","Rip and Tear+1","Elixir"],"campfire_rested":3,"item_purchase_floors":[11,11,29,29,36,36,36,53,53,53,53,53],"current_hp_per_floor":[89,71,65,65,61,61,37,37,37,24,4,4,4,4,30,17,89,89,89,73,73,29,11,37,37,37,25,51,51,51,57,57,14,87,85,85,74,83,89,89,83,89,95,95,84,94,94,76,76,55,95,95,95,64,20],"gold":44,"neow_bonus":"TWENTY_PERCENT_HP_BONUS","is_daily":false,"chose_seed":false,"campfire_upgraded":4,"win_rate":0.0,"timestamp":1610527531,"path_taken":["M","?","M","M","M","R","E","R","T","E","?","?","?","?","R","BOSS","M","?","?","M","M","E","R","E","T","M","R","$","?","E","R","BOSS","M","$","?","M","?","R","E","M","T","M","M","M","?","M","R","BOSS","R","$","E","BOSS"],"items_purchased_type":["Relic","Relic","Relic","Card","Card","Relic","Relic","Relic","Relic","Card","Card","Potion"],"build_version":"2020-12-22","purchased_purges":2,"victory":true,"max_hp_per_floor":[89,89,89,89,89,89,89,89,89,89,89,89,89,89,89,89,89,89,89,89,89,89,89,89,89,89,89,89,87,87,87,87,87,87,85,85,85,83,89,89,89,89,95,95,95,95,95,95,95,95,95,95,95,93,93],"card_choices":[{"not_picked":["Beam Cell","jedi:BurstLightning"],"picked":"Heatsinks","floor":1.0},{"not_picked":["Barrage","Doom and Gloom"],"picked":"Time Bomb","floor":3.0},{"not_picked":["Turbo","Beam Cell","Rebound"],"picked":"SKIP","floor":4.0},{"not_picked":["Steam","jedi:blockon"],"picked":"BasicCrystalCard","floor":5.0},{"not_picked":["jedi:hex","jedi:overflow"],"picked":"jedi:markofdeath","floor":7.0},{"not_picked":["Barrage","Conserve Battery"],"picked":"ReplayTheSpireMod:Calculation Training","floor":10.0},{"not_picked":["Darkness","Reprogram"],"picked":"Force Field","floor":14.0},{"not_picked":["hubris:Prefetch","jedi:gatheringstorm"],"picked":"Creative AI","floor":16.0},{"not_picked":["Redo","Aggregate","Leap"],"picked":"SKIP","floor":18.0},{"not_picked":["ReplaySort","BasicCrystalCard"],"picked":"Ball Lightning","floor":21.0},{"not_picked":["Gash+1","jedi:BurstFrost"],"picked":"Heatsinks","floor":22.0},{"not_picked":["Turbo","Go for the Eyes","ReplayGash"],"picked":"SKIP","floor":23.0},{"not_picked":["Steam","Go for the Eyes","jedi:darknesscall"],"picked":"SKIP","floor":25.0},{"not_picked":["Rebound","Steam","Aggregate"],"picked":"SKIP","floor":27.0},{"not_picked":["jedi:blockon","Coolheaded"],"picked":"jedi:BurstFrost+1","floor":31.0},{"not_picked":["Reboot","Seek"],"picked":"hubris:SpecializedCircuitry+1","floor":33.0},{"not_picked":["Coolheaded","jedi:hex+1"],"picked":"Panic Button","floor":35.0},{"not_picked":["Conserve Battery+1","jedi:BurstFrost"],"picked":"Time Bomb","floor":38.0},{"not_picked":["Stack","Redo+1"],"picked":"BasicCrystalCard+1","floor":39.0},{"not_picked":["Steam Power","Streamline+1"],"picked":"BasicCrystalCard+1","floor":39.0},{"not_picked":["jedi:BurstFrost+1","ReplayTheSpireMod:System Scan+1"],"picked":"Stack","floor":41.0},{"not_picked":["Beam Cell+1","Stack+1"],"picked":"Hologram+1","floor":42.0},{"not_picked":["Undo","Reprogram+1"],"picked":"Ball Lightning+1","floor":44},{"not_picked":["Sweeping Beam","Force Field","Rebound+1"],"picked":"SKIP","floor":45},{"not_picked":["Redo+1","jedi:BurstFrost+1"],"picked":"hubris:Ukulele","floor":46},{"not_picked":["Aggregate+1","Turbo+1","Sweeping Beam+1"],"picked":"SKIP","floor":48},{"not_picked":["Conserve Battery","Reinforced Body"],"picked":"Barrage+1","floor":54}],"player_experience":257412,"relics_obtained":[{"floor":7.0,"key":"Iron Hammer"},{"floor":9.0,"key":"Carrot"},{"floor":10.0,"key":"DemoMod:MemoryAlloy"},{"floor":13.0,"key":"ReplayTheSpireMod:Ring of Addiction"},{"floor":13.0,"key":"hubris:EmptyBottle"},{"floor":13.0,"key":"SacredBark"},{"floor":20.0,"key":"Enchiridion"},{"floor":23.0,"key":"Frozen Egg 2"},{"floor":25.0,"key":"HollowMod:PaleOreRelic"},{"floor":26.0,"key":"Art of War"},{"floor":31.0,"key":"yuri:PortableGlitches"},{"floor":39.0,"key":"Runesmith:AutoHammer"},{"floor":41.0,"key":"Bottled Tornado"},{"floor":54,"key":"Replay:Bottled Flurry"}],"event_choices":[{"damage_healed":0.0,"max_hp_gain":0.0,"max_hp_loss":0.0,"gold_gain":0.0,"event_name":"Shining Light","player_choice":"Entered Light","floor":2.0,"gold_loss":0.0,"damage_taken":18.0,"cards_upgraded":["Strike_B","Strike_B"]},{"damage_healed":0.0,"max_hp_gain":0.0,"max_hp_loss":0.0,"gold_gain":0.0,"event_name":"World of Goop","player_choice":"Left Gold","floor":12.0,"gold_loss":46.0,"damage_taken":0.0},{"damage_healed":0.0,"max_hp_gain":0.0,"max_hp_loss":0.0,"gold_gain":0.0,"event_name":"Ghosts","player_choice":"Ignored","floor":19.0,"gold_loss":0.0,"damage_taken":0.0},{"damage_healed":0.0,"max_hp_gain":0.0,"max_hp_loss":0.0,"gold_gain":0.0,"event_name":"Cursed Tome","player_choice":"Obtained Book","floor":20.0,"gold_loss":0.0,"damage_taken":16.0},{"damage_healed":0.0,"max_hp_gain":0.0,"max_hp_loss":0.0,"gold_gain":0.0,"event_name":"爱的神圣花园","player_choice":"Choice 2","floor":30.0,"gold_loss":0.0,"damage_taken":0.0,"relics_obtained":["alterego_mod:SomeoneToFightFor"]},{"damage_healed":0.0,"max_hp_gain":0.0,"max_hp_loss":0.0,"gold_gain":0.0,"event_name":"Winding Halls","player_choice":"Embrace Madness","floor":37.0,"gold_loss":0.0,"damage_taken":11.0,"cards_obtained":["Madness","Madness"]},{"damage_healed":0,"gold_gain":0,"player_choice":"Ignored","damage_taken":0,"max_hp_gain":0,"max_hp_loss":0,"event_name":"SecretPortal","floor":47,"gold_loss":0}],"is_beta":false,"boss_relics":[{"not_picked":["hubris:Stopwatch","hubris:Backtick"],"picked":"Cursed Key"},{"not_picked":["Replay:Grab Bag","hubris:RunicObelisk"],"picked":"SlaversCollar"}],"items_purged_floors":[29,36],"is_endless":false,"potions_floor_spawned":[3,7,10,14,16,18,23,31,33,41,42,44,46,48],"ascension_level":0}}