{"host":"pno9h1fupbyz205f","time":1610581276,"event":{"mods":["Aspiration","BaseMod","Better Altar","Better Match","Better Note","Better Sensory Stone","Better Skull","Better Third Choice","Colored Map","Colored Powertips","Downfall","Hubris","Infinite Spire","Jedi Mod","Mad Scientist","Marisa????????","Minty Spire (QoL Compilation)","Permanent Neow","Potionbrewer","Replay The Spire","Shop Mod","Spicy Shops","StSLib","Td1madao Mod","The Blackbeard","The Gatherer","The Hierophant","The Poker Player","The Runesmith","The Servant 0.9.4","The Vixen","thorton","vexMod"],"gold_per_floor":[119,138,138,148,164,164,89,114,114,125,125,142,217,73,73,170,170,182,182,57,57,57,57,72,72,125,152,152,187,187,187,187,285,285,203,253,313,325,342,342,373,373,373,373,404,416,356,369,369,465,465,465,468,477,477,427,445,456,456,524,524,67,84,84,108,108,183,183,202,202,202,228,281,295,295,340,340,340,363,387,402,20,29,155,155,186,186,191,206,206,206,187,187,196,254,254,254,293,293,311,63,63,162,162,162,171,171,171,171,171,188,188,206,206,206,215,11,11,35,35,35,266,266,279,285,330,330,330,415,415,415,484,484,546,558,570,557,569,695,707,734,767,400,139,139,169,169,200,200,134,166,235,235,610,610,836,836,835,835],"floor_reached":158,"language":"ENG","playtime":6422,"items_purged":["Magnetism","MadScienceMod:Strike_MadScience","MadScienceMod:PoweredStrike","MadScienceMod:HideBehindJunk","MadScienceMod:Strike_MadScience","MadScienceMod:Strike_MadScience","Amnesia","expansioncontent:DashGenerateEvil+1"],"score":3497,"play_id":"e5bffb2b-d7a5-4e82-9681-7f34ea73d95c","local_time":"20210113154116","daily_mods":["Allstar","Heirloom","Time Dilation"],"is_ascension_mode":false,"campfire_choices":[{"data":"expansioncontent:DashGenerateEvil","floor":6.0,"key":"SMITH"},{"data":"ReplayUltimateDefense","floor":11.0,"key":"SMITH"},{"floor":15.0,"key":"REST"},{"data":"Aggregate","floor":21.0,"key":"SMITH"},{"data":"Replay:Bootleg Shield Generator","floor":23.0,"key":"SMITH"},{"data":"MadScienceMod:Refuel","floor":25.0,"key":"SMITH"},{"floor":28.0,"key":"REST"},{"data":"MadScienceMod:Refuel+1","floor":30.0,"key":"SMITH"},{"data":"MadScienceMod:Browse","floor":32.0,"key":"SMITH"},{"floor":40.0,"key":"REST"},{"data":"MadScienceMod:Refine","floor":42.0,"key":"SMITH"},{"data":"MadScienceMod:FlexibleSpear","floor":44.0,"key":"SMITH"},{"data":"Guardian:Aged","floor":49.0,"key":"PURGE"},{"data":"MadScienceMod:Tinker","floor":52.0,"key":"SMITH"},{"data":"MadScienceMod:GattlingGun","floor":61.0,"key":"SMITH"},{"data":"MadScienceMod:Lightbulb","floor":64.0,"key":"SMITH"},{"data":"MadScienceMod:PowerArmor","floor":66.0,"key":"SMITH"},{"data":"infinitespire:NeuralNetwork","floor":75.0,"key":"SMITH"},{"data":"MadScienceMod:Refuel+2","floor":78.0,"key":"SMITH"},{"data":"MadScienceMod:Browse+1","floor":83.0,"key":"SMITH"},{"data":"infinitespire:Punishment","floor":93.0,"key":"SMITH"},{"data":"infinitespire:Collect","floor":97.0,"key":"SMITH"},{"data":"MadScienceMod:Assemble","floor":99.0,"key":"SMITH"},{"data":"Replay:SS_forest_6","floor":102.0,"key":"SMITH"},{"data":"MadScienceMod:Generator","floor":105.0,"key":"SMITH"},{"data":"MadScienceMod:Refuel+3","floor":112.0,"key":"SMITH"},{"data":"MadScienceMod:Booster","floor":114.0,"key":"SMITH"},{"data":"Replay:Bootleg Shield Generator","floor":118.0,"key":"SMITH"},{"data":"MadScienceMod:Browse+2","floor":120.0,"key":"SMITH"},{"data":"MadScienceMod:Refuel+4","floor":121.0,"key":"SMITH"},{"data":"MadScienceMod:Tinker","floor":130.0,"key":"SMITH"},{"data":"MadScienceMod:GattlingGun","floor":133.0,"key":"SMITH"},{"data":"MadScienceMod:ExtractOil","floor":136.0,"key":"SMITH"},{"data":"Cloak And Dagger","floor":138.0,"key":"SMITH"},{"data":"Replay:SS_forest_2","floor":145.0,"key":"SMITH"},{"data":"infinitespire:Menacing","floor":147,"key":"SMITH"},{"floor":155,"key":"DIG"}],"circlet_count":0,"master_deck":["ReplayUltimateDefense+1","Good Instincts+1","Replay:Bootleg Shield Generator+1","MadScienceMod:RadioactiveSword+1","MadScienceMod:RadioactiveSword","MadScienceMod:Refuel+5","MadScienceMod:GattlingGun+1","MadScienceMod:Refine+1","MadScienceMod:FlexibleSpear+1","Aggregate+1","MadScienceMod:Browse+3","Parasite","MadScienceMod:Tinker+1","MadScienceMod:ExtractOil+1","MadScienceMod:BandageBot+1","Parasite","MadScienceMod:RadioactiveSword+1","MadScienceMod:NowOrNever+1","MadScienceMod:Poke+1","MadScienceMod:Tinker+1","Cloak And Dagger","Cloak And Dagger","Cloak And Dagger+1","MadScienceMod:Lightbulb+1","MadScienceMod:PowerArmor+1","MadScienceMod:Booster+1","infinitespire:NeuralNetwork+1","Injury","MadScienceMod:ExtractOil+1","infinitespire:Punishment+1","MadScienceMod:Assemble+1","MadScienceMod:RadioactiveSword+1","infinitespire:Collect+1","expansioncontent:CaCaw+1","Replay:SS_forest_6+1","MadScienceMod:Generator+1","Replay:Bootleg Shield Generator+1","MadScienceMod:GattlingGun+1","MadScienceMod:Tinker+1","Bite","Bite","Bite","Bite","Bite","MadScienceMod:Booster","Inflame","ReplayTheSpireMod:IOU","Replay:SS_forest_2+1","infinitespire:Menacing+1","Flash of Steel","Metallicize","MadScienceMod:CondenseVapors"],"relics":["StoneCalendar","m_ChemicalBlood","jedi:arcanewood","Replay:Bottled Snecko","aspiration:PoetsPen_weak","Bottled Lightning","vexMod:TanglingVine","Juzu Bracelet","Ring of Hypnosis","Ring of Misfortune","Snack Pack","Replay:Towering Pillar of Hats","Bird Faced Urn","Blue Candle","sneckomod:BlankCard","Sozu","jedi:bottledfury","Iron Hammer","hubris:SlimyHat","MerchantsRug","Replay:Bandana","sneckomod:SneckoTalon","Bronze Scales","Red Mask","vexMod:Dragonfruit","hubris:DeckOfHolding","CeramicFish","hexamod:BolsterEngine","Runesmith:AutoHammer","vexMod:BigBerry","jedi:angrymask","aspiration:MobileForge","potionbrewer:SlideRule","Garlic","Vajra","Black Star","hubris:DisguiseKit","jedi:heavyjacket","Torii","Happy Flower","SlaversCollar","hubris:Towel","vexMod:PlasmaPancake","infinitespire:Beetle Shell","vexMod:ScavengeHelm","infinitespire:ShieldingShard","infinitespire:PuzzleCube","hubris:TinFlute","ReplayTheSpireMod:CursedCoin","potionbrewer:SalesContract","Mummified Hand","MadScienceMod:ExhaustVents","aspiration:Lifesprig","Akabeko","Bag of Marbles","infinitespire:WardingShard","hubris:Icosahedron","Old Coin","jedi:shrinkray","Replay:Drink Me"],"acts_visited":["Exordium","TheCity","TheBeyond","Exordium","TheCity","TheBeyond","Exordium","TheCity","TheBeyond","Exordium"],"potions_floor_usage":[],"damage_taken":[{"damage":2.0,"enemies":"Cultist","floor":1.0,"turns":4.0},{"damage":0.0,"enemies":"2 Louse","floor":2.0,"turns":2.0},{"damage":0.0,"enemies":"Small Slimes","floor":4.0,"turns":2.0},{"damage":4.0,"enemies":"Looter","floor":5.0,"turns":3.0},{"damage":3.0,"enemies":"Lagavulin","floor":8.0,"turns":8.0},{"damage":0.0,"enemies":"Red Slaver","floor":10.0,"turns":4.0},{"damage":6.0,"enemies":"Large Slime","floor":12.0,"turns":4.0},{"damage":4.0,"enemies":"Hexaghost","floor":16.0,"turns":10.0},{"damage":0.0,"enemies":"Chosen","floor":18.0,"turns":3.0},{"damage":8.0,"enemies":"2 Thieves","floor":24.0,"turns":3.0},{"damage":34.0,"enemies":"Nightmare","floor":27.0,"turns":6.0},{"damage":16.0,"enemies":"Slavers","floor":29.0,"turns":5.0},{"damage":13.0,"enemies":"Champ","floor":33.0,"turns":9.0},{"damage":0.0,"enemies":"Orb Walker","floor":35.0,"turns":5.0},{"damage":0.0,"enemies":"Mind Bloom Boss Battle","floor":36.0,"turns":4.0},{"damage":44.0,"enemies":"3 Shapes","floor":38.0,"turns":4.0},{"damage":35.0,"enemies":"Writhing Mass","floor":39.0,"turns":5.0},{"damage":39.0,"enemies":"Nemesis","floor":41.0,"turns":7.0},{"damage":46.0,"enemies":"Giant Head","floor":45.0,"turns":9.0},{"damage":0.0,"enemies":"Spire Growth","floor":46.0,"turns":2.0},{"damage":16.0,"enemies":"3 Darklings","floor":48.0,"turns":5.0},{"damage":40.0,"enemies":"Awakened One","floor":50.0,"turns":7.0},{"damage":11.0,"enemies":"2 Louse","floor":53.0,"turns":3.0},{"damage":11.0,"enemies":"Small Slimes","floor":54.0,"turns":2.0},{"damage":3.0,"enemies":"Gremlin Nob","floor":57.0,"turns":2.0},{"damage":0.0,"enemies":"Cultist","floor":58.0,"turns":2.0},{"damage":0.0,"enemies":"Lots of Slimes","floor":63.0,"turns":1.0},{"damage":0.0,"enemies":"Blue Slaver","floor":65.0,"turns":1.0},{"damage":28.0,"enemies":"Hexaghost","floor":67.0,"turns":5.0},{"damage":0.0,"enemies":"2 Thieves","floor":69.0,"turns":2.0},{"damage":0.0,"enemies":"Chosen","floor":72.0,"turns":1.0},{"damage":7.0,"enemies":"Masked Bandits","floor":73.0,"turns":3.0},{"damage":27.0,"enemies":"Nightmare","floor":74.0,"turns":6.0},{"damage":0.0,"enemies":"Slavers","floor":76.0,"turns":3.0},{"damage":0.0,"enemies":"Book of Stabbing","floor":79.0,"turns":2.0},{"damage":23.0,"enemies":"Centurion and Healer","floor":80.0,"turns":3.0},{"damage":0.0,"enemies":"Shelled Parasite and Fungi","floor":81.0,"turns":2.0},{"damage":49.0,"enemies":"Collector","floor":84.0,"turns":4.0},{"damage":20.0,"enemies":"3 Darklings","floor":86.0,"turns":2.0},{"damage":8.0,"enemies":"3 Shapes","floor":88.0,"turns":3.0},{"damage":9.0,"enemies":"Sphere and 2 Shapes","floor":89.0,"turns":3.0},{"damage":41.0,"enemies":"Transient","floor":92.0,"turns":5.0},{"damage":29.0,"enemies":"R_Hoarder","floor":95.0,"turns":3.0},{"damage":0.0,"enemies":"3 Darklings","floor":98.0,"turns":2.0},{"damage":58.0,"enemies":"Time Eater","floor":103.0,"turns":4.0},{"damage":0.0,"enemies":"Small Slimes","floor":111.0,"turns":2.0},{"damage":1.0,"enemies":"Jaw Worm","floor":113.0,"turns":1.0},{"damage":0.0,"enemies":"Cultist","floor":119.0,"turns":1.0},{"damage":0.0,"enemies":"Fading Forest","floor":122.0,"turns":3.0},{"damage":0.0,"enemies":"3 Byrds","floor":124.0,"turns":2.0},{"damage":0.0,"enemies":"Shell Parasite","floor":125.0,"turns":3.0},{"damage":0.0,"enemies":"Gremlin Leader","floor":129.0,"turns":2.0},{"damage":0.0,"enemies":"Book of Stabbing","floor":134.0,"turns":2.0},{"damage":0.0,"enemies":"Collector","floor":139.0,"turns":4.0},{"damage":0.0,"enemies":"Orb Walker","floor":141.0,"turns":2.0},{"damage":0.0,"enemies":"3 Darklings","floor":142.0,"turns":3.0},{"damage":13.0,"enemies":"Nightmare_Alpha","floor":146.0,"turns":4.0},{"damage":0,"enemies":"Reptomancer","floor":148,"turns":2},{"damage":0,"enemies":"Writhing Mass","floor":151,"turns":2},{"damage":26,"enemies":"Maw","floor":152,"turns":4},{"damage":0,"enemies":"2 Orb Walkers","floor":154,"turns":2},{"damage":47,"enemies":"infinitespire:LordOfFortification","floor":156,"turns":8},{"damage":0,"enemies":"Cultist","floor":158,"turns":1}],"seed_played":"-6035572610843339621","potions_obtained":[{"floor":1.0,"key":"SmokeBomb"},{"floor":4.0,"key":"GamblersBrew"},{"floor":8.0,"key":"Fire Potion"},{"floor":18.0,"key":"Doom Potion"},{"floor":27.0,"key":"Explosive Potion"},{"floor":33.0,"key":"Elixir"},{"floor":37.0,"key":"MadScienceMod:FuelPotion"},{"floor":37.0,"key":"LiquidMemories"},{"floor":39.0,"key":"potionbrewer:FreezingPotion"},{"floor":41.0,"key":"potionbrewer:DiscountPotion"},{"floor":46.0,"key":"Fire Potion"}],"is_trial":true,"path_per_floor":["M","M","?","M","M","R","$","E","T","M","R","M","?","$","R","B",null,"M","?","$","R","AVR","R","M","R","T","NM","R","E","R","?","R","B",null,"M","?","?","M","M","R","E","R","T","R","E","M","?","M","R_BF","B",null,"R","M","M","?","?","E","M","?","T","R","$","M","R","M","R","B",null,"M","?","?","M","?","NM","R","E","T","R","E","M","M","$","R","B",null,"M","?","M","M","PTL","PTL","M","R","AVR","E","T","R","M","R","?","$","R","B",null,"R","?","?","?","PTL","PTL","M","R","M","R","T","?","$","R","M","R","R","B",null,"M","M","?","?","?","E","R","T","T","R","E","$","R","?","R","B",null,"M","M","$","$","R","NM","R","E","T","?","M","M","?","?","R_BF","B",null,"M"],"character_chosen":"MAD_SCIENTIST","items_purchased":["MadScienceMod:GattlingGun","hubris:SlimyHat","MerchantsRug","MadScienceMod:Lightbulb","Replay:Bandana","hexamod:BolsterEngine","Runesmith:AutoHammer","MadScienceMod:ExtractOil","Vajra","Happy Flower","hubris:TinFlute","ReplayTheSpireMod:CursedCoin","potionbrewer:SalesContract","Replay:SS_forest_2","Mummified Hand"],"campfire_rested":3,"item_purchase_floors":[14,62,62,62,62,82,82,82,101,117,143,143,143,143,144],"current_hp_per_floor":[73,73,73,73,69,69,69,68,68,69,69,64,53,53,75,75,75,75,75,75,75,75,75,71,71,71,45,67,56,56,56,56,53,75,75,75,57,29,25,47,44,44,44,44,37,55,55,61,61,52,75,75,72,71,71,71,75,75,75,75,75,75,75,75,75,75,64,75,75,58,58,70,75,75,75,80,80,80,80,79,80,80,80,51,110,100,100,109,110,110,110,90,90,90,83,83,83,105,105,105,105,105,80,110,110,110,110,110,110,110,110,110,110,110,110,110,110,110,110,110,110,110,110,110,110,110,110,110,116,116,116,116,116,116,116,116,116,116,116,116,116,116,116,116,116,116,116,116,116,116,116,106,106,116,116,105,87,87,87],"gold":835,"neow_bonus":"","is_daily":false,"chose_seed":false,"campfire_upgraded":32,"win_rate":0.0,"timestamp":1610581276,"path_taken":["?","M","?","M","M","R","$","E","T","M","R","M","?","$","R","BOSS","M","?","?","?","AVR","R","?","R","T","NM","R","E","R","?","R","BOSS","M","?","?","M","M","R","E","R","T","R","E","M","?","M","R_BF","BOSS","?","M","M","?","?","E","M","?","T","R","$","M","R","M","R","BOSS","M","?","?","M","?","NM","R","E","T","R","E","M","M","$","R","BOSS","M","?","M","M","PTL","PTL","M","R","AVR","E","T","R","M","?","?","?","R","BOSS","?","?","?","?","PTL","PTL","M","R","M","R","T","?","$","R","M","?","R","BOSS","M","M","?","?","?","E","R","?","T","R","E","$","R","?","R","BOSS","M","M","?","$","?","NM","R","E","T","?","M","M","?","?","R_BF","BOSS","M"],"items_purchased_type":["Card","Relic","Relic","Card","Relic","Relic","Relic","Card","Relic","Relic","Relic","Relic","Relic","Card","Relic"],"build_version":"2020-12-22","purchased_purges":8,"victory":false,"max_hp_per_floor":[75,75,75,75,75,75,75,75,75,75,75,75,75,75,75,75,75,75,75,75,75,75,75,75,75,75,75,75,75,75,75,75,75,75,75,75,75,75,75,75,75,75,75,75,75,75,75,75,75,75,75,75,75,75,75,75,75,75,75,75,75,75,75,75,75,75,75,75,75,75,75,75,75,75,75,80,80,80,80,80,80,80,80,80,110,110,110,110,110,110,110,110,110,110,110,110,110,110,110,110,110,110,110,110,110,110,110,110,110,110,110,110,110,110,110,110,110,110,110,110,110,110,110,110,110,110,110,110,116,116,116,116,116,116,116,116,116,116,116,116,116,116,116,116,116,116,116,116,116,116,116,116,116,116,116,116,87,87,87],"card_choices":[{"not_picked":["MadScienceMod:AcidSpray","MadScienceMod:NowOrNever"],"picked":"MadScienceMod:RadioactiveSword","floor":1.0},{"not_picked":["MadScienceMod:FlammableWall","MadScienceMod:FumeBlast"],"picked":"MadScienceMod:ShrinkRay","floor":2.0},{"not_picked":["MadScienceMod:AutoStrike","MadScienceMod:AssemblyLine","MadScienceMod:MakeOrBreak"],"picked":"SKIP","floor":4.0},{"not_picked":["MadScienceMod:Detonate","MadScienceMod:Redesign","MadScienceMod:MindControlBeam"],"picked":"SKIP","floor":5.0},{"not_picked":["MadScienceMod:AntimatterBomb","MadScienceMod:SoftenUp","MadScienceMod:Virus"],"picked":"SKIP","floor":8.0},{"not_picked":["MadScienceMod:BandageBot","MadScienceMod:AcidSpray"],"picked":"MadScienceMod:RadioactiveSword","floor":10.0},{"not_picked":["MadScienceMod:Sprocket","MadScienceMod:FlexibleSpear"],"picked":"MadScienceMod:Refuel","floor":12.0},{"not_picked":["MadScienceMod:CloneVats","MadScienceMod:GatherParts"],"picked":"MadScienceMod:Refine","floor":16.0},{"not_picked":["MadScienceMod:AcidSpray","MadScienceMod:AssemblyLine"],"picked":"MadScienceMod:FlexibleSpear","floor":18.0},{"not_picked":["MadScienceMod:FumeBlast","MadScienceMod:ParticleBeam"],"picked":"MadScienceMod:Browse","floor":24.0},{"not_picked":["MadScienceMod:FragmentationGrenade","MadScienceMod:AcidSpray","MadScienceMod:AutoStrike+1"],"picked":"SKIP","floor":27.0},{"not_picked":["MadScienceMod:FragmentationGrenade","MadScienceMod:AcidSpray","MadScienceMod:AutoStrike+1"],"picked":"SKIP","floor":27.0},{"not_picked":["MadScienceMod:GoldenGun","MadScienceMod:AntimatterBomb","MadScienceMod:Refuel"],"picked":"SKIP","floor":29.0},{"not_picked":["MadScienceMod:Reconstitute","MadScienceMod:GatherParts"],"picked":"MadScienceMod:Tinker","floor":33.0},{"not_picked":["hubris:Sloth","Looming Evil"],"picked":"Overencumbered","floor":34.0},{"not_picked":["ReplayTheSpireMod:Restless Dread","Languid"],"picked":"Guardian:Aged","floor":34.0},{"not_picked":["Parasite","hubris:Wrath"],"picked":"ReplayTheSpireMod:IOU","floor":34.0},{"not_picked":["MadScienceMod:SelfDestruct","MadScienceMod:FlexibleSpear"],"picked":"MadScienceMod:ExtractOil+1","floor":35.0},{"not_picked":["MadScienceMod:Browse+1","MadScienceMod:AssemblyLine"],"picked":"MadScienceMod:FlameCannon+1","floor":36.0},{"not_picked":["MadScienceMod:TimeDilationField+1","MadScienceMod:MechanicalClaw"],"picked":"MadScienceMod:Bayonet+1","floor":37.0},{"not_picked":["MadScienceMod:EnergyBarrier+1","MadScienceMod:Detonate"],"picked":"MadScienceMod:BandageBot+1","floor":38.0},{"not_picked":["MadScienceMod:FlexibleSpear+1","MadScienceMod:Virus"],"picked":"MadScienceMod:RadioactiveSword+1","floor":39.0},{"not_picked":["MadScienceMod:MakeOrBreak+1","MadScienceMod:MinatureWeapons+1","MadScienceMod:TimeDilationField"],"picked":"SKIP","floor":41.0},{"not_picked":["MadScienceMod:FumeBlast+1","MadScienceMod:AntimatterBomb"],"picked":"MadScienceMod:NowOrNever+1","floor":45.0},{"not_picked":["MadScienceMod:Detonate+1","MadScienceMod:MechanicalClaw"],"picked":"MadScienceMod:Poke+1","floor":46.0},{"not_picked":["MadScienceMod:ShrinkRay","MadScienceMod:FlexibleSpear","MadScienceMod:FumeBlast"],"picked":"SKIP","floor":48.0},{"not_picked":["MadScienceMod:Automate","MadScienceMod:GlassCannon"],"picked":"MadScienceMod:Tinker","floor":50.0},{"not_picked":["MadScienceMod:FlexibleSpear","MadScienceMod:FumeBlast","MadScienceMod:FlameCannon"],"picked":"SKIP","floor":53.0},{"not_picked":["MadScienceMod:AcidSpray","MadScienceMod:FumeBlast","MadScienceMod:AutoStrike"],"picked":"SKIP","floor":54.0},{"not_picked":["MadScienceMod:Probe","MadScienceMod:AutoStrike","MadScienceMod:AntimatterBomb"],"picked":"SKIP","floor":57.0},{"not_picked":["MadScienceMod:BoxOfScraps","MadScienceMod:Detonate","MadScienceMod:GatherParts"],"picked":"SKIP","floor":58.0},{"not_picked":["MadScienceMod:AntimatterBomb","MadScienceMod:FumeBlast","MadScienceMod:Detonate"],"picked":"SKIP","floor":63.0},{"not_picked":["MadScienceMod:FlameThrower","MadScienceMod:LightOnFire"],"picked":"MadScienceMod:PowerArmor","floor":65.0},{"not_picked":["MadScienceMod:Mechanize","MadScienceMod:Jetpack"],"picked":"MadScienceMod:Booster","floor":67.0},{"not_picked":["MadScienceMod:Poke","MadScienceMod:OmniHammer","MadScienceMod:FlameCannon"],"picked":"SKIP","floor":69.0},{"not_picked":["infinitespire:TheBestDefense","infinitespire:Gouge"],"picked":"infinitespire:NeuralNetwork","floor":70.0},{"not_picked":["MadScienceMod:Bayonet","MadScienceMod:FlameCannon","MadScienceMod:NowOrNever"],"picked":"SKIP","floor":72.0},{"not_picked":["MadScienceMod:FumeBlast","MadScienceMod:RadioactiveSword","MadScienceMod:BoxOfScraps+1"],"picked":"SKIP","floor":74.0},{"not_picked":["MadScienceMod:Sprocket","MadScienceMod:BandageBot","MadScienceMod:LightOnFire"],"picked":"SKIP","floor":76.0},{"not_picked":["MadScienceMod:LightOnFire","MadScienceMod:Automate","MadScienceMod:Strafe"],"picked":"SKIP","floor":79.0},{"not_picked":["MadScienceMod:NowOrNever","MadScienceMod:JunkLaser","MadScienceMod:RadioactiveSword"],"picked":"SKIP","floor":80.0},{"not_picked":["MadScienceMod:EnergyBarrier","MadScienceMod:ShrinkRay","MadScienceMod:Strafe"],"picked":"SKIP","floor":81.0},{"not_picked":["infinitespire:TheBestDefense","hubris:InfiniteBlow+12"],"picked":"infinitespire:Punishment","floor":83.0},{"not_picked":["MadScienceMod:GoldenGun","MadScienceMod:GlassCannon"],"picked":"MadScienceMod:Assemble","floor":84.0},{"not_picked":["MadScienceMod:OmniHammer","MadScienceMod:NowOrNever"],"picked":"MadScienceMod:RadioactiveSword+1","floor":86.0},{"not_picked":["MadScienceMod:Refuel+1","MadScienceMod:FlexibleSpear+1","MadScienceMod:AutoStrike+1"],"picked":"SKIP","floor":88.0},{"not_picked":["MadScienceMod:MinatureWeapons","MadScienceMod:Detonate","MadScienceMod:ExtractOil+1"],"picked":"SKIP","floor":89.0},{"not_picked":["MadScienceMod:AcidSpray","MadScienceMod:BoxOfScraps","MadScienceMod:AntimatterBomb+1"],"picked":"SKIP","floor":92.0},{"not_picked":["MadScienceMod:ShrinkRay+1","MadScienceMod:FlammableWall","MadScienceMod:Detonate+1"],"picked":"SKIP","floor":95.0},{"not_picked":["MadScienceMod:CaptureMomentum","MadScienceMod:Virus","MadScienceMod:AcidSpray"],"picked":"SKIP","floor":98.0},{"not_picked":["Flash of Steel","Secret Weapon"],"picked":"expansioncontent:CaCaw","floor":100.0},{"not_picked":["Replay:SS_hec_1","expansioncontent:Flail"],"picked":"Replay:SS_forest_6","floor":100.0},{"not_picked":["MadScienceMod:Automate","MadScienceMod:GatherParts"],"picked":"MadScienceMod:Generator","floor":103.0},{"not_picked":["MadScienceMod:FragmentationGrenade","MadScienceMod:Probe","MadScienceMod:Strafe","Combust"],"picked":"SKIP","floor":111.0},{"not_picked":["MadScienceMod:EnergyBarrier","MadScienceMod:ParticleBeam","MadScienceMod:RadioactiveSword","Sentinel"],"picked":"SKIP","floor":113.0},{"not_picked":["MadScienceMod:PowerArmor","MadScienceMod:GatherParts","Flex"],"picked":"MadScienceMod:GattlingGun","floor":119.0},{"not_picked":["MadScienceMod:Liquify","MadScienceMod:Refine","Replay:Many Hands"],"picked":"MadScienceMod:Tinker","floor":122.0},{"not_picked":["MadScienceMod:FragmentationGrenade","MadScienceMod:Tune","MadScienceMod:TimeDilationField+1","Wild Strike"],"picked":"SKIP","floor":124.0},{"not_picked":["MadScienceMod:Lightbulb+1","MadScienceMod:RadioactiveSword","MadScienceMod:Detonate","Wild Strike"],"picked":"SKIP","floor":125.0},{"not_picked":["MadScienceMod:MakeOrBreak+1","MadScienceMod:Bombardment","MadScienceMod:Tune","Shrug It Off"],"picked":"SKIP","floor":129.0},{"not_picked":["MadScienceMod:AcidSpray","MadScienceMod:Probe","MadScienceMod:MinatureWeapons","Warcry"],"picked":"SKIP","floor":134.0},{"not_picked":["MadScienceMod:Generator","MadScienceMod:Reconstitute","Offering"],"picked":"MadScienceMod:Booster","floor":139.0},{"not_picked":["MadScienceMod:FlexibleSpear","MadScienceMod:MinatureWeapons","MadScienceMod:ArtilleryShot","Rampage"],"picked":"SKIP","floor":141.0},{"not_picked":["MadScienceMod:LightOnFire+1","MadScienceMod:FumeBlast+1","MadScienceMod:Retarget+1"],"picked":"Inflame","floor":142.0},{"not_picked":["infinitespire:SealOfDarkness+","infinitespire:TheBestDefense"],"picked":"infinitespire:Menacing","floor":146.0},{"not_picked":["MadScienceMod:EnergyBarrier","MadScienceMod:RadioactiveSword","MadScienceMod:Retarget","Shrug It Off"],"picked":"SKIP","floor":146.0},{"not_picked":["MadScienceMod:Detonate","MadScienceMod:EnergyBarrier","MadScienceMod:Sprocket","Clash"],"picked":"SKIP","floor":148},{"not_picked":["expansioncontent:YouAreMine","Madness","expansioncontent:DonusPower"],"picked":"Flash of Steel","floor":150},{"not_picked":["MadScienceMod:BoxOfScraps+1","MadScienceMod:GattlingGun","MadScienceMod:Browse"],"picked":"Metallicize","floor":151},{"not_picked":["MadScienceMod:FlameThrower+1","MadScienceMod:FragmentationGrenade+1","MadScienceMod:EnergyBarrier","Anger"],"picked":"SKIP","floor":152},{"not_picked":["MadScienceMod:Liquify","MadScienceMod:Booster","Fiend Fire"],"picked":"MadScienceMod:CondenseVapors","floor":156}],"player_experience":162889,"relics_obtained":[{"floor":8.0,"key":"jedi:arcanewood"},{"floor":9.0,"key":"Replay:Bottled Snecko"},{"floor":26.0,"key":"Juzu Bracelet"},{"floor":27.0,"key":"potionbrewer:ToyAutogyro"},{"floor":29.0,"key":"Blood Vial"},{"floor":31.0,"key":"Ring of Hypnosis"},{"floor":31.0,"key":"Ring of Misfortune"},{"floor":36.0,"key":"Bird Faced Urn"},{"floor":41.0,"key":"Blue Candle"},{"floor":43.0,"key":"Omamori"},{"floor":45.0,"key":"sneckomod:BlankCard"},{"floor":57.0,"key":"jedi:bottledfury"},{"floor":60.0,"key":"Iron Hammer"},{"floor":71.0,"key":"Bronze Scales"},{"floor":73.0,"key":"Red Mask"},{"floor":74.0,"key":"Whetstone"},{"floor":76.0,"key":"vexMod:Dragonfruit"},{"floor":77.0,"key":"hubris:DeckOfHolding"},{"floor":79.0,"key":"CeramicFish"},{"floor":95.0,"key":"potionbrewer:SlideRule"},{"floor":96.0,"key":"Garlic"},{"floor":115.0,"key":"Torii"},{"floor":129.0,"key":"vexMod:PlasmaPancake"},{"floor":129.0,"key":"infinitespire:Beetle Shell"},{"floor":131.0,"key":"vexMod:ScavengeHelm"},{"floor":132.0,"key":"infinitespire:ShieldingShard"},{"floor":134.0,"key":"infinitespire:PuzzleCube"},{"floor":134.0,"key":"MawBank"},{"floor":146.0,"key":"MadScienceMod:ExhaustVents"},{"floor":146.0,"key":"aspiration:Lifesprig"},{"floor":148,"key":"Akabeko"},{"floor":148,"key":"Bag of Marbles"},{"floor":149,"key":"infinitespire:WardingShard"},{"floor":154,"key":"Old Coin"},{"floor":155,"key":"jedi:shrinkray"}],"event_choices":[{"damage_healed":0.0,"max_hp_gain":0.0,"max_hp_loss":0.0,"gold_gain":75.0,"event_name":"betterThird:BetterGoop","player_choice":"Gold","floor":13.0,"gold_loss":0.0,"damage_taken":11.0},{"cards_removed":["Replay:Bootleg Shield Generator"],"damage_healed":0.0,"max_hp_gain":0.0,"max_hp_loss":0.0,"gold_gain":0.0,"event_name":"betterNote:BetterNote","player_choice":"Take \u0026 Give","floor":19.0,"gold_loss":0.0,"damage_taken":0.0,"cards_obtained":["Aggregate"]},{"damage_healed":0.0,"max_hp_gain":0.0,"max_hp_loss":0.0,"gold_gain":0.0,"event_name":"MindBloom","player_choice":"Fight","floor":36.0,"gold_loss":0.0,"damage_taken":0.0},{"cards_removed":["Overencumbered"],"damage_healed":0.0,"max_hp_gain":0.0,"max_hp_loss":0.0,"gold_gain":0.0,"event_name":"Designer","player_choice":"Single Remove","floor":47.0,"gold_loss":60.0,"damage_taken":0.0},{"cards_removed":["MadScienceMod:Defend_MadScience"],"damage_healed":0.0,"max_hp_gain":0.0,"max_hp_loss":0.0,"gold_gain":0.0,"event_name":"The Cleric","player_choice":"Card Removal","floor":56.0,"gold_loss":50.0,"damage_taken":0.0},{"damage_healed":0.0,"max_hp_gain":0.0,"max_hp_loss":0.0,"gold_gain":0.0,"event_name":"Masked Bandits","player_choice":"Fought Bandits","floor":73.0,"gold_loss":0.0,"damage_taken":0.0},{"damage_healed":0.0,"max_hp_gain":0.0,"max_hp_loss":0.0,"gold_gain":6.0,"event_name":"betterStone:BetterStone","player_choice":"1","floor":100.0,"gold_loss":0.0,"damage_taken":0.0},{"damage_healed":0.0,"max_hp_gain":0.0,"max_hp_loss":0.0,"gold_gain":0.0,"event_name":"Accursed Blacksmith","player_choice":"Forge","floor":108.0,"gold_loss":0.0,"damage_taken":0.0,"cards_upgraded":["expansioncontent:CaCaw"]},{"cards_removed":["Replay:Bootleg Shield Generator"],"damage_healed":0.0,"max_hp_gain":0.0,"max_hp_loss":0.0,"gold_gain":0.0,"event_name":"betterNote:BetterNote","player_choice":"Take \u0026 Give","floor":116.0,"gold_loss":0.0,"damage_taken":0.0,"cards_obtained":["Replay:Bootleg Shield Generator"]},{"damage_healed":0.0,"max_hp_gain":0.0,"max_hp_loss":0.0,"gold_gain":0.0,"event_name":"Vampires","player_choice":"Became a vampire (Vial)","floor":126.0,"relics_lost":["Blood Vial"],"gold_loss":0.0,"damage_taken":0.0,"cards_obtained":["Bite","Bite","Bite","Bite","Bite"]},{"damage_healed":0.0,"max_hp_gain":0.0,"max_hp_loss":0.0,"gold_gain":0.0,"event_name":"Ghosts","player_choice":"Ignored","floor":128.0,"gold_loss":0.0,"damage_taken":0.0},{"damage_healed":0,"gold_gain":0,"player_choice":"1","damage_taken":0,"max_hp_gain":0,"max_hp_loss":0,"event_name":"betterMatch:BetterMatch","floor":150,"gold_loss":0,"cards_obtained":["betterMatch:ColorlessUncommonCard","betterMatch:CommonCard"]},{"damage_healed":0,"gold_gain":0,"player_choice":"Fight","damage_taken":0,"max_hp_gain":0,"max_hp_loss":0,"event_name":"Mysterious Sphere","floor":154,"gold_loss":0}],"is_beta":false,"boss_relics":[{"not_picked":["expansioncontent:StudyCardRelic","Ectoplasm"],"picked":"aspiration:PoetsPen_weak"},{"not_picked":["Kintsugi","Cursed Key"],"picked":"Replay:Ancient Bell"},{"not_picked":["Pet Ghost","vexMod:FocusSash"],"picked":"War Paint"},{"not_picked":["Frozen Egg 2","hubris:CrystalStatue"],"picked":"Snack Pack"},{"not_picked":["Mango","vexMod:RedPlottingStone"],"picked":"Replay:Towering Pillar of Hats"},{"not_picked":["vexMod:CursedCompass","Runic Dome"],"picked":"Sozu"},{"not_picked":["hubris:HollowSoul","hubris:TerracottaHorce"],"picked":"sneckomod:SneckoTalon"},{"not_picked":["SacredBark","jedi:hotpepper"],"picked":"vexMod:BigBerry"},{"not_picked":["ReplayTheSpireMod:SealedPack","ChewingGum"],"picked":"Black Star"},{"not_picked":["Empty Cage","hubris:BlackHole"],"picked":"SlaversCollar"},{"not_picked":["hubris:VirtuousBlindfold","Honey Jar"],"picked":"vexMod:EndlessSickness"},{"not_picked":["Abe\u0027s Treasure","aspiration:SecretTechniqueScroll"],"picked":"Replay:Drink Me"}],"items_purged_floors":[7,14,20,22,82,101,117,143],"is_endless":true,"potions_floor_spawned":[1,4,8,18,27,33,39,41,46,54,57,63,67,73,74,79,81,84,89,92,95,111,124,139,142,152,154,156],"killed_by":"Cultist","ascension_level":0}}