{"host":"63rwe7p34ct1i0qu","time":1610510275,"event":{"mods":["BaseMod","Colored Map","DeckTracker","Minty Spire (QoL Compilation)","Permanent Neow","Quick Restart","StSLib"],"gold_per_floor":[114,131,81,81,95,95,111,111,111,129,129,144,163,181,181,280,280,297,141,141,141,121,121,121],"floor_reached":23,"language":"KOR","playtime":625,"items_purged":["Strike_B"],"score":296,"play_id":"e382bf8b-55ff-4806-a50d-855f038c5965","local_time":"20210113125755","is_ascension_mode":true,"campfire_choices":[{"data":"Zap","floor":6.0,"key":"SMITH"},{"data":"Consume","floor":8.0,"key":"SMITH"},{"data":"Streamline","floor":15.0,"key":"SMITH"}],"circlet_count":0,"master_deck":["AscendersBane","Strike_B","Defend_B","Defend_B","Defend_B","Defend_B","Zap+1","Dualcast","Meteor Strike","Compile Driver","Skim","Consume+1","Self Repair","Consume","Streamline+1","Reboot","Glacier+1","Capacitor","Finesse","Buffer","Zap"],"relics":["Cracked Core","Meat on the Bone","Vajra","Sozu"],"acts_visited":["Exordium","TheCity"],"potions_floor_usage":[],"damage_taken":[{"damage":8.0,"enemies":"Jaw Worm","floor":1.0,"turns":4.0},{"damage":0.0,"enemies":"Small Slimes","floor":2.0,"turns":3.0},{"damage":3.0,"enemies":"2 Louse","floor":5.0,"turns":2.0},{"damage":0.0,"enemies":"Gremlin Gang","floor":7.0,"turns":2.0},{"damage":2.0,"enemies":"2 Fungi Beasts","floor":10.0,"turns":4.0},{"damage":1.0,"enemies":"Exordium Thugs","floor":12.0,"turns":3.0},{"damage":22.0,"enemies":"Lots of Slimes","floor":13.0,"turns":5.0},{"damage":9.0,"enemies":"Red Slaver","floor":14.0,"turns":4.0},{"damage":36.0,"enemies":"Slime Boss","floor":16.0,"turns":8.0},{"damage":29.0,"enemies":"Shell Parasite","floor":18.0,"turns":6.0},{"damage":16,"enemies":"2 Thieves","floor":22,"turns":4},{"damage":22,"enemies":"Snake Plant","floor":23,"turns":2}],"seed_played":"-9082210691543036402","potions_obtained":[{"floor":2.0,"key":"Explosive Potion"},{"floor":5.0,"key":"Energy Potion"},{"floor":12.0,"key":"SteroidPotion"},{"floor":13.0,"key":"Ancient Potion"}],"is_trial":false,"path_per_floor":["M","M","?","?","M","R","M","R","T","M","?","M","M","M","R","B",null,"M","$","?","$","M","M"],"character_chosen":"DEFECT","items_purchased":["Capacitor"],"campfire_rested":0,"item_purchase_floors":[19],"current_hp_per_floor":[60,60,60,57,54,54,54,54,54,52,52,51,48,46,46,29,64,54,54,54,54,38,16,16],"gold":121,"neow_bonus":"ONE_RANDOM_RARE_CARD","is_daily":false,"chose_seed":false,"campfire_upgraded":3,"win_rate":0.0,"timestamp":1610510275,"path_taken":["M","M","?","?","M","R","M","R","T","M","?","M","?","M","R","BOSS","M","$","?","?","M","M"],"items_purchased_type":["Card"],"build_version":"2020-12-22","purchased_purges":1,"victory":false,"max_hp_per_floor":[75,75,75,75,75,75,75,75,75,75,75,75,75,75,75,75,75,75,75,75,75,75,75,75],"card_choices":[{"not_picked":["Recycle","Heatsinks"],"picked":"Compile Driver","floor":1.0},{"not_picked":["Leap","Chaos"],"picked":"Skim","floor":2.0},{"not_picked":["Reinforced Body","Compile Driver","Stack"],"picked":"SKIP","floor":5.0},{"not_picked":["Ball Lightning","Self Repair"],"picked":"Consume","floor":7.0},{"not_picked":["Beam Cell","Fission"],"picked":"Self Repair","floor":10.0},{"not_picked":["Storm","Barrage","Steam"],"picked":"SKIP","floor":12.0},{"not_picked":["Turbo","Gash"],"picked":"Consume","floor":13.0},{"not_picked":["Gash","Rip and Tear"],"picked":"Streamline","floor":14.0},{"not_picked":["Multi-Cast","Meteor Strike"],"picked":"Reboot","floor":16.0},{"not_picked":["Conserve Battery","Cold Snap"],"picked":"Glacier+1","floor":18.0},{"not_picked":["Hello World+1","Rebound","Turbo"],"picked":"SKIP","floor":22}],"player_experience":840204,"relics_obtained":[{"floor":9.0,"key":"Vajra"}],"event_choices":[{"cards_removed":["Strike_B"],"damage_healed":0.0,"max_hp_gain":0.0,"max_hp_loss":0.0,"gold_gain":0.0,"event_name":"The Cleric","player_choice":"Card Removal","floor":3.0,"gold_loss":50.0,"damage_taken":0.0},{"damage_healed":0.0,"max_hp_gain":0.0,"max_hp_loss":0.0,"gold_gain":0.0,"event_name":"Scrap Ooze","player_choice":"Success","floor":4.0,"gold_loss":0.0,"damage_taken":3.0,"relics_obtained":["Meat on the Bone"]},{"cards_removed":["Strike_B"],"damage_healed":0.0,"max_hp_gain":0.0,"max_hp_loss":0.0,"gold_gain":0.0,"event_name":"Purifier","player_choice":"Purged","floor":11.0,"gold_loss":0.0,"damage_taken":0.0},{"damage_healed":0,"gold_gain":0,"player_choice":"3 cards matched","damage_taken":0,"max_hp_gain":0,"max_hp_loss":0,"event_name":"Match and Keep!","floor":20,"gold_loss":0,"cards_obtained":["Finesse","Buffer","Zap"]}],"is_beta":false,"boss_relics":[{"not_picked":["Philosopher\u0027s Stone","Ectoplasm"],"picked":"Sozu"}],"items_purged_floors":[19],"is_endless":false,"potions_floor_spawned":[2,5,12,13,14],"killed_by":"Snake Plant","ascension_level":12}}