{"host":"r6da5kb9dzaaglw2","time":1610569632,"event":{"mods":["AchievementEnabler","BaseMod","Colored Powertips","Duelist Mod","GifTheSpireLib","Minty Spire (QoL Compilation)","StSLib"],"gold_per_floor":[143,159,159,159,159,188,188,221,221,235,235,235],"floor_reached":11,"language":"ENG","playtime":860,"items_purged":[],"score":113,"play_id":"2dc92b79-cb89-4914-b0aa-0674dfb554f6","local_time":"20210113212712","is_ascension_mode":true,"campfire_choices":[{"data":"theDuelist:DeltaMagnet","floor":7,"key":"SMITH"}],"circlet_count":0,"master_deck":["theDuelist:Biofalcon","theDuelist:CastleWalls","theDuelist:CastleWalls","theDuelist:Deskbot004","theDuelist:Deskbot004","theDuelist:Deskbot005","theDuelist:Deskbot005","theDuelist:GreenGadget","theDuelist:Sparks","theDuelist:Sparks","theDuelist:JunkKuriboh","theDuelist:DeltaMagnet+1","theDuelist:RainbowBridge+1"],"relics":["theDuelist:MillenniumPuzzle","theDuelist:CardPoolRelic","theDuelist:CardPoolBasicRelic","theDuelist:BoosterPackPoolRelic","theDuelist:CardPoolAddRelic","theDuelist:CardPoolMinusRelic","theDuelist:CardPoolSaveRelic","theDuelist:CardPoolOptionsRelic","Question Card","theDuelist:Flowstate","Strawberry","Toxic Egg 2"],"acts_visited":["Exordium"],"potions_floor_usage":[],"damage_taken":[{"damage":0,"enemies":"Small Slimes","floor":1,"turns":5},{"damage":0,"enemies":"2 Louse","floor":2,"turns":3},{"damage":38,"enemies":"Lagavulin","floor":6,"turns":7},{"damage":13,"enemies":"3 Sentries","floor":8,"turns":9},{"damage":0,"enemies":"Cultist","floor":10,"turns":4},{"damage":8,"enemies":"Gremlin Nob","floor":11,"turns":3}],"seed_played":"8776041308340052829","potions_obtained":[{"floor":2,"key":"Swift Potion"},{"floor":10,"key":"Dexterity Potion"}],"is_trial":false,"path_per_floor":["M","M","?","?","?","E","R","E","T","M","E"],"character_chosen":"THE_DUELIST","items_purchased":[],"campfire_rested":0,"item_purchase_floors":[],"current_hp_per_floor":[72,72,72,72,60,22,22,16,16,16,8,8],"gold":235,"neow_bonus":"RANDOM_COLORLESS","is_daily":false,"chose_seed":false,"campfire_upgraded":1,"win_rate":0.0,"timestamp":1610569632,"path_taken":["M","M","?","?","?","E","R","E","T","M","E"],"items_purchased_type":[],"build_version":"2020-12-22","purchased_purges":0,"victory":false,"max_hp_per_floor":[80,80,80,80,80,80,80,87,87,87,87,87],"card_choices":[{"not_picked":["theDuelist:GraydleDragon","theDuelist:Eva","theDuelist:CyberArchfiend","theDuelist:GiantRedSeasnake"],"picked":"theDuelist:JunkKuriboh","floor":1},{"not_picked":["theDuelist:WaterSpirit","theDuelist:Unifrog","theDuelist:AmphibiousBugroth","theDuelist:TerrorkingSalmon","theDuelist:GoldenFlyingFish"],"picked":"SKIP","floor":2},{"not_picked":["theDuelist:SplashCapture","theDuelist:EvigishkiLevianima","theDuelist:FeatherShot","theDuelist:SolemnStrike","theDuelist:GravityLash"],"picked":"SKIP","floor":6},{"not_picked":["theDuelist:Dewdark","theDuelist:CardsFromTheSky","theDuelist:FrontlineObserver","theDuelist:Downbeat","theDuelist:LeviairSeaDragon"],"picked":"SKIP","floor":8},{"not_picked":["theDuelist:LightningVortex","theDuelist:AncientGearFist","theDuelist:CircleFireKings+1","theDuelist:WaterHazard"],"picked":"theDuelist:RainbowBridge+1","floor":10}],"player_experience":533491,"relics_obtained":[{"floor":6,"key":"theDuelist:Flowstate"},{"floor":8,"key":"Strawberry"},{"floor":9,"key":"Toxic Egg 2"}],"event_choices":[{"damage_healed":0,"gold_gain":0,"player_choice":"Delta Electro","duelist":true,"damage_taken":0,"max_hp_gain":0,"max_hp_loss":0,"event_name":"Egyptian Village","floor":3,"gold_loss":0,"cards_obtained":["Delta Electromagnet Warrior"]},{"damage_healed":0,"gold_gain":0,"player_choice":"Leave","duelist":true,"damage_taken":0,"max_hp_gain":0,"max_hp_loss":0,"event_name":"Card Trader","floor":4,"gold_loss":0},{"damage_healed":0,"gold_gain":0,"player_choice":"Success","damage_taken":12,"relics_obtained":["Question Card"],"max_hp_gain":0,"max_hp_loss":0,"event_name":"Scrap Ooze","floor":5,"gold_loss":0}],"is_beta":false,"boss_relics":[],"items_purged_floors":[],"is_endless":false,"potions_floor_spawned":[2,10],"killed_by":"Gremlin Nob","ascension_level":8}}