{"host":"3ghjvsatr2fxka2l","time":1610572910,"event":{"mods":["2.2 Compatiblity","AchievementEnabler","Act Like it!","Aspiration","BaseMod","Better Third Choice","Better Vampires","BetterRewards","Colored Powertips","Conspire","Curses Come First","Dark Map","Defuse TimeMaze Blight","Displayed Cursed Tome","Energized Spire","Evolution","Gold Saver","Grow up Mod","Hubris","Infinite Spire","Ironclad Rager","Marisa????????","Marked Mod","Minty Spire (QoL Compilation)","Permanent Neow","Poor People Problems","Quick Restart","Replay The Spire","Robot Space Explorer","SacredBarkPlus","StSLib","The Blue Laboratory","The Cursed","Transform Curses","Uncapped","Waifu the Spire","Wandering Minibosses","vexMod","??????REMEMod"],"gold_per_floor":[10,20,20,20,20,46,46,46,46,46,46,46,46,62,62,163,163,163],"floor_reached":17,"language":"ENG","playtime":957,"items_purged":[],"score":208,"play_id":"d7e4b595-163f-4edb-973e-dd490a7593b5","local_time":"20210113132150","is_ascension_mode":true,"campfire_choices":[{"data":"MarkedMod:OneThousandNeedles","floor":7,"key":"SMITH"},{"data":"Eruption","floor":10,"key":"SMITH"},{"data":"Meditate","floor":13,"key":"SMITH"},{"data":"Vigilance","floor":15,"key":"SMITH"}],"circlet_count":0,"master_deck":["Eruption+1","Vigilance+1","FollowUp","FollowUp","FollowUp","FollowUp","ThirdEye","ThirdEye","ThirdEye","ThirdEye","MarkedMod:OneThousandNeedles+1","Meditate+1"],"relics":["PureWater","EVO:Axolotl","REME_ComplimentaryCards","Spirit Poop","infinitespire:Satchel","Juzu Bracelet","Snack Pack","energizedSpire:BlackCloud"],"acts_visited":["Exordium","TheCity"],"potions_floor_usage":[16],"damage_taken":[{"damage":0,"enemies":"Cultist","floor":1,"turns":2},{"damage":0,"enemies":"Small Slimes","floor":2,"turns":3},{"damage":33,"enemies":"3 Sentries","floor":6,"turns":7},{"damage":8,"enemies":"Jaw Worm","floor":14,"turns":2},{"damage":121,"enemies":"Fading Forest","floor":16,"turns":11}],"seed_played":"-32517779123848571","potions_obtained":[{"floor":14,"key":"blueLaboratory:LouseDecoction"}],"is_trial":false,"path_per_floor":["M","M","?","$","T","E","R","$","T","R","$","?","R","M","R","B",null],"character_chosen":"WATCHER","items_purchased":[],"campfire_rested":0,"item_purchase_floors":[],"current_hp_per_floor":[67,77,87,97,107,84,94,104,114,124,134,144,154,158,168,65,235,235],"gold":163,"neow_bonus":"WATCHER_SHAOLIN","is_daily":false,"chose_seed":false,"campfire_upgraded":4,"win_rate":0.0,"timestamp":1610572910,"path_taken":["M","?","?","?","?","E","R","?","T","R","$","?","R","M","R","BOSS"],"items_purchased_type":[],"build_version":"2020-12-22","purchased_purges":0,"victory":false,"max_hp_per_floor":[85,95,105,115,125,135,145,155,165,175,185,195,205,215,225,235,235,235],"card_choices":[{"not_picked":["FearNoEvil","Consecrate"],"picked":"MarkedMod:OneThousandNeedles","floor":1},{"not_picked":["Prostrate","Replay:DivineShield","Collect"],"picked":"SKIP","floor":2},{"not_picked":["FollowUp","Pray","Weave"],"picked":"SKIP","floor":6},{"not_picked":["BowlingBash","FollowUp","Conclude"],"picked":"SKIP","floor":14}],"player_experience":292091,"relics_obtained":[{"floor":5,"key":"infinitespire:Satchel"},{"floor":6,"key":"Juzu Bracelet"},{"floor":9,"key":"Snack Pack"}],"event_choices":[{"cards_removed":["Doubt"],"damage_healed":0,"gold_gain":0,"player_choice":"Offered Curse","damage_taken":0,"relics_obtained":["Spirit Poop"],"max_hp_gain":0,"max_hp_loss":0,"event_name":"Bonfire Elementals","floor":3,"gold_loss":0},{"damage_healed":0,"gold_gain":0,"cards_transformed":["DeusExMachina"],"player_choice":"Transformed","damage_taken":0,"max_hp_gain":0,"max_hp_loss":0,"event_name":"Transmorgrifier","floor":12,"gold_loss":0,"cards_obtained":["Meditate"]}],"is_beta":false,"boss_relics":[{"not_picked":["aspiration:SilentSkillbook","Kintsugi"],"picked":"energizedSpire:BlackCloud"}],"items_purged_floors":[],"is_endless":false,"potions_floor_spawned":[14],"ascension_level":1}}