{"host":"07e1k1rk6c4zn0bu","time":1610513954,"event":{"mods":["AchievementEnabler","BaseMod","Bestiary","Colored Map","Colored Powertips","DeckTracker","Minty Spire (QoL Compilation)"],"gold_per_floor":[119,95,113,113,113,151,164,164,164,178,178,193,193,211,211,336,336,352,79,4,22,0,0,0,23,70,70,81,92,92,111,111,210,210,221,221,236,157,85,85,99,99,181,200,212,231,231,231,231,231,231],"floor_reached":50,"language":"ENG","playtime":2711,"items_purged":["Strike_G"],"score":471,"play_id":"0f1ce3b2-7128-45dc-ae13-f5b573a6d4fd","local_time":"20210112235914","is_ascension_mode":false,"campfire_choices":[{"data":"Noxious Fumes","floor":8,"key":"SMITH"},{"data":"Survivor","floor":11,"key":"SMITH"},{"floor":13,"key":"REST"},{"floor":15,"key":"REST"},{"floor":23,"key":"REST"},{"floor":32,"key":"REST"},{"data":"Venomology","floor":40,"key":"SMITH"},{"data":"After Image","floor":42,"key":"SMITH"},{"data":"Bouncing Flask","floor":49,"key":"SMITH"}],"circlet_count":0,"master_deck":["Strike_G+1","Defend_G","Defend_G","Defend_G","Defend_G","Survivor+1","Neutralize","Deadly Poison","Bane","Noxious Fumes+1","Acrobatics","Dodge and Roll","Crippling Poison","Corpse Explosion","Well Laid Plans","Deflect","Dash+1","Blur","Noxious Fumes","Backstab+1","Venomology+1","Acrobatics+1","After Image+1","Endless Agony+1","Dodge and Roll+1","Crippling Poison+1","Bouncing Flask+1","After Image+1","Parasite","Writhe"],"relics":["Ring of the Snake","NeowsBlessing","Blood Vial","Bloody Idol","Whetstone","Shuriken","HoveringKite","Bag of Marbles","Astrolabe","Bottled Tornado"],"acts_visited":["Exordium","TheCity","TheBeyond"],"potions_floor_usage":[33,33,33,33,33,33,45,46,50,50,50,50],"damage_taken":[{"damage":0,"enemies":"Jaw Worm","floor":1,"turns":1},{"damage":0,"enemies":"Small Slimes","floor":3,"turns":1},{"damage":0,"enemies":"3 Sentries","floor":6,"turns":1},{"damage":3,"enemies":"2 Louse","floor":7,"turns":3},{"damage":10,"enemies":"2 Fungi Beasts","floor":10,"turns":3},{"damage":16,"enemies":"Exordium Wildlife","floor":12,"turns":4},{"damage":7,"enemies":"Exordium Thugs","floor":14,"turns":5},{"damage":28,"enemies":"Hexaghost","floor":16,"turns":9},{"damage":21,"enemies":"Chosen","floor":18,"turns":5},{"damage":20,"enemies":"Spheric Guardian","floor":21,"turns":4},{"damage":9,"enemies":"Snecko","floor":25,"turns":6},{"damage":22,"enemies":"Cultist and Chosen","floor":28,"turns":4},{"damage":16,"enemies":"Shelled Parasite and Fungi","floor":29,"turns":5},{"damage":0,"enemies":"Snecko","floor":31,"turns":4},{"damage":24,"enemies":"Automaton","floor":33,"turns":8},{"damage":12,"enemies":"3 Darklings","floor":35,"turns":4},{"damage":3,"enemies":"Orb Walker","floor":37,"turns":5},{"damage":9,"enemies":"Sphere and 2 Shapes","floor":41,"turns":5},{"damage":7,"enemies":"Jaw Worm Horde","floor":44,"turns":3},{"damage":19,"enemies":"Writhing Mass","floor":45,"turns":8},{"damage":22,"enemies":"3 Darklings","floor":46,"turns":4},{"damage":73,"enemies":"Awakened One","floor":50,"turns":5}],"seed_played":"5954858310381102704","potions_obtained":[{"floor":1,"key":"GhostInAJar"},{"floor":7,"key":"DistilledChaos"},{"floor":12,"key":"Poison Potion"},{"floor":25,"key":"Regen Potion"},{"floor":30,"key":"EntropicBrew"}],"is_trial":false,"path_per_floor":["M","$","M","?","?","E","M","R","T","M","R","M","R","M","R","B",null,"M","$","?","M","?","R","?","M","T","?","M","M","?","M","R","B",null,"M","?","M","$","$","R","M","R","T","M","M","M","?","?","R","B"],"character_chosen":"THE_SILENT","items_purchased":["Bane","Backstab","Well Laid Plans","Deflect","Regen Potion","Bouncing Flask"],"campfire_rested":4,"item_purchase_floors":[2,19,19,19,38,39],"current_hp_per_floor":[70,70,70,58,58,60,59,59,59,51,51,37,56,51,65,37,65,44,44,44,26,26,45,45,38,38,38,23,14,14,21,40,38,65,58,58,62,62,62,62,60,60,65,63,51,36,36,52,52,0,0],"gold":231,"neow_bonus":"THREE_ENEMY_KILL","is_daily":false,"chose_seed":false,"campfire_upgraded":5,"win_rate":0.0,"timestamp":1610513954,"path_taken":["M","$","M","?","?","E","M","R","T","M","R","M","R","M","R","BOSS","M","$","?","M","?","R","?","M","T","?","M","?","?","M","R","BOSS","M","?","M","?","$","R","M","R","T","M","M","M","?","?","R","BOSS"],"items_purchased_type":["Card","Card","Card","Card","Potion","Card"],"build_version":"2020-12-22","purchased_purges":1,"victory":false,"max_hp_per_floor":[70,70,70,70,65,65,65,65,65,65,65,65,65,65,65,65,65,65,65,65,65,65,65,65,65,65,65,65,65,65,65,65,65,65,65,65,65,65,65,65,65,65,65,65,65,65,65,65,65,65,65],"card_choices":[{"not_picked":["Deflect","Sucker Punch"],"picked":"Deadly Poison","floor":1},{"not_picked":["Prepared","PiercingWail","Heel Hook"],"picked":"SKIP","floor":3},{"not_picked":["Caltrops","Calculated Gamble"],"picked":"Noxious Fumes","floor":6},{"not_picked":["Slice","Quick Slash"],"picked":"Acrobatics","floor":7},{"not_picked":["Quick Slash","Heel Hook","Dagger Spray"],"picked":"SKIP","floor":10},{"not_picked":["Cloak And Dagger","Storm of Steel"],"picked":"Dodge and Roll","floor":12},{"not_picked":["Terror","Poisoned Stab"],"picked":"Crippling Poison","floor":14},{"not_picked":["Night Terror","Storm of Steel"],"picked":"Corpse Explosion","floor":16},{"not_picked":["All Out Attack","Backflip+1","Skewer"],"picked":"SKIP","floor":18},{"not_picked":["Acrobatics","Quick Slash"],"picked":"Dash+1","floor":21},{"not_picked":["Underhanded Strike","Heel Hook"],"picked":"Noxious Fumes","floor":25},{"not_picked":["Quick Slash","Slice+1"],"picked":"Backstab+1","floor":28},{"not_picked":["Dodge and Roll","Flying Knee","Quick Slash"],"picked":"SKIP","floor":29},{"not_picked":["Leg Sweep","Slice","Cloak And Dagger"],"picked":"SKIP","floor":31},{"not_picked":["Unload","Malaise"],"picked":"Venomology","floor":33},{"not_picked":["Outmaneuver","Dagger Spray+1"],"picked":"Dodge and Roll+1","floor":35},{"not_picked":["Blur+1","Cloak And Dagger"],"picked":"Crippling Poison+1","floor":37},{"not_picked":["Footwork+1","Heel Hook"],"picked":"After Image","floor":41},{"not_picked":["Blade Dance+1","Poisoned Stab+1","Sucker Punch+1"],"picked":"SKIP","floor":44},{"not_picked":["Underhanded Strike+1","Quick Slash","Prepared+1"],"picked":"SKIP","floor":45},{"not_picked":["Dodge and Roll+1","Heel Hook+1","Deadly Poison"],"picked":"SKIP","floor":46}],"player_experience":36366,"relics_obtained":[{"floor":6,"key":"Whetstone"},{"floor":9,"key":"Shuriken"},{"floor":26,"key":"Bag of Marbles"},{"floor":43,"key":"Bottled Tornado"}],"event_choices":[{"damage_healed":0,"gold_gain":0,"player_choice":"Success","damage_taken":12,"relics_obtained":["Blood Vial"],"max_hp_gain":0,"max_hp_loss":0,"event_name":"Scrap Ooze","floor":4,"gold_loss":0},{"damage_healed":0,"gold_gain":0,"player_choice":"Lose Max HP","damage_taken":0,"relics_obtained":["Golden Idol"],"max_hp_gain":0,"max_hp_loss":5,"event_name":"Golden Idol","floor":5,"gold_loss":0},{"cards_removed":["Strike_G"],"damage_healed":0,"gold_gain":0,"player_choice":"Gave Gold","damage_taken":0,"max_hp_gain":0,"max_hp_loss":0,"event_name":"Beggar","floor":20,"gold_loss":75},{"damage_healed":0,"gold_gain":0,"player_choice":"Paid Fearfully","damage_taken":0,"max_hp_gain":0,"max_hp_loss":0,"event_name":"Masked Bandits","floor":22,"gold_loss":22},{"damage_healed":0,"gold_gain":0,"player_choice":"Read","damage_taken":0,"max_hp_gain":0,"max_hp_loss":0,"event_name":"The Library","floor":24,"gold_loss":0,"cards_obtained":["Blur"]},{"damage_healed":0,"gold_gain":0,"player_choice":"Gave Idol","damage_taken":0,"relics_obtained":["Bloody Idol"],"max_hp_gain":0,"max_hp_loss":0,"event_name":"Forgotten Altar","floor":27,"relics_lost":["Golden Idol"],"gold_loss":0},{"damage_healed":0,"gold_gain":0,"player_choice":"Got Potions","damage_taken":0,"max_hp_gain":0,"max_hp_loss":0,"event_name":"Lab","floor":30,"gold_loss":0},{"cards_removed":["Defend_G"],"damage_healed":0,"gold_gain":0,"player_choice":"Purged","damage_taken":0,"max_hp_gain":0,"max_hp_loss":0,"event_name":"Purifier","floor":36,"gold_loss":0},{"damage_healed":0,"gold_gain":0,"player_choice":"Ignored","damage_taken":0,"max_hp_gain":0,"max_hp_loss":0,"event_name":"Mysterious Sphere","floor":47,"gold_loss":0},{"damage_healed":16,"gold_gain":0,"player_choice":"Writhe","damage_taken":0,"max_hp_gain":0,"max_hp_loss":0,"event_name":"Winding Halls","floor":48,"gold_loss":0,"cards_obtained":["Writhe"]}],"is_beta":false,"boss_relics":[{"not_picked":["Philosopher\u0027s Stone","WristBlade"],"picked":"HoveringKite"},{"not_picked":["Black Star","Busted Crown"],"picked":"Astrolabe"}],"items_purged_floors":[19],"is_endless":false,"potions_floor_spawned":[1,7,12,16,18,21,25,31,44,45],"killed_by":"Awakened One","ascension_level":0}}