{"host":"vohenq18pmg6jboc","time":1610537446,"event":{"mods":["Arknights The Spire","Bard","BaseMod","Chen","Downfall","Gremlin Mod","GungeonMod","Hermit","Koishi","Marisa¡]Ãú«B¡@Å]²z¨F¡^","Minty Spire (QoL Compilation)","Relic Stats","Remilia¡]Á¢¦Ì²ú?¡^","StSLib","The Administrix","The Bug Knight","The Cursed","The Hierophant","The IronCluck","The Runesmith","The Servant 0.9.4","WarShipGirlsR/??¤Ö¤kR mod","Yakumo Yukari mod","Youmu¡]»î¾z§¯?¡^","Yuyuko"],"gold_per_floor":[112,125,125,143,52,84,31,49,74,100,119,134,134,145,145,249,249,268,288,317,337,4,4,4,4,4,4,80,92,92,108,108,209,209,226,242,22,42,42,42,42],"floor_reached":40,"language":"ZHS","playtime":3947,"items_purged":[],"score":450,"play_id":"a46541d9-51f2-4911-b5d5-ea4a3d9369d5","local_time":"20210113193046","is_ascension_mode":false,"campfire_choices":[{"floor":15,"key":"REST"},{"floor":27,"key":"REST"},{"floor":32,"key":"REST"}],"circlet_count":0,"master_deck":["Runesmith:Strike_RS","Runesmith:Strike_RS","Runesmith:Strike_RS","Runesmith:Strike_RS","Runesmith:Defend_RS","Runesmith:Defend_RS","Runesmith:Defend_RS","Runesmith:Defend_RS","Runesmith:CraftFirestone","Runesmith:Fortify","Runesmith:RunicBlueprint","Runesmith:RuneHurl","Runesmith:CraftSpiculum","Runesmith:CraftMagma","Runesmith:HammerTime","Runesmith:HammerThrow","Runesmith:Grindstone","Runesmith:CraftIncendium","Runesmith:HeatedChisel","Runesmith:BackupBattery","Runesmith:EnergizedChisel","Runesmith:CraftProtectio","Runesmith:CraftIndustria","Runesmith:Grindstone+1","Runesmith:EnergizedChisel+1","Runesmith:EarthShield","Runesmith:CraftMagma+1","Runesmith:EnergizedChisel","Runesmith:UnstableHammer+1","Runesmith:FissionHammer","Runesmith:HeatExchange+1","Runesmith:PoweredAnvil+1","Runesmith:Empowerment","Runesmith:ArcReactor"],"relics":["Runesmith:BrokenRuby","NeowsBlessing","Runesmith:AutoHammer","Darkstone Periapt","Orichalcum","Centennial Puzzle","HornCleat","SacredBark","Red Mask","Pantograph","Question Card","Ornamental Fan","Empty Cage","Frozen Eye"],"acts_visited":["Exordium","TheCity","TheBeyond"],"potions_floor_usage":[14,16,16,20,31,33,33],"damage_taken":[{"damage":0,"enemies":"Jaw Worm","floor":1,"turns":1},{"damage":0,"enemies":"Cultist","floor":2,"turns":1},{"damage":0,"enemies":"Small Slimes","floor":4,"turns":1},{"damage":23,"enemies":"3 Sentries","floor":6,"turns":6},{"damage":3,"enemies":"2 Fungi Beasts","floor":8,"turns":4},{"damage":21,"enemies":"Lagavulin","floor":10,"turns":6},{"damage":5,"enemies":"Looter","floor":11,"turns":4},{"damage":5,"enemies":"Blue Slaver","floor":12,"turns":4},{"damage":0,"enemies":"3 Louse","floor":14,"turns":1},{"damage":0,"enemies":"Hexaghost","floor":16,"turns":8},{"damage":6,"enemies":"Shell Parasite","floor":18,"turns":6},{"damage":17,"enemies":"2 Thieves","floor":19,"turns":5},{"damage":23,"enemies":"Masked Bandits","floor":20,"turns":6},{"damage":8,"enemies":"Shelled Parasite and Fungi","floor":21,"turns":6},{"damage":37,"enemies":"Cultist and Chosen","floor":29,"turns":11},{"damage":0,"enemies":"3 Cultists","floor":31,"turns":6},{"damage":49,"enemies":"Champ","floor":33,"turns":11},{"damage":26,"enemies":"Orb Walker","floor":35,"turns":6},{"damage":12,"enemies":"3 Darklings","floor":36,"turns":8},{"damage":27,"enemies":"Writhing Mass","floor":38,"turns":8},{"damage":32,"enemies":"Maw","floor":40,"turns":8}],"seed_played":"-1577752621182643255","potions_obtained":[{"floor":2,"key":"champ:CounterPotion"},{"floor":11,"key":"champ:CounterPotion"},{"floor":12,"key":"Explosive Potion"},{"floor":14,"key":"GamblersBrew"},{"floor":16,"key":"DistilledChaos"},{"floor":18,"key":"Block Potion"},{"floor":29,"key":"Ancient Potion"}],"is_trial":false,"path_per_floor":["M","M","?","M","$","E","$","M","T","E","M","M","T","M","R","B",null,"M","M","?","M","$","?","?","$","T","R","T","M","$","M","R","B",null,"M","M","$","M","?","M"],"character_chosen":"RUNESMITH_CLASS","items_purchased":["Runesmith:CraftMagma","Runesmith:HammerTime","Runesmith:Grindstone","Pantograph","DemoMod:LeadSkinPotion","Runesmith:NegativeSpace","Frozen Eye","Runesmith:Empowerment"],"campfire_rested":3,"item_purchase_floors":[5,5,7,22,22,22,37,37],"current_hp_per_floor":[70,70,70,70,70,47,47,44,44,23,18,13,13,13,34,34,70,64,47,24,16,16,22,22,22,22,44,44,7,7,7,29,5,76,50,38,38,11,11,0,0],"gold":42,"neow_bonus":"THREE_ENEMY_KILL","is_daily":false,"chose_seed":false,"campfire_upgraded":0,"win_rate":0.0,"timestamp":1610537446,"path_taken":["M","M","?","M","$","E","$","M","T","E","?","M","?","M","R","BOSS","M","M","?","M","$","?","?","?","T","R","?","M","$","M","R","BOSS","M","M","$","M","?","M"],"items_purchased_type":["Card","Card","Card","Relic","Undefined","Card","Relic","Card"],"build_version":"2020-12-22","purchased_purges":0,"victory":false,"max_hp_per_floor":[70,70,70,70,70,70,70,70,70,70,70,70,70,70,70,70,70,70,70,70,70,70,76,76,76,76,76,76,76,76,76,76,76,76,76,76,76,76,76,76,76],"relic_stats":{"Darkstone Periapt":6,"Centennial Puzzle":[36],"counters":[21,117],"Ornamental Fan":[36],"Pantograph":25,"Orichalcum":[96],"Question Card":10,"obtain_stats":[{"Darkstone Periapt":6,"Runesmith:BrokenRuby":0,"NeowsBlessing":0,"SacredBark":17,"DemoMod:GlassGuonStoneRelic":2,"Orichalcum":9,"Question Card":26,"Empty Cage":34,"Frozen Eye":37,"Centennial Puzzle":10,"HornCleat":13,"Ornamental Fan":28,"Pantograph":22,"Red Mask":20,"Runesmith:AutoHammer":3},{"Darkstone Periapt":4,"Runesmith:BrokenRuby":0,"NeowsBlessing":0,"SacredBark":10,"DemoMod:GlassGuonStoneRelic":2,"Orichalcum":5,"Question Card":14,"Empty Cage":17,"Frozen Eye":19,"Centennial Puzzle":6,"HornCleat":8,"Ornamental Fan":14,"Pantograph":14,"Red Mask":13,"Runesmith:AutoHammer":2},{"Darkstone Periapt":9,"Runesmith:BrokenRuby":0,"NeowsBlessing":0,"SacredBark":36,"DemoMod:GlassGuonStoneRelic":2,"Orichalcum":13,"Question Card":59,"Empty Cage":87,"Frozen Eye":101,"Centennial Puzzle":19,"HornCleat":27,"Ornamental Fan":59,"Pantograph":59,"Red Mask":53,"Runesmith:AutoHammer":2}]},"card_choices":[{"not_picked":["Runesmith:ChiselStab","Runesmith:HammerThrow"],"picked":"Runesmith:RunicBlueprint","floor":1},{"not_picked":["Runesmith:EarthShield","Runesmith:ChiselStab"],"picked":"Runesmith:RuneHurl","floor":2},{"not_picked":["Runesmith:GoWithTheFlow","Runesmith:HammerThrow"],"picked":"Runesmith:CraftSpiculum","floor":4},{"not_picked":["Runesmith:Supernova","Runesmith:HammerTime"],"picked":"Runesmith:HammerThrow","floor":6},{"not_picked":["Runesmith:CraftProtectio","Runesmith:RuneHurl"],"picked":"Runesmith:CraftIncendium","floor":8},{"not_picked":["Runesmith:UnstableHammer","Runesmith:Retool"],"picked":"Runesmith:HeatedChisel","floor":10},{"not_picked":["Runesmith:Overpower","Runesmith:Prism"],"picked":"Runesmith:BackupBattery","floor":11},{"not_picked":["Runesmith:HeatedChisel","Runesmith:UnstableHammer"],"picked":"Runesmith:EnergizedChisel","floor":12},{"not_picked":["Runesmith:ChiselStab","Runesmith:StaticCage"],"picked":"Runesmith:CraftProtectio","floor":14},{"not_picked":["Runesmith:ArcReactor","Runesmith:Duplicate"],"picked":"Runesmith:CraftIndustria","floor":16},{"not_picked":["Runesmith:PerfectChisel","Runesmith:BackupBattery"],"picked":"Runesmith:Grindstone+1","floor":18},{"not_picked":["Runesmith:StaticCage+1","Runesmith:CraftProtectio"],"picked":"Runesmith:EnergizedChisel+1","floor":19},{"not_picked":["Runesmith:GrandSlam","Runesmith:MakeshiftArmor+1"],"picked":"Runesmith:EarthShield","floor":20},{"not_picked":["Runesmith:UnstableHammer","Runesmith:HammerThrow"],"picked":"Runesmith:CraftMagma+1","floor":21},{"not_picked":["Runesmith:CraftVitae","Runesmith:MakeshiftArmor","Runesmith:NegativeSpace"],"picked":"Runesmith:EnergizedChisel","floor":29},{"not_picked":["Runesmith:CraftObretio","Runesmith:ChiselStab","Runesmith:Malloc"],"picked":"Runesmith:UnstableHammer+1","floor":31},{"not_picked":["Runesmith:GrandSlam","Runesmith:ArcReactor","Runesmith:ReplicatingBarrier"],"picked":"Runesmith:FissionHammer","floor":33},{"not_picked":["Runesmith:UnstableHammer","Runesmith:BackupBattery+1","Runesmith:ChiselStab+1"],"picked":"Runesmith:HeatExchange+1","floor":35},{"not_picked":["Runesmith:MakeshiftArmor","Runesmith:UnstableHammer","Runesmith:ChargedHammer+1"],"picked":"Runesmith:PoweredAnvil+1","floor":36},{"not_picked":["Runesmith:OneForEveryone+1","Runesmith:EnergizedChisel","Runesmith:CraftProtectio"],"picked":"Runesmith:ArcReactor","floor":38}],"player_experience":77905,"relics_obtained":[{"floor":6,"key":"Darkstone Periapt"},{"floor":9,"key":"Orichalcum"},{"floor":10,"key":"Centennial Puzzle"},{"floor":13,"key":"HornCleat"},{"floor":20,"key":"Red Mask"},{"floor":26,"key":"Question Card"},{"floor":28,"key":"Ornamental Fan"}],"event_choices":[{"damage_healed":0,"gold_gain":0,"player_choice":"Gave Potion","damage_taken":0,"relics_obtained":["Runesmith:AutoHammer"],"max_hp_gain":0,"max_hp_loss":0,"event_name":"WeMeetAgain","floor":3,"gold_loss":0},{"damage_healed":0,"gold_gain":0,"player_choice":"Fought Bandits","damage_taken":0,"max_hp_gain":0,"max_hp_loss":0,"event_name":"Masked Bandits","floor":20,"gold_loss":0},{"damage_healed":0,"gold_gain":0,"player_choice":"Smashed Altar","damage_taken":0,"max_hp_gain":0,"max_hp_loss":0,"event_name":"Forgotten Altar","floor":23,"gold_loss":0,"cards_obtained":["Decay"]},{"damage_healed":0,"gold_gain":0,"player_choice":"Ignored","damage_taken":0,"max_hp_gain":0,"max_hp_loss":0,"event_name":"Ghosts","floor":24,"gold_loss":0}],"is_beta":false,"boss_relics":[{"not_picked":["Runic Pyramid","Coffee Dripper"],"picked":"SacredBark"},{"not_picked":["Snecko Eye","Astrolabe"],"picked":"Empty Cage"}],"items_purged_floors":[],"is_endless":false,"potions_floor_spawned":[2,11,12,14,16,18,29],"killed_by":"Maw","ascension_level":0}}