{"host":"xt3o4iokwksypl90","time":1610576746,"event":{"mods":["AchievementEnabler","BaseMod","Googly Eyes","Highlight Path","Minty Spire (QoL Compilation)","Permanent Neow"],"gold_per_floor":[20,30,41,41,58,58,20,32,58,89,89,102,102,27,27,124,124,134,34,49,49,64,64,74,74,74,93,93,122,134,144,144,249,249,267,284,159,176,176,176,32,32,32,32,82,82,97,97,97,97],"floor_reached":51,"language":"ENG","playtime":3476,"items_purged":["Strike_R","Corruption","Strike_R"],"score":644,"play_id":"06554a2a-e37a-4a91-b53b-703cb0963759","local_time":"20210113232546","is_ascension_mode":false,"campfire_choices":[{"data":"True Grit","floor":6.0,"key":"SMITH"},{"data":"Iron Wave","floor":11.0,"key":"SMITH"},{"data":"Bash","floor":13.0,"key":"SMITH"},{"data":"Barricade","floor":15.0,"key":"SMITH"},{"data":"RitualDagger","floor":23,"key":"SMITH"},{"data":"Armaments","floor":32,"key":"SMITH"},{"floor":40,"key":"REST"},{"floor":42,"key":"REST"},{"floor":49,"key":"REST"}],"circlet_count":0,"master_deck":["Strike_R","Strike_R","Defend_R","Defend_R","Defend_R","Defend_R","Bash+1","Barricade+1","Iron Wave+1","Shockwave","True Grit+1","Flame Barrier","Iron Wave+1","RitualDagger+1","Ghostly Armor","Armaments+1","Body Slam+1","Pommel Strike+1","Madness","Madness","Body Slam+1","Havoc"],"relics":["Burning Blood","Red Skull","Bag of Marbles","Sozu","MealTicket","PreservedInsect","Fusion Hammer","Anchor","Lantern","Turnip"],"acts_visited":["Exordium","TheCity","TheBeyond"],"potions_floor_usage":[22],"damage_taken":[{"damage":5.0,"enemies":"Small Slimes","floor":1.0,"turns":4.0},{"damage":7.0,"enemies":"2 Louse","floor":2.0,"turns":3.0},{"damage":0.0,"enemies":"Cultist","floor":3.0,"turns":3.0},{"damage":0.0,"enemies":"Exordium Wildlife","floor":5.0,"turns":3.0},{"damage":0.0,"enemies":"3 Louse","floor":8.0,"turns":4.0},{"damage":35.0,"enemies":"3 Sentries","floor":10.0,"turns":11.0},{"damage":7.0,"enemies":"Gremlin Gang","floor":12.0,"turns":5.0},{"damage":18.0,"enemies":"The Guardian","floor":16.0,"turns":14.0},{"damage":14.0,"enemies":"Shell Parasite","floor":18.0,"turns":7.0},{"damage":3.0,"enemies":"Chosen","floor":20.0,"turns":6.0},{"damage":10,"enemies":"Centurion and Healer","floor":22,"turns":6},{"damage":23,"enemies":"3 Cultists","floor":24,"turns":8},{"damage":13,"enemies":"Snake Plant","floor":27,"turns":5},{"damage":10,"enemies":"Gremlin Leader","floor":29,"turns":9},{"damage":17,"enemies":"Centurion and Healer","floor":30,"turns":8},{"damage":0,"enemies":"Shelled Parasite and Fungi","floor":31,"turns":4},{"damage":30,"enemies":"Champ","floor":33,"turns":14},{"damage":0,"enemies":"3 Shapes","floor":35,"turns":6},{"damage":0,"enemies":"Orb Walker","floor":36,"turns":5},{"damage":3,"enemies":"3 Darklings","floor":38,"turns":9},{"damage":11,"enemies":"Mind Bloom Boss Battle","floor":45,"turns":5},{"damage":12,"enemies":"Spire Growth","floor":47,"turns":6},{"damage":23,"enemies":"Time Eater","floor":50,"turns":9}],"seed_played":"4169316219565272548","potions_obtained":[{"floor":3.0,"key":"LiquidMemories"},{"floor":10.0,"key":"SkillPotion"},{"floor":12.0,"key":"LiquidMemories"}],"is_trial":false,"path_per_floor":["M","M","M","?","M","R","$","M","T","E","R","M","R","$","R","B",null,"M","$","M","?","M","R","M","?","T","M","?","E","M","M","R","B",null,"M","M","$","M","?","R","$","R","T","?","?","?","M","?","R","B",null],"character_chosen":"IRONCLAD","items_purchased":["Flame Barrier","Anchor"],"campfire_rested":3,"item_purchase_floors":[7,41],"current_hp_per_floor":[80,79,80,80,80,80,80,80,80,51,51,50,50,50,50,38,80,72,72,75,69,65,65,48,48,48,41,41,37,26,32,32,8,80,80,80,80,80,70,80,80,80,80,75,70,70,64,64,80,63],"gold":97,"neow_bonus":"THREE_RARE_CARDS","is_daily":false,"chose_seed":false,"campfire_upgraded":6,"win_rate":0.0,"timestamp":1610576746,"path_taken":["M","M","M","?","M","R","$","M","T","E","R","M","R","$","R","BOSS","M","$","M","?","M","R","M","?","T","M","?","E","M","M","R","BOSS","M","M","$","M","?","R","$","R","T","?","?","?","M","?","R","BOSS"],"items_purchased_type":["Card","Relic"],"build_version":"2020-12-22","purchased_purges":3,"victory":true,"max_hp_per_floor":[80,80,80,80,80,80,80,80,80,80,80,80,80,80,80,80,80,80,80,80,80,80,80,80,80,80,80,80,80,80,80,80,80,80,80,80,80,80,80,80,80,80,80,80,80,80,80,80,80,80],"card_choices":[{"not_picked":["Limit Break","Offering"],"picked":"Barricade","floor":0.0},{"not_picked":["Body Slam","Dual Wield"],"picked":"Anger","floor":1.0},{"not_picked":["Ghostly Armor","Heavy Blade"],"picked":"Iron Wave","floor":2.0},{"not_picked":["Perfected Strike","Metallicize"],"picked":"Shockwave","floor":3.0},{"not_picked":["Body Slam","Anger"],"picked":"True Grit","floor":5.0},{"not_picked":["Armaments","Sword Boomerang"],"picked":"Iron Wave","floor":8.0},{"not_picked":["Wild Strike","Sword Boomerang","Cleave"],"picked":"SKIP","floor":10.0},{"not_picked":["Wild Strike","Sentinel","Shockwave"],"picked":"SKIP","floor":12.0},{"not_picked":["Brutality","Bludgeon"],"picked":"Corruption","floor":16.0},{"not_picked":["Blood for Blood","Burning Pact","Twin Strike"],"picked":"SKIP","floor":18.0},{"not_picked":["Twin Strike+1","Pommel Strike","Pummel+1"],"picked":"SKIP","floor":20.0},{"not_picked":["True Grit","Clothesline","Wild Strike"],"picked":"SKIP","floor":22},{"not_picked":["Second Wind+1","Thunderclap"],"picked":"Ghostly Armor","floor":24},{"not_picked":["Blood for Blood","Spot Weakness"],"picked":"Armaments","floor":27},{"not_picked":["Perfected Strike","Seeing Red"],"picked":"Body Slam+1","floor":29},{"not_picked":["Barricade","Havoc","Rampage"],"picked":"SKIP","floor":30},{"not_picked":["Pummel","Twin Strike","Spot Weakness"],"picked":"SKIP","floor":31},{"not_picked":["Anger","Perfected Strike","Clothesline+1"],"picked":"SKIP","floor":35},{"not_picked":["Combust","Clash+1","Body Slam"],"picked":"SKIP","floor":36},{"not_picked":["Searing Blow","Shockwave+1"],"picked":"Pommel Strike+1","floor":38},{"not_picked":["Searing Blow+1","Iron Wave+1"],"picked":"Body Slam+1","floor":47}],"player_experience":301262,"relics_obtained":[{"floor":9.0,"key":"Red Skull"},{"floor":10.0,"key":"Bag of Marbles"},{"floor":26,"key":"MealTicket"},{"floor":29,"key":"PreservedInsect"},{"floor":43,"key":"Lantern"},{"floor":45,"key":"Turnip"}],"event_choices":[{"damage_healed":0.0,"max_hp_gain":0.0,"max_hp_loss":0.0,"gold_gain":0.0,"event_name":"Living Wall","player_choice":"Grow","floor":4.0,"gold_loss":0.0,"damage_taken":0.0,"cards_upgraded":["Iron Wave"]},{"damage_healed":0.0,"max_hp_gain":0.0,"max_hp_loss":0.0,"gold_gain":0.0,"event_name":"Nest","player_choice":"Joined the Cult","floor":21.0,"gold_loss":0.0,"damage_taken":6.0,"cards_obtained":["RitualDagger"]},{"damage_healed":0,"gold_gain":0,"player_choice":"Ignored","damage_taken":0,"max_hp_gain":0,"max_hp_loss":0,"event_name":"Ghosts","floor":25,"gold_loss":0},{"damage_healed":0,"gold_gain":0,"player_choice":"Ignored","damage_taken":0,"max_hp_gain":0,"max_hp_loss":0,"event_name":"The Mausoleum","floor":28,"gold_loss":0},{"damage_healed":0,"gold_gain":0,"player_choice":"Embrace Madness","damage_taken":10,"max_hp_gain":0,"max_hp_loss":0,"event_name":"Winding Halls","floor":39,"gold_loss":0,"cards_obtained":["Madness","Madness"]},{"damage_healed":0,"gold_gain":0,"player_choice":"Memory 2","damage_taken":5,"max_hp_gain":0,"max_hp_loss":0,"event_name":"SensoryStone","floor":44,"gold_loss":0},{"damage_healed":0,"gold_gain":0,"player_choice":"Fight","damage_taken":0,"max_hp_gain":0,"max_hp_loss":0,"event_name":"MindBloom","floor":45,"gold_loss":0},{"cards_removed":["Anger"],"damage_healed":0,"gold_gain":0,"player_choice":"Removed Attack","damage_taken":0,"max_hp_gain":0,"max_hp_loss":0,"event_name":"Falling","floor":46,"gold_loss":0},{"damage_healed":0,"gold_gain":0,"cards_transformed":["Strike_R"],"player_choice":"Transformed","damage_taken":0,"max_hp_gain":0,"max_hp_loss":0,"event_name":"Transmorgrifier","floor":48,"gold_loss":0,"cards_obtained":["Havoc"]}],"is_beta":false,"boss_relics":[{"not_picked":["Mark of Pain","Calling Bell"],"picked":"Sozu"},{"not_picked":["Philosopher\u0027s Stone","Busted Crown"],"picked":"Fusion Hammer"}],"items_purged_floors":[14,19,37],"is_endless":false,"potions_floor_spawned":[3,10,12,22,27,29,30,31,36,45],"ascension_level":0}}