{"host":"17xjy7b7ubl548g2","time":1610559795,"event":{"mods":["2.2 Compatiblity","Act Like it!","Aspiration","Astrologer","Bard","BaseMod","Bestiary","Challenge The Spire","ChefMod","Colored Map","Conspire","Elementarium","Energized Spire","Gensokyo","GifTheSpireLib","Halation","Hallownest","Hubris","Infinite Spire","Jedi Mod","Jorbs\u0027s Wanderer Trilogy","Marisa（霧雨　魔理沙）","Marked Mod","Menagerie","Minty Spire (QoL Compilation)","Pale of the Ancients","Permanent Neow","Puzzle Mod","Replay The Spire","Robot Space Explorer","Spicy Shops","StSLib","Stuff the Spire","The Blue Laboratory","The Bug Knight","The Construct","The Disciple","The Factory","The Hayseed","The Hierophant","The Marked","The Runesmith","The Sage","TheFirefly"],"gold_per_floor":[112,112,37,57,57,86,98,98,98,98,132,145,145,155,155,231,231,248,259,259,259,277,304,304,333,404,27,27,44,73,73,73,148,148,163,214,233,66,82,107,127,127,150,150,150,183,183,212,212,212,212,212,38,38,38],"floor_reached":56,"language":"ENG","playtime":6425,"items_purged":["Pain","Strike_G","Strike_G","Strike_G","Strike_G","Strike_G+1"],"score":2795,"play_id":"232c6a62-22f1-43ad-9cca-d8a933c9b0e3","local_time":"20210113124315","is_ascension_mode":true,"campfire_choices":[{"data":"jedi:pocketpoison","floor":8.0,"key":"SMITH"},{"data":"Dodge and Roll","floor":10.0,"key":"SMITH"},{"data":"Well Laid Plans","floor":15.0,"key":"SMITH"},{"data":"Wraith Form v2","floor":24.0,"key":"SMITH"},{"floor":32.0,"key":"REST"},{"data":"Noxious Fumes","floor":42,"key":"SMITH"},{"data":"Elementarium:FireblessedBlade","floor":45,"key":"SMITH"},{"data":"Fluid Movement","floor":47,"key":"SMITH"},{"floor":49,"key":"RECALL"},{"data":"Elementarium:EarthblessedBlade","floor":52,"key":"SMITH"}],"circlet_count":0,"master_deck":["AscendersBane","Defend_G","Defend_G","Defend_G","Defend_G+1","Defend_G","Survivor","Neutralize+1","Backstab","Blade Dance","Menagerie:SagesJudgement","Dodge and Roll+1","jedi:pocketpoison+1","Skewer","Well Laid Plans+1","Cloak And Dagger","Wraith Form v2+1","Flying Knee","infinitespire:Fortify","Elementarium:FireblessedBlade+1","Elementarium:WindblessedBlade","Elementarium:EarthblessedBlade+1","Elementarium:IceblessedBlade","Elementarium:VoidblessedBlade","Deadly Poison","StuffTheSpire:Sprint","Backstab+1","Deflect","Blind","Flash of Steel","Flash of Steel","Cloak And Dagger","Deadly Poison","jedi:pocketpoison+1","Noxious Fumes+1","Sucker Punch+1","Deflect","Fluid Movement+1","Dash+1","Cloak And Dagger+1"],"relics":["Ring of the Serpent","WarpedTongs","Simple Rune","infinitespire:Broken Mirror","conspire:Flyswatter","Bird Faced Urn","ReplayFunnel","ReplayTheSpireMod:Shallot","Membership Card","infinitespire:Satchel","Chameleon Ring","SlaversCollar","Elementarium:ElementariumTrophy","hubris:GrandSneckoEye","hubris:64BitClover","Bottled Flame","Replay:WaspNest","StuffTheSpire:Experiment12","jedi:ominousloannote","ReplayTheSpireMod:Lightbulb","hubris:Teleporter","halation:TrafficLight","Pet Ghost"],"acts_visited":["Exordium","Menagerie:Menagerie","TheBeyond","TheEnding"],"potions_floor_usage":[46,48,50,55,55,55],"damage_taken":[{"damage":8.0,"enemies":"Menagerie:MonstrousExperiment","floor":1.0,"turns":6.0},{"damage":0.0,"enemies":"Menagerie:2_RABBITS","floor":4.0,"turns":4.0},{"damage":6.0,"enemies":"Menagerie:VoidReaper","floor":6.0,"turns":6.0},{"damage":2.0,"enemies":"Menagerie:StygianBoar","floor":7.0,"turns":3.0},{"damage":0.0,"enemies":"Menagerie:MaskedSummoner","floor":11.0,"turns":6.0},{"damage":0.0,"enemies":"Menagerie:BEAST_MAGE_AND_PROWLING_AMALGAM","floor":12.0,"turns":4.0},{"damage":7.0,"enemies":"Menagerie:STYGIAN_BOAR_AND_WHISPERING_WRAITH","floor":14.0,"turns":4.0},{"damage":13.0,"enemies":"Menagerie:AVATARS","floor":16.0,"turns":8.0},{"damage":7.0,"enemies":"Elementarium:2_ELEMENTALS","floor":18.0,"turns":3.0},{"damage":6.0,"enemies":"Elementarium:VoidCorruption","floor":19.0,"turns":6.0},{"damage":0.0,"enemies":"Elementarium:STONE_GOLEMS","floor":22.0,"turns":1.0},{"damage":11.0,"enemies":"Elementarium:ElementalPortal","floor":23.0,"turns":7.0},{"damage":2.0,"enemies":"Elementarium:FIRE_NOBILITY","floor":25.0,"turns":5.0},{"damage":0.0,"enemies":"Elementarium:CYCLONE_AND_LIVING_STORMCLOUD","floor":29.0,"turns":4.0},{"damage":0.0,"enemies":"Nightmare","floor":30.0,"turns":5.0},{"damage":0.0,"enemies":"Elementarium:PHOENIXES","floor":33.0,"turns":11.0},{"damage":0.0,"enemies":"Orb Walker","floor":35.0,"turns":3.0},{"damage":0.0,"enemies":"2 Orb Walkers","floor":36.0,"turns":4.0},{"damage":8.0,"enemies":"3 Shapes","floor":37.0,"turns":4.0},{"damage":7.0,"enemies":"Writhing Mass","floor":39.0,"turns":6.0},{"damage":0.0,"enemies":"Giant Head","floor":40.0,"turns":8.0},{"damage":0.0,"enemies":"3 Darklings","floor":41.0,"turns":3.0},{"damage":0,"enemies":"HollowMod:StalkingDevout","floor":46,"turns":5},{"damage":0,"enemies":"Nemesis","floor":48,"turns":4},{"damage":0,"enemies":"Time Eater","floor":50,"turns":8},{"damage":0,"enemies":"Shield and Spear","floor":54,"turns":5},{"damage":0,"enemies":"The Heart","floor":55,"turns":5}],"seed_played":"-3329019240683312110","potions_obtained":[{"floor":4.0,"key":"Energy Potion"},{"floor":6.0,"key":"jedi:StrikingPotion"},{"floor":12.0,"key":"Adrenaline Potion"},{"floor":14.0,"key":"SpeedPotion"},{"floor":18.0,"key":"blueLaboratory:Moonshine"},{"floor":19.0,"key":"blueLaboratory:BottleOfRum"},{"floor":25.0,"key":"FearPotion"},{"floor":30.0,"key":"blueLaboratory:HorrorPotion"},{"floor":35.0,"key":"EssenceOfSteel"},{"floor":39.0,"key":"blueLaboratory:PhilterOfMotion"},{"floor":41.0,"key":"blueLaboratory:FruitPunch"},{"floor":46,"key":"Swift Potion"},{"floor":48,"key":"blueLaboratory:SavagePotion"}],"is_trial":false,"path_per_floor":["M","?","$","M","?","E","M","R","T","R","E","M","?","M","R","B",null,"M","M","AVR","?","M","E","R","E","T","$","?","M","NM","?","R","B",null,"M","?","M","$","M","E","M","R","T","?","R","E","R","E","R","B",null,"R","$","E","B",null],"character_chosen":"THE_SILENT","items_purchased":["Membership Card","Deflect","Blind","infinitespire:Satchel","blueLaboratory:FruitPunch","jedi:ominousloannote","ReplayTheSpireMod:Lightbulb","hubris:Teleporter","LiquidBronze","halation:TrafficLight"],"campfire_rested":1,"item_purchase_floors":[27,27,27,27,38,53,53,53,53,53],"current_hp_per_floor":[51,51,51,51,44,38,36,36,36,36,36,36,36,29,29,16,54,47,41,41,33,33,22,22,24,24,24,24,26,28,13,22,26,31,33,33,27,27,29,35,35,35,35,35,35,39,39,39,39,39,39,39,39,39,39],"gold":38,"neow_bonus":"UPGRADE_CARD","is_daily":false,"chose_seed":false,"campfire_upgraded":8,"win_rate":0.0,"timestamp":1610559795,"path_taken":["M","?","$","?","?","E","M","R","T","R","E","M","?","M","R","BOSS","M","M","AVR","?","M","E","R","E","T","?","?","M","NM","?","R","BOSS","M","?","M","$","M","E","M","R","T","?","R","E","R","E","R","BOSS","R","$","E","BOSS"],"items_purchased_type":["Relic","Card","Card","Relic","Potion","Relic","Relic","Relic","Potion","Relic"],"build_version":"2020-12-22","purchased_purges":6,"victory":true,"max_hp_per_floor":[66,66,66,66,66,66,66,66,66,66,66,66,66,66,66,66,66,66,66,66,33,33,33,33,33,33,33,33,33,33,33,33,33,33,33,33,33,33,36,36,36,36,36,36,36,39,39,39,39,39,39,39,39,39,39],"card_choices":[{"not_picked":["Hidden Blade","Poisoned Stab"],"picked":"Backstab","floor":1.0},{"not_picked":["Hidden Blade","StuffTheSpire:BrimstoneBlast"],"picked":"Blade Dance","floor":4.0},{"not_picked":["Bane","PiercingWail"],"picked":"Dodge and Roll","floor":6.0},{"not_picked":["Prepared","Outmaneuver"],"picked":"jedi:pocketpoison","floor":7.0},{"not_picked":["jedi:collectorvenom","Atom Bomb"],"picked":"Skewer","floor":11.0},{"not_picked":["Flying Knee","Quick Slash"],"picked":"Well Laid Plans","floor":12.0},{"not_picked":["StuffTheSpire:Python","Backflip"],"picked":"Cloak And Dagger","floor":14.0},{"not_picked":["Replay:Bag of Tricks","Night Terror"],"picked":"Wraith Form v2","floor":16.0},{"not_picked":["jedi:acidrain","Prepared","ReplayTheSpireMod:Shiv Toss+1"],"picked":"SKIP","floor":18.0},{"not_picked":["StuffTheSpire:ClusterCrunch","StuffTheSpire:BumpUp"],"picked":"Flying Knee","floor":19.0},{"not_picked":["conspire:PoisonWeapons","Prepared"],"picked":"Deadly Poison","floor":22.0},{"not_picked":["PiercingWail","StuffTheSpire:Python"],"picked":"StuffTheSpire:Sprint","floor":23.0},{"not_picked":["jedi:poisonivy","Catalyst"],"picked":"Backstab+1","floor":25.0},{"not_picked":["sagemod:Perplexing_Glare","Crow Ritual"],"picked":"Flash of Steel","floor":28.0},{"not_picked":["Thinking Ahead","Discovery"],"picked":"Flash of Steel","floor":28.0},{"not_picked":["Caltrops","Predator"],"picked":"Cloak And Dagger","floor":29.0},{"not_picked":["hubris:TrickCloak","Underhanded Strike"],"picked":"Deadly Poison","floor":30.0},{"not_picked":["StuffTheSpire:MirrorStance","Poisoned Stab"],"picked":"jedi:pocketpoison+1","floor":35.0},{"not_picked":["Bane","Dagger Throw"],"picked":"Noxious Fumes","floor":36.0},{"not_picked":["jedi:collectorvenom","Bane"],"picked":"Sucker Punch+1","floor":37.0},{"not_picked":["Calculated Gamble+1","hubris:SlightOfHand","jedi:pocketpoison"],"picked":"SKIP","floor":39.0},{"not_picked":["Dagger Spray","Finisher"],"picked":"Deflect","floor":40.0},{"not_picked":["Cloak And Dagger","jedi:pocketpoison"],"picked":"Fluid Movement","floor":41.0},{"not_picked":["ReplayTheSpireMod:Exploit Weakness","Blade Dance"],"picked":"Dash+1","floor":46},{"not_picked":["StuffTheSpire:ClusterCrunch","hubris:Counter","hubris:TrickCloak"],"picked":"SKIP","floor":48},{"not_picked":["Escape Plan+1","Bane"],"picked":"Cloak And Dagger+1","floor":54}],"player_experience":1761154,"relics_obtained":[{"floor":6.0,"key":"Simple Rune"},{"floor":9.0,"key":"infinitespire:Broken Mirror"},{"floor":11.0,"key":"conspire:Flyswatter"},{"floor":23.0,"key":"Bird Faced Urn"},{"floor":25.0,"key":"ReplayFunnel"},{"floor":26.0,"key":"ReplayTheSpireMod:Shallot"},{"floor":30.0,"key":"Chameleon Ring"},{"floor":36.0,"key":"hubris:64BitClover"},{"floor":40.0,"key":"Bottled Flame"},{"floor":46,"key":"Replay:WaspNest"},{"floor":48,"key":"StuffTheSpire:Experiment12"},{"floor":54,"key":"Pet Ghost"}],"event_choices":[{"damage_healed":0.0,"max_hp_gain":0.0,"max_hp_loss":0.0,"gold_gain":0.0,"event_name":"Accursed Blacksmith","player_choice":"Rummage","floor":2.0,"gold_loss":0.0,"damage_taken":0.0,"relics_obtained":["WarpedTongs"],"cards_obtained":["Pain"]},{"damage_healed":0.0,"max_hp_gain":0.0,"max_hp_loss":0.0,"gold_gain":0.0,"event_name":"Menagerie:MageAndMonster","player_choice":"Help the mage","floor":5.0,"gold_loss":0.0,"damage_taken":7.0,"cards_obtained":["Menagerie:SagesJudgement"]},{"damage_healed":0.0,"max_hp_gain":0.0,"max_hp_loss":33.0,"gold_gain":0.0,"event_name":"Elementarium:ElementalBlades","player_choice":"Touch","floor":21.0,"gold_loss":0.0,"damage_taken":0.0,"cards_obtained":["Elementarium:FireblessedBlade","Elementarium:WindblessedBlade","Elementarium:EarthblessedBlade","Elementarium:IceblessedBlade","Elementarium:VoidblessedBlade"]},{"damage_healed":0.0,"max_hp_gain":0.0,"max_hp_loss":0.0,"gold_gain":0.0,"event_name":"Elementarium:IncubationChamber","player_choice":"Machinery","floor":28.0,"gold_loss":0.0,"damage_taken":0.0},{"damage_healed":0.0,"max_hp_gain":0.0,"max_hp_loss":0.0,"gold_gain":0.0,"event_name":"Elementarium:GreatTreasure","player_choice":"Offer","floor":31.0,"relics_lost":["hubris:ScarierMask"],"gold_loss":0.0,"damage_taken":0.0,"relics_obtained":["SlaversCollar"]},{"damage_healed":0.0,"max_hp_gain":0.0,"max_hp_loss":0.0,"gold_gain":0.0,"event_name":"Mysterious Sphere","player_choice":"Fight","floor":36.0,"gold_loss":0.0,"damage_taken":0.0}],"is_beta":false,"boss_relics":[{"not_picked":["energizedSpire:PogoStick","aspiration:WatcherSkillbook"],"picked":"Ring of the Serpent"},{"not_picked":["aspiration:FutureDiary","halation:HeavySnake"],"picked":"hubris:GrandSneckoEye"}],"items_purged_floors":[3,20,27,38,38,53],"is_endless":false,"potions_floor_spawned":[4,6,12,14,18,19,25,30,35,39,41,46,48,54],"ascension_level":18}}