{"host":"8d3fefv2347kqkpz","time":1610548430,"event":{"mods":["100% Spire Juice","BaseMod","Better Vampires","Colored Map","Downfall","Minty Spire (QoL Compilation)","Quick Restart","Replay The Spire","StSLib","The Gatherer","Waifu the Spire"],"gold_per_floor":[16,35,35,237,290,290,135,135,135,135,135,135,146,165,165,263,263,275,291,291,38,38,53,53,53],"floor_reached":24,"language":"ZHS","playtime":1115,"items_purged":["Strike_G"],"score":184,"play_id":"3136e513-ba71-43b5-b3fe-b4d725cb5cd3","local_time":"20210113223350","is_ascension_mode":false,"campfire_choices":[{"data":"Poison Darts","floor":6,"key":"SMITH"},{"data":"Noxious Fumes","floor":8,"key":"SMITH"},{"data":"Survivor","floor":10,"key":"SMITH"},{"data":"Outmaneuver","floor":15,"key":"SMITH"}],"circlet_count":0,"master_deck":["Strike_G","Strike_G","Strike_G","Strike_G","Defend_G","Defend_G","Defend_G","Defend_G","Defend_G","Survivor+1","Neutralize","Poison Darts+1","Poisoned Stab","Noxious Fumes+1","Outmaneuver+1","Venomology","Footwork","Catalyst"],"relics":["Ring of the Snake","MealTicket","Replay:WaspNest","Potion Belt","Molten Egg 2","Painkiller Herb","Enchiridion","Replay:Bottled Snecko","MutagenicStrength"],"acts_visited":["Exordium","TheCity"],"potions_floor_usage":[16,18,24,24],"damage_taken":[{"damage":0,"enemies":"Small Slimes","floor":1,"turns":3},{"damage":2,"enemies":"Jaw Worm","floor":2,"turns":4},{"damage":0,"enemies":"Cultist","floor":13,"turns":2},{"damage":0,"enemies":"Exordium Wildlife","floor":14,"turns":3},{"damage":56,"enemies":"Slime Boss","floor":16,"turns":11},{"damage":22,"enemies":"3 Byrds","floor":18,"turns":3},{"damage":11,"enemies":"2 Thieves","floor":19,"turns":4},{"damage":11,"enemies":"Sentry and Sphere","floor":23,"turns":5},{"damage":34,"enemies":"3 Cultists","floor":24,"turns":4}],"seed_played":"-6869111612722758178","potions_obtained":[{"floor":2,"key":"Energy Potion"},{"floor":14,"key":"hexamod:EctoCoolerPotion"},{"floor":18,"key":"Dexterity Potion"}],"is_trial":false,"path_per_floor":["M","M","?","?","T","R","$","R","T","R","?","?","M","M","R","B",null,"?","?","?","T","?","?","?"],"character_chosen":"THE_SILENT","items_purchased":["Noxious Fumes","Replay:Bottled Snecko"],"campfire_rested":0,"item_purchase_floors":[7,21],"current_hp_per_floor":[70,68,73,73,73,73,75,75,75,75,63,63,63,63,63,7,75,53,42,26,41,41,30,0,0],"gold":53,"neow_bonus":"THREE_RARE_CARDS","is_daily":false,"chose_seed":false,"campfire_upgraded":4,"win_rate":0.0,"timestamp":1610548430,"path_taken":["M","M","?","?","?","R","$","R","T","R","?","?","M","?","R","BOSS","?","?","?","T","?","?","?"],"items_purchased_type":["Card","Relic"],"build_version":"2020-12-22","purchased_purges":1,"victory":false,"max_hp_per_floor":[70,70,75,75,75,75,75,75,75,75,75,75,75,75,75,75,75,75,75,75,75,75,75,75,75],"card_choices":[{"not_picked":["Corpse Explosion","Burst"],"picked":"Poison Darts","floor":0},{"not_picked":["Flying Knee","Slice"],"picked":"Poisoned Stab","floor":1},{"not_picked":["ReplayTheSpireMod:Shiv Toss","Predator"],"picked":"Deflect","floor":2},{"not_picked":["Dagger Throw+1","Prepared","Tactician"],"picked":"SKIP","floor":13},{"not_picked":["Backflip","ReplayTheSpireMod:Exploit Weakness"],"picked":"Outmaneuver","floor":14},{"not_picked":["A Thousand Cuts","Adrenaline"],"picked":"Venomology","floor":16},{"not_picked":["Escape Plan+1","Expertise","Skewer+1"],"picked":"SKIP","floor":18},{"not_picked":["Eviscerate+1","Blade Dance"],"picked":"Footwork","floor":19},{"not_picked":["PiercingWail","Toxin Wave+1"],"picked":"Catalyst","floor":23}],"player_experience":41243,"relics_obtained":[{"floor":5,"key":"MealTicket"},{"floor":9,"key":"Replay:WaspNest"},{"floor":20,"key":"Enchiridion"}],"event_choices":[{"damage_healed":0,"gold_gain":0,"player_choice":"Donut","damage_taken":0,"max_hp_gain":5,"max_hp_loss":0,"event_name":"Big Fish","floor":3,"gold_loss":0},{"damage_healed":0,"gold_gain":0,"player_choice":"Success","damage_taken":12,"relics_obtained":["Potion Belt"],"max_hp_gain":0,"max_hp_loss":0,"event_name":"Scrap Ooze","floor":11,"gold_loss":0},{"cards_removed":["Deflect"],"damage_healed":0,"gold_gain":0,"player_choice":"Gave Card","damage_taken":0,"relics_obtained":["Molten Egg 2"],"max_hp_gain":0,"max_hp_loss":0,"event_name":"WeMeetAgain","floor":12,"gold_loss":0},{"damage_healed":0,"gold_gain":0,"player_choice":"Obtained Book","damage_taken":16,"max_hp_gain":0,"max_hp_loss":0,"event_name":"Cursed Tome","floor":20,"gold_loss":0},{"damage_healed":0,"gold_gain":0,"player_choice":"Inject Mutagens","damage_taken":0,"relics_obtained":["MutagenicStrength"],"max_hp_gain":0,"max_hp_loss":0,"event_name":"Drug Dealer","floor":22,"gold_loss":0}],"is_beta":false,"boss_relics":[{"not_picked":["Replay:Grab Bag","Calling Bell"],"picked":"Painkiller Herb"}],"items_purged_floors":[7],"is_endless":false,"potions_floor_spawned":[2,14,18],"killed_by":"3 Cultists","ascension_level":0}}