{"host":"i0avyit1s6jb1siw","time":1610576210,"event":{"mods":["BaseMod","DeckTracker","Dota2Spire","Highlight Path","Minty Spire (QoL Compilation)","Quick Restart","StSLib","SuperFastMode"],"gold_per_floor":[119,44,44,62,62,89,161,61,87,99,111,123,152,179,191,305,317,345,357,369,381,318,330,330],"floor_reached":23,"language":"ENG","playtime":295,"items_purged":["Defend_B","Strike_B"],"score":326,"play_id":"16aae082-0bc7-4666-b771-813d974e1a21","local_time":"20210113231650","is_ascension_mode":true,"campfire_choices":[{"data":"Ball Lightning","floor":10,"key":"SMITH"},{"data":"Zap","floor":12,"key":"SMITH"},{"data":"Lockon","floor":15,"key":"SMITH"}],"circlet_count":0,"master_deck":["AscendersBane","Strike_B","Defend_B+1","Defend_B","Defend_B","Zap+1","Dualcast","BootSequence","Coolheaded+1","Ball Lightning+1","Lockon+1","Compile Driver","Rainbow"],"relics":["Cracked Core","NeowsBlessing","Dota2Spire:BladeMail","Mummified Hand","MawBank","Nuclear Battery"],"acts_visited":["Exordium","TheCity"],"potions_floor_usage":[16],"damage_taken":[{"damage":0,"enemies":"Jaw Worm","floor":1,"turns":1},{"damage":0,"enemies":"Cultist","floor":4,"turns":1},{"damage":0,"enemies":"Lagavulin","floor":6,"turns":1},{"damage":0,"enemies":"2 Louse","floor":13,"turns":2},{"damage":0,"enemies":"Exordium Wildlife","floor":14,"turns":3},{"damage":13,"enemies":"Slime Boss","floor":16,"turns":7},{"damage":28,"enemies":"2 Thieves","floor":18,"turns":4},{"damage":43,"enemies":"Slavers","floor":23,"turns":3}],"seed_played":"3488440695798637554","potions_obtained":[{"floor":1,"key":"DistilledChaos"},{"floor":13,"key":"ColorlessPotion"},{"floor":16,"key":"Energy Potion"},{"floor":18,"key":"DistilledChaos"}],"is_trial":false,"path_per_floor":["M","$","?","M","?","E","T","$","T","R","$","R","M","M","R","B",null,"M","$","?","$","?","E"],"character_chosen":"DEFECT","items_purchased":[],"campfire_rested":0,"item_purchase_floors":[],"current_hp_per_floor":[68,68,61,61,46,46,46,46,46,46,46,46,46,46,46,33,65,37,37,37,37,37,0,0],"gold":330,"neow_bonus":"THREE_ENEMY_KILL","is_daily":false,"chose_seed":false,"campfire_upgraded":3,"win_rate":0.0,"timestamp":1610576210,"path_taken":["M","$","?","M","?","E","?","$","T","R","$","R","M","M","R","BOSS","M","?","?","?","?","E"],"items_purchased_type":[],"build_version":"2020-12-22","purchased_purges":2,"victory":false,"max_hp_per_floor":[75,75,75,75,75,75,75,75,75,75,75,75,75,75,75,75,75,75,75,75,75,75,75,75],"card_choices":[{"not_picked":["Reprogram","Aggregate"],"picked":"BootSequence","floor":1},{"not_picked":["Conserve Battery","Auto Shields"],"picked":"Coolheaded","floor":4},{"not_picked":["Loop","Go for the Eyes"],"picked":"Ball Lightning","floor":6},{"not_picked":["Ball Lightning","Turbo"],"picked":"Lockon","floor":13},{"not_picked":["Barrage","Streamline"],"picked":"Compile Driver","floor":14},{"not_picked":["Echo Form","Reboot"],"picked":"Rainbow","floor":16},{"not_picked":["Leap","Darkness","Steam"],"picked":"SKIP","floor":18}],"player_experience":2232822,"relics_obtained":[{"floor":6,"key":"Dota2Spire:BladeMail"},{"floor":7,"key":"Mummified Hand"},{"floor":9,"key":"MawBank"}],"event_choices":[{"cards_removed":["Strike_B"],"damage_healed":0,"gold_gain":0,"player_choice":"Card Removal","damage_taken":7,"max_hp_gain":0,"max_hp_loss":0,"event_name":"Golden Wing","floor":3,"gold_loss":0},{"damage_healed":0,"gold_gain":0,"player_choice":"Entered Light","damage_taken":15,"max_hp_gain":0,"max_hp_loss":0,"event_name":"Shining Light","floor":5,"gold_loss":0,"cards_upgraded":["Defend_B","Coolheaded"]},{"damage_healed":0,"gold_gain":0,"player_choice":"Ignored","damage_taken":0,"max_hp_gain":0,"max_hp_loss":0,"event_name":"Ghosts","floor":20,"gold_loss":0},{"cards_removed":["Strike_B"],"damage_healed":0,"gold_gain":0,"player_choice":"Gave Gold","damage_taken":0,"max_hp_gain":0,"max_hp_loss":0,"event_name":"Beggar","floor":22,"gold_loss":75}],"is_beta":false,"boss_relics":[{"not_picked":["Velvet Choker","Inserter"],"picked":"Nuclear Battery"}],"items_purged_floors":[2,8],"is_endless":false,"potions_floor_spawned":[1,13,16,18],"killed_by":"Slavers","ascension_level":11}}