{"host":"qy1e0kd24tpj3i2m","time":1610538628,"event":{"mods":["Act Like it!","Alarm Clock","BaseMod","Better Skull","Better Vampires","Colored Map","Colored Powertips","Custom Start","Faster Ascension Climbing","Friendly Minions","GifTheSpireLib","Gremlin Skip","Highlight Path","Minty Spire (QoL Compilation)","Permanent Neow","Poor People Problems","Quick Restart","Red Circlet Mod","Relic Sorter","Reorder Act Four","SacredBarkPlus","Shop Mod","StSLib","SuperFastMode","Transform Curses","没有小屋子和绿帽子啦"],"gold_per_floor":[109,34,50,50,66,94,94,104,104,115,115,15,39,52,52,126,126,137,137,137,162,178,178,188,188,213,246,246,266,297,307,307,381,381,393,393,16,28,43,69,84,95,121,121,146,159,159,159,159,159,159,159],"floor_reached":51,"language":"ZHS","playtime":2540,"items_purged":["Bash","Pain"],"score":1338,"play_id":"6750cc73-589a-4fc3-be9f-f2d232056a21","local_time":"20210113205028","is_ascension_mode":true,"campfire_choices":[{"data":"Bludgeon","floor":7.0,"key":"SMITH"},{"data":"Metallicize","floor":15.0,"key":"SMITH"},{"data":"Body Slam","floor":23.0,"key":"SMITH"},{"data":"Uppercut","floor":32.0,"key":"SMITH"},{"floor":47.0,"key":"RECALL"},{"data":"Evolve","floor":49.0,"key":"SMITH"}],"circlet_count":0,"master_deck":["AscendersBane","Strike_R","Strike_R","Strike_R","Strike_R","Defend_R","Defend_R","Defend_R","Body Slam+1","Seeing Red","Bludgeon+1","Metallicize+1","Reckless Charge","Shrug It Off","Thunderclap","Immolate","Dark Embrace+1","Headbutt","Uppercut+1","Rage","Evolve+1","Flame Barrier","Exhume","Spot Weakness+1","Flame Barrier","Fire Breathing","Wild Strike","Pommel Strike+1","Impatience","Master of Strategy","Finesse","Pommel Strike+1"],"relics":["Burning Blood","Torii","Bottled Tornado","Shuriken","WarpedTongs","MealTicket","Enchiridion","MutagenicStrength","Red Mask","Bag of Preparation","Self Forming Clay","Philosopher\u0027s Stone","MerchantsRug","Bronze Scales","Mummified Hand","Potion Belt","Prayer Wheel","Bird Faced Urn"],"acts_visited":["Exordium","TheCity","TheBeyond"],"potions_floor_usage":[51,51,51,51,51],"damage_taken":[{"damage":2.0,"enemies":"2 Louse","floor":1.0,"turns":4.0},{"damage":13.0,"enemies":"Cultist","floor":3.0,"turns":5.0},{"damage":6.0,"enemies":"Small Slimes","floor":5.0,"turns":2.0},{"damage":45.0,"enemies":"Lagavulin","floor":6.0,"turns":8.0},{"damage":1.0,"enemies":"Exordium Thugs","floor":8.0,"turns":4.0},{"damage":1.0,"enemies":"Red Slaver","floor":10.0,"turns":2.0},{"damage":1.0,"enemies":"Looter","floor":14.0,"turns":3.0},{"damage":16.0,"enemies":"Hexaghost","floor":16.0,"turns":8.0},{"damage":0.0,"enemies":"Spheric Guardian","floor":18.0,"turns":3.0},{"damage":1.0,"enemies":"Masked Bandits","floor":21.0,"turns":2.0},{"damage":9.0,"enemies":"2 Thieves","floor":22.0,"turns":3.0},{"damage":0.0,"enemies":"3 Cultists","floor":24.0,"turns":2.0},{"damage":6.0,"enemies":"Gremlin Leader","floor":27.0,"turns":4.0},{"damage":0.0,"enemies":"Snecko","floor":29.0,"turns":3.0},{"damage":15.0,"enemies":"Slavers","floor":30.0,"turns":4.0},{"damage":14.0,"enemies":"Centurion and Healer","floor":31.0,"turns":4.0},{"damage":21.0,"enemies":"Champ","floor":33.0,"turns":8.0},{"damage":0.0,"enemies":"3 Shapes","floor":35.0,"turns":2.0},{"damage":2.0,"enemies":"Orb Walker","floor":38.0,"turns":3.0},{"damage":9.0,"enemies":"Writhing Mass","floor":39.0,"turns":5.0},{"damage":33.0,"enemies":"Reptomancer","floor":40.0,"turns":5.0},{"damage":15.0,"enemies":"Jaw Worm Horde","floor":41.0,"turns":2.0},{"damage":0.0,"enemies":"Maw","floor":42.0,"turns":6.0},{"damage":3.0,"enemies":"Mind Bloom Boss Battle","floor":45.0,"turns":6.0},{"damage":2.0,"enemies":"Transient","floor":46.0,"turns":6.0},{"damage":33.0,"enemies":"Time Eater","floor":50.0,"turns":6.0},{"damage":50,"enemies":"Awakened One","floor":51,"turns":6}],"seed_played":"-933191850370406325","potions_obtained":[{"floor":6.0,"key":"Weak Potion"},{"floor":10.0,"key":"FearPotion"},{"floor":16.0,"key":"SneckoOil"},{"floor":21.0,"key":"SpeedPotion"},{"floor":29.0,"key":"BlessingOfTheForge"},{"floor":33.0,"key":"EntropicBrew"},{"floor":40.0,"key":"Dexterity Potion"},{"floor":45.0,"key":"GamblersBrew"},{"floor":46.0,"key":"BlessingOfTheForge"}],"is_trial":false,"path_per_floor":["M","$","M","?","M","E","R","M","T","M","?","$","T","M","R","B",null,"M","?","?","?","M","R","M","$","T","E","$","M","E","M","R","B",null,"M","?","$","M","M","E","M","M","T","?","?","M","R","T","R","B","B"],"character_chosen":"IRONCLAD","items_purchased":["MerchantsRug","Bronze Scales","Mummified Hand"],"campfire_rested":0,"item_purchase_floors":[37,37,37],"current_hp_per_floor":[68,68,61,61,61,22,22,27,27,32,32,32,32,37,37,27,58,64,43,43,48,45,45,51,66,66,66,68,68,59,51,51,36,60,66,66,68,68,65,38,29,35,35,25,28,32,32,32,32,15,0,0],"gold":159,"neow_bonus":"ONE_RARE_RELIC","is_daily":false,"chose_seed":false,"campfire_upgraded":5,"win_rate":0.0,"timestamp":1610538628,"path_taken":["M","$","M","?","M","E","R","M","T","?","?","$","?","?","R","BOSS","M","?","?","?","M","R","M","$","T","E","?","M","E","M","R","BOSS","M","?","?","M","M","E","M","M","T","?","?","M","R","?","R","BOSS","BOSS"],"items_purchased_type":["Relic","Relic","Relic"],"build_version":"2020-12-22","purchased_purges":2,"victory":false,"max_hp_per_floor":[68,68,68,68,68,68,68,68,68,68,68,68,68,68,68,68,68,68,68,68,68,68,68,68,68,68,68,68,68,68,68,68,68,68,68,68,68,68,68,68,68,68,68,68,68,68,68,68,68,68,68,68],"card_choices":[{"not_picked":["Warcry","Clothesline"],"picked":"Body Slam","floor":1.0},{"not_picked":["Inflame","Hemokinesis"],"picked":"Seeing Red","floor":3.0},{"not_picked":["Headbutt","Flex"],"picked":"Metallicize","floor":5.0},{"not_picked":["Perfected Strike","Thunderclap"],"picked":"Reckless Charge","floor":6.0},{"not_picked":["Iron Wave","Rupture"],"picked":"Shrug It Off","floor":8.0},{"not_picked":["Flex","Havoc"],"picked":"Thunderclap","floor":10.0},{"not_picked":["Intimidate","Clothesline","Armaments"],"picked":"SKIP","floor":14.0},{"not_picked":["Limit Break","Exhume"],"picked":"Immolate","floor":16.0},{"not_picked":["Thunderclap","Power Through"],"picked":"Dark Embrace+1","floor":18.0},{"not_picked":["Dropkick","Sever Soul"],"picked":"Headbutt","floor":21.0},{"not_picked":["Flex","Sentinel","Heavy Blade"],"picked":"SKIP","floor":22.0},{"not_picked":["Armaments","Disarm","Clash"],"picked":"SKIP","floor":24.0},{"not_picked":["Armaments","Reckless Charge+1"],"picked":"Uppercut","floor":27.0},{"not_picked":["Cleave","Limit Break"],"picked":"Rage","floor":29.0},{"not_picked":["Carnage","Sword Boomerang"],"picked":"Evolve","floor":30.0},{"not_picked":["Anger","Evolve"],"picked":"Flame Barrier","floor":31.0},{"not_picked":["Immolate","Corruption"],"picked":"Exhume","floor":33.0},{"not_picked":["Cleave","Searing Blow"],"picked":"Spot Weakness+1","floor":35.0},{"not_picked":["Warcry","Searing Blow","Shockwave"],"picked":"SKIP","floor":38.0},{"not_picked":["Sentinel","Wild Strike"],"picked":"Flame Barrier","floor":39.0},{"not_picked":["Rupture","Burning Pact"],"picked":"Fire Breathing","floor":40.0},{"not_picked":["Perfected Strike","Flex"],"picked":"Wild Strike","floor":41.0},{"not_picked":["Anger","Hemokinesis+1"],"picked":"Pommel Strike+1","floor":42.0},{"not_picked":["Jack Of All Trades","Discovery"],"picked":"Impatience","floor":44.0},{"not_picked":["Blind","Swift Strike"],"picked":"Master of Strategy","floor":44.0},{"not_picked":["PanicButton","Madness"],"picked":"Finesse","floor":44.0},{"not_picked":["Uppercut","Body Slam"],"picked":"Pommel Strike+1","floor":46.0},{"not_picked":["Flex","Clothesline","Perfected Strike"],"picked":"SKIP","floor":46.0}],"player_experience":908793,"relics_obtained":[{"floor":6.0,"key":"Bottled Tornado"},{"floor":9.0,"key":"Shuriken"},{"floor":13.0,"key":"MealTicket"},{"floor":19.0,"key":"Enchiridion"},{"floor":21.0,"key":"Red Mask"},{"floor":26.0,"key":"Bag of Preparation"},{"floor":27.0,"key":"Self Forming Clay"},{"floor":30.0,"key":"Gambling Chip"},{"floor":40.0,"key":"Potion Belt"},{"floor":45.0,"key":"Prayer Wheel"},{"floor":48.0,"key":"Bird Faced Urn"}],"event_choices":[{"damage_healed":0.0,"max_hp_gain":0.0,"max_hp_loss":0.0,"gold_gain":0.0,"cards_transformed":["Defend_R"],"event_name":"Transmorgrifier","player_choice":"Transformed","floor":4.0,"gold_loss":0.0,"damage_taken":0.0,"cards_obtained":["Bludgeon"]},{"damage_healed":0.0,"max_hp_gain":0.0,"max_hp_loss":0.0,"gold_gain":0.0,"event_name":"Accursed Blacksmith","player_choice":"Rummage","floor":11.0,"gold_loss":0.0,"damage_taken":0.0,"relics_obtained":["WarpedTongs"],"cards_obtained":["Pain"]},{"damage_healed":0.0,"max_hp_gain":0.0,"max_hp_loss":0.0,"gold_gain":0.0,"event_name":"Cursed Tome","player_choice":"Obtained Book","floor":19.0,"gold_loss":0.0,"damage_taken":21.0},{"damage_healed":0.0,"max_hp_gain":0.0,"max_hp_loss":0.0,"gold_gain":0.0,"event_name":"Drug Dealer","player_choice":"Inject Mutagens","floor":20.0,"gold_loss":0.0,"damage_taken":0.0,"relics_obtained":["MutagenicStrength"]},{"damage_healed":0.0,"max_hp_gain":0.0,"max_hp_loss":0.0,"gold_gain":0.0,"event_name":"Masked Bandits","player_choice":"Fought Bandits","floor":21.0,"gold_loss":0.0,"damage_taken":0.0},{"cards_removed":["Strike_R"],"damage_healed":0.0,"max_hp_gain":0.0,"max_hp_loss":0.0,"gold_gain":0.0,"event_name":"Purifier","player_choice":"Purged","floor":36.0,"gold_loss":0.0,"damage_taken":0.0},{"damage_healed":0.0,"max_hp_gain":0.0,"max_hp_loss":0.0,"gold_gain":0.0,"event_name":"SensoryStone","player_choice":"Memory 3","floor":44.0,"gold_loss":0.0,"damage_taken":10.0},{"damage_healed":0.0,"max_hp_gain":0.0,"max_hp_loss":0.0,"gold_gain":0.0,"event_name":"MindBloom","player_choice":"Fight","floor":45.0,"gold_loss":0.0,"damage_taken":0.0}],"is_beta":false,"boss_relics":[{"not_picked":["Calling Bell","Pandora\u0027s Box"],"picked":"Velvet Choker"},{"not_picked":["Runic Cube","Runic Dome"],"picked":"Philosopher\u0027s Stone"}],"items_purged_floors":[2,12],"is_endless":false,"potions_floor_spawned":[6,10,16,21,29,33,40,45,46],"killed_by":"Awakened One","ascension_level":20}}