{"host":"04hh9gplt9wkfmr1","time":1610544779,"event":{"mods":["AchievementEnabler","BaseMod","Colored Map","KOR Keyword Fix","Minty Spire (QoL Compilation)","Rare Cards Sparkle","SuperFastMode"],"gold_per_floor":[10,27,46,46,63,63,89,99,171,171,191,141,141,169,169,274,274,288,213,138,53,53,67,96,96,96,96,110,110,125,156,156,260,260,271,271,288,32,51,85,85,120,120,120,120,120,134,160,160,160],"floor_reached":51,"language":"KOR","playtime":1427,"items_purged":["Defend_G","Writhe"],"score":1019,"play_id":"7b24586d-5c40-4216-bed7-8e2c76776a69","local_time":"20210113223259","is_ascension_mode":true,"campfire_choices":[{"data":"Blade Dance","floor":6,"key":"SMITH"},{"data":"Cloak And Dagger","floor":10,"key":"SMITH"},{"data":"Cloak And Dagger","floor":13,"key":"SMITH"},{"data":"Burst","floor":15,"key":"SMITH"},{"data":"J.A.X.","floor":25,"key":"SMITH"},{"data":"Blade Dance","floor":29,"key":"SMITH"},{"data":"Blade Dance","floor":32,"key":"SMITH"},{"data":"Wraith Form v2","floor":41,"key":"SMITH"},{"data":"Cloak And Dagger","floor":44,"key":"SMITH"},{"data":"After Image","floor":46,"key":"SMITH"},{"data":"Envenom","floor":49,"key":"SMITH"}],"circlet_count":0,"master_deck":["Survivor","Neutralize","Blade Dance+1","Slice","Burst+1","Cloak And Dagger+1","Cloak And Dagger+1","Blade Dance+1","After Image+1","J.A.X.+1","Cloak And Dagger+1","Die Die Die","Footwork+1","Blade Dance+1","Envenom+1","Catalyst+1","Finisher+1","Malaise+1","Backstab+1","PiercingWail+1","Wraith Form v2+1","Bane","Cloak And Dagger+1","Shame","PiercingWail","Accuracy+1"],"relics":["Ring of the Snake","Unceasing Top","Letter Opener","Ice Cream","Cursed Key","Happy Flower","Pen Nib","Question Card","Ancient Tea Set","Astrolabe","Potion Belt","Frozen Egg 2","Molten Egg 2","Vajra","Dream Catcher"],"acts_visited":["Exordium","TheCity","TheBeyond"],"potions_floor_usage":[14,31,40,40,45,50,50],"damage_taken":[{"damage":1,"enemies":"Jaw Worm","floor":1,"turns":4},{"damage":0,"enemies":"Small Slimes","floor":2,"turns":4},{"damage":0,"enemies":"2 Louse","floor":3,"turns":3},{"damage":0,"enemies":"Exordium Thugs","floor":5,"turns":4},{"damage":8,"enemies":"3 Sentries","floor":7,"turns":9},{"damage":1,"enemies":"Looter","floor":8,"turns":4},{"damage":0,"enemies":"2 Fungi Beasts","floor":11,"turns":1},{"damage":0,"enemies":"Lagavulin","floor":14,"turns":5},{"damage":31,"enemies":"Slime Boss","floor":16,"turns":12},{"damage":4,"enemies":"Shell Parasite","floor":18,"turns":5},{"damage":3,"enemies":"Chosen","floor":23,"turns":2},{"damage":3,"enemies":"Book of Stabbing","floor":24,"turns":3},{"damage":6,"enemies":"Centurion and Healer","floor":28,"turns":3},{"damage":6,"enemies":"Snecko","floor":30,"turns":2},{"damage":4,"enemies":"Gremlin Leader","floor":31,"turns":4},{"damage":25,"enemies":"Automaton","floor":33,"turns":7},{"damage":3,"enemies":"Orb Walker","floor":35,"turns":2},{"damage":4,"enemies":"3 Shapes","floor":37,"turns":6},{"damage":0,"enemies":"Jaw Worm Horde","floor":39,"turns":2},{"damage":1,"enemies":"Nemesis","floor":40,"turns":5},{"damage":3,"enemies":"Reptomancer","floor":42,"turns":2},{"damage":0,"enemies":"Sphere and 2 Shapes","floor":47,"turns":1},{"damage":7,"enemies":"Giant Head","floor":48,"turns":6},{"damage":18,"enemies":"Awakened One","floor":50,"turns":9}],"seed_played":"6966668851201081553","potions_obtained":[{"floor":7,"key":"CultistPotion"},{"floor":8,"key":"Ancient Potion"},{"floor":11,"key":"ColorlessPotion"},{"floor":14,"key":"AttackPotion"},{"floor":31,"key":"SkillPotion"},{"floor":33,"key":"PowerPotion"},{"floor":39,"key":"AttackPotion"},{"floor":45,"key":"Fruit Juice"},{"floor":45,"key":"DuplicationPotion"},{"floor":45,"key":"CunningPotion"},{"floor":48,"key":"Explosive Potion"}],"is_trial":false,"path_per_floor":["M","M","M","?","M","R","E","M","T","R","M","?","R","E","R","B",null,"M","?","$","?","?","M","E","R","T","?","M","R","M","E","R","B",null,"M","?","M","$","M","E","R","E","T","R","?","R","M","E","R","B",null],"character_chosen":"THE_SILENT","items_purchased":["Potion Belt"],"campfire_rested":0,"item_purchase_floors":[38],"current_hp_per_floor":[69,69,69,62,62,62,54,53,53,53,53,53,53,53,53,22,70,66,66,66,66,66,63,60,60,60,60,54,54,48,44,44,19,70,67,67,63,63,63,62,62,59,59,59,64,64,64,57,57,39],"gold":160,"neow_bonus":"REMOVE_TWO","is_daily":false,"chose_seed":false,"campfire_upgraded":11,"win_rate":0.0,"timestamp":1610544779,"path_taken":["M","M","M","?","M","R","E","M","T","R","M","?","R","E","R","BOSS","M","?","$","?","?","M","E","R","T","?","M","R","M","E","R","BOSS","M","?","?","$","M","E","R","E","T","R","?","R","M","E","R","BOSS"],"items_purchased_type":["Relic"],"build_version":"2020-12-22","purchased_purges":2,"victory":true,"max_hp_per_floor":[70,70,70,70,70,70,70,70,70,70,70,70,70,70,70,70,70,70,70,70,70,70,70,70,70,70,70,70,70,70,70,70,70,70,70,70,70,70,70,70,70,70,70,70,75,75,75,75,75,75],"card_choices":[{"not_picked":["Bane","Acrobatics"],"picked":"Blade Dance","floor":1},{"not_picked":["Acrobatics","Deadly Poison"],"picked":"Slice","floor":2},{"not_picked":["Endless Agony","Reflex","Bane"],"picked":"SKIP","floor":3},{"not_picked":["Deadly Poison","Quick Slash","Acrobatics"],"picked":"SKIP","floor":5},{"not_picked":["Poisoned Stab","Deflect"],"picked":"Burst","floor":7},{"not_picked":["Backflip","Terror"],"picked":"Cloak And Dagger","floor":8},{"not_picked":["Poisoned Stab","Underhanded Strike"],"picked":"Cloak And Dagger","floor":11},{"not_picked":["Malaise","Well Laid Plans"],"picked":"Blade Dance","floor":14},{"not_picked":["Night Terror","Die Die Die"],"picked":"After Image","floor":16},{"not_picked":["Expertise","Dagger Spray","Riddle With Holes+1"],"picked":"SKIP","floor":18},{"not_picked":["Dodge and Roll","Prepared+1"],"picked":"Cloak And Dagger","floor":23},{"not_picked":["Underhanded Strike","Eviscerate","Outmaneuver"],"picked":"SKIP","floor":24},{"not_picked":["Prepared+1","Expertise","Quick Slash+1"],"picked":"Die Die Die","floor":28},{"not_picked":["Choke","Skewer","Noxious Fumes"],"picked":"Footwork+1","floor":30},{"not_picked":["Reflex+1","Calculated Gamble+1","Acrobatics"],"picked":"Blade Dance","floor":31},{"not_picked":["After Image","Malaise","Corpse Explosion"],"picked":"Envenom","floor":33},{"not_picked":["Poisoned Stab+1","Outmaneuver","Dodge and Roll"],"picked":"Backstab+1","floor":35},{"not_picked":["Noxious Fumes+1","Tactician","Outmaneuver+1"],"picked":"PiercingWail+1","floor":37},{"not_picked":["Blade Dance+1","Dash","Underhanded Strike+1"],"picked":"Wraith Form v2","floor":39},{"not_picked":["Masterful Stab","Dagger Spray+1","Slice"],"picked":"Bane","floor":40},{"not_picked":["Quick Slash+1","Slice+1","Glass Knife+1"],"picked":"Cloak And Dagger+1","floor":42},{"not_picked":["Quick Slash+1","Underhanded Strike+1","Backflip"],"picked":"PiercingWail","floor":47},{"not_picked":["Caltrops+1","Underhanded Strike+1","Escape Plan"],"picked":"Accuracy+1","floor":48}],"player_experience":20872,"relics_obtained":[{"floor":7,"key":"Unceasing Top"},{"floor":9,"key":"Letter Opener"},{"floor":14,"key":"Ice Cream"},{"floor":24,"key":"Pen Nib"},{"floor":26,"key":"Question Card"},{"floor":31,"key":"Ancient Tea Set"},{"floor":40,"key":"Frozen Egg 2"},{"floor":42,"key":"Molten Egg 2"},{"floor":43,"key":"Vajra"},{"floor":48,"key":"Dream Catcher"}],"event_choices":[{"cards_removed":["Strike_G"],"damage_healed":0,"gold_gain":0,"player_choice":"Card Removal","damage_taken":7,"max_hp_gain":0,"max_hp_loss":0,"event_name":"Golden Wing","floor":4,"gold_loss":0},{"cards_removed":["Strike_G"],"damage_healed":0,"gold_gain":0,"player_choice":"Card Removal","damage_taken":0,"max_hp_gain":0,"max_hp_loss":0,"event_name":"The Cleric","floor":12,"gold_loss":50},{"cards_removed":["Strike_G"],"damage_healed":0,"gold_gain":0,"player_choice":"Gave Gold","damage_taken":0,"max_hp_gain":0,"max_hp_loss":0,"event_name":"Beggar","floor":19,"gold_loss":75},{"damage_healed":0,"gold_gain":0,"player_choice":"Obtained Relic","damage_taken":0,"relics_obtained":["Happy Flower"],"max_hp_gain":0,"max_hp_loss":0,"event_name":"Addict","floor":21,"gold_loss":85},{"damage_healed":0,"gold_gain":0,"player_choice":"Obtain J.A.X.","damage_taken":0,"max_hp_gain":0,"max_hp_loss":0,"event_name":"Drug Dealer","floor":22,"gold_loss":0,"cards_obtained":["J.A.X."]},{"damage_healed":0,"gold_gain":0,"player_choice":"Ignored","damage_taken":0,"max_hp_gain":0,"max_hp_loss":0,"event_name":"Vampires","floor":27,"gold_loss":0},{"cards_removed":["Defend_G"],"damage_healed":0,"gold_gain":0,"player_choice":"Offered Basic","damage_taken":0,"max_hp_gain":0,"max_hp_loss":0,"event_name":"Bonfire Elementals","floor":36,"gold_loss":0},{"damage_healed":0,"gold_gain":0,"player_choice":"Got Potions","damage_taken":0,"max_hp_gain":0,"max_hp_loss":0,"event_name":"Lab","floor":45,"gold_loss":0}],"is_beta":false,"boss_relics":[{"not_picked":["Philosopher\u0027s Stone","SlaversCollar"],"picked":"Cursed Key"},{"not_picked":["Empty Cage","HoveringKite"],"picked":"Astrolabe"}],"items_purged_floors":[20,38],"is_endless":false,"potions_floor_spawned":[7,8,11,14,24,31,33,37,39,48],"ascension_level":2}}